4026 6204
536 321 639 380 647

1581 312 1869 375 JOANNIS
1907 308 2223 374 CASSIANI
2261 305 2755 372 COLLATIONES.

3696 310 3805 373 αθ

538 435 732 488 virum.
790 433 891 488 llic
940 446 1175 503 namque
1232 429 1544 486 morabatur
1600 430 1657 485 in
1702 440 1729 469 α
1785 428 1983 499 Cellis,
2030 429 2315 499 quiAaut
2335 444 2431 485 cur
2458 428 2598 484 Deus
2628 426 2836 484 admitti
2865 426 2919 482 in
2944 439 3133 484 servos
3161 424 3298 485 suos
3324 435 3535 485 tantum
3586 428 3797 490 facinus

538 527 687 581 locus
716 525 856 581 inter
884 525 1105 580 Nitriam
1136 539 1200 579 ac
1229 523 1452 595 Scythia
1482 523 1620 578 situs
1640 567 1657 594 ,
1702 533 1757 579 et
1786 539 1816 578 a
1850 531 2126 579 monaste-

537 622 635 677 riis
664 620 879 691 quidem
911 619 1098 675 Nitriae
1128 618 1367 689 quinque
1405 616 1646 672 millibus
1672 617 1884 672 distans
1908 657 1924 681 ,
1976 625 2129 671 octo-

541 716 685 782 ginta
719 712 944 767 millium
982 710 1275 766 solitudine
1322 708 1392 763 ab
1437 723 1622 764 eremo
1650 708 1869 780 Scythi,
1923 708 1980 763 in
2025 723 2129 778 qua

541 802 1015 861 commorabamur
1045 842 1059 867 ,
1110 801 1508 858 interveniente
1548 842 1563 865 ,
1622 802 1975 858 discernitur.
2031 799 2131 855 Cui

541 909 662 948 cum
711 893 779 949 de
827 892 1207 963 przedictorum
1259 892 1499 946 virorum
1548 906 1681 945 nece
1730 889 2133 961 querimoniam

544 986 918 1049 fudissemus,
990 984 1320 1039 admirantes
1384 991 1586 1036 tantam
1660 981 1758 1037 Del
1816 982 2131 1050 patientiam

543 1077 683 1145 quod
702 1075 729 1114 δ
755 1075 899 1131 viros
922 1075 1129 1131 scilicet
1150 1075 1294 1129 illius
1312 1073 1489 1128 meriti
1517 1074 1697 1129 taliter
1720 1074 1913 1145 perimi
1936 1072 2134 1142 permi-

544 1167 734 1231 sisset,
772 1176 831 1220 ut
855 1167 947 1237 qui
971 1166 1106 1220 alios
1136 1179 1352 1235 quoque
1381 1180 1493 1220 sum
1543 1165 1845 1220 sanctitatis
1895 1163 2135 1233 pondere

546 1258 612 1311 de
635 1256 941 1327 huiusmodi
969 1257 1202 1313 liberare
1244 1257 1544 1311 tentatione
1599 1255 1928 1319 debuerint,
1978 1268 2047 1309 ne
2075 1266 2135 1308 se

548 1350 694 1419 ipsos
736 1350 957 1421 quidem
980 1350 1370 1421 praeripuerint
1395 1348 1463 1404 de
1494 1349 1744 1403 manibus
1800 1348 2089 1418 impiorum
2113 1385 2131 1411 ,

2227 522 2607 579 concessisset.

2855 588 3082 647 CAPUT
3132 589 3196 646 ll.

2232 684 2517 757 Responsio
2534 682 2733 737 abbatis
2756 680 3012 737 Theodori
3026 684 3096 736 ad
3109 683 3424 754 prepositarn
3444 685 3815 756 questionetl.

2304 795 2501 849 Beatus
2526 792 2847 848 Theodorus
2873 792 3154 862 respondit
3181 811 3193 846 :
3221 803 3244 832 ο
3272 793 3399 849 Haec
3423 798 3659 866 quaestio
3680 801 3823 855 solet

2237 885 2447 940 animos
2469 898 2790 953 permovere
2820 898 3008 938 eorum
3041 885 3129 953 qui
3158 898 3341 954 parun
3368 885 3494 941 ﬁdei
3522 889 3610 942 vel
3639 890 3829 946 scien-

2226 964 2329 1034 tia:
2370 976 2734 1048 possidentes,
2766 975 2956 1030 merita
2991 985 3299 1031 sanctorum
3330 977 3414 1032 vel
3444 981 3671 1047 praemia
3702 997 3826 1052 qua:

2241 1084 2350 1123 non
2371 1068 2423 1121 in
2447 1067 2703 1136 praesenti
2728 1065 3048 1133 redduntur,
3066 1067 3161 1121 sed
3188 1069 3426 1137 reposita
3451 1071 3649 1125 suntin
3676 1072 3823 1128 futu-

2240 1175 2382 1225 rum,
2416 1158 2750 1213 arbitrantur
2776 1157 2830 1211 in
2859 1156 3020 1226 hujus
3058 1159 3368 1227 temporalis
3396 1159 3520 1215 vita:
3557 1161 3829 1220 brevitate

2242 1251 2473 1307 restitui.
2518 1249 2785 1306 Caeterum
2829 1265 2929 1305 nos
2966 1251 3055 1319 qui
3102 1267 3207 1306 non
3248 1269 3427 1307 sumus
3481 1255 3537 1309 in
3581 1254 3683 1311 hac
3718 1260 3829 1312 vita

2244 1353 2443 1397 tantum
2465 1353 2725 1412 sperantes
2745 1343 2799 1398 in
2827 1341 3055 1409 Christo,
3082 1339 3110 1380 τι
3138 1358 3228 1412 ne,
3258 1343 3557 1401 secundum
3584 1348 3829 1418 Aposto-

1613 1458 1870 1514 ALARDI
1909 1454 2145 1513 GAZA‘SI
2181 1453 2747 1511 COMMENTARIUS.

619 1571 647 1599 α
676 1560 861 1623 Cellas,
891 1557 980 1613 vel
1009 1557 1177 1612 Cellia
1212 1558 1366 1613 locus
1392 1555 1492 1611 fuit
1517 1557 1572 1611 in
1602 1554 1821 1624 Egypti
1849 1568 2033 1608 eremo
2055 1596 2070 1619 ,
2102 1566 2133 1605 a

549 1632 704 1685 cellis
731 1627 1139 1695 monachorum,
1172 1643 1291 1697 qua:
1319 1626 1626 1695 frequentes
1655 1625 1710 1697 in
1747 1639 1811 1679 eo
1850 1633 2136 1697 etsparsa:

550 1702 886 1764 visebantur,
918 1700 989 1752 ita
1019 1692 1259 1751 vocatus.
1305 1692 1640 1751 Sozbmenus
1677 1696 1769 1749 lib.
1795 1710 1849 1749 vt
1884 1692 2134 1764 llistorige

550 1786 673 1838 cap.
706 1770 798 1833 51,
824 1762 892 1823 de
917 1767 1084 1823 Nitria
1109 1778 1162 1822 et
1192 1766 1381 1822 Nitrite
1406 1766 1687 1838 monachis
1708 1774 1768 1838 et_
1776 1762 2137 1838 monasteriis

554 1833 717 1909 agens
743 1857 754 1892 :
789 1840 982 1892 Locum
1005 1840 1180 1901 istum,
1215 1838 1410 1909 inquit,
1444 1836 1709 1909 appellant
1740 1833 1992 1909 Nitriam,
2016 1850 2137 1909 pro-

553 1904 727 1979 pierea
751 1909 887 1979 quod
934 1917 1006 1960 est
1055 1925 1218 1979 pagus
1246 1904 1532 1979 ﬁnitimus,
1559 1907 1614 1959 in
1643 1922 1741 1979 quo
1759 1906 1970 1979 nitrum
1990 1904 2138 1979 colli-

552 1975 697 2050 gunt.
734 1975 854 2033 Non
880 1975 1067 2047 exigua
1095 1975 1299 2047 quidem
1327 1978 1591 2050 hominum
1621 1976 1897 2030 multitudo
1929 1975 2002 2028 ibi
2028 1990 2135 2027 mo-

552 2046 799 2103 nasticam
834 2046 1166 2117 disciplinam
1191 2048 1473 2102 exercebat.
1504 2046 1673 2102 Erant
1714 2060 1933 2117 namque
1960 2062 2139 2099 mona-

556 2121 709 2173 steria
741 2121 939 2173 circiter
960 2120 1329 2189 quinquaginta
1353 2120 1616 2189 contigua,
1640 2133 1856 2189 quorum
1873 2133 1993 2188 pars
2017 2133 2141 2189 con-

555 2201 754 2255 ventus,
787 2206 907 2258 pars
938 2190 1166 2244 homines
1192 2188 1505 2257 separatim
1524 2189 1586 2241 ab
1627 2188 1745 2241 aliis
1776 2188 2012 2256 degentes
2042 2188 2139 2240 ha-

556 2259 719 2316 bebat.
753 2260 918 2315 Porro
942 2271 1112 2313 autem
1138 2276 1253 2313 cum
1280 2261 1380 2313 iter
1404 2260 1567 2331 facias
1597 2259 1654 2331 in
1666 2259 1987 2331 |ittteriorem
2015 2258 2140 2331 soli-

556 2332 805 2397 tudinem,
848 2332 918 2385 ibi
946 2340 1021 2385 est
1049 2331 1186 2384 alius
1219 2332 1362 2384 locus
1381 2329 1411 2395 ,⁷
1429 2332 1519 2399 qui
1543 2346 1574 2382 a
1605 2329 1784 2384 Nitria
1809 2329 1948 2382 abest
1974 2329 2141 2382 stadia

556 2403 659 2471 fere
680 2403 1025 2472 septuaginta,
1044 2402 1127 2454 cui
1149 2417 1333 2454 nomen
1354 2398 1464 2472 erat
1480 2398 1675 2454 Cellia:
1700 2402 1757 2454 in
1777 2415 1837 2453 eo
1857 2409 1977 2472 sunt
1999 2400 2142 2453 cellw

558 2471 923 2525 monachorum
950 2472 1218 2541 permultae
1244 2471 1463 2541 sparsim
1501 2472 1710 2541 positae,
1747 2486 1849 2539 qua
1890 2471 1954 2522 de
1984 2484 2141 2541 causa

557 2542 655 2594 hoc
683 2558 863 2595 nomen
887 2539 1086 2594 habuit.
1117 2539 1341 2594 Tantum
1380 2539 1514 2594 inter
1534 2557 1588 2594 se
1623 2542 1849 2605 distant,
1884 2548 1937 2593 ut
1965 2540 2053 2608 qui
2086 2540 2141 2592 in

555 2612 681 2681 ipsis
712 2612 974 2675 habitant,
1012 2626 1183 2681 neque,
1195 2610 1364 2681 videre
1389 2626 1443 2664 se
1472 2612 1601 2663 inter
1648 2612 1809 2681 ipsos,
1843 2625 2000 2677 neque
2030 2625 2143 2681 om-

558 2683 679 2750 nino
699 2682 880 2735 audire
900 2682 1113 2750 possint.
1140 2680 1266 2734 Haec
1282 2680 1641 2748 Sozomenus,
1659 2680 1954 2749 eademque
1980 2680 2141 2749 paulo

558 2748 730 2805 fusius
756 2748 1085 2819 Nicephorus
1120 2750 1216 2805 lib.
1250 2767 1285 2804 ll
1318 2750 1452 2806 Hist.
1478 2767 1599 2818 cap.
1634 2752 1724 2817 '58,
1758 2751 1849 2805 ubi
1872 2748 1947 2805 ad
1984 2748 2142 2804 mar-

560 2819 736 2885 ginem
761 2824 937 2890 posuit
968 2823 1238 2890 interpres
1262 2821 1364 2876 hoc
1378 2822 1645 2876 scholium
1670 2830 1855 2876 notatu
1883 2822 2136 2890 dignum:

558 2891 699 2946 Sunt
727 2891 885 2963 hodie
903 2893 954 2946 in
978 2893 1119 2947 Atho
1148 2902 1330 2947 monte
1357 2893 1545 2963 viginti
1569 2893 1675 2946 duo
1699 2893 1924 2962 insignia
1955 2906 2142 2945 mona-

559 2963 720 3016 steria
770 2961 1083 3017 Graecorum
1114 2961 1536 3027 monachorum,
1580 2963 1791 3018 ordinis
1813 2961 1883 3016 ’D.
1927 2962 2136 3027 Basilii,

562 3047 682 3105 quae
712 3032 1150 3105 tributiinomine
1174 3033 1479 3105 r'l‘urcarum
1508 3042 1736 3105 tyranno
1758 3032 2047 3105 quntannis
2074 3047 2141 3087 ex

564 3103 755 3158 vinetis
783 3113 838 3157 et
857 3103 1071 3159 olivetis
1102 3104 1216 3158 suis
1257 3105 1497 3174 pendunt
1524 3103 1618 3158 Sex
1659 3105 1826 3174 millia
1859 3103 2140 3174 obolorum

561 3174 1118 3247 Turcicorum.Mons
1158 3176 1207 3247 is
1231 3172 1279 3247 _a
1320 3173 1817 3247 Christianisc'i'ytov
1859 3172 2007 3247 apag,
2039 3172 2141 3227 hoc

563 3255 666 3309 est,
700 3256 919 3300 sanctus
948 3246 1098 3300 Mons
1138 3243 1369 3307 dicitur;
1401 3258 1432 3296 a
1481 3243 1930 3298 Rutenis'Suvata
1982 3244 2136 3298 hora.

567 3316 692 3388 litae
713 3316 805 3371 ibi.
838 3316 944 3388 Sed
976 3328 1031 3388 ut
1060 3316 1124 3369 ad
1156 3313 1729 3388 Nitriam_redeamns,
1761 3314 1830 3368 de
1857 3314 2137 3388 monachis
2167 3324 2213 3388 ο
2244 3309 2542 3388 diuturnas,

561 3385 747 3457 Nitriae
779 3386 1025 3441 meminit
1067 3388 1226 3440 etiam
1266 3388 1332 3457 ρ.
1376 3386 1737 3457 Hieronymus
1783 3383 1948 3453 epist.
1986 3384 2141 3457 εἰει

562 3456 654 3521 9.7,
683 3458 772 3511 ubi
801 3464 959 3511 vocat
982 3459 1228 3527 Oppidum
1254 3455 1463 3511 Domini
1489 3456 1541 3509 Ν
1547 3455 1739 3519 itriam,
1763 3457 1816 3509 in
1848 3472 1947 3528 quo
1972 3456 2142 3528 puris-

560 3528 690 3580 simo
716 3528 957 3582 virtutum
988 3529 1123 3581 nitro
1152 3528 1326 3582 sordes
1361 3528 1602 3581 lavantur
1638 3528 1864 3595 quotidie
1889 3526 2141 3595 plurimo-

559 3598 991 3723 rnmn‘Sttlpitius
1024 3597 1230 3721 Dialo’g.
1262 3605 1331 3680 .de
1379 3597 1569 3680 Vit-tut.
1596 3598 1847 3680 monach'
1873 3596 2074 3680 Orient.
2095 3596 2136 3668 ).

564 3668 665 3723 Ubi
735 3684 949 3723 artanus
973 3666 1073 3723 (In
1111 3686 1163 3722 sc
1203 3667 1380 3723 olusl:
1412 3668 1668 3723 Nitrtam.
1704 3678 1908 3723 inquit.
1936 3684 1966 3721 a
1995 3680 2136 3723 nitro

564 3616 674 3651 rum
737 3616 991 3669 sulpitius
1024 3616 1176 3652 maio
1218 3639 1230 3651 .
1268 3616 1331 3651 ae
1383 3616 1569 3653 vmut.
1596 3616 1830 3652 monacn.
1873 3616 2074 3652 urtent.
2095 3616 2136 3668 ι.

564 3668 665 3723 Ubi
685 3616 949 3723 harianus
973 3666 1073 3739 (In
1111 3616 1380 3738 scfoliis):
1412 3668 1668 3733 Nitriam,
1704 3669 1908 3738 inquit,
1936 3684 1966 3721 a
1995 3669 2140 3724 nitro

561 3740 875 3805 Spiritaliter
898 3739 1093 3793 dictam
1131 3740 1534 3807 interpretatur,
1576 3749 1800 3808 propter
1824 3751 2137 3794 sanctorum

562 3809 943 3865 monachorum
977 3825 1167 3881 greges
1214 3810 1286 3865 ibi
1331 3810 1663 3881 degentium,
1715 3810 1806 3876 qui
1849 3809 2139 3878 purissimo

566 3881 819 3934 virtutum
851 3882 991 3934 nitro
1022 3880 1268 3935 homines
1298 3896 1326 3933 a
1358 3880 1607 3935 sOrdibus
1638 3887 1981 3949 peccatorum
2015 3897 2140 3948 pur-

559 3961 707 4018 gant.
744 3951 837 4005 Est
876 3952 1017 4004 enim
1066 3952 1195 4004 nitri
1226 3951 1306 4004 vis
1352 3952 1672 4015 abstersiva,
1722 3963 1780 4003 ut
1812 3952 1863 4004 in
1904 3950 2139 4004 Jeremia

560 4021 828 4089 proditur,
866 4020 991 4075 dum
1022 4021 1098 4075 ait
1126 4038 1137 4071 :
1172 4021 1232 4075 Si
1255 4022 1436 4074 laveris
1472 4030 1521 4074 te
1547 4022 1704 4085 nitro,
1735 4030 1838 4075 etc.
1874 4022 2038 4074 Porro
2070 4020 2138 4075 de

560 4092 743 4161 Scythi
771 4092 887 4145 sive
924 4089 1174 4161 Scythica
1213 4106 1395 4145 eremo
1439 4092 1572 4145 alias
1604 4091 1799 4158 smpius
1826 4090 2025 4144 dictum
2055 4098 2140 4146 est

560 4158 719 4231 (Vide
745 4162 918 4214 collat.
950 4162 973 4214 ‘l
999 4158 1046 4213 ὲ.
1081 4158 1164 4231 1).

631 4229 659 4267 δ
682 4231 816 4284 Hinc
846 4239 1056 4298 sumpta
1080 4230 1239 4299 hujus
1264 4229 1447 4283 collat.
1479 4231 1695 4283 occasio
1732 4239 1785 4282 et
1813 4229 2131 4299 inscriptio:

561 4296 641 4352 De
671 4316 788 4353 nece
808 4296 1284 4371 sanctorumpquaz
1313 4309 1421 4353 tota
1454 4300 1505 4353 in
1539 4300 1644 4371 hoc.
1670 4296 1996 4371 argumento
2016 4315 2137 4354 ver-

561 4377 811 4441 satur,iut
835 4369 1028 4424 doceat
1064 4386 1159 4441 cur
1213 4370 1353 4423 Deus
1393 4380 1609 4425 sanctos
1640 4369 1797 4424 "viros
1835 4370 1904 4423 ab
1954 4371 2133 4441 impiis

564 4440 767 4505 vexari,
792 4451 884 4493 aut
917 4439 1094 4493 necari
1126 4441 1415 4508 permittat.

634 4522 655 4548 ε
683 4509 813 4564 Erat
840 4509 955 4565 hazc
983 4510 1208 4581 quaestio
1236 4509 1345 4563 illis
1369 4511 1704 4579 temporibus
1734 4510 2050 4581 pervulgata
2079 4520 2136 4567 et

558 4581 799 4635 omnium
838 4595 933 4637 ore
970 4592 1179 4635 versata
1211 4582 1283 4635 ob
1319 4582 1621 4650 ingruentia
1657 4581 1857 4649 ubique
1889 4584 2051 4649 mala,
2079 4592 2135 4638 et

559 4650 820 4722 barbaros
852 4652 1009 4720 longe
1030 4651 1239 4721 lateque
1266 4661 1598 4722 grassantes.
1633 4654 1705 4705 Dc
1731 4666 1793 4706 ea
1826 4653 1969 4707 enim
2011 4669 2120 4708 non

556 4721 844 4792 Cassianus
886 4731 1088 4775 tantum
1126 4724 1254 4792 egit,
1276 4721 1369 4775 sed
1411 4723 1600 4776 eadem
1646 4724 1932 4777 occasione
1959 4724 2119 4778 etiam

557 4790 622 4863 Β.
655 4791 988 4860 Augustinus
1015 4792 1066 4846 in
1097 4790 1246 4847 dicta
1266 4794 1422 4861 epist.
1464 4794 1528 4846 ad
1562 4793 1949 4855 Victorianum,
1980 4795 2123 4863 quod

556 4861 647 4917 ille
677 4865 815 4917 inter
841 4863 945 4916 alia
976 4863 1366 4932 interpellasset
1398 4863 1606 4927 :Quare
1633 4872 1679 4916 et
1719 4866 1844 4917 servi
1885 4863 1984 4919 Dei
1998 4861 2123 4918 'bar-

557 4932 815 5005 berorum
841 4935 976 5003 ferro
1012 4934 1256 5005 perempti
1276 4943 1431 5005 sunt,
1456 4944 1505 4987 et
1552 4934 1754 4988 ancilla:
1791 4933 1885 4988 Dei
1911 4933 2124 5005 captiva:

555 5002 763 5057 ἀπιειωῖ
792 5002 888 5058 Cui
928 5002 1211 5073 quaestioni
1252 5004 1413 5059 docet
1453 5004 1783 5073 Augu~tinus
1827 5002 2121 5073 humiliter,

554 5085 608 5126 et
635 5075 915 5141 veraciter,
943 5086 994 5128 et
1029 5076 1112 5143 pie
1142 5075 1213 5128 ita
1242 5075 1672 5145 respondendum
1701 5093 1713 5127 :
1742 5077 2124 5139 Quantamlibet

548 5146 809 5217 justitiam
834 5161 1110 5211 servemus,
1138 5144 1503 5217 quantumlibet
1536 5144 1758 5198 Domino
1788 5147 2126 5201 obedientiam

553 5214 902 5285 exhibeamus,
933 5216 1177 5285 numquid
1205 5216 1437 5269 meliores
1459 5231 1564 5269 esse
1593 5232 1862 5285 possumus
1889 5218 1997 5271 illis
2022 5219 2119 5271 tri-

552 5284 644 5336 bus
673 5287 923 5353 viris,qui
940 5287 995 5339 in
1024 5284 1226 5339 camino
1254 5286 1389 5354 ignis
1406 5284 1632 5340 ardentis
1656 5303 1748 5354 pro
1775 5289 2125 5354 conservanda

553 5354 662 5427 lege
690 5355 785 5427 Dei
810 5352 1025 5427 projecti
1058 5366 1178 5427 sunt
1200 5357 1223 5409 ?
1246 5352 1315 5410 Et
1350 5367 1520 5410 tamen
1550 5352 1664 5425 lege
1688 5357 1811 5427 quid
1850 5358 1960 5411 illic
1985 5352 2123 5412 dicat

549 5422 764 5477 Azarias
796 5422 929 5479 unus
956 5443 1022 5480 ea:
1049 5426 1231 5490 tribus,
1263 5427 1348 5495 qui
1368 5422 1683 5493 aperiens'os
1700 5422 1852 5479 suum
1875 5429 1928 5480 in
1954 5429 2123 5484 medio

547 5495 682 5563 ignis
709 5496 841 5549 dixit
868 5512 885 5548 :
915 5495 1222 5551 Benedictus
1242 5513 1315 5559 es,
1351 5496 1568 5550 Domine
1600 5495 1736 5551 Deus
1764 5495 1980 5550 Patrum
2001 5514 2123 5552 nos-

545 5573 765 5647 trorum,
795 5576 842 5618 et
865 5565 1152 5647 laudabile,
1177 5576 1227 5621 et
1257 5566 1543 5647 gloriosum
1575 5576 1928 5647 nomen_tuurn
1952 5568 2006 5620 in
2028 5585 2125 5647 ete-

545 5634 690 5719 cula,
717 5637 962 5717 quoniam
974 5642 1151 5719 justus
1179 5654 1230 5690 es
1252 5634 1303 5688 in
1333 5638 1745 5719 otttttibtts,.qut?_
1756 5638 1929 5719 fecisti
1947 5640 2120 5719 nobis,

544 5711 676 5765 0tc.,
698 5707 938 5772 quoniam
968 5707 1019 5759 in
1042 5709 1251 5760 veritate
1288 5719 1334 5759 et
1354 5708 1554 5773 judicio
1592 5707 1813 5761 intulisti
1842 5708 1984 5762 nobis
2014 5708 2125 5766 hcc

548 5774 727 5831 omnia
748 5784 963 5840 propter
985 5787 1197 5843 peccata
1224 5788 1414 5839 nostra,
1445 5778 1684 5848 quoniam
1711 5780 2051 5852 peccavimus,
2071 5792 2123 5841 et

2151 4690 2205 4750 D

2240 1551 2344 1620 legi
2367 1558 2477 1625 tua:
2510 1567 2612 1625 n_on
2643 1551 2935 1625 paruimus,
2964 1561 3017 1606 et
3053 1559 3248 1625 caetera
3287 1567 3408 1625 quae
3436 1566 3744 1625 sequuntur
3773 1560 3830 1615 in

2242 1622 2489 1691 oratione
2537 1621 2795 1691 Danielis,
2829 1637 2928 1677 seu
2978 1623 3159 1691 potius
3213 1623 3441 1683 Azariae.
3470 1621 3682 1683 Daniel.
3741 1644 3823 1685 In.

2240 1690 2447 1765 Deinde
2466 1691 2648 1745 subdit
2680 1708 2692 1743 :
2737 1690 2890 1765 Vides
2913 1690 3065 1765 certe.
3091 1693 3274 1765 frater,
3305 1694 3483 1761 quales
3512 1698 3633 1763 viri,
3666 1715 3827 1765 quam

2238 1762 2428 1825 sancti,
2454 1778 2608 1831 quam
2641 1765 2799 1831 fortes
2836 1764 2890 1816 in
2916 1761 3489 1831 medio'tribulationis,
3532 1761 3627 1822 ubi
3658 1761 3829 1823 tanien

2240 1833 2313 1885 eis
2349 1835 2680 1906 parcebatur,
2712 1841 2758 1885 et
2788 1848 2876 1906 eos
2926 1849 3070 1887 urere
3113 1834 3237 1906 ipsa
3269 1836 3487 1903 ﬂamma
3532 1840 3827 1905 verebatur,

2239 1904 2451 1981 peccata
2473 1919 2565 1981 sua
2591 1904 2988 1966 confitebantur,
3013 1919 3106 1981 pro
3131 1904 3314 1981 quibus
3337 1921 3392 1959 se
3412 1906 3666 1981 dig_ne,ret
3682 1904 3829 1981 juste

2241 1970 2505 2045 humiliari
2542 1983 2812 2039 noverant,
2838 1989 2930 2027 nec
2956 1970 3209 2045 tacebant.
3244 1970 3513 2045 Numquid
3539 1970 3703 2032 etiam
3723 1998 3831 2035 me-

2242 2042 2395 2115 liores
2426 2044 2964 2115 esse_possumusips9
2988 2043 3226 2109 Daniele,
3257 2047 3321 2097 de
3338 2042 3439 2114 quo
3470 2063 3562 2111 per
3586 2048 3834 2109 Ezechie-

2242 2111 2344 2190 l_e_m
2398 2112 2702 2190 prophetam
2746 2111 2882 2190 dicit
2920 2113 3178 2190 Dominus
3217 2111 3611 2190 adprincipem
3659 2119 3831 2190 Tyri:

2244 2182 2297 2261 1_V
2301 2182 2509 2252 umquid
2520 2194 2572 2238 tu
2585 2185 2866 2261 sapientior
2876 2201 3029 2253 quam
3044 2184 3228 2261 Daniel
3267 2182 3457 2261 suos.
3474 2182 3665 2261 ixvttl)
3680 2182 3829 2248 Tete.

2244 2254 2381 2331 Lege
2423 2264 2603 2331 tamen
2652 2255 2821 2331 etiam
2859 2254 3365 2331 precem_Danielis,
3398 2267 3443 2311 et
3488 2260 3603 2315 vide
3644 2254 3834 2331 quem-

2241 2326 2529 2398 admodum,
2551 2325 2605 2378 in
2635 2327 2932 2398 captivitate
2975 2326 3171 2398 positus
3217 2339 3427 2394 peccata
3474 2346 3583 2384 non
3620 2325 3826 2387 tantum

2243 2396 2421 2473 populi
2450 2396 2553 2473 sui,
2594 2411 2771 2473 verum
2808 2396 3471 2473 etiam'suanconﬁteatur,
3510 2411 3561 2454 et
3598 2419 3699 2473 pro
3749 2405 3833 2458 Itis

2240 2466 2379 2518 dicat
2411 2482 2500 2541 per
2516 2466 2780 2541 justitiam
2804 2465 2897 2541 Dei
2918 2467 3068 2541 seed
3096 2468 3245 2541 illam
3275 2465 3833 2541 captivitatisme

2240 2546 2287 2588 et
2312 2535 2591 2613 opprobria
2617 2537 3041 2613 pervenisse._Sic
3068 2540 3205 2613 enim
3235 2535 3485 2607 scriptum
3511 2551 3581 2595 est
3607 2535 3711 2597 ΞΕ(
3731 2562 3837 2613 po—

2240 2607 2322 2678 sui
2347 2607 2533 2675 faciem
2558 2623 2742 2678 meam,
2776 2616 2882 2663 etc.
2917 2608 3271 2678 Prosequitur
3311 2619 3473 2665 totam
3511 2607 3828 2669 orationem

2241 2676 2412 2745 ipsius
2443 2677 2704 2748 Datiielis,
2729 2694 2850 2748 quae
2878 2676 3115 2733 habetur
3133 2694 3253 2747 cap.
3287 2695 3361 2745 Ix,
3387 2696 3448 2735 ac
3472 2682 3687 2736 demum
3718 2686 3830 2740 ista

2241 2747 2519 2817 subjungit
2562 2764 2577 2798 :
2634 2746 2763 2803 nec
2805 2748 3030 2816 ﬁdeliter
3074 2746 3211 2823 lege,
3238 2750 3462 2823 ﬁdeliter
3502 2754 3755 2823 prtedica,
3787 2768 3842 2812 et

2239 2827 2487 2888 quantum
2521 2828 2665 2887 potes
2703 2834 2844 2886 cave,
2877 2828 2927 2872 et
2965 2821 3249 2874 cavendum
3279 2822 3405 2875 doce
3429 2864 3445 2888 ,
3476 2821 3542 2877 ne
3577 2827 3837 2882 adversus

2242 2888 2406 2940 Deum
2444 2890 2499 2941 in
2526 2889 2607 2942 Itis
2638 2890 2999 2944 tentationibus
3020 2900 3064 2944 et
3089 2892 3504 2946 tribulationibus
3534 2911 3835 2950 murmure-

2242 2968 2342 3036 ζειν.
2357 2958 2538 3036 _Bonos
2564 2960 2692 3013 dicis
2716 2959 2811 3013 Dei
2832 2976 3023 3036 servos,
3040 2970 3101 3036 et
3126 2962 3328 3036 ﬁdeles,
3350 2974 3397 3015 et
3421 2974 3627 3018 sanctos
3650 2968 3835 3036 gladio

2239 3026 2591 3101 Barbarorum
2614 3040 2923 3101 peremptos.
2951 3026 3087 3097 Quid
3114 3026 3287 3085 autem
3314 3035 3526 3088 interest
3546 3026 3725 3090 utrum
3746 3054 3833 3092 eos

2241 3100 2396 3169 febris
2419 3117 2486 3154 an
2510 3100 2704 3175 ferrum
2735 3101 3035 3175 decerpere
3056 3103 3264 3156 solverit
3280 3104 3435 3175 {non
3462 3122 3565 3175 qua
3588 3111 3832 3161 occasio-

2242 3165 2306 3243 ne
2340 3165 2545 3236 exeant,
2569 3173 2657 3225 sed
2695 3172 2870 3243 quales
2897 3165 2963 3225 ad
2990 3189 3044 3226 se
3071 3184 3281 3237 exeant,
3307 3165 3558 3230 Domin'us
3601 3180 3835 3232 attendit

2241 3241 2299 3320 in
2326 3244 2485 3297 servis
2511 3242 2641 3308 suis,
2658 3241 2756 3297 nisi
2776 3243 2913 3320 quod
2934 3243 3355 3320 majorem-habet
3374 3262 3575 3313 poenam
3602 3248 3837 3320 languor

2622 3329 2741 3390 nam
2781 3314 3061 3390 uilissimus
3115 3316 3313 3390 exitus;
3341 3325 3390 3390 et
3436 3326 3604 3390 tamen
3657 3314 3836 3390 ipsum

2244 3380 2879 3459 languorem_diuturnum
2918 3394 2964 3438 et
3003 3380 3316 3459 horrendum
3352 3387 3590 3459 legimus,
3620 3380 3835 3459 qualem

2242 3451 2424 3524 passus
2445 3464 2518 3508 est
2538 3451 2662 3529 Job,
2687 3458 2835 3529 cujus
2855 3466 3000 3529 Acerte
3013 3457 3240 3529 justitire
3274 3451 3674 3529 Deus'ipse,
3704 3462 3834 3529 falli

2241 3539 2343 3577 non
2375 3534 2557 3595 potest,
2584 3524 2691 3578 tale
2719 3524 2946 3596 perhibet
2972 3524 3334 3582 testimonium.
3364 3524 3679 3584 Gravissima
3701 3524 3837 3586 sane

2241 3603 2291 3647 et
2321 3598 2542 3649 multum
2566 3595 2793 3649 dolenda
2813 3595 2908 3648 illa
2932 3597 3201 3667 captivitas
3227 3598 3537 3667 feminarum
3557 3612 3834 3657 castarum

2241 3675 2393 3734 atque
2428 3676 2723 3739 sanctarum
2755 3684 2773 3721 :
2803 3667 2893 3722 sed
2929 3683 3033 3739 non
3068 3677 3141 3721 est
3175 3669 3411 3739 captivus
3435 3685 3615 3723 earum
3656 3670 3830 3739 Deus,

2240 3751 2329 3789 nec
2355 3738 2585 3804 captivas
2607 3736 2794 3791 deserit
2813 3754 2956 3803 suas,
2972 3738 3017 3790 si
3041 3740 3173 3791 novit
3194 3755 3333 3792 suas.
3362 3738 3503 3794 Nam
3528 3755 3574 3794 et
3600 3742 3679 3795 illi
3699 3736 3833 3797 san;

2239 3806 2331 3873 cti,
2372 3823 2591 3882 quorum
2639 3809 2902 3882 passiones
2933 3816 2995 3882 et
3031 3809 3377 3882 confessiones
3424 3812 3489 3864 de
3535 3810 3831 3882 Scripturis

2238 3878 2429 3953 sanctis
2452 3879 2865 3953 commemoravi,
2890 3879 2952 3932 ab
2976 3878 3203 3932 hostibus
3226 3880 3388 3953 ducti,
3410 3890 3563 3951 atque
3583 3884 3638 3935 in
3655 3878 3834 3953 capti-

2239 3947 2393 4022 vitate
2436 3950 2608 4022 positi,
2642 3949 2735 4001 illa
2774 3950 3013 4022 dixerunt
3040 3964 3156 4022 quae
3180 3947 3488 4022 conscripta
3513 3947 3756 4022 leguntur
3795 3972 3832 4008 α

2238 4016 2413 4085 nobis,
2446 4028 2500 4071 ut
2546 4019 2803 4071 discamus
2840 4016 3067 4085 captivos
3107 4019 3201 4073 Dei
3245 4016 3413 4075 servos
3456 4016 3765 4077 nan-deseri
3794 4043 3830 4080 α

2240 4084 2459 4141 Domino
2480 4104 2594 4141 suo.
2616 4088 2741 4143 Haec
2761 4098 2814 4143 et
2834 4084 2938 4143 alia
2968 4090 3299 4159 Augustinus
3328 4092 3379 4145 in
3411 4093 3654 4148 eamdem
3686 4110 3827 4150 sen-

2240 4160 2485 4228 tentiam,
2515 4159 2606 4228 qui
2639 4159 2742 4212 hoc
2769 4160 2907 4214 idem
2939 4170 3314 4228 argumentum
3347 4161 3517 4218 fusius
3547 4167 3826 4221 tractatio

2238 4226 2388 4304 libris
2418 4228 2484 4282 de
2523 4226 2751 4304 Civitate
2782 4230 2904 4304 Dei,
2931 4226 3140 4304 eadem
3162 4234 3453 4304 occasione
3491 4235 3825 4304 conscriptis

2240 4295 2403 4377 (.Yide
2431 4315 2480 4353 c.
2520 4300 2553 4353 9
2582 4309 2629 4352 et
2674 4298 2740 4353 M
2773 4300 2914 4377 lib.__r_
2944 4302 3005 4355 de
3034 4300 3233 4371 Civit.).
3262 4301 3429 4377 Porro
3471 4306 3654 4377 multa:
3693 4295 3831 4362 sunt

2235 4366 2355 4442 alia}.
2384 4382 2585 4433 causa),
2624 4381 2822 4442 prieter
2862 4370 3006 4442 illam
3050 4366 3450 4442 correptionem
3490 4375 3729 4429 divinam
3764 4389 3827 4433 et

2235 4439 2557 4494 delictorum
2585 4447 2744 4495 etiam
2774 4439 2827 4495 in
2853 4441 3015 4510 justis
3044 4452 3099 4497 et
3120 4439 3321 4498 san—clis
3351 4443 3658 4499 hominibus
3684 4460 3828 4502 cas-

2237 4510 2569 4577 tigationem,
2600 4526 2695 4565 cur
2737 4511 2879 4565 Deus
2926 4527 3023 4567 eos
3068 4512 3213 4566 sinat
3260 4517 3311 4567 in
3357 4514 3451 4567 hac
3480 4515 3583 4567 vita
3632 4517 3819 4573 variis

2234 4582 2491 4655 aerumnis
2532 4591 2585 4636 et
2621 4582 3235 4655 cala‘mitatibusiaflligi,
3270 4584 3337 4637 ab
3368 4583 3541 4654 impiis
3588 4588 3827 4655 vexari,

2234 4650 2398 4705 immo
2419 4664 2471 4707 et
2494 4662 2667 4707 morte
2689 4651 3003 4724 afﬁci,quas
3028 4654 3114 4707 hic
3140 4650 3568 4709 commemorare
3589 4650 3822 4723 longum

2232 4732 2407 4796 esset,
2428 4730 2483 4777 et
2513 4723 2863 4796 superfluum,
2891 4723 3018 4779 eum
3052 4724 3105 4779 in
3142 4724 3443 4794 Scripturis
3484 4726 3681 4796 passim
3719 4727 3828 4782 ob-

2231 4791 2331 4865 via:
2369 4795 2497 4859 sint,
2525 4791 2593 4865 et’
2621 4809 2651 4848 a
2702 4794 2953 4865 Patribusi
2992 4791 3307 4865 explicatae;
3371 4791 3597 4864 quarum
3649 4798 3824 4854 etiam

2230 4863 2511 4944 plerasque
2645 4867 2843 4944 auctor
2864 4866 2916 4944 in
2945 4864 3044 4920 hac
3065 4863 3619 4944 collationepetalibi
3647 4870 3824 4925 variis

2231 4933 2284 4987 in
2316 4933 2447 5009 locis
2489 4934 2722 5003 attingit,
2743 4934 2843 5009 ubi
2875 4935 2943 4991 de
2965 4935 3233 5009 patientia
3253 4946 3324 5009 _et
3362 4937 3825 5009 similibus_arguo

2232 5004 2427 5057 mentis
2486 5014 2699 5058 tractat.
2743 5004 2902 5071 Vide,
2934 5005 2977 5060 si
3037 5006 3208 5072 lubet,
3252 5007 3394 5063 inter
3436 5008 3572 5062 alios
3626 5004 3824 5065 Patres

2229 5073 2286 5148 S.
2318 5073 2759 5148 Chrysostomum
2784 5075 2835 5148 in
2871 5076 3092 5131 homilia
3123 5078 3301 5147 prima
3329 5078 3397 5132 ad
3424 5077 3700 5148 populum,
3724 5081 3823 5136 ubi

2231 5144 2420 5199 decem
2449 5156 2505 5199 et
2534 5146 2711 5214 plures
2736 5146 2973 5201 rationes
3004 5144 3309 5202 enumerat.

2303 5214 2329 5253 ἀ
2365 5216 2385 5270 Ι
2415 5216 2662 5270 Corinth.
2693 5231 2762 5269 xv
2797 5233 2809 5267 :
2843 5217 2903 5271 Si
2927 5218 2981 5270 in
3008 5218 3107 5270 hac
3136 5220 3239 5271 vita
3277 5229 3481 5273 tantum
3516 5218 3570 5270 in
3606 5216 3827 5275 Christo

2230 5294 2493 5357 sperantes
2520 5302 2717 5351 sumus,
2744 5287 3149 5357 miserabiliores
3173 5305 3353 5343 sumus
3381 5289 3618 5342 omnibus
3648 5291 3826 5342 homi-

2230 5356 2398 5411 nibus.
2431 5357 2639 5425 Quippe
2665 5356 2755 5479 qui
2784 5356 2837 5409 in
2868 5358 2965 5413 hac
2991 5360 3124 5424 vita,
3156 5375 3263 5414 non
3298 5370 3587 5428 sperantes
3626 5358 3825 5423 aliam,

2233 5443 2329 5479 pro
2364 5427 2583 5479 Christo
2632 5442 2660 5479 a
2702 5441 2767 5479 eo
2808 5425 2972 5479 afﬂigi
3004 5438 3059 5479 et
3099 5431 3235 5479 mori
3283 5430 3641 5479 sustinemus.
3688 5431 3825 5479 nihil

2233 5443 2329 5495 pro
2364 5427 2583 5481 Christo
2632 5425 2767 5481 adeo
2808 5425 2972 5497 afﬂigi
3004 5438 3059 5483 et
3099 5431 3235 5483 mori
3283 5425 3641 5492 sustinemus,
3688 5431 3826 5485 nihil

2229 5499 2297 5552 ab
2326 5512 2391 5552 eo
2414 5497 2619 5567 praemii
2643 5506 2765 5569 post
2806 5508 3037 5569 mortem
3084 5507 3482 5568 exspectantes.
3516 5500 3825 5569 Argumen-

2228 5577 2339 5622 tum
2368 5570 2436 5622 ab
2474 5567 2730 5622 absurdo.
2762 5567 3227 5624 Absurdissimum
3260 5570 3406 5625 enim
3439 5567 3615 5635 esset,
3644 5577 3702 5624 et
3729 5584 3827 5623 οι·-

2223 5638 2333 5693 dini
2365 5639 2559 5693 divina:
2585 5638 2944 5694 Providentiae
2973 5654 3037 5693 ac
3062 5639 3283 5708 iustitia:
3320 5640 3557 5693 maxime
3589 5648 3827 5694 contra-

2223 5711 2387 5777 rium,
2415 5711 2458 5763 si
2493 5710 2645 5763 bonis
2673 5716 2729 5762 et
2755 5709 2916 5778 justis
2959 5711 3097 5764 mala
3128 5721 3181 5765 et
3211 5710 3438 5763 adversa
3469 5724 3711 5777 quaeque
3768 5713 3826 5766 in

2225 5780 2328 5840 hoc
2373 5779 2573 5837 stet:qu
2603 5779 2979 5849 tolerantibus,
3028 5795 3139 5838 non
3184 5781 3291 5837 alia
3332 5790 3653 5849 superesset
3693 5794 3837 5864 Spes
