4026 6204
240 230 344 288 849

1185 222 1529 284 οοιιΑτιο
1567 221 1655 283 Vl.
1692 253 1762 267 -
1791 221 1880 280 DE
1920 221 2113 280 NECE-
2135 217 2577 281 SA‘N’CTORUM.

3420 226 3528 288 550

238 345 352 400 lum
402 332 803 398 miserabiliores
829 340 992 396 simus
1028 340 1261 397 omnibus
1302 339 1589 396 hominibus
1631 337 1674 411 (l
1702 338 1824 394 Cor.
1854 340 1906 401 Α
1932 336 2155 403 bonum,
2206 336 2434 404 malum,
2477 335 2739 395 medium.
2800 336 3067 395 Debemus
3126 341 3309 412 itaque
3355 359 3525 402 nosse

239 435 353 507 xv).
387 434 513 507 quia
554 434 764 491 scilicet
791 433 845 490 in
870 433 976 490 hoc
1002 432 1207 489 mundo
1235 432 1369 488 nihil
1390 429 1822 502 promissionum

240 525 589 598 recipientes,
617 527 781 583 etiam
805 526 860 582 in
888 527 1066 582 futuro
1089 540 1181 582 eas
1202 538 1301 595 pro
1326 522 1427 581 hac
1451 522 1829 579 incredulitate

239 621 539 691 perdimus,
566 621 916 693 opinionibus
941 635 1129 676 eorum
1162 633 1271 675 non
1297 617 1552 675 debemus
1583 631 1770 673 errare
1797 633 1814 672 :

212 780 218 791 ‘
241 727 310 770 ne
342 713 585 784 ignorata
610 727 759 769 verae
793 711 1126 769 deﬁnitionis
1150 713 1418 768 sententia
1442 711 1738 768 titubantes
1761 726 1826 767 ac

210 807 462 878 'trepidi,
504 806 893 863 tentationibus
934 820 1272 872 moveamur,
1322 820 1445 861 cum
1495 805 1698 862 eisdem
1726 819 1825 861 nos

239 915 454 972 quoque
494 899 722 955 traditos
748 898 1067 965 viderimus,
1091 899 1177 954 vel
1226 897 1549 968 iniustitiam
1593 897 1823 962 scilicet,

237 994 320 1049 vel
368 991 635 1048 incuriam
685 991 1040 1048 humanarum
1093 1005 1279 1047 rerum
1324 990 1461 1059 Deo,
1490 990 1634 1060 quod
1680 990 1826 1046 dictu

237 1100 455 1157 quoque
503 1087 656 1142 nefas
697 1094 800 1151 est,
832 1085 1196 1148 ascribentes,
1231 1084 1357 1156 quia
1411 1092 1631 1140 sanctos
1675 1083 1824 1139 viros

232 1185 493 1246 recteque
523 1177 773 1232 viventes
824 1176 879 1231 in
923 1176 1228 1232 tentatione
1263 1190 1374 1231 non
1418 1183 1690 1246 protegat,
1722 1188 1823 1229 nec

233 1266 390 1323 bonis
415 1282 477 1323 ea
499 1283 619 1339 qua:
650 1267 791 1324 bona
817 1276 963 1337 sunt,
986 1282 1090 1325 nec
1121 1268 1262 1323 mala
1291 1267 1451 1323 malis
1481 1267 1747 1323 retribuat
1770 1266 1824 1322 in

232 1358 506 1428 praesenti,
537 1366 594 1414 et
624 1373 748 1414 cum
789 1358 899 1414 illis
927 1357 1177 1414 damnari
1203 1374 1535 1427 mereamur,
1568 1373 1704 1430 quos
1724 1359 1826 1415 So-

230 1449 461 1520 phonias
489 1450 755 1521 propheta
784 1450 1057 1521 castigans
1090 1468 1103 1503 :
1137 1450 1241 1518 Qui
1284 1452 1484 1515 dicunt,
1532 1450 1728 1521 inquit,
1767 1451 1822 1503 in

229 1540 474 1596 cordibus
518 1543 651 1611 suis,
688 1540 813 1596 Non
860 1544 1016 1610 faciet
1061 1541 1318 1597 Dominus
1360 1541 1501 1608 bene,
1534 1542 1625 1597 sed
1659 1557 1823 1613 neque

225 1636 383 1706 faciet
414 1636 549 1690 male
584 1634 847 1707 (Sophon.
882 1635 948 1705 1);
978 1634 1067 1690 vel
1100 1644 1249 1691 certe
1287 1649 1409 1691 cum
1439 1634 1549 1690 illis
1577 1634 1821 1691 invenia-

1931 428 2061 499 quid
2108 430 2328 499 proprie
2369 429 2594 497 bonum,
2628 428 2758 500 quid
2787 430 3009 499 malum,
3040 430 3241 502 quidve
3287 434 3364 489 sit
3387 452 3526 501 ,me-

1930 520 2114 587 dium,
2146 528 2204 575 ut
2248 530 2433 576 nostra
2468 521 2624 590 ﬁdes,
2655 535 2783 577 vera
2824 521 3053 579 scientia
3094 519 3427 581 communita
3470 526 3527 581 in

1928 614 2141 669 cunctis
2185 614 2616 682 tentationibus,
2664 615 2993 672 inconcussa
3044 617 3324 686 perduret.
3378 617 3525 673 Nihil

1928 705 2096 777 igitur
2147 706 2199 760 in
2232 706 2396 762 rebus
2427 707 2709 763 dumtaxat
2751 708 3003 765 humanis
3032 720 3058 748 ει
3089 710 3390 782 principale
3419 712 3525 769 bo-

1931 813 2061 854 num
2106 814 2231 854 esse
2277 800 2608 856 credendum
2653 792 2760 869 est,
2793 803 2895 856 nisi
2944 802 3117 858 virtus
3168 804 3335 859 animi
3380 804 3521 871 sola,

1929 906 2052 961 quae
2082 891 2188 947 ﬁde
2214 892 2429 949 sincera
2460 907 2560 949 nos
2583 894 2648 949 ad
2664 894 2851 950 divina
2875 896 3200 965 perducens,
3224 896 3302 952 illi
3326 897 3525 952 immu-

1928 982 2080 1038 tabili
2134 983 2278 1038 bono
2330 983 2459 1039 facit
2505 985 2710 1056 iugiter
2755 985 3041 1042 inhaerere.
3090 987 3159 1042 Et
3211 987 3521 1044 econtrario

1928 1075 2061 1131 nihil
2097 1077 2298 1132 malum
2332 1092 2455 1134 esse
2481 1078 2773 1135 dicendum
2804 1089 2910 1145 est,
2943 1081 3045 1136 nisi
3095 1090 3379 1151 peccatum
3421 1095 3516 1137 so-

1930 1168 2065 1235 lum,
2098 1170 2245 1240 quod
2276 1185 2305 1224 a
2334 1170 2479 1226 bono
2505 1172 2617 1228 Deo
2646 1187 2748 1229 nos
2778 1187 3057 1244 separans,
3083 1174 3227 1229 malo
3251 1174 3380 1231 facit
3403 1174 3519 1231 dia-

1928 1258 2054 1315 bolo
2079 1261 2341 1331 copulari.
2376 1260 2405 1301 ιι
2433 1262 2606 1319 Media
2646 1274 2772 1319 sunt
2802 1280 2927 1335 quas
2978 1267 3032 1321 in
3079 1276 3367 1338 utramque
3394 1283 3519 1339 par-

1931 1364 2035 1410 tem
2068 1369 2163 1425 pro
2195 1354 2391 1411 affectu
2422 1365 2477 1411 et
2516 1357 2745 1414 arbitrio
2769 1359 2973 1414 utentis
2998 1359 3231 1415 derivari
3262 1369 3511 1430 possunt,

1926 1454 1988 1501 ut
2030 1459 2157 1518 puta
2204 1448 2430 1515 divitiae,
2462 1460 2727 1520 potestas,
2782 1450 2978 1518 honor,
3030 1454 3197 1507 robur
3243 1454 3512 1523 corporis,

1923 1538 2150 1605 sanitas,
2188 1540 2558 1609 pulchritudo,
2582 1541 2690 1598 vita
2722 1543 2862 1615 ipsa,
2890 1544 2976 1600 vel
3001 1559 3170 1612 mors,
3195 1555 3512 1616 paupertas,

1921 1628 2213 1695 inﬁrmitas
2262 1631 2465 1701 carnis,
2524 1632 2771 1702 injuriae,
2804 1642 2861 1690 et
2905 1643 3107 1691 caetera
3152 1634 3237 1691 his
3284 1635 3513 1701 similia,

228 1744 380 1795 mur,
407 1728 501 1799 qui
528 1727 845 1799 huiusmodi
880 1728 1243 1799 querimoniis
1271 1729 1440 1784 Deum
1472 1727 1817 1798 hlasphema-
1846 1730 1897 1791 B
1921 1739 2062 1795 quae,
2093 1735 2116 1764 ο
2141 1739 2243 1795 pro
2263 1726 2527 1795 qualitate
2555 1736 2609 1783 et
2637 1726 2831 1784 affectu
2854 1729 3080 1799 utentis,
3107 1730 3192 1787 vel
3215 1730 3281 1785 ad
3308 1730 3506 1786 bonam

228 1836 297 1878 re
349 1821 653 1878 dicuntur:
698 1820 879 1876 Omnis
906 1821 999 1891 qui
1025 1821 1154 1891 facit
1200 1821 1416 1889 malum,
1442 1821 1605 1876 bonus
1649 1829 1725 1876 est
1759 1822 1816 1877 in

226 1921 505 1985 conspectu
544 1911 776 1979 Domini,
816 1922 864 1968 et
894 1913 1022 1967 tales
1050 1913 1099 1966 ei
1140 1912 1384 1985 placent;
1410 1922 1500 1968 aut
1541 1922 1697 1983 certe,
1730 1915 1816 1968 ubi

223 2014 302 2062 est
334 2006 472 2061 Deus
492 2006 721 2078 justitia:
744 2003 999 2077 (Maloea.
1032 2005 1119 2076 n)?
1148 2004 1294 2060 illam
1315 2019 1535 2076 quoque
1559 2004 1823 2075 blasphe-

220 2097 412 2165 miam,
447 2112 571 2168 quae
613 2096 666 2151 in
697 2096 1150 2166 subsequentibus
1179 2096 1532 2163 describitur,
1563 2097 1818 2153 similiter

220 2188 583 2259 adjungentes
606 2204 621 2242 :
651 2187 830 2243 Vanus
851 2200 926 2243 est
940 2189 1030 2259 qui
1050 2190 1201 2243 servit
1227 2188 1340 2244 Deo
1361 2206 1382 2257 ;
1404 2198 1496 2245 aut
1515 2190 1657 2262 quod
1679 2207 1818 2245 emo-

222 2280 511 2334 lumentum
553 2283 676 2351 quia
722 2280 1092 2335 custodivimus
1130 2293 1391 2354 praecepta
1431 2285 1571 2355 ejus,
1604 2296 1652 2339 et
1693 2284 1817 2354 quia

219 2372 601 2429 ambulavimus
627 2375 794 2428 tristes
823 2390 1001 2429 coram
1023 2372 1251 2430 Domino
1268 2378 1293 2430 ?
1321 2376 1458 2450 Ergo
1478 2394 1619 2432 nunc
1642 2377 1817 2434 beatos

223 2465 450 2520 dicimus
474 2474 799 2536 arrogantes,
821 2465 1080 2537 siquidem
1108 2467 1257 2522 ditati
1291 2478 1411 2523 sunt
1441 2470 1692 2540 facientes
1718 2471 1819 2524 im—

222 2559 491 2631 pietatem,
521 2566 572 2614 et
599 2567 920 2615 tentaverunt
942 2559 1109 2615 Deum
1135 2570 1183 2616 et
1213 2563 1344 2616 salvi
1372 2563 1498 2632 facti
1521 2573 1643 2618 sunt
1668 2562 1816 2635 (Ma-

221 2649 494 2723 laclmn).
530 2649 900 2718 Quamobrem
952 2661 1013 2707 ut
1056 2652 1196 2708 hanc
1241 2653 1661 2724 ignorationem,
1695 2671 1816 2727 qua:

222 2743 533 2813 pravissimi
576 2743 737 2813 hujus
776 2744 982 2800 erroris
1010 2744 1168 2801 radix
1197 2754 1254 2802 et
1295 2761 1459 2803 causa
1504 2756 1609 2815 est,
1642 2750 1818 2821 possi-

222 2850 348 2891 mus
374 2835 633 2899 evadere,
664 2836 901 2907 primum
930 2851 1095 2893 nosse
1121 2836 1385 2894 debemus
1422 2838 1555 2911 quid
1587 2855 1718 2897 vere
1745 2840 1816 2895 sit

222 2931 464 2996 bonum,
488 2930 617 3001 quid
667 2932 891 2997 malum,
921 2938 978 2986 et
1013 2931 1087 2987 ita
1118 2931 1336 2989 demum
1371 2950 1536 3005 super
1575 2934 1659 2991 his
1709 2950 1815 2992 non

220 3022 422 3079 falsum
444 3023 614 3094 vulgi,
654 3024 749 3081 sed
780 3039 967 3080 veram
1006 3024 1415 3096 Scripturarum
1442 3026 1812 3085 deﬁnitionem

221 3126 501 3187 tenentes,
534 3116 762 3175 minime
802 3117 1103 3176 inﬁdelium
1148 3119 1431 3178 hominum
1476 3121 1819 3195 decipiemur
1846 3104 1893 3169 ο

220 3222 437 3265 errore.

846 3322 1077 3394 CAPUT
1115 3325 1203 3382 Ill.

223 3454 311 3513 De
351 3456 522 3513 tribus
564 3470 683 3527 qua
709 3457 764 3513 in
803 3456 1138 3533 hoc_mundo
1184 3470 1330 3533 sunt,
1352 3461 1407 3517 id
1459 3471 1554 3533 est,
1578 3463 1747 3531 bonis,
1771 3473 1821 3521 et

799 3528 974 3599 malis,
1004 3538 1051 3586 et
1080 3530 1282 3587 mediis.

295 3663 424 3721 Tria
453 3671 583 3720 sunt
609 3677 792 3721 omnia
820 3678 943 3736 quae
978 3664 1033 3720 in
1072 3665 1173 3724 hoc
1204 3668 1413 3724 mundo
1444 3677 1592 3737 sunt,
1623 3669 1675 3725 id
1706 3679 1811 3737 est,

1920 1827 2148 1887 possunt
2184 1827 2393 1888 partem
2442 1822 2746 1890 prolicere,
2779 1822 2862 1877 vel
2909 1822 2977 1878 ad
3024 1824 3240 1880 malam.
3274 1824 3409 1880 Nam
3459 1834 3517 1881 et

1918 1907 2123 1965 divitias
2164 1911 2452 1980 proficiunt
2479 1910 2795 1983 frequenter
2833 1913 2898 1968 ad
2941 1915 3162 1981 bonum,
3211 1915 3515 1973 secundum

1917 2000 2261 2071 Apostolum,
2296 2005 2385 2075 qui
2415 2005 2657 2060 divitibus
2691 2007 2847 2079 hujus
2873 2009 3055 2061 mundi
3076 2009 3310 2080 ρνωοὶρὶι
3338 2016 3399 2063 ιιι
3424 2007 3515 2079 fa-

1918 2097 2017 2151 cile
2058 2098 2311 2165 tribuant,
2344 2100 2719 2153 communicent
2758 2099 3129 2171 indigentibus,
3160 2100 3516 2157 thesaurizent

1919 2188 2019 2242 sibi
2057 2190 2453 2259 fundamentum
2505 2190 2691 2243 bonum
2717 2190 2772 2242 in
2797 2194 3053 2258 futurum,
3078 2200 3133 2243 ut
3168 2206 3265 2260 per
3293 2193 3391 2247 has
3418 2209 3516 2263 ap-

1918 2278 2238 2350 prehendant
2265 2296 2437 2334 veram
2476 2280 2635 2332 vitam
2688 2278 2728 2349 (Ι
2762 2278 2899 2333 Tim.
2953 2281 3051 2348 vr).
3095 2281 3162 2335 Et
3206 2281 3511 2338 secundum

1920 2370 2272 2443 Evangelium
2306 2371 2466 2426 bona;
2487 2380 2611 2426 sunt
2648 2371 2753 2426 illis
2779 2372 2868 2442 qui
2898 2372 3092 2441 faciunt
3111 2373 3207 2429 sibi
3227 2374 3421 2428 amicos
3447 2376 3514 2431 de

1918 2464 2100 2536 iniquo
2126 2480 2420 2518 mammona
2442 2463 2596 2537 (Luc.
2622 2462 2760 2535 xvi).
2789 2464 2919 2533 Quae
2952 2480 3165 2521 rursum
3189 2474 3513 2537 retorquen-

1919 2565 2008 2613 tur
2037 2558 2105 2613 ad
2146 2558 2375 2624 malum,
2401 2573 2523 2613 cum
2570 2556 2637 2613 ad
2687 2558 3087 2614 recondendum
3140 2560 3514 2616 tantummodo

1921 2651 2006 2706 vel
2036 2650 2102 2705 ad
2128 2650 2395 2706 luxuriam
2425 2659 2817 2719 congeruntur,
2845 2658 2900 2705 et
2945 2665 3052 2704 non
3101 2650 3166 2705 ad
3202 2667 3331 2707 usus
3374 2651 3514 2708 indi-

1918 2745 2165 2813 gentium
2196 2743 2599 2812 dispensantur.
2649 2742 2896 2797 Potestas
2948 2758 3164 2813 quoque
3210 2755 3264 2799 et
3312 2743 3508 2809 honor,

1918 2834 2273 2906 corporisque
2321 2834 2485 2890 robur
2533 2848 2598 2889 ac
2645 2833 2884 2899 sanitas,
2914 2849 3072 2905 quam
3116 2838 3223 2890 sint
3251 2836 3426 2891 media
3457 2846 3515 2892 et

1918 2926 2214 2998 utrobique
2235 2924 2637 2991 convenientia,
2656 2926 2816 2980 etiam
2844 2940 2912 2982 ex
2941 2925 3043 2981 hoc
3069 2926 3230 2983 facile
3259 2943 3515 2998 compro-

1918 3019 2102 3087 batur,
2131 3020 2272 3091 quod
2312 3018 2469 3075 multi
2510 3028 2823 3074 sanctorum
2869 3020 2921 3075 in
2960 3021 3133 3076 veteri
3164 3021 3513 3077 Testamento

1928 3112 2087 3184 potiti
2124 3112 2209 3168 his
2236 3111 2490 3168 omnibus
2516 3120 2571 3166 et
2600 3111 2653 3167 in
2696 3112 2922 3167 summis
2951 3112 3163 3168 divitiis
3191 3120 3248 3169 et
3274 3113 3516 3170 culmine

1926 3207 2249 3279 dignitatum
2290 3220 2354 3263 ac
2408 3204 2727 3262 fortitudine
2778 3207 3024 3277 corporis
3067 3208 3372 3274 constituti,
3400 3205 3515 3261 Deo

1926 3317 2142 3374 quoque
2170 3300 2532 3372 acceptissimi
2564 3299 2733 3356 fuisse
2773 3308 3091 3357 noscuntur.
3125 3299 3193 3355 Et
3224 3315 3255 3356 e
3282 3299 3509 3356 diverso

1923 3395 2017 3468 qui
2042 3395 2126 3453 his
2153 3397 2295 3453 male
2316 3395 2400 3451 usi
2433 3404 2580 3461 sunt,
2612 3405 2667 3450 et
2686 3409 2747 3450 ca
2774 3394 2840 3450 ad
2870 3395 3235 3451 ministerium
3267 3408 3382 3451 suae
3406 3409 3504 3449 ne-

1924 3489 2111 3559 quitiae
2133 3489 2502 3554 detorserunt,
2535 3504 2641 3543 non
2674 3489 2949 3544 immerito
2974 3488 3056 3543 vel
3082 3490 3254 3557 puniti
3278 3497 3405 3544 sunt
3424 3491 3514 3546 vel

1929 3581 2205 3648 exstincti,
2234 3580 2381 3651 quod
2407 3579 2725 3649 frequenter
2761 3578 3077 3649 Regnorum
3118 3579 3240 3633 libri
3274 3580 3515 3636 indicant

1928 3672 2152 3728 factum.
2197 3672 2276 3727 De
2304 3670 2423 3739 ipsa
2460 3671 2623 3725 etiam
2661 3679 2836 3725 morte
2873 3686 2936 3724 ac
2965 3670 3073 3724 vita
3115 3670 3238 3738 quia
3264 3667 3291 3706 ἀ
3320 3673 3514 3728 mediae

1296 3785 1556 3841 ALARDI
1596 3786 1828 3843 GAZEI
1866 3783 2433 3844 COMMENTARIUS.

229 3876 464 3953 laetioris
485 3890 550 3953 ac
580 3874 840 3953 felicioris
863 3876 988 3932 vitae
1018 3877 1071 3933 in
1096 3878 1411 3953 futuro._At
1434 3952 1441 3953 ί
1462 3879 1630 3953 longe
1668 3881 1816 3938 aliud

224 3948 510 4025 promittit
536 3949 650 4025 ipsa
696 3947 935 4025 Veritas,
964 3964 1102 4025 cum_
1124 3949 1247 4025 ait:
1294 3949 1443 4025 _Beati
1481 3947 1580 4022 qui
1604 3952 1810 4025 lugent,

223 4018 601 4094 quoniantipsi
626 4019 1043 4094 consolabuntur.
1060 4018 1211 4075 Beati
1223 4023 1320 4094 qui
1340 4039 1475 4076 nunc
1493 4018 1659 4094 fletis,
1671 4018 1816 4094 'quo-

224 4088 373 4145 niam
397 4090 652 4165 ridebitis.
676 4088 837 4165 Beati
858 4093 961 4165 qui
977 4088 1383 4161 persecutionem
1409 4088 1676 4164 patiuntur
1689 4088 1816 4165 pro—

224 4170 341 4245 pter
357 4160 650 4245 liustitiam,
684 4160 924 4245 quoniam
943 4162 1175 4245 ipsorum
1200 4172 1276 4245 est
1303 4160 1519 4237 regnum
1541 4160 1812 4245 aptorum.

306 4240 335 4267 ἰ
357 4232 659 4307 Principale
687 4232 888 4307 bonum
919 4232 1093 4289 virtus
1123 4232 1480 4307 diciturfnon
1505 4240 1630 4307 quia
1666 4253 1815 4292 sum-

226 4317 388 4374 mum
430 4311 485 4355 et
530 4304 745 4358 unicum
796 4304 1020 4371 bonum,
1054 4314 1111 4359 ut
1154 4304 1328 4360 Stoici
1364 4304 1671 4374 voluerunt,
1719 4307 1816 4363 sed

1924 3890 2041 3936 sunt
2060 3897 2079 3941 :
2098 3887 2271 3934 manet
2304 3879 2442 3933 enim
2472 3876 2848 3933 dissimilitudo
2880 3894 3154 3950 passorum
3182 3879 3334 3935 etiam
3362 3882 3413 3936 in
3435 3888 3508 3939 si-

1919 3953 2209 4006 militudine
2257 3951 2579 4020 passionum,
2611 3959 2659 4004 et
2687 3948 2950 4023 licetus‘ub
2998 3948 3177 4023 eodem
3203 3960 3508 4023 tormento,

1920 4040 2023 4079 non
2049 4033 2122 4077 est
2142 4023 2278 4096 idem
2307 4023 2463 4096 virtus
2494 4030 2542 4075 et
2567 4020 2766 4096 pinum.
2796 4021 2937 4096 Nam
2963 4022 3098 4096 sicut
3129 4021 3223 4073 sub
3251 4037 3354 4096 uno
3384 4020 3509 4096 igne

1918 4112 2103 4149 aurum
2142 4093 2342 4161 rutilat,
2376 4094 2523 4162 palea
2553 4092 2743 4164 fumat,
2769 4102 2817 4147 et
2852 4093 2943 4146 sub
2986 4091 3166 4145 cadent
3198 4091 3388 4147 tribula
3405 4091 3511 4149 sti-

1918 4165 2057 4239 pulte
2093 4166 2844 4239 comminuuntur.frumenta
2894 4172 3207 4239 purgantur,
3250 4179 3342 4239 nec
3390 4165 3508 4222 ideo

1920 4235 2034 4290 cum
2064 4236 2174 4289 oleo
2201 4252 2413 4289 amurca
2443 4236 2801 4305 confundi/ur,
2833 4236 2956 4306 quia
2984 4235 3159 4306 eodem
3197 4235 3342 4304 praeli
3376 4253 3506 4304 pon-

1885 4351 1889 4355 .
1919 4308 2040 4362 dere
2068 4308 2374 4378 exprimitur
2403 4322 2419 4358 :
2454 4304 2657 4378 ita’una
2686 4304 2963 4378 eademque
2999 4305 3075 4357 vis
3120 4304 3323 4358 irruens
3349 4307 3507 4363 bonos

228 4372 701 4456 quiziprazcipugm
727 4374 961 4430 hominis
980 4375 1181 4456 bonum
1215 4377 1268 4431 in
1304 4378 1403 4432 hac
1423 4380 1623 4447 vita,et
1647 4372 1818 4456 maxi-
1922 4372 2679 4456 probat,'purificut,eliquat;
2720 4372 2885 4456 "filios:
2931 4377 3165 4456 damnat,
3188 4384 3509 4456 gustat-ex-

224 4458 323 4500 me
366 4444 760 4517 expetendum;
790 4461 894 4499 non
925 4456 1103 4501 tamen
1153 4448 1266 4514 ipsa
1314 4444 1621 4517 propter’se
1645 4450 1819 4506 virtus

226 4515 560 4588 expetenda,
586 4515 686 4588 sed
731 4525 953 4588 prOpter
999 4533 1270 4572 summum
1304 4515 1525 4578 bonum.
1560 4521 1703 4588 quod
1735 4530 1822 4576 est

226 4586 399 4659 Deus,
418 4602 520 4659 seu
551 4586 1057 4659 beatitudo_azterna
1097 4588 1266 4659 (Aug.
1287 4588 1325 4641 ι.
1360 4604 1411 4643 rx
1441 4591 1506 4643 de
1535 4586 1687 4644 Civil.
1721 4590 1821 4646 Dei

227 4672 282 4710 ο.
307 4655 393 4730 Διί
409 4656 643 4730 Lactant.
741 4671 797 4712 tu
823 4656 999 4713 Instit.
1024 4655 1140 4730 cap:
1181 4655 1296 4729 Ἡ).

306 4726 334 4765 ιι
370 4727 430 4780 D.
468 4727 799 4799 Augustituis
830 4730 926 4784 lib.
960 4730 1064 4784 tde
1087 4726 1262 4784 'Civit.
1316 4744 1435 4798 cap.
1471 4730 1504 4784 8
1536 4748 1548 4785 :
1586 4729 1819 4799 Placuit,

232 4797 434 4874 inquit,
481 4798 689 4874 dicitur”
715 4795 1066 4874 Providentia:
1108 4795 1407 4874 praeparare
1449 4803 1502 4855 in
1555 4795 1821 4874 posterum

228 4868 366 4946 bona
378 4869 558 4941 justis,
580 4867 763 4936 quibus
789 4887 890 4946 non
921 4867 1158 4946 fruentur
1182 4867 1387 4946 injusti,
1418 4882 1467 4927 et
1490 4867 1628 4928 mala
1647 4875 1821 4946 impiis

226 4940 419 5061 quibus
465 4955 567 4992 non
611 4940 1045 4996 excruciabuntur
1076 4940 1337 4998 boni.ilta
1370 4961 1483 4998 vero
1516 4940 1821 5016 temporalia

266 5026 371 5061 ona
420 5019 468 5061 et
512 5011 652 5061 mala
702 5010 864 5061 voluit
907 5014 1133 5061 ulrismte
1163 5029 1270 5061 esse
1304 5018 1611 5061 conzmtmia,
1653 5026 1708 5061 ut
1731 5033 1821 5061 nec

266 5026 371 5063 cna
420 5019 468 5063 et
506 5011 652 5082 mala
702 5010 864 5064 voluit
907 5014 1133 5082 utrisque
1163 5029 1270 5067 esse
1304 5010 1625 5079 communia;
1653 5026 1708 5068 ut
1731 5033 1821 5070 nec

229 5080 369 5133 bona
394 5081 635 5152 cupidius
662 5091 971 5155 appetuntur
1000 5080 1117 5155 qua:
1140 5085 1263 5138 mali
1284 5102 1480 5155 quoque
1502 5088 1687 5140 habere
1706 5103 1819 5141 cer-

227 5151 575 5224 nuntur,nec
619 5151 759 5205 mala
806 5151 1023 5224 turpiter
1068 5151 1323 5209 evitentur
1374 5158 1558 5224 quibus
1614 5165 1662 5211 et
1704 5156 1821 5213 boni

228 5222 532 5297 plerumque
557 5224 869 5297 afﬁciuntur.
892 5222 1125 5280 Interest
1150 5235 1321 5279 autem
1346 5222 1624 5295 plurimum
1651 5230 1822 5297 qualis

225 5293 302 5345 sit
342 5310 466 5368 usus
495 5294 570 5347 vel
600 5310 776 5368 eorum
824 5311 998 5368 rerum
1045 5293 1491 5368 quteprosperw,
1534 5302 1611 5352 vel
1642 5293 1821 5353 earum

222 5378 349 5434 quia
374 5365 613 5417 dicuntur
636 5366 882 5421 adversae.
906 5365 1151 5421 Nam'his
1173 5365 1318 5421 bonis
1335 5365 1713 5434 temporalibus
1729 5386 1822 5425 nec

224 5432 398 5507 bonus
438 5436 725 5507 extollitur,
774 5453 864 5491 nec
907 5438 1057 5493 malis
1096 5440 1392 5507 frangitur;
1442 5432 1609 5493 multis
1652 5450 1819 5495 autem

222 5503 352 5557 ideo
372 5506 672 5579 Itujusmodi
696 5507 1008 5579 infelicitate
1040 5503 1272 5575 punitur,
1295 5510 1419 5575 quia
1438 5508 1686 5579 felicitate
1714 5527 1822 5564 cor-

221 5576 516 5651 rumpitur.
546 5576 612 5651 Et
630 5576 807 5651 infra;
842 5578 969 5633 Htec
995 5594 1111 5633 cum
1141 5583 1213 5633 ita
1240 5580 1362 5640 sint,
1380 5576 1684 5651 quicumque
1703 5580 1822 5635 boni

215 5644 458 5717 malique
487 5647 681 5721 pariter
703 5648 877 5721 afﬂicti
897 5659 1035 5715 sunt,
1068 5667 1171 5704 non
1195 5651 1312 5706 ideo
1338 5644 1437 5721 ipsi
1461 5644 1692 5705 distincti
1719 5667 1821 5706 non

216 5724 375 5782 sunt,
419 5717 548 5786 quia
588 5717 891 5773 distinctum
918 5736 1021 5774 non
1060 5731 1133 5775 est
1174 5722 1313 5792 quod
1356 5717 1558 5791 utrique
1596 5723 1821 5792 perpessi

522 5819 797 5884 Panos.
846 5819 1083 5885 XLIX.

1925 4443 2189 4504 terminat.
2247 4447 2398 4502 Unde
2426 4449 2478 4499 in
2508 4443 2681 4500 eadem
2710 4448 2980 4517 afflictione
3008 4446 3132 4498 mali
3180 4443 3342 4498 Deum
3370 4447 3510 4502 dete-

1923 4528 2124 4574 stantur
2168 4528 2319 4589 atque
2364 4516 3101 4589 blasphemant,boniautem
3143 4527 3419 4585 precantur
3461 4530 3509 4573 et

1924 4591 2155 4643 laudant.
2175 4588 2393 4643 Tantum
2414 4591 2619 4641 interest
2644 4605 2745 4642 non
2768 4588 2966 4657 qualia,
2990 4589 3080 4640 sed
3102 4590 3271 4657 qualis
3292 4589 3510 4659 quisque

1923 4661 2172 4732 patiatur.
2211 4658 2350 4712 Nam
2381 4662 2494 4727 pari
2525 4669 2667 4732 motu
2696 4662 3009 4732 exagitatam
3026 4671 3073 4711 et
3102 4659 3308 4713 exhalat
3340 4658 3510 4714 horri-

1925 4730 2092 4786 biliter
2134 4747 2353 4798 caenum,
2379 4740 2426 4783 et
2474 4730 2703 4800 suaviter
2743 4731 2942 4800 fragrat
2988 4740 3327 4800 unguentum.
3366 4732 3511 4787 lluc-

1924 4816 2093 4872 usque
2123 4801 2499 4871 pereleganter
2538 4800 2601 4854 D.
2634 4799 2966 4872 Augustinus
3000 4818 3012 4854 :
3055 4799 3146 4870 qui
3173 4811 3229 4857 et
3255 4804 3505 4872 sequenti

1924 4870 2043 4938 cali.
2078 4870 2193 4926 haec
2212 4872 2414 4931 subdit,
2450 4872 2611 4925 etiam
2642 4870 2765 4926 huic
2793 4872 2912 4926 loeti
2937 4882 3300 4927 coarsentauea
3324 4870 3504 4939 {Quid

1922 4943 2081 5012 igitur
2116 4943 2169 4994 in
2206 4941 2299 4995 illa
2347 4957 2517 4995 rerum
2568 4943 2803 5013 vastitate
2847 4941 3130 4996 Christiani
3174 4943 3325 5013 passi
3363 4956 3505 5009 sunt,

1922 5014 2062 5084 quod
2101 5014 2171 5064 eis
2210 5028 2320 5084 non
2361 5013 2521 5077 magis
2566 5012 2787 5081 ﬁdeliter
2821 5014 2920 5067 ista
2965 5012 3406 5084 considerantibus
3442 5017 3511 5067 ad

1922 5081 2210 5155 profectum
2238 5081 2547 5155 valeret?_et
2568 5099 2689 5153 quae
2717 5092 3039 5154 sequuntur,
3078 5082 3177 5155 ubi
3198 5096 3390 5155 causas
3413 5100 3507 5137 ex-

1923 5153 2077 5225 ponit
2112 5153 2182 5208 ob
2208 5167 2342 5222 quas
2382 5161 2438 5208 et
2482 5153 2607 5209 boni
2639 5162 2696 5210 et
2736 5153 2864 5210 mali
2915 5154 3118 5223 pariter
3148 5153 3508 5225 llagellantur.

1923 5224 2087 5299 Quod,
2104 5233 2479 5295 argumentum
2509 5226 2668 5280 etiam
2699 5224 3053 5296 sequentibus
3084 5238 3205 5292 cap.
3242 5224 3350 5278 late
3383 5239 3511 5294 pro-

1924 5299 2190 5353 sequitur.

1988 5314 2301 5422 (iugientii
2344 5367 2611 5423 sententia
2640 5376 2724 5423 est
2769 5382 2835 5422 ex
2867 5368 3110 5423 Platone.
3155 5366 3282 5429 Quae
3322 5364 3375 5417 in
3420 5367 3510 5420 Ito-

1923 5440 2141 5493 minibus
2171 5439 2409 5492 dicuntur
2448 5440 2598 5502 bona,
2630 5449 2884 5511 parentes,
2918 5439 3139 5511 patriam
3171 5434 3511 5502 incolumem,

1924 5512 2141 5577 amicos,
2173 5526 2353 5581 genus,
2387 5507 2646 5578 cognatos,
2684 5507 2925 5581 divitias,
2946 5507 3156 5581 perinde
3205 5521 3315 5581 esse
3352 5514 3407 5557 ut
3443 5518 3512 5562 est

1923 5581 2066 5636 illius
2096 5575 2298 5634 animus
2323 5575 2409 5649 qui
2431 5575 2491 5634 ea
2525 5580 2770 5649 possidet.
2809 5580 2911 5637 Oui
2947 5575 3025 5631 uti
3060 5579 3179 5645 scit,
3210 5577 3253 5630 ei
3286 5575 3441 5641 bona;
3468 5581 3513 5636 ei

1923 5654 2016 5723 qui
2056 5668 2156 5705 non
2191 5654 2358 5707 utitur
2376 5661 2531 5715 recte,
2556 5651 2717 5710 mala.

1995 5722 2022 5759 ά
2056 5723 2262 5791 Media,
2290 5724 2342 5782 id
2372 5734 2475 5792 est,
2509 5724 2652 5783 inter
2692 5726 2866 5785 media
2907 5721 3216 5791 censendae,
3260 5718 3386 5793 quia
3426 5734 3511 5791 per

2964 5824 3040 5885 21
