4026 6204
540 350 679 409 655

1596 339 1881 399 JOANNIS
1915 338 2765 403 CASSIAleCOLLATlONES.

3700 347 3819 409 656

536 469 631 524 sed
656 464 735 522 illi
762 463 979 536 proﬁcit
1010 462 1075 519 ad
1097 459 1402 519 mercedem
1451 458 1539 530 qui
1559 458 1706 514 illata
1730 458 1828 514 sibi
1855 458 2122 528 patienter
2148 472 2195 530 Α
2224 458 2419 527 famam
2441 499 2455 522 ,
2499 466 2553 512 ut
2597 460 2891 514 seductores
2929 468 2979 514 et
3020 474 3263 527 veraces;
3301 469 3356 515 ut
3382 463 3577 529 tristes,
3618 480 3824 537 semper

535 559 771 629 excepit.
802 557 1036 625 Ideoque
1057 564 1112 611 et
1135 554 1222 609 hic
1242 553 1436 610 merito
1452 552 1705 623 punietur
1722 565 1818 621 pro
1836 550 2125 606 crudelita—

538 654 610 709 tis
640 653 871 720 saevitia,
901 665 1004 721 qua
1037 649 1237 704 malum
1275 645 1449 703 voluit
1473 645 1696 712 inferre,
1729 654 1783 701 et
1808 645 1900 700 ille
1928 644 2125 699 nihilo-

539 747 721 801 minus
752 745 885 800 nihil
934 742 1060 797 mali
1094 754 1385 812 perpessus
1422 748 1527 806 est,
1551 739 1699 809 quia,
1730 739 1929 794 virtute
1959 735 2125 792 animi

539 840 624 895 sui
665 839 932 908 patienter
959 836 1287 891 tentationes
1333 832 1658 903 doloresque
1683 840 2015 896 sustentans,
2062 847 2124 889 ea

531 908 658 1001 quae
686 929 831 985 malo
858 926 1139 998 proposito
1165 926 1311 982 illata
1334 932 1479 989 sunt,
1510 924 1576 979 ad
1606 923 1904 994 proiectum
1936 924 2126 981 melio-

528 1024 616 1080 tris
640 1031 811 1079 status
839 1031 894 1079 et
921 1032 1139 1077 :eternae
1169 1020 1298 1075 vitae
1341 1017 1475 1076 fecit
1525 1017 1913 1075 beatitudinem
1963 1018 2128 1089 perti-

536 1131 688 1173 nere.

1150 1204 1379 1262 CAPUT
1419 1204 1514 1260 lX.

539 1322 849 1387 Exemplum
894 1321 1022 1373 beati
1059 1318 1157 1372 Job
1196 1336 1228 1371 a
1268 1317 1473 1371 diabolo
1511 1318 1725 1386 tentati,
1767 1324 1817 1370 et
1858 1316 2067 1370 Domini
2097 1333 2130 1371 a

608 1393 752 1448 Juda
780 1392 991 1456 traditi;
1020 1401 1068 1445 et
1097 1390 1235 1459 quod
1268 1392 1419 1458 justo
1444 1397 1546 1441 tam
1578 1404 1824 1459 prospera
1852 1405 2003 1458 quam
2029 1388 2129 1443 ad-

605 1481 755 1519 versa
792 1464 1069 1534 proﬁciant
1108 1461 1176 1514 ad
1213 1464 1455 1514 salutem.

606 1577 795 1648 Neque
842 1576 987 1631 enim
1028 1583 1055 1611 α
1085 1575 1343 1644 patientia
1387 1573 1490 1629 Job
1537 1572 1841 1629 mercedem
1886 1573 2125 1640 diabolo,

538 1670 631 1743 qui
657 1684 780 1726 eum
802 1668 1152 1722 illustriorem
1188 1667 1302 1721 suis
1326 1664 1713 1720 tentationibus
1744 1664 2004 1730 reddidit,
2031 1664 2128 1720 sed

538 1766 617 1820 illi
647 1764 749 1834 ipsi
778 1764 870 1832 qui
907 1776 1000 1818 eas
1031 1761 1264 1816 viriliter
1308 1760 1560 1828 pertulit,
1594 1760 1915 1830 acquisivit;
1956 1760 1985 1800 ιι
2027 1776 2127 1816 nec

2226 558 2394 604 autem
2438 552 2749 623 gaudentes;
2792 562 2847 605 ut
2875 562 3106 625 egentes,
3140 554 3331 609 multos
3368 564 3543 609 autem
3586 558 3823 630 locuple-

2229 651 2391 697 tantes
2434 643 2507 713 (ll
2541 640 2663 697 Cor.
2692 644 2793 714 vr),
2827 653 2932 699 etc.
2977 646 3170 700 Omnia
3213 661 3343 717 ergo
3386 664 3509 718 qua:
3558 664 3823 721 prospera

2228 744 2562 804 reputantur,
2607 744 2663 790 et
2700 735 2909 791 dextra:
2937 737 3191 793 dicuntur
3218 742 3386 809 partis
3404 782 3419 806 ,
3448 757 3573 811 quas
3599 756 3825 799 sanctus

2228 826 2521 898 Apostolus
2558 828 2745 898 gloriae
2782 838 2836 884 et
2867 829 3022 885 bona:
3073 831 3231 887 fama:
3270 834 3539 889 vocabulo
3576 835 3830 906 designa-

2228 919 2333 985 vit,
2368 919 2460 975 illa
2496 920 2658 975 etiam
2696 934 2819 990 quae
2853 923 3237 980 existimantur
3266 927 3525 992 adversa,
3565 944 3690 999 quae
3735 946 3831 1000 per

2230 1012 2621 1083 ignobilitatem
2652 1022 2707 1069 et
2735 1014 3011 1071 infamiam
3040 1018 3327 1075 evidenter
3355 1023 3649 1091 expressit,
3675 1040 3827 1093 qua:-

2232 1120 2339 1175 que
2367 1122 2397 1162 a
2424 1107 2666 1163 sinistris
2695 1122 2818 1163 esse
2846 1108 3132 1177 describit,
3166 1111 3475 1168 efﬁciuntur
3496 1115 3617 1169 viro
3641 1116 3825 1185 perle-

2230 1205 2319 1252 cto
2343 1211 2491 1252 arma
2519 1198 2763 1269 justitiai,
2792 1200 2837 1255 si
2861 1200 3009 1256 illata
3038 1203 3139 1257 sibi
3164 1207 3579 1274 magnanimiter
3605 1221 3826 1265 susten-

2232 1294 2459 1360 taverit,
2510 1294 2652 1364 quod
2683 1294 2931 1352 videlicet
2972 1311 3070 1367 per
3116 1298 3234 1354 haec
3273 1299 3563 1367 dimicans,
3610 1314 3667 1358 et
3712 1304 3831 1359 ictis

2233 1385 2364 1455 ipsis
2418 1386 2613 1456 quibus
2664 1386 2965 1459 impugnari
3016 1398 3266 1459 putatur,
3328 1401 3603 1464 tamquam
3658 1396 3827 1452 armis

2232 1478 2458 1543 utendo,
2499 1479 2688 1548 eisque
2733 1480 2881 1535 velut
2908 1496 3037 1537 arcu
3082 1494 3137 1538 et
3175 1482 3355 1554 gladio
3394 1495 3661 1557 scutoque
3692 1489 3831 1543 vali-

2232 1568 2462 1624 dissimo
2503 1581 2692 1626 contra
2734 1573 2856 1629 illos
2884 1574 2979 1642 qui
3020 1574 3134 1629 haec
3162 1576 3412 1644 ingerunt
3441 1583 3829 1649 communitus,

2233 1664 2531 1734 protectum
2565 1681 2679 1720 sua:
2709 1667 2986 1735 patientiae
3008 1682 3071 1723 ac
3094 1669 3305 1724 virtutis
3333 1674 3598 1741 acquirat,
3625 1675 3834 1743 glorio-

2233 1758 2505 1813 sissimum
2536 1761 2857 1816 constantia:
2886 1761 3218 1830 triumphum
3249 1778 3315 1817 ex
3354 1764 3486 1833 ipsis
3510 1782 3632 1834 quze
3663 1767 3833 1822 letha-

539 1857 706 1914 Judas
742 1856 929 1911 aeterni
979 1853 1229 1924 supplicii
1270 1852 1610 1907 immunitate
1650 1852 1962 1919 donabitur,
2003 1852 2124 1922 quia
2158 1864 2207 1924 Β
2233 1851 2359 1906 liter
2381 1850 2688 1906 inferuntur
2713 1853 2934 1922 capiens
2975 1854 3205 1909 hostium
3242 1855 3391 1921 telis;
3423 1872 3524 1913 nec
3556 1862 3833 1929 prosperis

539 1949 775 2019 proditio
805 1948 923 2017 ejus
963 1947 1030 2001 ad
1073 1946 1303 2000 salutem
1347 1945 1564 2015 generis
1603 1943 1836 2014 profecit
1884 1944 2127 1999 humani.

538 2041 655 2096 Non
685 2041 828 2096 enim
860 2046 1158 2107 proventus
1197 2037 1627 2094 considerandus
1670 2046 1753 2093 est
1782 2040 1960 2107 operis
1981 2080 1995 2105 ,
2036 2038 2132 2093 sed

541 2135 819 2204 operantis
864 2132 1109 2188 allectus.
1143 2132 1487 2201 Quapropter
1525 2131 1640 2184 haec
1683 2130 1845 2185 debet
1884 2132 1936 2184 in
1976 2130 2134 2185 nobis

542 2230 786 2286 delinitio
828 2231 1179 2287 immobiliter
1207 2228 1500 2295 custodiri,
1536 2229 1680 2299 quod
1714 2229 1845 2284 nulli
1882 2240 1903 2269 ο
1932 2229 2133 2284 malum

544 2326 613 2382 ab
642 2327 749 2380 alio
776 2326 947 2397 possit
976 2326 1197 2390 inferri,
1227 2325 1330 2381 nisi
1363 2326 1453 2395 qui
1485 2324 1618 2379 illud
1663 2322 1873 2395 ignavia
1903 2323 1985 2376 sui
2014 2337 2136 2378 cor-

545 2418 632 2472 dis
676 2433 740 2472 ac
786 2416 1229 2487 pusillanimitate
1275 2417 1647 2481 contraxerit,
1702 2416 1842 2470 hanc
1888 2414 2133 2470 eamdem

544 2510 870 2565 sententiam
895 2509 1055 2562 beato
1086 2508 1349 2576 Apostolo
1376 2520 1483 2560 uno
1517 2507 1785 2563 versiculo
1811 2508 2137 2561 conﬁrman-

544 2610 638 2656 te:
669 2601 874 2656 Scimus
913 2609 1084 2653 autem
1120 2599 1361 2669 quoniam
1398 2599 1726 2671 diligentibus
1768 2599 1935 2654 Deum
1964 2600 2137 2654 omnia

544 2703 886 2764 coaperantur
934 2693 1002 2747 ad
1053 2693 1238 2746 bonum
1284 2693 1479 2764 (Rom.
1512 2693 1669 2765 vui).
1722 2694 1918 2750 Dicens
1966 2696 2134 2761 enim,

545 2787 718 2842 omnia
765 2794 1109 2857 cooperantur
1150 2785 1218 2838 ad
1265 2784 1484 2853 bonum,
1532 2786 1783 2842 universa
1824 2802 1930 2843 non
1962 2788 2135 2842 solum

544 2894 665 2950 quae
705 2893 997 2948 prospera,
1034 2892 1221 2932 verum
1261 2877 1426 2932 etiam
1472 2892 1591 2948 quae
1625 2888 1881 2948 putantur
1909 2879 2135 2934 adversa

543 2972 747 3044 pariter
773 2970 1202 3042 comprehendit.
1239 2971 1340 3025 Per
1367 2985 1490 3040 quae
1517 2980 1574 3026 et
1615 2973 1668 3026 in
1709 2972 1817 3027 alio
1844 2973 1965 3028 loco
1994 2973 2137 3030 idem

545 3063 837 3136 Apostolus
866 3079 927 3119 se
956 3063 1220 3120 transisse
1251 3061 1531 3128 describit,
1559 3078 1681 3118 cum
1713 3063 1845 3119 dicit
1872 3080 1886 3118 :
1921 3064 2021 3119 Per
2044 3081 2136 3117 ar-

544 3176 631 3213 ma
651 3158 873 3229 justitiw
903 3172 1016 3228 qua:
1054 3174 1086 3209 a
1118 3156 1311 3210 dextris
1348 3167 1468 3208 sunt
1512 3165 1560 3209 et
1589 3173 1620 3209 a
1652 3158 1906 3224 sinistris,
1950 3157 2002 3212 id
2032 3167 2136 3225 est,

2236 1944 2521 1998 dumtaxat
2548 1944 2751 2009 elatus,
2788 1960 2887 2000 nec
2920 1945 3160 2015 deiectus
3188 1949 3465 2016 adversis,
3510 1951 3607 2007 sed
3637 1953 3835 2010 itinere

2235 2036 2397 2106 plano
2438 2050 2502 2091 ac
2548 2040 2632 2091 via
2677 2037 2824 2107 regia
2855 2054 3072 2107 semper
3120 2040 3395 2107 incedens,
3437 2044 3627 2100 abillo
3689 2057 3835 2102 tran-

2235 2130 2519 2201 quillitatis
2562 2139 2705 2186 statu
2750 2147 3086 2202 nequaquam
3138 2133 3327 2189 lzctitia
3379 2141 3829 2207 superveniente,

2235 2226 2388 2294 quasi
2428 2224 2481 2279 in
2512 2224 2757 2279 dextram
2784 2234 2994 2292 motus,
3022 2241 3121 2281 nec
3153 2227 3529 2296 ingruentibus
3562 2231 3829 2301 adversis,

2237 2318 2563 2388 tristitiaque
2591 2317 2926 2385 dominante,
2965 2320 3112 2374 velut
3153 2320 3219 2375 ad
3263 2320 3452 2376 feram
3493 2340 3683 2380 rursus
3729 2327 3831 2381 im-

2237 2412 2446 2484 pulsus.
2480 2411 2597 2467 Paa:
2619 2413 2763 2469 enim
2793 2414 2957 2468 multa
2997 2415 3327 2485 diligentibus
3355 2432 3541 2471 nomen
3583 2428 3755 2485 tuum,
3784 2430 3833 2474 et

2238 2524 2340 2562 non
2368 2516 2443 2562 est
2468 2508 2574 2562 illis
2603 2509 2908 2563 scandalum
2936 2507 3179 2580 (Psalm.
3212 2508 3423 2581 cxvui).
3457 2511 3535 2568 De
3561 2513 3665 2567 illis
3699 2529 3834 2569 vero

2238 2601 2326 2670 qui
2361 2615 2455 2669 per
2482 2600 2723 2670 singulos
2753 2601 3093 2657 incurrentes
3122 2617 3279 2657 casus
3309 2618 3409 2674 pro
3439 2620 3619 2660 eorum
3650 2605 3830 2675 quali-

2240 2702 2347 2748 tate
2372 2707 2435 2748 ac
2455 2694 2713 2748 varietate
2740 2704 3036 2757 mutantur.
3062 2695 3138 2749 ita
3164 2695 3360 2751 dicitur
3387 2714 3399 2749 :
3434 2696 3633 2753 Stultus
3653 2708 3828 2752 autem

2239 2788 2373 2842 sicut
2397 2788 2524 2842 luna
2546 2796 2776 2843 mutatur
2799 2788 2967 2859 (Eccl.
2986 2793 3181 2859 xxvu).
3208 2789 3277 2846 Ut
3303 2791 3445 2845 enim
3476 2791 3546 2846 de
3572 2791 3829 2859 perfectis

2238 2880 2572 2949 sapientibus
2600 2880 2799 2935 dicitur
2832 2899 2843 2934 :
2868 2879 3219 2953 Diligentibus
3254 2882 3415 2938 Deum
3446 2885 3625 2937 omnia
3650 2901 3838 2955 coope-

2238 2981 2427 3025 rantur
2464 2972 2533 3025 ad
2573 2971 2790 3038 bonum,
2838 2974 2913 3027 ita
2958 2973 3026 3028 de
3070 2973 3296 3029 inﬁrmis
3341 2977 3737 3045 pronuntiatur
3774 2992 3836 3035 ac

2240 3064 2459 3135 stultis,
2493 3062 2520 3101 ἀ
2549 3064 2738 3119 Omnia
2780 3066 2997 3120 adversa
3043 3068 3155 3120 viro
3198 3069 3497 3139 insipienti;
3548 3086 3653 3127 nec
3694 3072 3836 3128 enim

2240 3157 2516 3226 prosperis
2557 3157 2720 3212 rebus
2768 3155 3010 3226 prolicit,
3062 3173 3161 3213 nec
3204 3159 3528 3216 emendatur
3559 3161 3828 3219 adversis.

547 3270 639 3325 per
668 3252 888 3322 gloriam
927 3260 973 3306 et
1013 3248 1407 3323 ignobilitatem,
1452 3262 1543 3316 per
1581 3248 1850 3318 infamiam
1874 3258 1924 3303 et
1951 3250 2134 3305 bonam
2161 3243 2207 3306 C
2241 3249 2496 3321 Ejusdem
2522 3263 2754 3320 namque
2782 3248 3000 3305 virtutis
3026 3260 3109 3306 est
3133 3251 3306 3307 tristia
3340 3253 3551 3307 fortiter
3580 3255 3834 3321 tolerare,

1600 3395 1859 3451 ALARDI
1899 3350 2741 3451 GAZElCOMMIsNTABlUS.

621 3526 646 3553 α
686 3514 1002 3586 Patientiaui
1048 3512 1152 3586 Job
1187 3512 1706 3586 egregie_describit
1737 3513 1797 3566 D.
1832 3510 2135 3586 Cyprianus

550 3588 646 3644 lib.
684 3588 751 3642 de
777 3586 923 3641 Bono
956 3581 1257 3649 Patientiai,
1302 3581 1354 3640 ἐι
1396 3584 1815 3656 Chrysostomus
1846 3581 2033 3638 hOmil.
2064 3581 2136 3639 28

554 3660 610 3714 in
644 3659 871 3728 primam
897 3656 1323 3728 adrCorinthios.

620 3726 655 3768 bi
691 3728 917 3783 Pulchre
941 3727 991 3781 id
1016 3728 1247 3797 explicat
1272 3728 1329 3780 D.
1356 3727 1687 3797 Augustinus
1716 3727 1767 3782 in
1787 3726 2134 3782 enarratione

549 3798 744 3872 psalmi
775 3815 899 3855 scut
931 3799 1015 3852 his
1040 3796 1216 3872 verbis
1242 3816 1253 3851 :
1289 3798 1350 3872 Si
1379 3796 1590 3872 traditio
1612 3796 1783 3872 ludar,
1815 3809 1861 3872 et
1890 3816 1991 3872 non
2024 3808 2133 3872 traf

552 3868 717 3926 dentis
742 3873 943 3923 animus
976 3870 1377 3923 considerandus
1406 3880 1502 3938 est,
1533 3869 1630 3923 hoc
1662 3870 1778 3935 fecit
1806 3868 1974 3923 ludas
2004 3869 2138 3931 quod

554 3945 671 4013 fecit
690 3941 824 3995 Deus
846 3941 1087 4013 ματα-,ἀρ’
1106 3958 1201 4005 quo
1228 3942 1476 4008 scriptum
1502 3951 1573 3994 est
1591 3958 1602 4013 ς
1624 3941 1760 4007 Quia
1774 3941 1982 4013 proprio
1999 3939 2138 4013 ilio

551 4011 656 4067 non
703 4011 1397 4083 peperrcithedpro_nobis
1446 4012 1677 4083 omnibus
1727 4012 1939 4083 tradidit
1988 4012 2139 4063 illum

552 4079 732 4152 (liam.
757 4079 892 4152 viil).
925 4079 1039 4134 Hoc
1067 4079 1185 4148 fecit
1214 4080 1401 4141 ludas,
1433 4084 1569 4152 quod
1601 4082 1719 4149 fecit
1748 4082 1853 4149 ipse
1885 4080 2140 4135 Dominus

553 4149 809 4217 Christus,
853 4149 915 4205 de
957 4166 1058 4219 quo
1101 4154 1349 4213 scriptum
1377 4149 1494 4204 est:
1526 4149 1626 4216 Qui
1666 4151 1890 4220 seipsum
1925 4152 2139 4203 tradidit

553 4242 651 4293 pro
678 4225 820 4293 nobis
850 4223 1154 4293 oblationem
1195 4231 1239 4293 et
1272 4220 1499 4293 hostiam
1526 4220 1631 4293 Deo
1658 4221 1707 4293 in
1732 4222 1941 4293 odorem
1972 4224 2141 4274 suavi-

554 4289 693 4347 tatis.
730 4291 793 4344 Et
825 4294 1007 4343 iterum
1038 4306 1053 4341 :
1086 4289 1318 4344 Christus
1344 4292 1521 4344 dilexit
1553 4289 1836 4343 Ecclesium
1876 4307 2045 4351 suam,
2091 4303 2139 4346 et

553 4368 775 4430 seipsum
805 4361 1018 4431 tradidit
1050 4378 1140 4425 pro
1167 4378 1228 4413 ea
1269 4360 1508 4431 (Ephesi
1534 4360 1624 4431 ν).
1662 4360 1725 4413 Et
1754 4370 1918 4415 tamen
1944 4363 2141 4431 gratias

554 4429 754 4504 agimus
795 4431 904 4486 Deo
939 4430 1081 4483 Patri
1102 4432 1232 4504 ,‘qui
1272 4429 1435 4504 unico,
1462 4429 1604 4504 ilio
1633 4448 1724 4483 suo
1766 4448 1869 4484 non
1896 4429 2136 4503 pepercit,

554 4501 656 4583 sed
675 4504 961 4583 pro-nobis.
981 4501 1215 4583 omnibus
1246 4503 1459 4583 tradidit
1494 4501 1645 4556 illum
1669 4518 1695 4583 ;_
1715 4501 1911 4583 gratias
1941 4501 2140 4573 agimus

553 4577 656 4643 ipsi
682 4572 961 4643 Filiopqui
990 4573 1209 4641 seipsmn
1237 4574 1453 4627 tradidit
1485 4589 1579 4638 pro
1607 4572 1771 4638 nobis,
1804 4582 1848 4643 et
1878 4574 1931 4627 in
1962 4572 2021 4629 eo
2049 4592 2137 4629 vo-

555 4642 805 4700 luntatem
844 4642 1015 4697 Patris
1060 4645 1282 4713 implerit
1324 4661 1341 4697 :
1373 4654 1420 4697 et
1449 4645 1762 4698 detestamur
1800 4642 2030 4707 Judam,
2080 4648 2142 4701 de

554 4721 705 4787 cujus
731 4719 865 4785 facto
895 4725 1093 4787 tantum
1120 4713 1268 4787 nobis
1299 4716 1597 4787 beneﬁcium
1628 4717 1867 4783 praestitit
1899 4716 2057 4776 Deus.
2092 4728 2137 4771 et

2240 3508 2422 3577 Pater,
2459 3520 2507 3563 et
2550 3508 2723 3563 Filius
2752 3508 2807 3562 in
2836 3508 3112 3573 charitate,
3143 3505 3313 3562 ludas
3340 3508 3393 3561 in
3426 3509 3736 3577 proditione.
3768 3508 3837 3565 Et

2240 3580 2516 3636 concludit
2555 3599 2565 3635 :
2602 3578 2817 3633 Diversa
2846 3596 2966 3651 ergo
3001 3579 3215 3651 intentio
3257 3580 3459 3651 diversa
3504 3580 3648 3645 facta
3683 3582 3835 3650 facit,

2240 3668 2353 3705 cum
2393 3661 2562 3705 tamen
2603 3651 2669 3705 sit
2715 3667 2817 3704 una
2861 3650 2944 3704 res
2980 3666 3045 3704 ea:
3082 3650 3297 3704 diuersis
3339 3651 3729 3707 intentionibus.
3760 3651 3832 3707 lta

2239 3722 2592 3793 Augustinus.

2316 3791 2344 3832 ά
2380 3794 2570 3848 Malum
2622 3792 2830 3848 scilicet
2882 3791 3119 3863 peccati,
3172 3800 3230 3847 ut
3259 3792 3513 3861 superius
3541 3794 3832 3862 expressit,

2241 3865 2364 3934 quia
2393 3880 2573 3926 nemo,
2606 3864 2705 3918 nisi
2737 3866 2950 3927 volens,
2980 3872 3186 3931 peccat.
3222 3865 3317 3918 Est
3338 3872 3519 3918 autem
3552 3865 3667 3920 h'cc
3696 3880 3829 3933 prat-

2240 3936 2388 3991 clara
2418 3937 2515 3992 SS.
2564 3936 2807 3996 Patrum,
2846 3936 3123 4004 speciatim
3152 3949 3280 3990 vero
3310 3934 3373 3990 Ι).
3402 3934 3630 3990 Joannis
3659 3934 3828 4060 Chr!-

2240 4007 2467 4060 sostomi
2498 4006 2743 4060 doctrina
2776 4005 3173 4060 (Abarim/tem).
3203 4006 3357 4060 cuius
3380 4023 3544 4060 supra
3571 4006 3734 4060 tCao.
3808 4006 3827 4060 l

2240 4007 2467 4062 Sostomi
2498 4006 2743 4078 doctrina
2776 4005 3173 4078 (ApOphtheg.),
3203 4006 3357 4078 cujus
3380 4023 3544 4075 supra
3571 4006 3734 4077 (Cap.
3764 4005 3827 4076 4)

2243 4080 2573 4147 mentionem
2603 4076 2853 4140 fecimus,
2893 4077 3018 4131 licet
3052 4076 3220 4145 prima
3251 4077 3431 4132 fronte
3462 4078 3711 4133 videatur
3741 4094 3830 4147 pa-

2243 4149 2441 4202 radoxa
2473 4166 2485 4201 :
2520 4146 2795 4201 Neminem
2836 4148 2976 4214 lardi,
3029 4149 3130 4202 nisi
3169 4165 3202 4201 a
3241 4150 3535 4215 semetipso.
3588 4147 3645 4203 ln
3677 4146 3827 4219 cujus

2243 4220 2710 4273 Cnnlirmationem
2746 4221 2967 4289 scripsit
2998 4220 3319 4288 peculiarem
3366 4230 3656 4274 tractatum
3703 4236 3826 4275 cum

2242 4290 2295 4342 in
2323 4290 2518 4344 exsilio
2552 4304 2736 4359 agens,
2769 4300 2823 4345 et
2850 4291 3029 4345 multis
3073 4291 3329 4345 airumnis
3361 4306 3680 4361 oppressus,
3715 4300 3819 4346 tam

2242 4361 2476 4431 seipsum
2507 4377 2664 4431 quam
2705 4363 2906 4415 amicos
2931 4364 3302 4417 consolaretur
3344 4380 3357 4417 :
3388 4374 3441 4416 et
3471 4362 3688 4431 quidem
3720 4364 3816 4418 hu-

2238 4430 2497 4499 jusmodi,
2530 4430 2589 4486 ut
2630 4431 2717 4486 hic
2762 4431 2901 4485 inter
2946 4442 3121 4487 tantos
3162 4434 3293 4486 tanti
3335 4430 3574 4487 doctoris
3606 4433 3823 4488 labores

2242 4503 2377 4555 satis
2416 4518 2535 4556 esse
2585 4502 2783 4569 possit,
2831 4503 2896 4556 ad
2942 4504 3397 4558 absolutissimum
3445 4501 3820 4558 Chrisdmum

2242 4572 2660 4638 el'formandum,
2694 4583 2745 4627 et
2769 4574 3066 4641 quemlibet
3092 4575 3440 4630 afﬂictionum
3465 4574 3663 4643 abysso
3694 4574 3827 4630 sub—

2244 4660 2483 4699 mersum
2515 4646 2880 4715 consolatione
2928 4647 3243 4715 erigendum
3274 4661 3337 4701 ac
3365 4646 3586 4715 sntritalt
3631 4643 3824 4700 laetitia

2241 4715 2670 4790 perfundendum
2707 4714 2986 4790 (Baronius
3016 4714 3152 4790 tomo
3183 4716 3248 4781 V,
3282 4733 3419 4790 anno
3450 4714 3650 4790 Christi
3672 4716 3826 4790 ωδ).

552 4776 688 4842 recte
719 4776 936 4840 dicimus
964 4802 981 4838 :
1017 4784 1264 4859 Reddidit
1293 4786 1341 4839 ei
1373 4776 1926 4859 Dbminus'secundum
1954 4787 2137 4857 iniqui-
2164 4776 2216 4836 D
2241 4776 2577 4859 Novissiuius
2604 4776 2734 4841 sane
2766 4789 2894 4842 tanti
2927 4788 3100 4842 Patris
3128 4776 3332 4857 partus,
3363 4788 3592 4859 ideoque
3622 4776 3827 4857 dignis-

554 4866 709 4912 tatem
740 4860 898 4929 ejus,
953 4865 999 4909 et
1043 4855 1324 4929 secundum
1375 4857 1784 4929 malitiamrejus
1833 4855 2137 4923 disperdidit

553 4947 689 4983 eum.
728 4926 849 4981 Non
890 4929 1022 4981 enim
1068 4926 1154 4979 ille
1182 4943 1273 4996 pro
1316 4927 1458 4980 nobis
1488 4926 1705 4981 tradidit
1732 4927 2015 4994 Christum,
2046 4930 2136 4983 scd

552 5017 646 5072 pro
676 5009 884 5071 argento
911 5015 1008 5072 quo
1032 4998 1256 5072 vendidit
1286 5000 1681 5072 ettm,_quamvis
1704 5001 1910 5052 traditio
1942 5000 2137 5056 Christi

549 5067 614 5125 sit
643 5067 815 5125 nostra
843 5070 1137 5140 redemptio.
1171 5067 1258 5124 Sic
1290 5082 1333 5123 et
1363 5070 1461 5133 illi,
1499 5070 1588 5139 qui
1615 5080 1860 5140 ntartyres
1889 5072 2138 5138 persecuti

548 5152 697 5206 sunt,
745 5138 1093 5213 persequendo
1138 5141 1192 5193 in
1226 5150 1393 5202 terra,
1441 5138 1715 5213 incazlum
1750 5138 2051 5208 mittebant;
2089 5152 2135 5196 et

548 5211 763 5269 scientes
788 5212 991 5283 quidem
1020 5214 1280 5282 prwsentis
1306 5213 1419 5264 vita:
1444 5211 1687 5264 damnum
1718 5213 2021 5282 inferebant,
2048 5230 2136 5267 ne—

548 5286 763 5338 scientes
801 5293 970 5336 autcm
1009 5287 1198 5347 futura:
1240 5283 1356 5335 vita!
1395 5283 1592 5334 lucrum
1621 5284 1972 5348 conferebant.
2012 5284 2139 5349 Qui-

548 5372 761 5424 cumque
783 5364 949 5427 tamen
971 5362 1409 5427 perseveraverant
1426 5354 1478 5405 in
1500 5353 1616 5427 odio
1637 5354 1831 5427 injusto
1848 5358 2134 5427 justornm,

548 5428 774 5480 reddidit
803 5428 875 5479 eis
911 5426 1156 5478 Dominus
1181 5425 1467 5477 secundum
1494 5425 1788 5490 iniquitates
1811 5425 2061 5490 ipsorum,
2087 5438 2133 5479 et

548 5498 832 5550 secundum
866 5494 1119 5548 malitiam
1144 5510 1319 5547 eorum
1352 5494 1654 5564 disperdidit
1682 5512 1786 5549 eos.
1822 5495 1969 5548 Sicut
2001 5499 2133 5548 enim

548 5568 703 5620 malis
730 5566 864 5618 obest
894 5565 1091 5619 bonitas
1129 5568 1411 5636 justornm,
1440 5565 1515 5616 sic
1540 5565 1683 5618 bonis
1712 5566 1918 5633 prodest
1946 5567 2135 5635 iniqui-

548 5646 628 5691 tas
667 5637 963 5705 impiorum.
1002 5635 1206 5691 Similis
1248 5635 1386 5703 apud
1433 5636 1680 5689 eumdem
1728 5636 1878 5689 locus
1913 5646 2135 5705 est_t-ra-

548 5717 692 5759 ctatu
725 5703 953 5770 Septimo
996 5706 1047 5757 in
1082 5706 1304 5772 primam
1338 5705 1632 5773 Epistulam
1675 5705 1934 5760 Joannis:
1970 5703 2137 5759 Facta

548 5786 642 5837 est,
679 5776 1129 5846 inquitttraditio
1165 5774 1399 5846 a_Patre,
1430 5776 1566 5846 facta
1607 5785 1679 5828 est
1720 5793 1751 5827 a
1792 5774 1955 5843 Filio,
2000 5778 2136 5846 facta

546 5853 625 5896 est
642 5860 672 5893 α
702 5842 737 5893 Ι
745 5844 866 5895 uda.
886 5843 1022 5905 Quid
1040 5859 1157 5911 ergo
1182 5842 1435 5897 discernis
1449 5845 1576 5899 inter
1596 5846 1721 5899 eos?
1744 5847 1879 5911 Quia
1898 5842 2008 5905 hoc
2017 5850 2138 5920 fecit

2245 4856 2436 4927 simus,
2466 4860 2557 4926 qui
2578 4873 2799 4927 semper
2826 4874 2936 4927 prie
2964 4856 3211 4913 manibus
3239 4856 3523 4923 habeatur,
3562 4856 3825 4923 volvatur,

2251 4925 2522 5000 foveatur.
2572 4925 2743 5000 Porro
2779 4925 2952 4985 siinile
2981 4941 3360 5000 argumentum
3394 4931 3613 5000 egregie
3646 4939 3832 4985 tracta-

2252 4998 2327 5052 vit
2377 4998 2594 5054 Boetius
2644 4998 2934 5056 Severinus
2982 4998 3171 5055 iu'suo
3223 5002 3406 5056 libello
3434 4998 3824 5056 ide-Consolat.

2245 5069 2645 5137 Philosophica.
2694 5070 2752 5124 In
2786 5088 2947 5140 quem
2995 5082 3169 5126 exstat
3204 5071 3641 5127 Commentarios
3687 5073 3825 5127 Tho-

2244 5156 2347 5213 ma:
2396 5142 2674 5209 cujusdam
2724 5143 2979 5213 Anglici,
3032 5145 3091 5196 D.
3140 5143 3363 5197 Thema:
3410 5143 3671 5213 Aquinati
3726 5146 3825 5209 (ut

2245 5212 2348 5268 hoc
2374 5214 2551 5267 obiter
2573 5212 2845 5282 moneam)
2876 5215 3008 5267 falso
3034 5217 3320 5282 ascriptus.
3355 5212 3489 5270 Cum
3514 5216 3659 5269 enim
3691 5217 3823 5267 inter

2243 5283 2522 5354 Anglicum
2552 5292 2606 5337 et
2632 5283 2946 5353 Augelicmn
2986 5301 3180 5354 magna
3205 5296 3355 5340 esset
3387 5287 3533 5339 vocis
3573 5285 3824 5339 similitu-

2239 5353 2332 5418 do,
2364 5354 2613 5423 paulatim
2639 5354 2885 5409 eli‘ectuni
2918 5365 3019 5416 est,
3051 5353 3128 5421 ut,
3172 5372 3270 5425 per
3298 5358 3562 5411 incuriam
3597 5365 3650 5411 et
3675 5370 3822 5411 erro-

2238 5440 2373 5489 rem,
2404 5425 2625 5481 Thomae
2655 5426 2868 5489 Anglici
2897 5429 3095 5494 scripta
3130 5427 3352 5481 Thomzc
3384 5429 3627 5495 Angelici
3673 5428 3824 5482 titulo

2238 5505 2577 5569 notarentur,
2605 5499 2692 5567 qui
2722 5497 2942 5552 Thema:
2973 5498 3227 5567 Aquinati
3264 5514 3294 5552 a
3329 5499 3599 5569 theologis
3634 5499 3824 5555 merito

2235 5567 2568 5621 attribuitur.

2308 5634 2333 5673 (³
2376 5636 2451 5691 lla
2481 5653 2547 5692 ex
2573 5636 2766 5718 graeco
2793 5658 2809 5718 :_
2839 5642 3007 5697 πάντα
3031 5640 3402 5718 ἔναντρρςμᾴνδρὲ
3421 5638 3715 5718 ᾇὶφρενι.Δ

2241 5709 2382 5780 tinus
2423 5718 2475 5764 et
2508 5709 2752 5780 vulgatus
2798 5713 3065 5779 interpres
3104 5729 3116 5762 :
3160 5710 3302 5766 Filio
3344 5709 3541 5766 doloso
3571 5713 3709 5766 nihil
3738 5713 3830 5769 erit

2239 5778 2358 5855 boni
2400 5796 2416 5831 :
2458 5778 2621 5855 sei-ro
2648 5792 2818 5855 autem
2857 5778 3075 5851 sapienti
3122 5783 3352 5852 prosperi
3382 5792 3530 5838 erunt
3580 5792 3752 5855 actus,
3780 5790 3828 5840 et

2239 5851 2486 5921 dirigetur
2525 5851 2605 5903 via
2645 5854 2779 5922 ejus.
