4036 6216
206 182 302 243 657

1160 176 1504 237 COLLATIO
1544 179 1627 235 Vl.
1660 209 1726 219 -
1754 180 1843 236 DE
1881 181 2060 239 NECE
2101 183 2539 243 SANCTORUM.

3376 198 3486 259 658

202 304 352 375 cujus
393 298 559 357 etiam
605 297 840 357 secunda
885 295 1187 361 moderari,
1222 304 1276 350 et
1318 310 1442 350 eum
1474 294 1646 363 quiin
1679 310 1784 350 uno
1811 298 2057 359 Aetiam
2105 299 2307 354 clarius
2355 302 2613 373 intuetur,
2654 319 2777 360 cum
2824 306 3099 363 efficacius
3143 308 3479 379 spiritalibus

202 410 381 455 eorum
413 402 721 465 superatur,
753 400 1002 446 neutrum
1036 386 1261 442 sull‘erre
1292 387 1654 441 certissimum
1680 396 1785 442 est.

202 489 436 547 Facilius
478 496 656 542 tamen
692 486 811 553 quis
840 482 966 538 elidi
998 489 1174 549 potest
1206 480 1477 549 prosperis
1503 494 1663 549 quam
1694 478 1789 533 ad-

203 581 391 639 versis.
436 579 560 635 Haec
607 578 751 631 enim
784 574 1052 629 interdum
1100 572 1263 626 etiam
1312 570 1507 624 invitos
1552 572 1789 625 retinent

204 684 360 747 atque
391 670 713 739 humiliant,
760 678 814 723 et
850 663 1273 735 compnnctione
1311 662 1663 717 saluberrima
1704 662 1789 718 vel

205 769 383 825 minus
406 778 633 836 peccare
663 761 886 825 faciunt,
910 759 995 813 vel
1028 756 1351 819 emendant;
1386 754 1474 809 illa
1502 770 1632 809 vero
1660 755 1789 809 mol-

200 862 343 918 libus
388 868 625 914 mentem
654 870 718 911 ac
747 854 1073 927 perniciosis
1103 850 1414 906 extollentia
1454 848 1789 903 blandimen-

202 956 301 1021 tis,
346 965 571 1008 securos
612 949 886 1005 felicitatis
924 961 1035 1002 suae
1083 950 1351 1017 proventu
1382 942 1539 999 ruina
1584 942 1790 1013 majore

198 1051 569 1120 prosternunt.

814 1136 1041 1195 CAPUT
1082 1135 1150 1193 X.

808 1231 957 1301 rfecti
979 1273 993 1295 ,
1035 1229 1123 1297 qui
1159 1226 1477 1281 ambidexter
1513 1224 1715 1297 ﬁgura-

757 1303 853 1356 iter
890 1308 1233 1369 nuncupatur.

278 1232 354 1288 De
389 1233 577 1288 virtute
609 1231 707 1286 viri

266 1422 362 1479 Isti
400 1430 525 1478 sunt
552 1435 681 1491 ergo
709 1420 801 1491 qui
838 1418 1134 1489 figuraliter
1170 1417 1223 1470 in
1258 1413 1556 1484 Scripturis
1587 1412 1789 1468 sanctis

194 1524 223 1555 ⁸
258 1513 687 1595 ἆμφοτεροδίξιοι,
734 1512 786 1568 id
842 1521 956 1577 est,
1007 1508 1336 1565 ambidextri
1383 1512 1784 1577 nuncupantur,

192 1619 253 1667 ut
294 1611 386 1667 ille
416 1609 442 1649 δ
483 1608 622 1665 Aoth
662 1609 715 1664 in
756 1607 897 1662 libro
931 1605 1182 1661 .ludicum
1224 1603 1392 1657 fuisse
1434 1602 1785 1668 describitur,

1893 390 2137 459 pascitur
2164 391 2389 447 theoriis
2410 435 2425 459 ,
2453 408 2575 447 cum
2608 394 2841 452 lucidius
2866 398 2965 454 sibi
2998 410 3235 455 reserata
3263 406 3481 475 conspi-

1892 484 1967 537 cit
1992 483 2233 538 cmlestia
2262 497 2620 551 sacramenta,
2651 502 2772 540 cum
2804 490 3073 546 orationes
3106 494 3291 561 purius
3317 506 3481 567 atque

1891 574 2123 629 alacrius
2150 576 2348 630 emittit
2375 576 2442 631 ad
2473 576 2783 647 Dominum,
2814 596 2934 635 cum
2967 583 3038 637 ita
3078 585 3301 653 spiritus
3323 588 3484 643 ardo-

1892 686 1952 725 re
1988 686 2281 727 succcnsus
2329 671 2396 726 ad
2444 687 2505 727 ea
2553 688 2671 742 qua:
2701 674 2989 730 invisibilia
3035 688 3158 731 sunt
3198 687 3253 734 et
3278 690 3481 737 aeterna

1891 771 2002 818 tota
2031 764 2193 818 animi
2224 765 2501 821 alacritate
2550 768 2921 833 transmigrat,
2964 779 3018 823 ut
3050 786 3389 841 nequaquam
3424 793 3481 831 se

1886 856 1997 927 jam
2028 858 2213 913 credat
2241 859 2292 913 in
2315 874 2479 914 carne
2514 860 2838 915 consistere.
2868 861 3041 916 Habet
3067 863 3314 920 similiter
3341 878 3393 921 et
3417 871 3483 922 si-

1891 948 2147 1017 nistram,
2195 966 2316 1005 cum
2375 952 2731 1007 tentationum
2793 952 3098 1011 turbinibus
3150 956 3476 1026 implicatur,

1890 1057 2011 1097 cum
2036 1044 2101 1098 ad
2124 1044 2390 1100 desideria
2408 1047 2588 1101 carnis
2610 1048 3006 1104 incentivorum
3034 1049 3257 1106 testibus
3277 1052 3483 1108 inflam-

1892 1146 2090 1203 matur,
2122 1152 2245 1192 cum
2282 1138 2350 1192 ad
2386 1139 2676 1195 iracundia:
2717 1140 2961 1196 furorem
3018 1146 3482 1213 perturbationum

1890 1227 2016 1298 igne
2054 1230 2419 1301 succenditur,
2452 1247 2575 1286 cum
2604 1234 2873 1303 superbiae
2910 1250 3004 1290 seu
3031 1236 3345 1291 cenodoxite
3374 1239 3485 1291 ela-

1891 1324 2041 1378 tione
2080 1325 2343 1394 pulsatur,
2392 1339 2513 1380 cum
2559 1326 2770 1382 tristitia
2807 1340 3036 1384 mortem
3087 1342 3349 1398 Operante
3380 1331 3479 1386 de.

1890 1414 2163 1485 primitur,
2192 1432 2310 1471 cum
2336 1417 2602 1473 machinis
2620 1419 2823 1473 acediaa
2851 1428 2905 1475 et
2928 1422 3330 1491 impugnatione
3351 1438 3483 1477 con-

1889 1510 2115 1575 cutitur,
2163 1526 2415 1581 cumque,
2463 1512 2610 1567 omni
2642 1513 2874 1581 Spiritali
2920 1513 3135 1570 fervore
3180 1517 3477 1583 subtracto,

1889 1602 2121 1671 quodam
2154 1612 2341 1673 tepore
2362 1613 2522 1674 atque
2544 1605 2902 1661 irrationabili
2933 1622 3169 1664 maerore
3196 1612 3476 1681 torpescit,

186 1704 283 1770 qui
320 1712 542 1767 utraque
583 1717 742 1753 mamt
786 1698 1030 1752 utebatur
1076 1713 1171 1767 pro
1209 1696 1419 1750 dextera
1440 1693 1649 1767 (Judic.
1673 1693 1780 1766 ut).
1814 1694 1862 1755 B
1889 1706 2080 1750 utnon
2112 1697 2286 1751 solum
2313 1698 2730 1767 cogitationibus
2751 1700 2913 1755 rectis
2941 1715 3003 1755 ac
3029 1703 3365 1759 ferventibus
3384 1704 3481 1760 de-

184 1794 367 1863 Qnam
390 1794 638 1849 virtutem
671 1792 740 1845 ita
762 1791 1062 1862 poterimus
1087 1804 1187 1843 nos
1209 1803 1422 1858 quoque
1445 1786 1783 1842 intellectua-

182 1887 320 1944 liter
347 1884 647 1958 possidere,
669 1885 715 1938 si
750 1898 817 1938 ea
854 1898 975 1953 quae
1006 1894 1263 1952 prospera
1293 1888 1418 1934 sunt
1446 1878 1785 1948 dexteraque

181 1987 507 2045 censentur,
538 1984 595 2033 et
618 1990 682 2031 ea
710 1990 831 2046 quae
860 1976 1086 2030 adversa
1119 1983 1243 2027 sunt
1270 1986 1333 2027 ac
1362 1971 1578 2026 sinistra
1602 1970 1787 2027 dicun-

183 2080 302 2139 tur,
336 2070 483 2126 bono
513 2076 771 2139 rectoque
807 2081 907 2121 usu
943 2065 1007 2120 ad
1036 2074 1241 2135 partem
1286 2062 1572 2118 fecerimus
1600 2061 1787 2117 dexte-

182 2180 308 2221 ram
354 2164 663 2235 pertinere,
707 2171 765 2218 ut
804 2175 1159 2232 quaecumque
1198 2158 1399 2214 fuerint
1437 2158 1617 2222 illata,
1658 2156 1787 2212 fiant

180 2257 380 2325 nobis,
420 2254 718 2311 secundum
749 2254 1088 2323 Apostolum,
1118 2267 1265 2304 arma
1305 2250 1523 2321 iustitia:
1550 2248 1630 2316 (ll
1660 2248 1781 2303 Cor.

177 2347 300 2418 vs).
335 2347 551 2402 Duabus
597 2359 828 2414 namque
875 2345 1118 2414 partibus
1162 2351 1218 2398 et
1264 2343 1355 2412 (ut
1399 2344 1471 2397 ita
1519 2340 1784 2415 dixerim)

179 2439 443 2496 manibus
484 2448 507 2476 ο
548 2436 861 2493 interiorem
889 2437 1164 2493 hominem
1204 2446 1451 2491 nostrum
1486 2436 1786 2492 subsistere

181 2531 536 2603 pervidemus
579 2548 589 2581 :
631 2543 732 2585 nec
770 2531 1055 2600 quisquam
1101 2538 1415 2582 sanctorum
1456 2542 1644 2583 carere
1684 2526 1787 2584 hac

179 2624 408 2680 sinistra
435 2637 596 2692 quam
626 2622 855 2678 dicimus
883 2630 1081 2692 potest,
1112 2621 1208 2677 sed
1250 2621 1303 2675 in
1337 2620 1439 2675 hoc
1470 2620 1644 2675 virtus
1667 2634 1786 2690 per-

181 2716 323 2773 fecta
365 2715 716 2784 discernitur,
758 2712 784 2751 ἀ
826 2715 871 2769 si
922 2723 1206 2783 utramque
1245 2714 1297 2767 in
1337 2712 1617 2769 dexteram
1646 2713 1789 2769 bene

181 2808 391 2866 utendo
422 2817 724 2864 convertat.
761 2808 827 2861 Et
857 2816 914 2861 ut
951 2805 1293 2860 manilestius
1334 2804 1439 2860 hoc
1478 2804 1623 2876 quod
1652 2804 1789 2860 dici-

179 2916 303 2956 mus
352 2900 532 2971 possit
580 2897 838 2968 intelligi,
880 2898 1046 2952 habet
1086 2897 1168 2952 vir
1212 2905 1434 2952 sanctus
1482 2896 1785 2971 dexteram,

176 3008 482 3052 successus
511 2993 761 3049 videlicet
802 2992 1113 3061 spiritales,
1151 2991 1204 3046 in
1236 3006 1339 3063 qua
1377 3001 1504 3046 tunc
1540 2992 1788 3047 consistit

1889 1799 2122 1857 seratur,
2162 1790 2257 1845 sed
2287 1791 2451 1845 etiam
2490 1790 2761 1860 psalmus,
2792 1793 2989 1858 oratio,
3040 1794 3220 1861 lectio,
3250 1797 3480 1852 remotio

1888 1882 2041 1938 cellae
2070 1882 2233 1938 simul
2265 1881 2552 1951 horreant,
2586 1892 2643 1938 et
2687 1884 3014 1940 intolerabili
3043 1886 3275 1955 quodam
3305 1896 3479 1944 tetro-

1887 1989 1993 2046 que
2016 1973 2235 2029 fastidio
2256 1973 2508 2030 universa
2533 1975 2794 2032 sordeant
2815 1977 3173 2033 inStrumenta
3195 1981 3477 2051 virtutum,

1886 2067 2082 2137 quibus
2112 2083 2236 2123 cum
2266 2069 2512 2139 pulsatur
2538 2072 2858 2137 monachus,
2890 2072 3127 2128 sinistris
3156 2075 3394 2144 partibus
3417 2090 3479 2131 se

1888 2168 2179 2231 cognoscat
2206 2161 2408 2231 urgeri.
2452 2161 2712 2234 Quisquis
2752 2163 2913 2233 igitur
2944 2165 2997 2218 in
3035 2165 3144 2220 illis
3182 2182 3306 2235 qua:
3334 2166 3478 2222 dex-

1890 2260 1986 2308 trae
2010 2255 2178 2323 partis
2193 2269 2313 2310 esse
2330 2255 2705 2325 praediximus,
2724 2257 2943 2313 minime
2957 2258 3116 2314 fuerit
3139 2261 3479 2318 subintrante

1888 2345 2055 2416 gloria
2088 2346 2341 2402 vanitatis
2369 2348 2570 2416 elatus,
2609 2360 2665 2406 et
2695 2352 2747 2406 iii
2784 2350 2902 2405 istis
2940 2367 3061 2420 qua:
3092 2350 3325 2407 sinistra:
3356 2368 3481 2423 par-

1889 2437 1960 2494 tis
1987 2448 2147 2509 sunt,
2183 2439 2414 2495 viriliter
2442 2442 2729 2508 dimicans,
2765 2444 2909 2499 nulla
2941 2443 3327 2515 desperatione
3352 2460 3482 2501 con-

1888 2530 2100 2598 ciderit,
2136 2546 2201 2587 ac
2226 2536 2399 2602 potius
2425 2533 2491 2589 de
2514 2534 2802 2591 contrariis
2826 2551 2977 2590 arma
2999 2535 3243 2606 quaedam
3278 2538 3483 2604 patien-

1888 2621 1978 2677 tiae
1998 2621 2064 2677 ad
2086 2625 2402 2679 exercitium
2425 2627 2642 2682 virtutis
2665 2628 3043 2699 assumpserit,
3068 2638 3293 2698 utraque
3317 2643 3482 2683 manu

1888 2722 2075 2770 utetur
2100 2731 2200 2786 pro
2240 2717 2463 2785 dextra,
2514 2729 2570 2774 et
2599 2721 2652 2774 in
2694 2730 2927 2792 utroque
2958 2733 3080 2775 actu
3115 2722 3480 2792 triumphator

1891 2806 2139 2877 effectus,
2170 2819 2278 2863 tam
2305 2810 2374 2865 de
2415 2810 2639 2866 sinistro
2668 2820 2812 2866 statu
2843 2828 3003 2882 quam
3041 2813 3109 2867 de
3139 2813 3332 2868 dextro
3365 2814 3484 2883 pal-

1892 2915 2034 2955 mam
2066 2900 2306 2956 victorias
2320 2913 2702 2974 consequetur.
2730 2904 2955 2973 Qualem
2985 2905 3199 2961 beatum
3222 2905 3324 2961 Job
3352 2906 3485 2975 legi-

1890 3008 2011 3048 mus
2030 2994 2313 3062 meruisse,
2344 2996 2433 3065 qui
2463 2997 2651 3066 utique
2675 3013 2769 3067 per
2791 2996 3070 3052 dexteram
3094 2998 3481 3066 coronabatur,

176 3086 417 3157 quando
448 3087 668 3141 fervens
707 3084 897 3155 spiritu
928 3082 1211 3139 desideriis
1247 3091 1303 3139 et
1330 3083 1785 3155 concupiscentiis
1812 3076 1859 3142 C
1889 3087 2103 3159 quando
2151 3096 2358 3160 septem
2410 3089 2645 3143 filiorum
2691 3099 2844 3158 pater
2893 3090 3185 3160 opulentus
3217 3106 3281 3145 ac
3324 3091 3481 3145 dives

174 3178 450 3234 omnibus
481 3175 814 3242 dominatur,
838 3176 1055 3245 quando
1100 3176 1169 3230 ab
1198 3176 1343 3230 omni
1388 3175 1649 3231 diabolica
1681 3176 1782 3231 im-

177 3270 527 3342 pugnatione
550 3283 775 3325 securus
796 3268 1002 3338 absque
1028 3267 1138 3323 ullo
1166 3268 1351 3324 labore
1376 3282 1441 3324 ac
1466 3268 1787 3325 difficultate

174 3364 303 3419 vitia
327 3362 524 3419 carnis
551 3363 634 3418 vel
658 3362 865 3433 reapuit
885 3361 969 3416 vel
996 3361 1283 3427 abscindit,
1309 3377 1433 3416 cum
1459 3362 1785 3418 sublimatus

176 3471 208 3512 a
234 3467 420 3524 terra,
458 3456 707 3510 universa
735 3454 1021 3524 praesentia
1058 3464 1221 3524 atque
1252 3462 1468 3510 terrena
1497 3456 1642 3511 velut
1670 3456 1788 3510 ina-

174 3566 301 3607 nem
333 3550 560 3607 fumum
580 3549 934 3619 umbramque
954 3562 1176 3603 vacuam
1204 3550 1623 3618 contemplatur,
1654 3557 1710 3604 et
1729 3558 1787 3603 ut

176 3658 302 3699 mox
335 3643 643 3699 transitura
667 3642 989 3709 contemnit,
1022 3655 1143 3696 cum
1170 3639 1351 3695 futura
1376 3656 1473 3710 per
1501 3656 1782 3696 excessum

175 3740 382 3795 mentis
401 3780 422 3806 ,
458 3752 565 3793 non
596 3737 769 3793 solum
801 3734 1180 3791 ardentissime
1205 3734 1560 3805 concupiscit,
1591 3749 1781 3789 verum

1886 3184 2143 3239 incedens
2176 3184 2488 3255 quotidiana
2518 3200 2618 3255 pro
2645 3200 2837 3241 eorum
2872 3184 3246 3253 puriﬁcatione
3270 3184 3484 3240 sacrifi-

1887 3276 1969 3331 cia
2002 3275 2230 3331 Domino
2264 3274 2550 3341 offerebat,
2586 3292 2689 3331 non
2720 3286 2828 3332 tam
2865 3276 2968 3331 sibi
3000 3292 3097 3331 eos
3128 3292 3286 3345 quam
3317 3285 3339 3312 ο
3370 3275 3485 3329 Deo

1889 3377 2164 3438 susceptos
2187 3382 2251 3422 ac
2279 3367 2569 3423 familiares
2594 3374 2820 3438 cupiens
2849 3370 3132 3431 exhibere,
3163 3367 3380 3438 quando
3399 3366 3484 3436 ja-
3510 3376 3525 3389 ‘

1890 3474 1993 3513 nua
2034 3460 2152 3528 ejus
2179 3462 2326 3514 omni
2354 3461 2662 3515 advenienti
2706 3461 2955 3529 patebat,
2990 3459 3205 3529 quando
3240 3469 3356 3513 erat
3385 3474 3482 3527 pes

1890 3550 2229 3617 claudorum,
2253 3560 2307 3605 et
2327 3553 2514 3605 oculus
2539 3566 2827 3618 caecorum,
2855 3549 3071 3619 quando
3097 3550 3164 3603 de
3187 3549 3485 3603 velleribus

1892 3644 2073 3698 ovium
2103 3643 2240 3712 ejus,
2272 3643 2482 3698 humeri
2512 3644 2832 3697 caleﬁebant
2857 3642 3197 3697 infirmorum
3218 3684 3232 3707 ,
3267 3641 3486 3709 quando

1892 3744 2011 3789 erat
2038 3734 2403 3805 orphanorum
2432 3746 2585 3804 pater
2614 3742 2668 3788 et
2698 3732 2779 3787 vir
2804 3731 3109 3799 viduarum,
3142 3729 3360 3801 quando
3383 3744 3487 3785 nec

1254 3888 1509 3945 ALABDI
1549 3888 1783 3946 GAZEI
1819 3888 2386 3948 COMMENTARIUS.

244 4021 272 4050 ἰ
303 4007 773 4088 ’ApiporrpoSiEiog,
795 4021 899 4088 seu
926 4006 1403 4088 ambidexterrait
1431 4004 1624 4088 Suidas
1644 4048 1658 4068 ,
1688 4006 1783 4088 qui

175 4077 374 4139 lzevam
416 4077 979 4152 bro'dextrababet,
1006 4093 1100 4152 seu
1133 4080 1220 4147 qui
1255 4078 1471 4152 sinistra
1518 4077 1690 4152 utitur
1728 4085 1785 4130 ut

170 4157 399 4219 dextra,
427 4148 529 4220 qui
555 4162 609 4205 et
628 4150 917 4223 ἀμφιδέξιος
932 4150 1132 4223 dicitur
1160 4148 1778 4223 contractiore‘vocabn-

174 4225 257 4291 lo;
291 4243 409 4295 quo
449 4219 960 4295 przcter'a'liosnsns
988 4232 1068 4295 est
1094 4219 1390 4295 Qregoritts
1416 4219 1784 4295 Nazianzenus

168 4296 222 4351 in
244 4289 529 4351 oratio-ne
570 4293 779 4349 funebri
816 4292 866 4345 in
899 4290 954 4345 S.
990 4289 1268 4354 Basilium,
1302 4291 1392 4345 ubi
1424 4306 1519 4345 eos
1562 4291 1653 4357 qui
1695 4300 1785 4343 aut

170 4369 277 4420 vita
328 4376 561 4421 tantum
607 4376 698 4418 aut
743 4362 1045 4417 eruditione
1095 4363 1373 4415 dumtaxat
1415 4361 1778 4425 excellerent,

171 4438 308 4492 nihil
340 4454 371 4490 a
394 4437 574 4493 luscis
602 4434 819 4491 differre
840 4434 999 4486 dicit:
1043 4433 1131 4501 qui
1162 4447 1289 4486 vero
1330 4448 1513 4499 parem
1546 4434 1597 4485 in
1630 4441 1782 4487 utro-

171 4525 277 4578 que
312 4510 549 4564 laudem
580 4508 856 4561 consecuti
880 4514 1084 4578 essent,
1107 4517 1201 4578 eos
1224 4502 1566 4578 ἀμφιδέξιους,
1598 4502 1648 4556 id
1675 4510 1778 4567 est,

172 4574 604 4641 ambidextrns,
632 4592 695 4631 ac
750 4575 989 4630 numeris
1027 4574 1275 4627 omnibus
1306 4574 1597 4627 absolutos
1637 4588 1777 4627 esse.

172 4650 421 4706 Bodl-us
460 4653 513 4703 in
552 4646 966 4702 Commentariis
992 4661 1007 4698 :
1059 4645 1212 4713 Apud
1236 4643 1509 4697 Platonem
1535 4684 1549 4706 ,
1579 4644 1783 4712 inquit,

174 4722 322 4792 (Lib.
352 4738 442 4777 VII
472 4722 536 4774 de
566 4717 829 4794 Legibus),
858 4714 1153 4794 ἀρτίποδες,
1179 4720 1261 4771 καὶ
1286 4718 1582 4791 ἀρτίχειρες
1600 4716 1786 4767 dicun-

172 4790 275 4855 tur,
308 4794 408 4864 qui
442 4803 660 4864 utroque
690 4790 817 4860 pede
832 4790 905 4864 ρι’
925 4799 1136 4864 utraque
1176 4790 1339 4864 manu
1370 4802 1510 4849 teque
1540 4796 1785 4864 utuntur,

170 4876 225 4917 ut
246 4856 378 4918 sunt
416 4856 725 4935 ἀμφιδέξιοὶ,
750 4858 901 4913 nullo
934 4875 1022 4927 per
1050 4857 1457 4911 dissuetudt’nem
1493 4856 1669 4910 utendi
1699 4857 1787 4910 (Ιεο

168 4935 409 4989 bilitttto.

241 5004 270 5043 δ
317 5005 662 5059 Nominatur
706 5003 793 5055 hic
842 5001 985 5053 inter
1024 4998 1243 5053 .lndiCes
1271 4999 1457 5068 pepuli
1508 4997 1788 5053 Israelitici

171 5087 297 5145 post
320 5075 809 5145 Judmnﬁtcrtius:
847 5072 919 5124 lie
942 5076 1125 5138 quoin
1156 5070 1248 5123 lib.
1272 5070 1451 5145 Judic.
1482 5085 1599 5145 cap.
1633 5085 1689 5145 tu
1716 5070 1785 5145 ita

168 5140 452 5203 scribitur
485 5163 497 5196 :
532 5144 814 5199 Suscitavit
847 5144 918 5196 eis
946 5144 1250 5195 salvatorem
1279 5141 1525 5194 vocabulo
1558 5141 1690 5204 Aod,
1725 5140 1787 5209 ﬁ-

168 5219 301 5273 lium
330 5217 511 5279 Gertz,
544 5216 641 5285 ﬁlii
670 5212 896 5275 Gemini,
926 5214 1013 5285 qui
1042 5224 1255 5282 utraque
1288 5229 1442 5265 manu
1475 5228 1569 5283 pro
1608 5213 1790 5265 dextra

171 5290 453 5343 utebatur.
495 5283 1082 5360 Undra‘tpqorrpoSiEto;
1112 5285 1424 5360 dictniest;
1457 5286 1574 5360 τρὶ.
1610 5297 1789 5360 autem

171 5360 542 5431 Hieronymo
574 5351 711 5420 (Lib:
736 5351 832 5431 illi
860 5351 1123 5431 llorinian.
1154 5372 1200 5431 ιξ.
1238 5354 1325 5423 17)
1356 5351 1669 5425 ἀμφιδέξιος,
1702 5354 1790 5421 qui

170 5428 476 5486 interfecit
519 5444 700 5499 regem
736 5428 902 5496 Eglon
931 5428 1362 5499 pinguissimum.

247 5514 269 5539 ι·
310 5504 368 5556 ld
399 5510 523 5563 est,
556 5491 827 5563 nientem',
860 5491 975 5551 sive
1023 5491 1278 5549 animam.
1328 5495 1419 5549 Sic
1466 5507 1611 5562 saepe
1652 5491 1792 5561 apud

166 5571 441 5628 Paulum.

240 5644 267 5681 ά
320 5643 429 5698 llis
480 5640 775 5695 admodum
815 5649 1175 5696 consentanea
1209 5636 1399 5692 scribit
1430 5636 1789 5707 Hieronymus

168 5718 227 5770 in
260 5715 437 5769 illum
489 5714 815 5767 versiculum
868 5712 1011 5767 Psal.
1044 5725 1139 5763 xc:
1174 5707 1372 5762 Cadent
1417 5725 1445 5761 η
1492 5707 1648 5761 latere
1700 5717 1786 5761 ttto

1887 4006 2052 4081 mille,
2074 4017 2133 4081 et
2162 4007 2335 4081 decem
2376 4006 2541 4061 millia
2570 4008 2833 4081 aidextris
2865 4008 3017 4081 tuisx
3043 4010 3120 4063 Ab
3148 4025 3240 4074 eo,
3274 4010 3480 4081 inquit,

1886 4080 1980 4152 qui
1994 4078 2195 4152 habitat
2220 4080 2273 4133 in
2295 4080 2560 4152 adjutorio
2591 4080 2867 4152 Altissimi,
2892 4079 3103 4152 cadent
3134 4097 3167 4133 a
3193 4078 3487 4147 latere'eius

1888 4150 2053 4217 mille,
2085 4160 2132 4204 et
2162 4150 2333 4204 decem
2359 4150 2541 4205 millia
2570 4169 2601 4205 a
2627 4151 2822 4204 dextris
2852 4151 2985 4217 ejus.
3035 4150 3262 4205 Dextera
3314 4157 3486 4210 sancti

1888 4220 2111 4286 dicitur;
2159 4222 2373 4275 sinistra
2402 4238 2503 4275 non
2543 4222 2763 4286 dicitur,
2794 4219 2883 4276 sed
2933 4224 3093 4276 latus.
3136 4219 3318 4277 Videte
3348 4226 3487 4281 enim

1888 4293 2025 4364 quod
2056 4293 2246 4345 dicitur
2265 4309 2284 4346 :
2314 4292 2379 4364 Et
2411 4292 2584 4346 decem
2614 4293 2781 4346 millia
2806 4309 2838 4345 a
2866 4292 3064 4346 dextris
3096 4294 3221 4364 tuis.
3264 4294 3328 4346 Et
3355 4311 3485 4364 quo-

1890 4363 2043 4416 modo
2068 4364 2307 4417 dixeras:
2331 4361 2526 4417 Cadent
2548 4381 2579 4416 a
2602 4366 2757 4418 latere
2784 4372 2873 4417 tuo
2898 4364 3076 4417 mille?
3102 4363 3323 4431 Quando
3346 4361 3484 4421 enim

1888 4434 2100 4487 dextera
2131 4434 2341 4497 dicitur,
2367 4446 2414 4487 et
2441 4436 2650 4489 sinistra
2678 4452 2779 4488 non
2802 4436 3120 4495 nominatur,
3150 4452 3243 4503 pro
3268 4436 3486 4491 sinistra

1890 4504 2026 4559 latus
2056 4506 2371 4558 nominatur.
2400 4504 2523 4559 Non
2571 4507 2704 4561 enim
2754 4516 2953 4576 poterat
2996 4509 3193 4571 iustum
3245 4521 3351 4560 esse
3378 4547 3393 4569 ,
3424 4516 3487 4561 ut

1882 4577 2057 4647 justus
2088 4576 2290 4628 haberet
2320 4577 2603 4647 sinistram.
2640 4577 2739 4641 Qui
2769 4589 2835 4640 te,
2866 4577 3052 4645 inquit,
3080 4577 3383 4647 percusserit
3425 4580 3485 4633 in

1896 4646 2161 4721 dexteram
2191 4646 2475 4721 maxillam,
2516 4647 2683 4721 prtebe
2718 4649 2764 4701 ei
2795 4658 2842 4721 et
2869 4652 3090 4701 alteram
3117 4646 3331 4713 (Matth.
3364 4650 3439 4721 vi)
3464 4667 3481 4716 ;

1896 4734 1997 4771 non
2028 4718 2182 4789 dixit,
2213 4727 2260 4770 et
2287 4717 2567 4772 sinistram.
2597 4717 2714 4771 Non
2735 4720 2869 4771 enim
2894 4729 2967 4771 est
2989 4720 3197 4773 sinistra
3217 4734 3333 4789 qua:
3350 4717 3484 4787 prte-

1897 4789 2059 4861 betur,
2094 4787 2181 4841 sed
2206 4788 2419 4861 dextera
2444 4790 2633 4861 altera.
2687 4789 2824 4861 Ergo
2860 4790 3164 4861 simpliciter
3192 4787 3307 4843 dico
3352 4807 3483 4861 quo-

1897 4857 2036 4931 niam
2058 4861 2236 4931 justus
2259 4859 2391 4931 duas
2419 4859 2652 4913 dexteras
2681 4857 2850 4913 habet.
2871 4857 3102 4930 Denique
3130 4870 3175 4915 et
3200 4862 3290 4915 ille
3307 4857 3478 4921 Aiotli,

1897 4930 1987 4999 qui
2015 4927 2255 4983 scribitur
2284 4930 2335 4983 in
2358 4927 2601 4983 Iudicum
2623 4931 2773 4993 libro,
2801 4927 3070 5000 prapterea
3089 4934 3218 4984 ditas
3242 4934 3481 4984 dexteras

1899 5000 2082 5074 habere
2108 5001 2295 5074 dicitur
2323 5044 2336 5063 ,
2377 5004 2496 5070 quia
2536 5005 2712 5074 justus
2740 5009 2983 5074 erat,_ret
3042 5002 3484 5074 interfecit-illum

1935 5071 2289 5142 inguissimum
2328 5070 2686 5142 rcgemfllaac
2732 5072 3015 5127 moraliter
3052 5080 3107 5125 et
3142 5070 3481 5139 tropologico

1943 5181 1955 5195 .
1986 5141 2368 5214 Hieronymus.

1969 5222 1993 5250 ε
2023 5210 2367 5281 Manuscripti
2414 5214 2656 5269 nonnulli
2686 5233 2698 5266 :
2736 5211 2842 5267 Deo
2871 5211 3145 5282 subjectos.
3167 5281 3171 5282 ν
3191 5210 3483 5279 Dinnysius

1894 5284 2021 5353 legit
2069 5297 2303 5355 acceptos
2330 5284 2499 5352 (Libr.
2533 5301 2562 5338 x
2591 5283 2766 5338 Instit.
2802 5283 2880 5352 6).
2924 5281 3030 5338 Sed
3064 5281 3246 5355 verior
3275 5292 3479 5355 nostin.

1895 5351 2081 5421 lectio,
2116 5351 2564 5411 ut'conmiunior.
2605 5356 2896 5419 Susceptos
2930 5364 3131 5421 autem
3159 5351 3400 5420 intcllige
3430 5355 3481 5403 in

1896 5420 2077 5481 Curam
2111 5442 2205 5480 seu
2232 5426 2538 5479 clientelam
2592 5434 2856 5489 receptos.
2887 5420 3135 5489 Sttsccpti
3172 5424 3315 5475 enim
3350 5421 3479 5475 olim

1896 5496 2214 5552 dicebantur
2250 5498 2501 5555 clientes,
2533 5510 2670 5561 quos
2700 5494 2912 5559 patroni
2957 5492 3182 5544 tuendos
3222 5507 3481 5558 suscepe-

1895 5578 2037 5628 rant.
2066 5578 2123 5622 nt
2145 5568 2279 5621 alias
2312 5565 2635 5617 notavimus.
2678 5562 2812 5617 llinc
2854 5562 2917 5614 [ι.
2952 5561 3272 5617 Ambrosius
3309 5576 3477 5617 serm.

1893 5638 1991 5695 93:
2018 5636 2085 5692 In
2111 5647 2305 5691 tantum
2336 5635 2501 5686 vicina
2526 5635 2794 5705 prtesentia
2820 5632 3035 5705 eﬂicacis
3048 5632 3349 5704 prtebebitur
3377 5634 3481 5689 ad-

1896 5712 2083 5769 vocati,
2113 5710 2164 5761 in
2194 5714 2443 5774 quantum
2472 5706 2621 5774 fuerit
2654 5705 2779 5761 ﬁdes
2813 5708 2997 5763 devota
3024 5706 3263 5777 suscepti.
