4036 6216
622 239 729 302 659

1666 234 1942 294 JOANNIS
1981 234 2295 297 CASSIANI
2332 234 2820 298 COLLATIONES.

3769 244 3871 323 μου

635 363 687 415 in
720 358 879 414 corde
910 354 1130 426 quidem
1153 368 1251 410 suo
1281 368 1443 424 super
1471 351 1671 409 inimici
1702 355 1786 410 sui
1812 354 1967 409 ruina
1992 353 2205 425 gavisus
2230 352 2283 416 Δ
2309 354 2520 410 sibimet
2549 354 2824 412 cohaerere
2852 365 3012 427 atque
3037 352 3393 416 insolubillter
3413 358 3465 417 ei
3486 366 3639 431 optat
3662 357 3867 421 innecti.

622 462 706 509 est
734 450 885 516 (Job.
922 450 998 522 ι).
1035 449 1289 520 idemque
1328 462 1518 503 rursus
1558 462 1651 518 per
1691 448 1965 505 sinistram
1995 458 2202 520 partem

622 545 941 601 sublimiore
982 545 1183 599 virtute
1228 542 1297 599 de
1343 540 1761 598 adversitatibus
1811 543 2200 614 triumphabat,

622 656 742 695 cum
776 648 979 708 septem
1009 637 1132 693 filiis
1167 652 1276 691 uno
1306 637 1533 691 orbatus
1562 644 1861 701 momento,
1886 652 1990 691 non
2019 647 2077 691 ut
2106 652 2204 707 pa-

623 746 705 789 ter
730 733 924 790 acerbo
951 733 1093 787 luctu
1133 729 1541 799 conﬁciebatur,
1582 730 1677 785 sed
1720 742 1778 785 ut
1816 745 1974 785 verus
2007 730 2099 785 Dei
2129 730 2198 785 fa-

620 828 795 882 mulus
816 840 977 895 super
997 823 1270 880 Creatoris
1291 823 1373 878 sui
1397 822 1674 878 voluntate
1696 823 1961 895 gaudebat
1982 820 2201 895 (Ibid.):

617 935 736 973 cum
767 934 830 972 ex
863 918 1129 987 locuplete
1161 916 1533 986 pauperrimus
1553 956 1567 979 ,
1615 916 1795 972 nudus
1820 932 1884 971 ex
1911 916 2101 983 divite,
2136 932 2203 972 ex

614 1010 794 1065 valido
827 1010 1037 1065 tabidus
1056 1054 1069 1076 ,
1097 1025 1163 1065 ex
1196 1011 1396 1077 inclyto
1423 1018 1476 1065 et
1500 1009 1734 1082 glorioso
1764 1011 2015 1082 ignobilis
2042 1020 2204 1083 atque

612 1103 927 1173 despectus,
964 1102 1328 1170 incorruptam
1359 1102 1524 1156 animi
1554 1101 1926 1158 fortitudinem
1968 1113 2204 1158 retenta-

614 1198 735 1263 bat;
767 1211 887 1251 cum
918 1194 1151 1267 denique
1176 1195 1322 1251 omni
1364 1195 1665 1251 substantia
1694 1205 1854 1266 atque
1883 1195 2077 1266 opibus
2107 1193 2202 1251 de-

612 1294 834 1347 stitutus
876 1290 1196 1361 sterquiliuii
1244 1298 1361 1345 erat
1407 1290 1578 1346 factus
1628 1289 1921 1358 habitator,
1954 1299 2009 1346 et
2049 1288 2200 1347 velut

612 1385 826 1456 quidam
851 1383 1095 1449 corporis
1121 1384 1201 1436 sui
1231 1383 1610 1437 severissimus
1639 1381 1905 1451 carnifex,
1939 1392 2075 1439 testa
2107 1398 2197 1439 ra-

611 1475 773 1533 de'bat
819 1476 1022 1531 saniem
1073 1472 1455 1544 profluentem,
1510 1484 1676 1546 atque
1727 1490 1796 1532 ex
1846 1476 1994 1531 omni
2046 1487 2200 1547 parte

610 1568 979 1624 membrorum
1007 1566 1190 1637 glebas
1215 1564 1479 1623 vermium
1499 1608 1514 1631 ,
1545 1566 1730 1637 digitis
1760 1567 1956 1622 mersis
1985 1568 2040 1622 in
2068 1583 2198 1638 pro-

608 1662 774 1717 funda
818 1662 1132 1726 vulnerum,
1164 1659 1507 1715 detrahebat.
1560 1659 1617 1715 In
1657 1659 1859 1731 quibus
1908 1665 2118 1718 cunctis
2144 1662 2197 1718 in

610 1755 809 1808 nullam
840 1751 1177 1824 desperando
1206 1754 1491 1825 prolapsus
1525 1763 1609 1809 est
1640 1752 2061 1826 blasphemiam,
2096 1771 2196 1814 nec
2224 1754 2273 1817 Β

609 1844 867 1900 adversus
879 1842 1187 1901 Creatorem
1206 1860 1359 1900 suum
1376 1845 1426 1900 in
1447 1844 1632 1918 aliquo
1644 1850 2020 1917 murmuravit;
2039 1851 2197 1921 quin-

609 1937 808 2004 immo,
850 1953 1183 2008 nequaquam
1216 1937 1568 1995 tentationum
1612 1940 1759 1997 mole
1798 1950 1959 2011 atque
1988 1944 2197 2000 acerbi-

610 2038 719 2085 tate
747 2028 1098 2097 conterritus,
1129 2031 1301 2101 ipsum
1330 2045 1548 2101 quoque
1572 2031 1715 2104 quod
1746 2048 1813 2089 ex
1839 2035 1985 2089 omni
2017 2034 2196 2103 pristi-

608 2138 676 2178 na
705 2122 959 2179 facultate
1000 2137 1099 2178 suo
1146 2124 1364 2194 corpori
1409 2127 1750 2198 superfuerat
1793 2127 2192 2197 indumentum,

608 2217 857 2289 quodque
888 2217 1093 2286 solum,
1124 2221 1248 2289 quia
1276 2220 1395 2289 ipso
1423 2219 1778 2285 veStiebatur,
1806 2237 1835 2275 a
1867 2219 2067 2276 diaboli
2098 2235 2194 2292 po-

608 2319 785 2367 tuerat
812 2312 1115 2367 vastatione
1138 2312 1358 2383 salvari,
1382 2312 1699 2370 rescindens
1721 2325 1883 2385 atque
1905 2315 2187 2386 abjiciens,

607 2404 806 2474 adjecit
831 2419 996 2474 super
1026 2405 1167 2459 illam
1202 2422 1361 2474 quam
1389 2405 1714 2463 durissimus
1740 2405 1907 2482 [Lips.
1940 2408 1995 2462 in
2022 2425 2189 2483 marg.

608 2494 934 2568 dirissimus]
966 2497 1149 2568 praedo
1183 2497 1439 2554 intulerat
1466 2511 1820 2568 spontaneam
1866 2499 2189 2558 nuditatem.

606 2593 830 2646 (Ioniam
862 2606 1074 2662 quoque
1115 2592 1340 2661 capitis,
1381 2608 1502 2664 qua:
1545 2594 1658 2649 sola
1688 2593 1755 2650 de
1780 2596 1976 2665 prioris
2003 2594 2190 2666 gloriae

608 2684 847 2755 reliquiis
892 2685 1092 2741 intacta
1124 2697 1494 2754 remanserat,
1539 2688 1779 2745 vexatori
1817 2704 1918 2746 suo
1962 2687 2190 2760 proiecit

607 2780 900 2836 abscissam
920 2821 935 2846 ,
962 2788 1018 2836 et
1044 2790 1326 2850 amputans
1353 2780 1515 2838 etiam
1543 2779 1597 2839 id
1632 2781 1775 2854 quod
1799 2783 2035 2840 smviens
2062 2782 2190 2840 reli-

606 2884 798 2945 querat
827 2874 1098 2943 inimicus,
1133 2875 1218 2930 illa
1249 2875 1458 2932 cmlesti
1483 2875 1743 2933 adversus
1774 2892 1896 2934 eum
1930 2893 2061 2934 voce
2088 2877 2186 2933 tri-

605 2970 794 3041 pudiat
823 2979 877 3025 et
908 2969 1134 3026 insultat
1160 2988 1176 3032 ς
1206 2969 1266 3026 Si
1294 2969 1433 3026 bona
1457 2975 1776 3043 suscepimus
1809 2972 1873 3028 de
1901 2989 2057 3027 manu
2084 2966 2188 3028 Do-

606 3061 756 3126 mini,
800 3062 941 3117 mala
984 3078 1078 3116 cur
1121 3078 1224 3117 non
1268 3063 1676 3119 sustinebimus?
1718 3059 1910 3120 Nudus
1955 3080 2187 3137 egressus

607 3170 722 3210 sum
746 3157 809 3209 de
833 3163 978 3210 utero
1007 3156 1184 3209 matris
1206 3172 1350 3223 metu,
1379 3159 1796 3213 nudusrevertar
1830 3158 1975 3213 illuc.
2005 3156 2187 3214 Domi-
2212 3130 2260 3201 ο

608 3264 703 3302 nus
727 3248 898 3315 dedit,
930 3245 1180 3303 Dominus
1207 3248 1449 3314 abstulit,
1472 3249 1725 3321 quomodo
1749 3249 1970 3305 Domino
1992 3251 2189 3320 placuit

532 3374 555 3395 ρ
607 3339 681 3393 sic
704 3346 898 3410 factum
928 3349 1003 3394 est
1025 3340 1126 3394 :sit
1152 3357 1331 3395 nomen
1355 3337 1569 3396 Domini
1595 3342 1914 3399 benedictum
1934 3342 2078 3417 (Job.
2104 3343 2184 3415 ιι).

606 3431 1021 3488 Ambidextrum
1050 3434 1247 3489 merito
1272 3433 1509 3489 dixerim
1534 3443 1589 3491 et
1615 3432 1840 3506 Josepb,
1870 3434 1960 3507 qui
1987 3436 2041 3492 in
2064 3450 2189 3507 pro-

608 3525 782 3592 spei-is
807 3525 1011 3595 gratior
1043 3524 1211 3595 patri,
1252 3525 1557 3598 religiosior
1595 3526 1874 3594 fratribus,
1916 3528 2189 3599 acceptior

608 3618 749 3684 Deo;
785 3620 836 3673 in
892 3620 1134 3675 adversis
1175 3629 1388 3691 castus,
1441 3621 1661 3676 domino
1708 3620 1904 3691 fidelis,
1954 3621 2187 3680 carceris

606 3711 923 3768 mitissimus
962 3712 1193 3779 vinctus,
1224 3712 1541 3783 injuriarum
1582 3712 1887 3782 immemor,
1917 3712 2188 3771 beneficus

610 3803 860 3869 inimicis,
897 3805 1114 3871 invidis,
1139 3814 1192 3859 et
1213 3816 1475 3875 quantum
1504 3803 1558 3860 in
1589 3807 1722 3876 ipsis
1751 3805 1852 3862 fuit
1876 3804 2189 3862 intenfecto-

606 3894 789 3963 ribus,
834 3895 1089 3951 fratribus
1127 3912 1237 3952 non
1266 3898 1441 3953 solum
1476 3899 1626 3966 pius,
1654 3898 1747 3954 sed
1779 3900 1939 3955 etiam
1974 3899 2189 3955 muniti-

607 4000 703 4041 cus
748 3988 1041 4043 invenitur.
1094 3987 1159 4041 Hi
1197 4003 1327 4058 ergo
1362 4003 1661 4060 eorumque
1703 3991 2011 4046 consimiles
2039 3999 2187 4048 recte

606 4078 926 4133 ambidextri
958 4088 1365 4148 nuncupantur;
1397 4088 1628 4151 utraque
1650 4081 1796 4137 enim
1829 4096 1992 4137 manu
2029 4090 2188 4140 utun-

611 4180 697 4223 tur
726 4186 823 4239 pro
849 4171 1057 4241 dextra,
1083 4182 1137 4227 et
1166 4173 1307 4228 inter
1336 4175 1451 4229 haec
1476 4188 1596 4244 qua:
1625 4176 1919 4246 Apostolus
1940 4176 2188 4234 dinume-

609 4272 694 4320 rat
738 4273 1101 4330 transeuntes,
1152 4268 1353 4339 pariter
1396 4266 1619 4324 dicunt:
1659 4266 1763 4325 Per
1793 4286 1939 4325 arma
1961 4270 2187 4345 justitiae

608 4370 723 4423 qua:
748 4370 779 4407 a
804 4354 998 4409 dextris
1032 4366 1150 4410 sunt
1180 4367 1228 4411 et
1258 4374 1290 4412 a
1313 4358 1556 4426 sinistris,
1589 4375 1679 4430 per
1706 4358 1926 4431 gloriam
1956 4371 2005 4416 et
2031 4362 2184 4433 igno-

609 4446 855 4501 bilitatem
871 4488 884 4513 ,
920 4464 1010 4517 per
1034 4450 1308 4519 infamiam
1332 4462 1380 4508 et
1404 4453 1585 4508 bonam
1606 4455 1801 4525 famam
1820 4456 1842 4527 (
1860 4453 1904 4511 ll
1926 4456 2044 4511 Cor.
2069 4455 2179 4530 Vt),

2307 445 2521 504 Erimus
2545 446 2706 518 igitur
2726 446 3075 516 ambidextri,
3096 449 3313 521 quando
3332 465 3432 508 nos
3458 465 3678 525 quoque
3708 468 3868 513 rerum

2307 541 2653 612 praesentium
2696 540 2848 611 c0pia
2874 539 2961 598 vel
2990 538 3169 613 in0pia
3199 558 3306 600 non
3336 545 3561 601 mutarit
3586 555 3641 602 et
3666 559 3761 604 nec
3788 548 3864 604 illa

2305 648 2406 689 nos
2441 632 2508 689 ad
2534 634 2837 705 voluptates
2866 635 3041 691 noxiae
3073 637 3411 695 remissionis
3440 640 3753 710 impulerit,
3781 654 3868 699 nec

2305 725 2504 819 istagad
2547 726 2983 798 desperationem
3034 730 3317 819 attgaxerit
3355 742 3409 787 et
3444 734 3751 803 querelam,
3789 734 3870 791 sed

2305 817 2553 874 similiter
2593 820 2705 876 Deo
2747 819 2951 891 gratias
2990 819 3043 877 in
3086 817 3316 895 utroque
3365 823 3668 882 referentes
3706 842 3868 898 parem

2306 908 2537 968 fructum
2565 910 2633 969 de
2659 913 2909 970 secundis
2956 914 3306 984 adversisque
3331 919 3643 989 capiamus;
3676 920 3870 991 qualem

2304 1019 2364 1060 se
2386 1003 2477 1060 ille
2508 1020 2667 1063 verus
2712 1005 3047 1063 ambidexter
3078 1009 3278 1066 Doctor
3325 1011 3563 1082 gentium
3604 1011 3774 1069 fuisse
3803 1025 3870 1071 te-

2304 1106 2498 1165 statur,
2523 1098 2747 1156 dicens:
2776 1100 2885 1171 Ego
2928 1104 3063 1155 enim
3100 1103 3262 1157 didici
3289 1104 3343 1158 in
3369 1104 3551 1175 quibus
3589 1120 3702 1159 sum
3747 1106 3875 1178 ruﬁo

2303 1192 2441 1246 ciens
2465 1209 2609 1259 esse;
2638 1194 2742 1247 scio
2771 1203 2821 1246 et
2847 1193 3143 1263 humiliari,
3167 1197 3275 1250 scio
3305 1207 3351 1250 et
3381 1197 3678 1265 abundare;
3708 1202 3875 1270 ubique

2301 1294 2351 1338 et
2377 1281 2431 1337 in
2452 1284 2685 1339 omnibus
2721 1284 2987 1339 institutus
3014 1302 3148 1354 sum,
3178 1295 3227 1343 et
3252 1288 3474 1343 soanori
3512 1300 3561 1345 et
3587 1293 3813 1358 esurire,
3835 1304 3871 1347 et

2302 1377 2567 1432 abundare
2601 1387 2653 1433 et
2701 1382 2968 1449 penuriam
2995 1382 3137 1451 pati;
3167 1381 3338 1437 omnia
3362 1399 3571 1454 possunt
3608 1387 3662 1440 in
3700 1402 3759 1441 eo
3795 1389 3873 1457 qui

2302 1489 2381 1529 me
2403 1476 2661 1544 confortat
2686 1468 2963 1544 (Philipp.
2994 1472 3103 1545 tv).

2904 1586 3135 1646 CAPUT
3174 1586 3260 1644 XI.

2373 1680 2448 1737 De
2476 1680 2672 1755 duplici
2699 1696 2880 1753 genere
2906 1684 3275 1755 tentationum,
3306 1696 3421 1753 qua
3448 1679 3641 1755 triplici
3659 1684 3811 1742 modo

2930 1752 3242 1825 inferuntur.

2372 1842 2515 1918 Ergo
2544 1842 2675 1902 licet
2701 1845 2997 1903 dixerimus
3022 1846 3329 1918 bipartitam
3353 1858 3477 1904 esse
3498 1847 3870 1917 tentationem,

2298 1937 2350 1994 id
2371 1947 2475 2002 est,
2503 1936 2555 1993 in
2584 1939 2748 1995 rebus
2772 1938 2857 1995 vel
2885 1938 3160 2008 prosperis
3191 1936 3279 1994 vel
3310 1937 3576 2007 adversis,
3598 1941 3871 1998 sciendum

2297 2040 2383 2089 est
2411 2041 2592 2088 tamen
2622 2045 2810 2089 omnes
2850 2029 3100 2089 homines
3126 2031 3323 2102 triplici
3350 2030 3563 2089 ratione
3600 2034 3793 2089 tentari
3827 2041 3870 2089 ι.

2298 2126 2623 2199 Plerumque
2647 2126 2717 2184 ob
2749 2127 3145 2198 probationem,
3168 2138 3571 2197 nonnumquam
3591 2124 3660 2182 ob
3683 2139 3875 2183 emen-

2295 2216 2600 2287 dationem,
2644 2218 2916 2274 interdum
2947 2217 3018 2273 ob
3062 2218 3254 2274 merita
3303 2214 3643 2275 delictorum.
3691 2216 3761 2274 Et
3801 2220 3873 2277 ob

2296 2310 2670 2381 probationem
2703 2308 2917 2382 quidem
2936 2309 3154 2367 beatum
3180 2308 3473 2378 Abraham,
3506 2316 3564 2366 ut
3590 2309 3871 2378 Job,mul-

2294 2414 2487 2477 tosque
2515 2413 2822 2461 sanctorum
2866 2402 3244 2460 tribulationes
3286 2402 3597 2460 innumeras
3644 2403 3868 2475 legimus

2294 2500 2614 2573 pertulisse;
2657 2498 2741 2556 vel
2789 2499 2921 2557 illud
2950 2499 3094 2572 quod
3125 2500 3177 2556 in
3211 2497 3633 2557 Deuteronomio
3673 2497 3870 2556 dicitur

2291 2592 2359 2649 ad
2387 2592 2641 2666 populum
2659 2609 2758 2665 per
2774 2591 2988 2667 Moysen
2999 2635 3014 2659 ,
3028 2589 3097 2647 Et
3123 2592 3470 2649 recordaberis
3482 2593 3654 2648 cuncti
3672 2592 3871 2649 itineris

2290 2685 2456 2754 illius,
2478 2704 2569 2757 per
2592 2684 2730 2755 quod
2752 2685 2971 2742 adduxit
2993 2694 3041 2741 te
3058 2681 3311 2742 Dominus
3337 2684 3478 2742 Deus
3502 2692 3623 2741 titus
3641 2685 3869 2756 quadra-

2290 2781 2434 2856 ginta
2462 2782 2613 2836 annis
2637 2796 2727 2855 per
2743 2781 3020 2849 demtum,
3036 2790 3091 2836 ut
3114 2779 3357 2853 afﬂigeret
3380 2788 3428 2835 te
3451 2787 3606 2852 atque
3632 2788 3866 2849 tentaret,

2290 2881 2340 2927 et
2365 2882 2487 2927 nota
2513 2870 2695 2943 ﬁerent
2722 2886 2836 2944 quae
2860 2870 2917 2927 in
2946 2880 3034 2927 tuo
3082 2873 3260 2927 animo
3296 2871 3660 2941 versabantur,
3698 2881 3869 2927 utrum

2289 2967 2573 3025 custodires
2594 2967 2842 3022 mandata
2853 2966 3019 3036 illius,
3034 2984 3101 3021 an
3115 2963 3470 3036 non(Deuter.
3491 2965 3632 3037 vin).
3650 2966 3716 3022 Et
3736 2965 3868 3022 illud

2290 3060 2434 3134 quod
2466 3060 2518 3116 in
2547 3060 2754 3132 psalmo
2782 3057 2980 3116 dicitur
3005 3078 3017 3113 :
3051 3057 3277 3116 Probavi
3298 3068 3347 3115 te
3368 3060 3513 3133 apud
3537 3074 3724 3131 aquam
3749 3076 3870 3116 con-

2291 3152 2618 3210 tradictionis
2647 3149 2821 3225 (Psal.
2851 3152 3039 3225 Lxxx).
3063 3152 3144 3209 Ad
3175 3151 3277 3209 Job
3308 3166 3563 3225 quoque:
3610 3154 3687 3208 An
3720 3163 3870 3225 putas

2291 3262 2373 3301 me
2401 3244 2491 3302 tibi
2518 3245 2671 3301 aliter
2698 3247 2951 3315 locutum,
2981 3262 3137 3317 quam
3164 3254 3219 3299 ut
3248 3258 3525 3318 appareres
3541 3246 3754 3317 justus?
3788 3242 3871 3302 Ob

2289 3338 2722 3396 emendationem
2774 3353 3095 3406 vero,cum
3144 3336 3318 3409 iustos
3368 3352 3497 3395 suos
3536 3352 3635 3409 pro
3680 3340 3871 3408 parvis

2289 3432 2618 3507 quibusdam
2641 3431 2957 3505 levibusque
2982 3433 3237 3505 peccatis,
3260 3444 3355 3489 seu
3378 3446 3475 3502 pro
3503 3432 3732 3488 elatione
3752 3444 3872 3493 suae

2290 3525 2540 3599 puritatis
2569 3522 2860 3581 bumilians
2904 3524 3131 3581 diversis
3164 3523 3550 3581 tentationibus
3581 3520 3780 3590 tradit,
3812 3534 3871 3580 ut

2289 3635 2505 3677 omnem
2528 3616 2747 3676 sordem
2774 3618 3183 3690 cogitationum,
3204 3625 3283 3686 et,
3302 3624 3363 3673 ut
3387 3615 3564 3674 verbis
3583 3616 3870 3688 propheta

2289 3711 2489 3786 dicam,
2505 3712 2734 3771 scoriam
2755 3728 2915 3785 quam
2934 3712 2989 3769 in
3016 3712 3240 3769 occultis
3261 3724 3449 3768 eorum
3474 3710 3721 3782 pervidet
3743 3724 3870 3769 esse

2289 3812 2622 3875 concretam,
2646 3818 2952 3873 escoquens
2981 3803 3034 3859 in
3068 3802 3320 3874 praesenti
3337 3844 3354 3871 ,
3378 3802 3527 3860 velut
3552 3818 3740 3860 aurum
3768 3816 3871 3873 pn-

2288 3914 2409 3954 rum
2440 3899 2619 3954 futuro
2646 3899 2972 3953 transmittat
2998 3895 3255 3962 examini,
3284 3896 3417 3951 nihil
3443 3896 3496 3952 in
3529 3896 3607 3952 eis
3628 3895 3871 3953 residere

2288 3994 2607 4063 permittens
2631 3991 2775 4063 quod
2804 4002 3051 4048 scrutatis
3078 3999 3199 4062 post
3230 3990 3349 4046 hac
3369 3990 3556 4061 iudicii
3586 3989 3725 4062 ignis
3753 4004 3869 4059 ρων

2289 4087 2398 4144 nali
2425 4087 2666 4142 cruciatu
2690 4093 3086 4158 expurgaturus
3130 4086 3369 4143 inveniat
3398 4080 3535 4157 (lea.
3563 4086 3628 4153 l),
3672 4097 3869 4141 secun-

2287 4179 2414 4235 dum
2442 4177 2573 4234 illud
2599 4196 2614 4234 :
2657 4177 2841 4234 Multa
2861 4179 3208 4234 tribulationes
3222 4180 3488 4249 justorum
3508 4175 3681 4247 (Psal.
3706 4177 3824 4244 nn)
3852 4192 3868 4232 :

2288 4280 2374 4339 et,
2405 4268 2537 4340 Fili,
2566 4270 2674 4327 noli
2699 4272 2954 4344 negligere
2977 4270 3303 4342 disciplinam
3328 4268 3563 4340 Domini,
3596 4284 3760 4338 neque
3788 4272 3871 4339 fu-

2288 4363 2463 4435 tigeris
2491 4364 2615 4419 dum
2639 4362 2703 4419 ab
2733 4380 2792 4419 eo
2812 4364 3125 4435 increparis:
3160 4379 3307 4435 quem
3331 4362 3465 4418 enim
3493 4359 3665 4434 diligit
3687 4360 3874 4416 Domi-

2288 4472 2410 4527 nus,
2436 4459 2686 4528 corripit:
2705 4459 2936 4530 ﬂagellat
2966 4466 3136 4513 autem
3178 4473 3375 4514 omnem
3400 4457 3567 4524 ﬁlium
3594 4471 3755 4524 quem
3784 4473 3873 4510 re-

606 4551 713 4597 etc.
748 4544 822 4598 De
849 4557 950 4613 qua
984 4543 1167 4600 dextra
1198 4547 1281 4602 vel
1320 4547 1536 4603 sinistra
1576 4523 1652 4604 ita
1680 4523 1940 4605 Salomon
1970 4564 2034 4606 ex
2064 4523 2185 4622 per-
2213 4523 2267 4588 D
2287 4523 2434 4622 cipit,
2463 4523 2738 4623 quis'enim
2765 4523 2837 4606 est
2865 4550 3007 4621 ﬁlius
3054 4565 3205 4622 quem
3254 4565 3354 4605 non
3401 4523 3614 4613 corripit
3669 4556 3827 4615 pater
3852 4552 3878 4604 Ρ

605 4649 737 4691 sona
767 4652 980 4707 sponsae
1012 4639 1245 4709 loquitur
1274 4641 1327 4695 in
1356 4639 1582 4697 Cantico
1611 4640 1961 4698 Canticorum
1992 4661 2007 4699 :
2031 4640 2185 4699 Lena

604 4731 717 4800 ejus
742 4729 834 4782 sub
869 4731 1034 4803 capite
1076 4746 1205 4798 meo,
1232 4741 1279 4787 et
1304 4734 1514 4788 dextera
1534 4738 1647 4807 ejus
1685 4735 2061 4804 amplexabitur
2104 4753 2185 4793 nte

606 4818 830 4889 (Cantic.
855 4823 937 4890 ιι).
956 4824 1099 4893 Quas
1130 4825 1259 4882 licet
1282 4839 1535 4899 utrasque
1565 4829 1724 4885 utiles
1745 4843 1866 4885 esse
1889 4829 2180 4901 signiticet,

604 4924 782 4972 tamen
812 4916 954 4973 illam
982 4920 1083 4974 sub
1104 4921 1278 4989 capite
1302 4936 1400 4976 suo
1432 4921 1602 4992 ponit,
1630 4924 1754 4994 quia
1782 4921 2063 4993 subjacere
2090 4921 2182 4981 de-

601 5006 731 5062 bent
758 5009 998 5065 adversm
1027 5024 1206 5077 partes
1232 5014 1517 5083 principali
1545 5015 1747 5071 cordis.
1776 5014 1860 5071 Ad
1889 5018 1993 5073 hoc
2015 5016 2181 5087 siqui-

599 5099 723 5155 dem
750 5109 953 5156 tantum
986 5102 1146 5158 utiles
1176 5111 1318 5167 sunt,
1367 5114 1421 5159 ut
1458 5121 1555 5175 pro
1600 5116 1844 5178 tempore
1872 5121 1969 5163 nos
2015 5120 2175 5164 exer-

600 5204 760 5248 ceant
790 5206 842 5249 et
872 5196 1121 5251 erudiant
1142 5196 1209 5251 ad
1230 5199 1560 5267 salutem,ac
1584 5201 1855 5271 perfectos
1878 5201 1942 5256 ad
1966 5202 2174 5270 patien-

600 5278 725 5339 t'iam
757 5287 1015 5355 reddant;
1046 5287 1324 5345 dexteram
1348 5304 1479 5345 vero
1505 5291 1574 5345 ad
1605 5290 1995 5349 confovendum
2026 5308 2085 5349 se
2108 5307 2172 5348 ac

598 5391 860 5452 perpetuo
912 5384 1339 5439 conservandam
1395 5386 1617 5441 salutari
1682 5388 1935 5457 amplexu
1986 5389 2169 5457 sponsi

2290 4644 2441 4714 Quod
2460 4645 2506 4702 si
2534 4656 2678 4702 extra
2718 4645 3049 4715 disciplinam
3077 4644 3222 4711 estis,
3250 4645 3397 4716 cujus
3417 4638 3696 4713 participes
3742 4640 3877 4712 facti

2284 4747 2406 4794 sunt
2430 4754 2626 4809 omnes,
2651 4753 2772 4810 ergo
2808 4735 3113 4807 adulterini,
3149 4745 3196 4791 et
3234 4751 3339 4790 non
3363 4733 3464 4803 lilii
3499 4732 3621 4787 estis
3671 4729 3871 4802 (Hebr.

2287 4832 2405 4905 xu).
2438 4832 2504 4888 Et
2532 4831 2586 4888 in
2616 4832 2976 4904 Apocalypsi:
3024 4830 3137 4904 Ego
3164 4844 3291 4901 quos
3317 4843 3455 4893 amo,
3492 4840 3655 4897 arguo
3682 4833 3735 4881 et
3778 4841 3873 4879 ca-

2286 4926 2416 4997 stigo
2447 4924 2631 4996 (Apoc.
2660 4924 2761 4996 ιιι).
2790 4924 2869 4979 Ad
2892 4937 3029 4993 quos
3048 4925 3209 4979 etiam
3236 4920 3339 4976 sub
3366 4920 3533 4990 figura
3557 4916 3869 4973 Jerusalem

2287 5032 2355 5072 ex
2386 5030 2615 5087 persona
2649 5016 2743 5071 Dei
2789 5016 2860 5071 ita
2890 5030 2984 5085 per
3012 5013 3302 5071 Jeremiam
3347 5026 3524 5067 sermo
3569 5008 3825 5081 dirigitur
3853 5025 3869 5063 :

2282 5104 2502 5161 Faciam
2525 5109 2662 5162 enint
2680 5108 3170 5163 consummationem
3193 5106 3247 5159 in
3267 5104 3499 5159 omnibus
3540 5102 3777 5175 gentibus
3812 5102 3869 5155 in

2279 5200 2464 5271 quibus
2492 5200 2711 5270 dispersi
2734 5210 2810 5265 te;
2836 5208 2885 5254 te
2908 5208 3081 5253 autem
3098 5214 3201 5253 non
3231 5197 3421 5265 faciant
3449 5196 3502 5249 in
3531 5208 3869 5249 consumma-

2280 5292 2490 5359 tionem,
2518 5293 2608 5348 sed
2636 5293 2892 5365 castigabo
2921 5303 2968 5345 te
2994 5294 3047 5346 in
3068 5291 3297 5365 judicio,
3324 5298 3378 5344 ut
3402 5304 3505 5343 non
3533 5286 3624 5341 tibi
3638 5284 3870 5340 videaris

2278 5391 2523 5445 innoxius
2549 5388 2763 5460 (larem.
2791 5385 2952 5459 xxx).
2979 5385 3084 5443 Pro
3104 5402 3206 5457 qua
3230 5384 3452 5441 salutari
3478 5380 3869 5440 emendatione

1628 5501 1909 5559 {ALARDI
1948 5500 2179 5559 GALEI
2218 5500 2779 5561 COMMENTARIUS.

665 5602 691 5631 ο
715 5592 931 5647 Scilicet
960 5608 990 5647 a
1018 5594 1168 5660 Deo;
1199 5594 1268 5651 de
1297 5610 1358 5651 ea
1382 5595 1523 5651 enim
1554 5597 1857 5652 tentatione
1885 5597 1970 5650 hic
1999 5596 2171 5664 loqui-

591 5672 701 5736 _tur_
722 5677 881 5730 quam
910 5664 1191 5734 Scriptura
1214 5667 1551 5736 disciplinam
1570 5706 1585 5733 ,
1614 5668 1971 5722 eruditionem
1995 5706 2009 5734 ,
2043 5681 2170 5735 pro-

586 5733 893 5803 bationem,
920 5733 1783 5806 castigationem,percussionem
1806 5745 1989 5794 vocat:
2013 5733 2169 5807 cujus

2272 5598 2468 5725 hriolex
2493 5640 2507 5668 ,
2541 5599 2706 5653 immo
2732 5596 3063 5669 quadruplex
3095 5610 3255 5654 causa
3294 5594 3408 5652 sive
3434 5589 3573 5651 ratio
3600 5588 3701 5649 hic
3742 5588 3868 5649 reda

2312 5679 2438 5725 itur.

2312 5679 2438 5725 ιῑυΓ.
