4036 6216
463 276 569 338 865

1516 253 1795 323 JOANNIS
1830 260 2155 321 CASSIANI
2191 255 2689 319 COLLATIONES.

461 400 769 457 excoquere
798 385 985 442 brevis
1012 397 1078 439 ac
1116 391 1493 439 momentanea
1545 394 1701 450 ptena
1748 378 2054 445 sufﬁceret,
2084 382 2133 441 Α
2163 383 2323 446 atque
2364 372 2596 443 imagine
2627 374 2918 443 liguratur,
2948 386 3303 444 quamquem
3333 388 3395 430 se
3420 374 3635 432 tamdiu
3664 391 3745 434 te-

461 484 559 540 sed
592 491 649 538 ut
672 478 888 535 caeteris
916 491 1132 548 quoque
1153 477 1243 547 qui
1269 474 1448 530 futura
1477 474 1561 529 vel
1586 473 1940 543 negligentes,
1963 471 2051 527 vel

464 576 680 646 penitus
708 586 814 627 non
843 570 1129 626 credentes
1152 610 1167 636 ,
1200 565 1638 623 consideratione
1682 564 2054 619 tantummodo

463 667 816 739 prmsentium
850 664 1264 733 frangebantur,
1300 670 1470 715 terror
1516 660 1736 713 istarum
1776 673 1911 729 quas
1939 671 2055 713 me-

468 758 691 814 tuebant
742 754 1003 809 ultionum
1052 752 1384 806 incuteretur
1429 750 1707 819 exemplo,
1763 763 1862 803 nec
1911 747 2053 818 apud

466 850 616 905 illam
662 846 856 901 summi
887 843 1124 899 numinis
1166 841 1504 911 majestatem
1542 855 1665 896 esse
1696 840 2053 895 humanarum

465 956 655 998 rerum
685 950 737 995 et
764 938 1094 1009 quotidiana:
1138 935 1559 1007 dispensationis
1596 935 1855 990 incuriam
1888 934 2056 989 docu-

467 1042 653 1090 mento
674 1032 837 1099 hujus
854 1029 1161 1085 severitatis
1189 1036 1566 1098 agnoscerent,
1586 1041 1649 1081 ac
1677 1026 2053 1081 retributorem

468 1125 640 1181 Deum
667 1133 982 1179 cunctorum
1036 1129 1250 1175 actuum
1292 1133 1387 1189 per
1416 1119 1531 1173 haec
1571 1133 1689 1187 qua:
1731 1118 2058 1188 gravissime

464 1215 834 1273 formidabant
894 1211 1233 1268 manilcstius
1276 1210 1637 1281 perviderent.
1682 1218 1709 1246 ι
1750 1208 2059 1263 Invenimus

469 1324 602 1365 sane
628 1308 789 1364 etiam
820 1321 916 1377 pro
950 1305 1249 1361 levioribus
1276 1303 1448 1374 culpis
1487 1302 1774 1359 nonnullos
1811 1302 2057 1358 eamdem

470 1401 665 1457 mortis
692 1400 758 1455 ad
791 1414 1030 1470 praesens
1055 1397 1335 1467 excepisse
1356 1398 1701 1460 sententiam,
1725 1410 1829 1466 qua
1858 1404 1983 1450 sunt
2004 1402 2061 1451 et

467 1492 549 1547 illi
574 1490 748 1562 puniti
781 1504 917 1561 quos
951 1488 1298 1559 praediximus
1325 1485 1597 1543 exstitisse
1624 1486 1902 1557 sacrilega:
1926 1501 2062 1556 prte-

468 1584 817 1641 varieationis
846 1592 1098 1636 auctores
1118 1622 1133 1647 ,
1165 1590 1223 1635 ut
1250 1579 1449 1634 factum
1479 1588 1563 1636 est
1600 1578 1654 1634 in
1687 1578 1779 1635 illo
1807 1578 1898 1649 qui
1937 1577 2063 1633 sab-

466 1676 596 1733 bato
642 1676 784 1746 ligna
823 1674 1115 1744 collegerat
1145 1672 1335 1743 (Num.
1381 1670 1477 1740 xv)
1504 1714 1520 1739 ,
1566 1671 1650 1727 vel
1679 1672 1733 1726 in
1773 1670 1982 1726 Anania
2008 1678 2065 1726 et

2158 469 2313 533 tinet,
2335 464 2509 521 donec
2534 464 2641 520 alio
2672 478 2859 520 rursus
2888 465 3150 535 impresso
3175 464 3454 537 signaculo
3486 466 3740 525 reforme-

2158 569 2264 624 tur,
2295 569 2454 628 atque
2481 558 2551 612 ita
2582 555 2674 611 [iet
2696 566 2778 623 ut,
2810 572 3101 626 numquam
3134 558 3188 612 in
3212 572 3310 613 sua
3342 557 3605 628 qualitate
3626 575 3745 630 per-

2156 651 2375 716 sistens,
2409 647 2478 703 ad
2508 648 2735 703 formam
2762 662 2951 703 eorum
2975 663 3097 717 qua:
3120 648 3511 717 imprimuntur
3536 665 3747 720 semper

2156 750 2507 799 convertatur
2547 754 2613 795 ac
2660 748 2904 795 transeat
2939 756 2953 794 :
2992 740 3123 809 quin
3172 743 3351 810 potius
3400 740 3567 797 debet
3609 743 3749 798 velut

2157 833 2429 905 quoddam
2452 846 2574 888 esse
2597 830 2627 871 δ
2654 831 3059 887 adamantinum
3092 832 3472 903 signatorium,
3499 843 3559 890 ut
3581 834 3751 890 invio.

2158 925 2375 982 labilem
2408 938 2562 979 mens
2589 932 2775 979 nostra
2814 924 3039 995 ﬁguram
3068 925 3153 979 sui
3182 939 3399 996 semper
3427 926 3744 983 custodiens

2160 1019 2519 1087 characteris,
2554 1022 2805 1074 universa
2833 1034 2957 1090 qua:
2981 1019 3311 1075 incurrerint
3340 1018 3440 1075 sibi
3473 1012 3756 1089 ad'quali-

2162 1121 2326 1167 tatem
2349 1110 2431 1166 sui
2453 1120 2627 1165 status
2649 1110 2829 1179 signet
2855 1120 3019 1181 atque
3047 1110 3430 1176 transformet;
3474 1112 3589 1182 ipsa
3621 1126 3755 1168 vero

2165 1201 2417 1273 insigniri
2445 1199 2613 1257 nullis
2643 1201 2952 1257 incursibus
2979 1204 3171 1272 possit.

2754 1316 2987 1375 CAPUT
3028 1318 3169 1375 XIII.

2168 1411 2540 1483 Interrogatio,
2582 1412 2626 1466 si
2653 1412 2817 1485 possit
2834 1429 2989 1485 iniens
3026 1414 3081 1485 in
3111 1429 3216 1467 una
3242 1420 3391 1483 atque
3417 1412 3600 1468 eadem
3628 1427 3758 1485 qua-

2653 1483 2801 1536 litate
2815 1484 3011 1554 jugiter
3041 1483 3253 1539 durare.

2237 1576 2541 1632 Germanus
2570 1592 2585 1629 :
2612 1574 2870 1630 Potestne
2914 1589 3070 1631 mens
3117 1584 3302 1631 nostra
3345 1591 3513 1632 unum
3554 1584 3757 1633 statum

2163 1667 2363 1738 jugiter
2392 1667 2649 1734 retinere,
2694 1675 2751 1722 et
2781 1666 2837 1721 in
2866 1666 3060 1723 eadem
3092 1682 3307 1739 semper
3334 1668 3601 1740 qualitate
3625 1683 3754 1740 per-

466 1767 735 1838 Sappbira
755 1807 770 1832 ,
800 1765 891 1835 qui
922 1779 1114 1834 parum
1140 1762 1396 1834 quiddam
1423 1762 1491 1818 de
1520 1761 1824 1818 substantia
1855 1777 1953 1818 sua
1980 1762 2062 1816 in-
2092 1748 2141 1809 Β
2168 1759 2407 1817 sistere?

469 1857 746 1913 lldelitatis
800 1868 988 1909 errore
1031 1861 1381 1908 servaverant
1426 1852 1624 1922 (Actor.
1656 1852 1743 1923 v):
1778 1868 1885 1908 non
1916 1852 2061 1923 quod

469 1948 701 2017 mqualia
728 1946 931 2002 fuerint
953 1946 1191 2016 pondera
1216 1952 1579 2015 peccatorum,
1604 1944 1700 2001 sed
1716 1946 1840 2015 quia
1861 1946 2063 2015 reperti

469 2055 632 2097 nova:
658 2037 1113 2108 transgressionis
1142 2046 1585 2108 prmsumptores,
1612 2039 1913 2094 debuerunt
1934 2054 2065 2109 pra:-

467 2134 607 2192 bere
626 2132 859 2197 caeteris,
885 2131 1340 2201 quemadmodum
1358 2130 1586 2202 peccati,
1604 2133 1673 2187 ita
1696 2133 1857 2187 etiam
1888 2146 2063 2202 ptenm

469 2241 536 2283 ac
568 2223 793 2281 terroris
822 2224 1169 2294 exemplum,
1203 2232 1259 2278 ut
1288 2224 1534 2295 quisquis
1578 2224 1764 2281 eadem
1805 2224 2063 2293 deinceps

469 2317 727 2375 aﬁ'ectare
771 2324 1078 2381 tentasset,
1122 2324 1306 2372 nosset
1333 2317 1438 2371 sibi
1466 2317 1767 2372 secundum
1816 2314 2062 2371 eamdem

469 2413 703 2469 formam
732 2425 839 2482 qua
866 2410 941 2465 illi
970 2410 1210 2465 damnati
1259 2419 1403 2477 sunt,
1450 2410 1611 2465 etiam
1641 2410 1685 2465 si
1725 2410 1777 2464 in
1810 2406 2063 2477 praesenti

470 2504 796 2575 supplicium
823 2500 1121 2567 diﬂ‘eratur,
1158 2501 1213 2555 in
1263 2499 1425 2555 futuri
1453 2499 1639 2569 judicii
1667 2498 2065 2555 examinatione

473 2595 832 2653 reddendum.
870 2594 936 2647 Et
961 2594 1086 2664 quia
1120 2592 1367 2649 videmur
1417 2607 1700 2648 excessum
1729 2591 2015 2663 quemdam
2044 2632 2061 2659 ,

472 2686 604 2743 dum
646 2700 844 2757 genera
892 2684 1251 2740 tentationum
1299 2684 1383 2739 vel
1427 2682 1689 2737 ultionum
1743 2698 2064 2755 percurrere

472 2780 743 2840 volumus,
769 2792 799 2831 a
830 2777 1103 2848 proposita
1133 2774 1445 2831 narratione
1470 2775 1686 2840 fecisse,
1706 2789 1813 2846 qua
1842 2774 2064 2832 diceba-

473 2885 599 2926 mus
651 2870 828 2924 virum
881 2868 1175 2938 perfectum
1217 2866 1274 2923 in
1322 2875 1551 2938 utraque
1593 2868 1893 2923 tentatione
1944 2883 2061 2923 ma-

470 2978 608 3019 nere
648 2977 864 3033 semper
902 2962 1230 3019 immobilem
1252 3000 1269 3029 ,
1310 2962 1377 3018 ad
1401 2961 1647 3019 eamdem
1688 2976 1830 3019 nunc
1865 2961 2063 3019 iterum

470 3064 833 3113 revertamur.

1075 3124 1303 3181 CAPUT
1343 3124 1461 3181 XII.

477 3217 749 3287 Quomodo
780 3218 854 3272 vir
871 3218 1175 3293 justusnon
1204 3234 1353 3284 certe,
1394 3218 1484 3272 sed
1505 3218 1859 3293 adamantino
1888 3218 2067 3293 signa-

859 3292 991 3343 torio
1030 3287 1209 3341 debeat
1239 3304 1346 3343 esse
1374 3288 1676 3342 consimilis.

545 3405 734 3476 Itaque
762 3421 914 3461 mens
936 3406 1039 3460 viri
1059 3405 1189 3475 justi
1216 3418 1323 3460 non
1345 3403 1508 3460 debet
1526 3417 1649 3459 esse
1672 3404 1869 3461 similis
1898 3420 2062 3475 cerae,

483 3497 574 3555 vel
599 3498 822 3554 alterius
860 3499 1175 3569 cujusquam
1202 3496 1443 3552 materiae
1472 3495 1759 3563 mollioris,
1782 3513 1904 3568 quas
1925 3514 2068 3555 sem-

479 3604 584 3662 per
623 3591 925 3647 cltaracteri
966 3590 1294 3662 signantium
1338 3588 1552 3646 cedens
1584 3604 1682 3661 pro
1727 3590 1845 3662 ejus
1893 3590 2066 3648 forma

2760 1829 2991 1889 CAPUT
3027 1828 3172 1889 XIV.

2346 1922 2637 1991 Responsio
2662 1923 2731 1978 ad
2756 1924 3128 1993 interrogantis
3158 1923 3583 1995 propositionem.

2238 2017 2592 2074 Theodorus:
2620 2016 2853 2073 Necesse
2874 2025 3058 2084 estut,
3089 2016 3388 2071 secundum
3415 2018 3758 2087 Apostolum,

2169 2118 2260 2164 aut
2289 2117 2561 2163 renovatus
2578 2109 2697 2179 quis
2724 2108 2909 2177 spiritu
2938 2107 3122 2161 mentis
3151 2122 3259 2161 sua:
3283 2106 3515 2176 (Ephes.
3540 2122 3590 2163 Iv
3611 2107 3633 2178 )
3656 2122 3764 2179 per

2169 2202 2412 2273 singulos
2431 2200 2547 2257 dies
2570 2200 2821 2272 proﬁciat
2838 2241 2854 2266 ,
2876 2202 2943 2254 ad
2971 2216 3031 2255 ea
3049 2215 3163 2270 qua:
3183 2200 3238 2254 in
3262 2210 3383 2254 ante
3405 2210 3523 2255 sunt
3547 2217 3599 2256 se
3616 2218 3757 2257 sent-

2170 2310 2260 2364 per
2285 2295 2564 2350 extendens
2587 2292 2860 2365 (Philipp.
2884 2308 2942 2348 ιιι
2961 2294 3009 2361 );
3042 2301 3135 2348 aut
3155 2293 3200 2347 si
3223 2293 3544 2362 neglexerit,
3579 2305 3603 2333 ο
3626 2310 3764 2351 con-

2170 2400 2404 2457 sequens
2432 2395 2518 2441 est
2546 2395 2605 2441 ut
2635 2395 2782 2441 retro
2813 2384 3003 2441 redeat
3040 2395 3202 2455 atque
3244 2385 3299 2441 in
3336 2384 3583 2442 deterius
3612 2386 3762 2444 rela-

2170 2479 2349 2535 batur;
2380 2478 2451 2533 Et
2489 2477 2691 2534 idcirco
2734 2477 2883 2533 nullo
2921 2476 3083 2533 modo
3130 2491 3283 2533 mens
3327 2478 3528 2548 poterit
3556 2477 3610 2533 in
3652 2492 3761 2533 una

2169 2580 2331 2641 atque
2360 2569 2549 2625 eadem
2578 2569 2840 2639 qualitate
2879 2567 3102 2631 durare,
3133 2568 3283 2625 velut
3322 2569 3368 2624 si
3412 2571 3536 2639 quis
3567 2579 3759 2627 contra

2172 2677 2341 2733 aquas
2390 2660 2629 2717 fluminis
2673 2659 2901 2717 violenti
2948 2674 3141 2716 navem
3184 2658 3437 2730 subigere
3479 2675 3761 2718 remorum

2171 2754 2499 2825 impulsione
2547 2762 2798 2819 conetur,
2850 2766 3076 2808 necesse
3122 2761 3205 2809 est
3251 2767 3377 2808 eum
3423 2762 3518 2808 aut
3559 2752 3767 2811 virtute

2169 2845 2520 2902 brachiorum
2550 2844 2811 2901 torrentis
2852 2843 2992 2900 alvei
3020 2844 3282 2915 impetum
3311 2844 3659 2901 desecantem
3688 2846 3764 2902 ad

2169 2938 2449 3010 superiora
2470 2938 2862 3004 conscendere,
2881 2944 2975 2992 aut
2994 2938 3239 2993 remissis
3258 2937 3510 2993 manibus
3529 2938 3599 2993 ad
3623 2953 3768 3007 pra!-

2172 3047 2304 3103 ceps
2348 3047 2525 3104 prono
2556 3046 2715 3087 amne
2759 3031 3028 3086 revocari.
3076 3029 3414 3101 Quapropter
3464 3030 3610 3086 istud
3652 3032 3767 3088 erit

2090 3139 2137 3203 c
2169 3128 2392 3186 evidens
2417 3129 2588 3185 nostri
2611 3126 2874 3183 indicium
2898 3124 3235 3196 detrimenti,
3261 3125 3307 3182 si
3329 3124 3765 3184 intellexerimus

2173 3238 2275 3278 nos
2299 3223 2433 3279 nihil
2460 3222 2699 3292 amplius
2724 3219 3059 3291 acquisisse;
3086 3234 3186 3276 nec
3211 3218 3527 3276 dubitemus
3555 3228 3767 3277 retror-

2171 3329 2292 3371 sum
2326 3312 2794 3394 nos.omnimodis
2824 3321 3125 3381 revocatos,
3159 3326 3265 3382 qua
3306 3310 3398 3368 die
3427 3326 3537 3366 non
3568 3326 3764 3369 sense-

2169 3410 2343 3465 rimus
2370 3408 2436 3463 ad
2461 3408 2738 3478 superiora
2770 3419 3113 3478 progressos,
3148 3404 3296 3475 quia,
3330 3411 3389 3460 ut
3407 3403 3543 3469 dixi,
3576 3419 3677 3460 nec
3701 3405 3760 3461 in

2170 3500 2364 3558 eodem
2389 3508 2533 3555 statu
2558 3514 2711 3554 mens
2734 3497 2972 3554 hominis
2998 3506 3172 3569 potest
3190 3497 3394 3568 jugiter
3416 3511 3759 3569 permanere,

2171 3608 2273 3652 nec
2311 3595 2364 3649 in
2395 3593 2497 3649 bac
2538 3607 2705 3649 carne
2747 3591 3084 3659 consistens,
3131 3589 3208 3646 ita
3244 3591 3503 3647 virtutum
3549 3591 3760 3663 apicem

1556 3747 1817 3808 ALARDI
1855 3750 2086 3808 GAZEI
2124 3748 2691 3809 COMMENTARIUS.

554 3874 582 3902 ι
622 3863 682 3919 In
725 3864 968 3920 eamdem
1017 3862 1338 3919 sententiam
1384 3861 1624 3917 Isidorus
1669 3861 1940 3919 Pelusiota
1990 3866 2056 3921 ad

478 3936 736 4006 Orionem
766 3934 1087 3991 monachum
1112 3935 1182 3988 ita
1204 3934 1480 4001 rescripsit
1503 3931 1643 4006 (Lib.
1669 3948 1684 3987 ι
1706 3937 1859 4002 epist.
1894 3934 2016 4006 181)
2042 3954 2054 3988 :

478 4005 611 4065 Non
632 4008 971 4070 credulitatis,
996 4018 1146 4074 atque
1167 4006 1406 4059 amentiae
1433 4008 1553 4071 fuit,
1571 4005 1648 4057 vir
1670 4005 2058 4071 studiosissime,

478 4080 635 4151 quod
660 4073 1068 4151 sapientissimus
1098 4073 1283 4129 Petrus
1314 4090 1396 4151 eos
1422 4074 1511 4151 qui
1534 4086 2065 4151 peccaverantmorte

481 4145 659 4216 affecit
686 4150 829 4217 (Act.
858 4163 889 4200 v
910 4146 952 4215 ),
975 4162 1147 4198 verum
1168 4146 1483 4217 prmscientis
1510 4145 1758 4197 doctrina:
1786 4146 1950 4217 multa
1970 4145 2065 4199 lto-

480 4213 921 4288 sn—inum'prccata
950 4213 1309 4288 prasanantis.
1343 4213 1485 4267 Nam
1511 4231 1624 4288 cum
1646 4223 1765 4268 tunc
1795 4214 2066 4286 Evangelii

480 4286 757 4345 sementem
798 4286 965 4358 facere
1004 4287 1349 4358 inrupissent.
1386 4302 1446 4339 ac
1480 4286 1649 4338 statim
1671 4295 1836 4358 enata
1867 4288 2067 4344 zizania

481 4356 888 4427 ponspexissent,
910 4358 1127 4426 sapienti
1151 4357 1363 4410 consilio
1384 4372 1444 4409 ea
1463 4356 1731 4425 confestim
1753 4357 2063 4425 evulserunt,

483 4447 554 4487 ste
594 4446 699 4483 una
740 4446 853 4483 cum
915 4429 1082 4482 tritico
1114 4436 1269 4480 aucta
1297 4429 1474 4496 futuro
1504 4428 1613 4497 igni
1651 4428 1719 4480 ad
1746 4430 2065 4483 cenationem

482 4510 829 4558 seruarentur.
860 4500 939 4553 Ad
968 4497 1200 4571 euntdem
1230 4499 1440 4571 modum
1471 4498 1675 4551 divinus
1696 4515 1895 4569 quoque
1916 4498 2067 4571 Moy-

483 4591 569 4629 ses
597 4573 754 4643 legem
783 4571 847 4625 ab
869 4570 1018 4624 initio
1044 4572 1215 4623 statim
1244 4568 1489 4622 violatam
1521 4568 1853 4643 perspiciens,
1882 4573 1974 4643 etsi
2004 4568 2065 4625 ob

484 4641 731 4716 exiguum
758 4652 1041 4716 peccatum,
1067 4643 1205 4716 saxis
1232 4650 1401 4716 tamen
1434 4641 1725 4716 eumobrui
1754 4642 1937 4716 jussit,
1978 4646 2067 4713 qui

487 4710 794 4771 die'sabba'ti
825 4714 967 4785 ligna
996 4712 1291 4785 collegerat,
1328 4710 1491 4785 Deum
1526 4711 1757 4785 videlicet
1786 4711 1917 4785 Itane
1944 4710 2064 4766 sen-

488 4788 701 4842 tentiam
732 4780 906 4840 tulisse
928 4780 1169 4836 scribens.
1200 4783 1325 4837 Haec
1347 4782 1584 4836 lsidans
1608 4780 1758 4851 (Lib.
1784 4796 1855 4835 vtt
1888 4781 2065 4837 Instit.

485 4876 536 4915 c.
575 4856 694 4925 14).
728 4857 897 4912 Porro
932 4853 999 4909 de
1029 4856 1251 4909 Ananiae
1277 4864 1330 4908 et
1359 4851 1638 4923 Sapphirae
1677 4854 1895 4908 interitu
1933 4854 2069 4911 alias

468 4972 472 5001 ;
486 4930 716 5001 egimus.
813 4980 820 4988 ,

444 4990 475 5075 εξ
518 4990 587 5075 fl,
631 5000 740 5054 lloc
766 4997 1231 5075 estlsigillnmuex
1254 4993 1534 5075 adamante
1558 4993 1757 5066 lapide,
1787 4994 1940 5075 cujus
1970 4996 2069 5051 du-

484 5072 662 5135 rities,
691 5079 829 5126 teste
852 5066 1025 5123 Plinio
1047 5066 1193 5133 (Lib.
1228 5081 1336 5121 xvtt
1360 5066 1501 5138 Hist.
1525 5075 1634 5119 nat.
1660 5082 1775 5138 cap.
1806 5067 1897 5133 4),
1924 5076 2067 5121 tanta

485 5152 594 5205 est,
625 5150 684 5195 ut
711 5156 812 5195 nec
841 5140 982 5196 ferro
1008 5139 1185 5205 cedat,
1218 5152 1319 5193 nec
1339 5137 1471 5209 igni,
1501 5152 1600 5191 nec
1624 5137 1875 5206 umquam
1910 5139 2063 5192 inca-

484 5215 675 5270 lescat.
726 5212 881 5268 Unde
912 5211 1255 5280 proverbium
1284 5208 1493 5280 natum,
1525 5224 1634 5280 quo
1673 5208 1932 5280 quidquid
1965 5210 2066 5263 du-

487 5299 637 5351 rum,
671 5278 1013 5347 indomitum,
1056 5279 1493 5349 inexpugnabile,
1528 5278 1928 5351 adamantinnm
1958 5294 2067 5351 _vo-

486 5349 698 5411 camus.
736 5355 871 5409 Hinc
900 5353 1158 5423 Origenes
1187 5351 1539 5405 Adamantius
1579 5350 1757 5404 dictus
1792 5350 1860 5402 ob
1891 5349 2069 5403 infati-

486 5427 724 5498 gabilem
756 5426 824 5498 in,
852 5422 1137 5498 scribendo
1170 5422 1514 5498 legendoque
1554 5432 1831 5498 naturam,
1870 5435 2068 5498 cogno-

488 5491 677 5554 Fnento
708 5498 775 5552 ab
815 5495 1110 5551 invincibili
1160 5491 1459 5548 adamantis
1503 5492 1695 5562 lapidis
1736 5492 1788 5547 vi
1819 5491 2070 5561 imposito

491 5568 599 5641 (ι).
627 5568 840 5641 ῌίενοη.
871 5568 1017 5637 epist.
1057 5564 1184 5641 18).

566 5651 589 5679 ο
632 5639 807 5694 Locus
850 5632 1153 5694 communis
1198 5635 1265 5689 de
1296 5634 1537 5703 profectu
1582 5632 1866 5705 spirituali,
1907 5647 2065 5702 quem

489 5711 765 5766 nonnullis
807 5710 906 5767 SS.
949 5708 1166 5761 Patrum
1213 5706 1498 5760 sententiis
1533 5706 1682 5775 juvat
1713 5706 1984 5759 illustrare
2014 5713 2069 5760 et

488 5780 831 5837 confirmare.
884 5786 1107 5847 August.
1149 5778 1204 5832 in
1235 5775 1426 5846 psalm.
1468 5791 1592 5831 thx
1620 5793 1634 5828 :
1665 5775 2069 5842 Quantumcum-

2096 4690 2239 4767 υᾶἑ

2163 3882 2281 3935 que,
2315 3865 2506 3937 inquit,
2540 3866 2632 3939 hic
2645 3866 2938 3939 Macrianus,
2968 3875 3445 3939 quantumcumque
3465 3868 3555 3922 hic
3583 3871 3760 3939 profe-

2167 3935 2406 3998 cerimus;
2432 3952 2578 3991 nemo
2600 3936 2735 3990 dicat
2757 3952 2775 3989 :
2800 3935 3019 4007 Sufﬁcit,
3040 3941 3213 4008 justus
3235 3935 3368 4008 sum.
3401 3938 3505 4003 Qui
3546 3935 3757 4008 dixerit,

2166 4008 2415 4083 remansit
2444 4010 2499 4083 in
2526 4008 2627 4083 via,
2657 4024 2761 4083 non
2792 4007 3241 4083 no‘vitperrenire.
3276 4007 3379 4083 Ubi
3399 4010 3612 4075 dixerit,
3645 4007 3759 4083 sur;

2170 4078 2300 4154 ficit,
2344 4078 2413 4132 ibi
2461 4079 2631 4154 luerit.
2678 4078 2896 4132 Attende
2923 4078 3252 4154 Apostolum.
3280 4080 3367 4133 cui
3405 4078 3759 4154 nonsuﬁcit.

2173 4146 2407 4222 Fratres,
2454 4151 2774 4222 inquit,_ego
2819 4165 2899 4202 me
2938 4146 3041 4204 non
3084 4151 3310 4222 arbitror
3358 4146 3760 4222 apprehendisse

2173 4218 2447 4290 (Philipp.
2491 4219 2607 4289 ιιι).
2633 4216 2956 4291 Είνιιηιιηι
2997 4222 3161 4274 dicit:
3189 4221 3291 4287 Qui
3332 4216 3562 4291 se'putat
3598 4229 3758 4291 scire,

2173 4292 2403 4363 nondum
2424 4292 2540 4356 scit,
2562 4289 2995 4361 quemadmodum
3016 4308 3132 4346 eum
3155 4302 3387 4359 oporteat
3402 4289 3534 4346 scire
3557 4296 3575 4363 (
3597 4289 3757 4350 ICor.

2172 4361 2323 4431 νιιι).
2358 4359 2533 4415 Unum
2568 4359 2736 4415 autem
2764 4376 2879 4431 qua:
2913 4371 3049 4417 retro
3087 4380 3201 4417 sum
3231 4363 3438 4427 oblitus,
3479 4364 3532 4416 in
3556 4359 3617 4419 ea
3643 4382 3759 4429 qua!

2118 4464 2125 4475 -
2174 4442 2289 4485 ante
2332 4442 2470 4499 sunt,
2501 4440 2753 4495 extentus.
2794 4432 3071 4487 secundum
3107 4435 3434 4489 intentionem
3470 4450 3657 4499 sequor
3684 4440 3757 4490 ad

2175 4501 2404 4577 palmam
2447 4518 2696 4577 superate
2719 4504 2998 4577 uocationis
3039 4502 3309 4577 (Philipp.
3356 4518 3409 4557 ιιι
3424 4502 3463 4577 )ε
3496 4501 3598 4557 Ille
3625 4521 3750 4574 ergo

2174 4570 2359 4645 currit,
2391 4584 2444 4626 tu
2469 4570 2699 4645 haesisti?
2726 4570 2830 4645 Ille
2856 4575 2979 4645 dicit
3008 4570 3063 4629 se
3087 4570 3317 4628 nondum
3348 4570 3647 4645 perfectum.
3686 4570 3754 4630 ἱιι

2178 4642 2242 4715 de
2268 4644 2583 4715 perfectione
2605 4644 2882 4715 gloriaris?
2910 4642 2967 4698 S.
2999 4645 3113 4701 Leo
3157 4642 3397 4715 pontifex
3437 4648 3490 4697 in
3521 4661 3694 4703 serm.
3721 4648 3759 4701 ἓ

2304 4661 2581 4714 σιρειιοηε
2605 4661 2882 4713 granum!
2910 4661 2967 4698 δ.
2999 4661 3113 4701 Leo
3157 4661 3397 4715 pontttex
3437 4661 3490 4697 tn
3521 4661 3694 4703 serm.
3721 4661 3759 4701 'z

2260 4661 2678 4782 guadragesima
2700 4731 2713 4767 :
2735 4711 2942 4767 Natura
2956 4725 3150 4782 nostra,
3168 4728 3402 4771 manente
3420 4717 3593 4771 adhuc
3616 4735 3759 4773 rnor-

2170 4783 2390 4858 talitate,
2414 4783 2699 4858 mutabilis,
2722 4785 2815 4837 etsi
2838 4784 2905 4839 ad
2929 4803 3125 4840 summa
3144 4804 3353 4858 quaeque
3384 4789 3631 4843 virtutum
3653 4800 3761 4844 stn-

2172 4856 2273 4929 dia
2290 4856 2627 4929 provehatur;
2658 4870 2857 4929 semper
2889 4865 3055 4911 tamen
3084 4856 3215 4911 sicut
3242 4856 3407 4929 potest
3434 4859 3625 4914 habere
3660 4879 3759 4929 quo

2171 4928 2389 4990 recidat,
2414 4927 2485 4979 ita
2516 4935 2681 4999 potest
2711 4926 2899 4999 nabere
2928 4944 3028 4997 quo
3058 4926 3271 4981 crescat.
3310 4928 3378 4982 Et
3406 4930 3515 4984 haec
3537 4942 3611 4984 est
3639 4926 3758 4999 per-

2174 4999 2423 5069 fectorum
2455 5012 2569 5049 vera
2588 4996 2820 5069 justitia,
2852 5009 2905 5052 ut
2928 5015 3202 5068 numquam
3232 5010 3551 5069 prwsumant
3576 4996 3760 5056 se'esse

2175 5066 2455 5139 perfecto};
2486 5082 2563 5139 (ne
2589 5066 2654 5139 ab
2678 5066 2877 5139 itineris
2916 5066 3139 5122 nondum
3164 5066 3298 5139 ﬁniti
3343 5071 3626 5126 intentione
3651 5088 3759 5126 ces-

2170 5150 2360 5211 santes,
2384 5137 2453 5190 ibi
2475 5137 2706 5189 incidant
2727 5138 2997 5211 dejiciendi
3019 5137 3325 5205 periculum,
3350 5141 3438 5209 ubi
3452 5143 3759 5211 proficiendi

2171 5209 2496 5281 deposuerint
2524 5211 2847 5281 appetituan
2871 5209 2929 5262 Ι).
2966 5210 3266 5281 Bernardus
3298 5214 3350 5266 in
3378 5209 3611 5281 qundam
3639 5216 3752 5279 epi-

2170 5277 2308 5334 stola
2355 5278 2555 5403 “Epist.
2586 5277 2773 5347 255):
2811 5278 2854 5333 0
2893 5280 3166 5346 monache.
3208 5298 3310 5337 non
3348 5277 3425 5365 vis
3468 5277 3758 5365 proﬁcere?

2175 5348 2318 5403 Non.
2406 5368 2447 5403 ts
2474 5366 2593 5403 erao
2620 5348 2882 5403 deﬁcere?
2914 5348 3267 5403 Nequaquam.
3302 5352 3442 5403 Ouid
3472 5355 3636 5403 emo?
3667 5355 3757 5403 Sne

2175 5348 2318 5424 Non.
2361 5348 2447 5424 _Vis
2474 5366 2593 5424 ergo
2615 5348 2882 5424 deﬁcere?
2914 5348 3267 5420 Nequaquam.
3302 5352 3442 5418 Quid
3468 5348 3636 5424 ergo?
3666 5355 3757 5408 Sic

2173 5420 2324 5485 mihi,
2354 5421 2547 5496 inquis,
2579 5420 2742 5496 uiuere
2783 5420 2919 5483 volo,
2952 5432 2999 5474 et
3027 5438 3229 5496 attinere
3250 5426 3305 5478 in
3345 5426 3485 5496 quod
3512 5420 3753 5496 perveni.

2174 5507 2267 5545 nec
2281 5492 2450 5613 λης]ον
2480 5492 2592 5557 ﬁeri
2632 5492 2818 5557 patiar,
2848 5509 2937 5545 nec
2973 5493 3152 5547 melior
3177 5492 3661 5565 cupio.'lloc'ergo
3687 5498 3758 5548 ris

2174 5578 2277 5613 auo
2351 5578 2459 5613 esse
2494 5578 2597 5613 non
2629 5574 2809 5613 potest.
2845 5564 2982 5613 Ouid
3008 5566 3142 5613 enim
3168 5576 3268 5613 stat
3299 5567 3352 5613 in
3390 5566 3490 5613 hoc
3527 5568 3758 5613 ιιιέιιιοΫ

2174 5564 2313 5633 quod
2351 5578 2459 5615 esse
2494 5578 2597 5614 non
2628 5574 2809 5631 potest.
2845 5564 2982 5627 Quid
3008 5566 3142 5617 enim
3168 5564 3268 5619 stat
3299 5567 3352 5618 in
3390 5566 3490 5618 hoc
3527 5568 3760 5620 seculo?

2172 5644 2220 5689 et
2248 5644 2381 5707 certe
2411 5634 2473 5687 de
2498 5634 2700 5685 homine
2726 5636 3017 5707 specialiter
3055 5636 3250 5690 dictum
3281 5648 3353 5690 est
3382 5651 3400 5690 :
3431 5635 3592 5707 Fugit
3622 5636 3761 5692 velut

2173 5704 2353 5780 umbra
2372 5714 2419 5758 et
2442 5719 2719 5780 numquam
2737 5704 2791 5756 in
2812 5706 2987 5780 egdem
3010 5716 3145 5761 statu
3165 5717 3431 5778 permanet
3452 5704 3599 5777 (Job.
3622 5708 3763 5780 XIV).

2172 5774 2309 5834 Vide
2332 5775 2604 5841 eumdem,
2631 5774 2793 5842 epist.
2832 5776 2956 5832 5H.
