4026 6204
1065 242 1413 303 COLLATIO
1454 245 1551 304 Vl.
1576 274 1650 289 --
1678 245 1771 304 DE
1808 245 1995 305 NECE
2034 246 2478 309 SANCTORUM.

3336 260 3451 327 666

126 353 439 434 possidebit
500 358 752 431 quisquis
813 357 907 415 ille
952 367 1286 424 sanctorum,
1335 367 1393 414 ut
1438 358 1813 422 immobilisA
1840 359 2051 431 quoties
2083 359 2152 416 ab
2198 358 2391 415 eadem
2437 359 2597 418 fuerit
2629 368 2909 433 evagatus.
2944 373 2970 403 ει
3000 364 3149 424 Illam
3199 384 3442 443 namque

124 460 475 525 perseveret.
504 450 744 507 Necesse
772 460 855 507 est
882 451 1032 508 enim
1062 460 1157 506 aut
1185 450 1387 523 aliquid
1414 451 1577 522 adjici
1619 450 1730 507 illis

124 558 355 613 semper
398 552 493 598 aut
523 543 717 611 minui,
748 542 1005 612 nullaque
1036 544 1088 597 in
1127 544 1273 599 omni
1315 552 1561 599 creatura
1599 543 1729 599 talis

125 636 344 705 poterit
370 649 492 692 esse
513 634 806 707 perfectio,
841 650 963 707 quae
993 635 1375 691 niutabilitatis
1408 651 1512 692 non
1541 637 1727 707 subia—

125 737 260 785 ceat
287 726 557 799 passioni,
581 727 881 783 secundum
909 727 1038 783 illud
1065 728 1211 797 quod
1236 729 1286 782 in
1309 728 1447 784 libro
1467 730 1606 785 beati
1630 729 1730 785 Job

126 819 339 891 legitur
364 838 379 874 :
416 819 555 887 Quid
582 831 656 875 est
684 820 863 885 homo,
899 830 957 875 ut
983 821 1345 876 immaculatus
1374 822 1461 889 sit,
1484 831 1532 875 et
1554 827 1731 895 justus

128 923 388 986 appareat
433 923 581 968 natus
616 913 679 967 de
715 913 965 969 muliere?
1013 912 1147 968 Ecce
1193 915 1329 969 inter
1374 924 1581 970 sanctos
1618 918 1731 988 ejus

126 1023 283 1062 nemo
311 1007 664 1071 immutabilis,
688 1016 736 1063 et
763 1008 877 1062 coeli
905 1024 1008 1062 non
1026 1016 1148 1062 sunt
1173 1011 1355 1062 mundi
1377 1010 1429 1064 in
1453 1022 1731 1079 conspectu

82 1092 89 1095 ’
127 1101 243 1170 ejus
266 1099 425 1172 (Job.
462 1100 585 1173 xv).
616 1101 801 1157 Solum
843 1118 1078 1174 namque
1120 1102 1295 1159 Deum
1332 1104 1729 1162 immutabilem

125 1194 482 1262 conﬁtemur,
504 1210 662 1266 quem
689 1196 1066 1252 tantummodo
1086 1196 1261 1253 sancti
1283 1197 1428 1253 illius
1449 1199 1731 1269 propheta:

124 1288 202 1345 ita
228 1290 521 1357 compellat
550 1290 727 1347 oratio
757 1308 773 1345 :
809 1290 887 1345 Tu
916 1300 1089 1345 autem
1129 1291 1269 1346 idem
1303 1293 1415 1356 ipse
1454 1309 1509 1348 es
1540 1292 1726 1365 (Psal.

124 1385 235 1452 et).
269 1381 338 1438 Et
376 1383 493 1455 ipse
540 1383 611 1440 de
638 1398 699 1440 se
733 1382 892 1456 :Ego
936 1401 1073 1449 sum,
1118 1385 1314 1457 inquit,
1346 1386 1512 1454 Deus,
1542 1396 1592 1441 et
1626 1405 1730 1443 non

124 1484 298 1529 mutor
328 1473 605 1549 (Halach.
635 1474 756 1548 ιιι),
796 1476 924 1548 quia
950 1477 1163 1534 scilicet
1201 1479 1321 1549 ipse
1349 1480 1420 1536 sit
1458 1481 1606 1538 solus
1636 1496 1730 1537 na-

127 1569 378 1626 turaliter
405 1585 629 1643 semper
658 1572 858 1640 bonus,
887 1588 1107 1644 semper
1146 1573 1363 1644 plenus,
1399 1589 1726 1648 semperque

126 1660 429 1731 perfectus,
460 1664 548 1718 cui
577 1662 714 1717 nihil
749 1678 854 1720 nec
882 1663 1046 1734 adjici
1086 1665 1259 1735 possit
1281 1666 1593 1737 aliquando,
1624 1683 1726 1725 nec

124 1721 318 1807 minui.
363 1721 604 1824 Ideoque
649 1752 915 1811 debemus
950 1721 1031 1810 'ad
1069 1721 1327 1812 virtutum
1371 1721 1721 1817 studiavir—re-v
1752 1742 1800 1806 Β
1863 1721 1942 1778 De

127 1844 297 1900 missa
325 1858 458 1901 cura
482 1859 549 1900 ac
574 1845 942 1903 sollicitudine
983 1850 1349 1919 nosmetipsos
1377 1865 1592 1921 semper
1622 1868 1716 1908 ex.

121 1935 375 2008 tendere,
405 1938 650 2011 ipsisque
672 1955 771 1997 nos
792 1941 991 2013 iugiter
1020 1942 1291 2000 exercitiis
1316 1959 1611 2017 occupare;
1647 1962 1717 2005 ne

119 2040 375 2087 cessante
402 2032 681 2104 profectu,
708 2035 991 2092 confestim
1018 2034 1306 2093 diminutio
1332 2038 1711 2110 subsequatur.

120 2122 198 2182 Ut
218 2124 369 2181 enim
398 2125 665 2194 diximus,
698 2128 752 2184 in
784 2145 890 2184 uno
913 2143 1066 2185 mens
1092 2129 1397 2202 eodemque
1424 2141 1565 2189 statu
1592 2150 1711 2190 ma-

125 2231 264 2274 nere
298 2232 411 2273 non
451 2219 733 2288 praavalet,
764 2219 817 2277 id
843 2230 945 2287 est,
978 2230 1035 2276 ut
1064 2237 1165 2278 nec
1212 2234 1501 2294 augmenta
1543 2225 1713 2282 virtu-

124 2317 246 2365 tum
274 2311 477 2381 capiat,
502 2326 602 2368 nec
626 2312 943 2369 detrimenta
969 2315 1253 2371 sustineat.
1277 2314 1402 2374 Non
1426 2320 1723 2389 acquisisse

114 2399 270 2457 enim
315 2400 437 2471 ejus
483 2403 740 2459 minuisse
766 2412 874 2472 est,
920 2406 1050 2476 quia
1094 2406 1355 2462 desinens
1396 2409 1720 2479 proﬁciendi

117 2492 398 2564 appetitus
426 2507 535 2549 non
564 2494 742 2551 aberit
766 2510 798 2551 a
837 2496 1081 2567 periculo
1110 2497 1432 2556 recedendi.

724 2587 954 2646 CAPUT
995 2590 1113 2647 XV.

324 2679 475 2748 Quod
500 2682 870 2739 detrimentum
897 2687 963 2739 sit
993 2684 1318 2742 discedere~e
1354 2688 1505 2743 cella.

187 2772 422 2845 ideoque
452 2774 600 2847 jugis
632 2776 791 2834 cellae
826 2779 1188 2836 commoratio
1228 2782 1555 2839 retentanda
1602 2793 1706 2841 est.

116 2863 306 2923 Toties
334 2868 481 2924 enim
510 2869 679 2926 etiam
719 2884 976 2947 reversus
1000 2870 1125 2942 quis
1155 2873 1302 2931 velut
1340 2889 1514 2932 novus
1553 2877 1607 2933 in
1644 2891 1708 2934 ea

114 2967 171 3015 et
202 2957 465 3017 incipiens
503 2961 798 3034 habitator,
840 2962 1101 3021 titubabit
1144 2976 1308 3039 atque
1355 2968 1703 3036 turbabitur,

1836 467 1994 521 quam
2015 451 2067 507 in
2083 452 2219 507 cella
2244 452 2489 508 residens
2510 455 2837 524 acquisierat
2858 458 3024 513 animi
3052 460 3435 531 intentionem,

1833 543 1880 599 si
1911 543 2074 600 fuerit
2095 544 2361 615 relaxata,
2388 560 2716 615 recuperare
2742 563 2931 603 rursus
2957 565 3065 606 non
3091 550 3210 607 sine
3241 554 3430 611 labore

1835 636 2037 708 poterit
2069 652 2134 692 ac
2166 636 2378 706 dolore,
2403 647 2458 692 et
2488 653 2583 706 per
2614 638 2718 694 hoc
2748 640 3004 698 reductus
3036 654 3187 698 retro
3228 660 3333 699 non
3364 646 3431 703 de

1832 732 2035 787 amisso
2057 732 2311 801 cogitabit
2337 732 2586 801 profectu
2614 749 2773 802 quem
2806 737 3211 806 superadjicere
3233 739 3426 811 potuit,

1833 824 1879 878 si
1906 838 1937 879 e
1966 822 2106 879 cella
2136 838 2242 877 non
2276 822 2463 879 fuisset
2492 839 2778 890 excussus,
2826 827 2920 881 sed
2961 830 3217 897 gaudebit
3253 832 3429 900 potius

1833 917 1877 973 si
1908 917 2063 973 illum
2096 926 2295 973 statum
2326 918 2393 975 de
2419 934 2526 989 quo
2567 920 2762 976 recidit
2803 923 3156 992 semetipsum
3189 928 3431 980 senserit

1832 1010 2127 1081 recepisse.
2156 1009 2289 1065 Nam
2317 1012 2460 1067 sicut
2484 1013 2740 1068 amissum
2764 1030 2825 1069 ac
2844 1015 3179 1085 praeteritum
3210 1025 3428 1087 tempus

1831 1105 2061 1161 ulterius
2085 1107 2331 1161 revocari
2362 1121 2468 1162 non
2499 1115 2700 1177 potest,
2734 1108 2807 1163 ita
2836 1125 2905 1165 ne
2935 1109 3025 1165 illa
3054 1109 3274 1180 quidem
3304 1128 3427 1182 qua:

1831 1198 2114 1267 perierunt
2142 1206 2373 1269 possunt
2400 1200 2770 1256 emolumenta
2808 1202 3045 1259 restitui.
3086 1202 3428 1271 Quantumli-

1832 1289 1923 1345 bet
1947 1290 2091 1345 enim
2122 1300 2250 1361 post
2277 1289 2394 1347 haec
2418 1292 2584 1347 animi
2614 1291 2844 1349 intentio
2872 1292 3037 1349 fuerit
3065 1302 3312 1365 operata,
3338 1296 3426 1350 in-

1829 1384 2023 1439 stantis
2053 1382 2161 1439 diei
2188 1382 2464 1455 profectus
2494 1396 2548 1440 et
2584 1385 2865 1455 praesentis
2895 1386 3157 1456 temporis
3183 1395 3421 1457 quaastus

1827 1486 1935 1548 est,
1971 1492 2081 1534 non
2108 1477 2246 1533 lucri
2275 1478 2445 1534 semel
2473 1479 2665 1550 perditi
2696 1481 3062 1551 recuperatio.

2417 1608 2644 1669 CAPUT
2686 1612 2828 1668 XVI.

1969 1722 2313 1777 mutabilitate
2337 1739 2682 1794 supernorum
2704 1725 3088 1797 caelestiumque
3113 1727 3379 1783 virtutum.

1896 1858 2243 1914 Mutabilitati
2278 1868 2461 1927 autem
2505 1862 2667 1917 etiam
2700 1876 2964 1933 supernas
3007 1871 3327 1933 potestates,
3360 1874 3419 1921 ut

1820 1949 2092 2018 diximus,
2129 1951 2433 2022 subiacere,
2468 1953 2749 2011 declarant
2777 1956 2857 2010 illi
2884 1955 2975 2026 qui
2996 1956 3067 2014 de
3095 1971 3288 2014 eorum
3318 1974 3421 2013 nu-

1821 2057 1978 2099 mero
2014 2052 2284 2113 corruptae
2322 2044 2619 2102 voluntatis
2673 2046 2810 2102 vitio
2857 2057 3210 2103 corruerunt.
3258 2049 3416 2106 Unde

1819 2132 1849 2174 δ
1870 2151 2049 2209 neque
2080 2136 2157 2192 illi
2186 2136 2543 2193 immutabilis
2581 2148 2792 2193 naturae
2833 2153 2957 2194 esse
2996 2141 3223 2208 putandi
3255 2150 3415 2207 sunt,

1819 2228 1908 2298 qui
1936 2231 1994 2285 in
2024 2229 2121 2285 illa
2150 2244 2259 2300 qua
2286 2232 2456 2286 creati
2483 2241 2610 2287 sunt
2646 2231 2981 2287 beatitudine
3011 2243 3406 2301 perseverant,

1823 2335 1891 2377 eo
1921 2322 2068 2392 quod
2110 2323 2164 2377 in
2190 2322 2520 2377 contrariam
2547 2331 2755 2393 partem
2781 2338 2888 2378 non
2928 2322 3134 2378 fuerint
3159 2325 3413 2380 similiter

1822 2416 2127 2487 depravati.
2177 2415 2337 2471 Aliud
2396 2430 2625 2485 namque
2678 2427 2763 2472 est
2809 2414 3160 2471 immutabilis
3206 2424 3414 2471 natura:

1819 2520 1964 2572 esse,
1996 2505 2144 2563 aliud
2182 2505 2400 2561 virtutis
2446 2505 2713 2562 industria
2758 2506 2995 2578 bonique
3037 2506 3283 2561 custodia
3315 2521 3415 2577 per

1820 2597 2177 2654 immutabilis
2208 2599 2306 2654 Dei
2334 2600 2563 2671 gratiam
2588 2614 2695 2654 non
2725 2600 2944 2655 mutari.
2974 2598 3244 2670 Quidquid
3268 2601 3413 2656 enim

1823 2706 1921 2762 per
1966 2692 2306 2763 diligentiam
2339 2694 2426 2748 vel
2456 2692 2773 2762 acquiritur,
2812 2692 2901 2747 vel
2950 2702 3185 2757 tenetur,
3231 2702 3415 2761 putest

1819 2783 1981 2838 etiam
2027 2798 2124 2853 per
2153 2783 2538 2854 negligentiam
2570 2783 2843 2852 deperire.
2891 2781 3127 2852 Ideoque
3166 2782 3365 2838 dicitur
3394 2803 3409 2839 :

1822 2885 1846 2915 ο
1879 2875 1964 2931 Νε
1996 2876 2251 2943 beati/ices
2296 2875 2557 2929 hominem
2599 2885 2717 2929 ante
2757 2875 2954 2929 exitum
3001 2891 3152 2928 suum
3200 2874 3411 2947 (Eccli.

1817 2970 1929 3041 ιι),
1974 2970 2119 3040 quod
2150 2968 2401 3025 videlicet
2425 2968 2601 3024 adhuc
2632 2969 2685 3024 in
2708 2965 2735 3006 ά
2766 2967 3147 3025 colluctatione
3181 2968 3415 3041 quisque

1183 3109 1447 3167 ALARDI
1482 3110 1714 3168 GAZIEI
1749 3108 2318 3168 COMMENTARIUS.

188 3209 217 3239 ι
238 3199 545 3277 _Quan_tuin_
566 3201 830 3277 profectui
881 3202 1145 3277 spirituali
1188 3216 1403 3271 noceat,
1434 3213 1698 3277 quantum
1728 3205 1774 3270 C
1805 3214 1859 3277 et
1889 3205 2192 3277 loco.__Qua
2225 3205 2495 3277 ratione‘a
2524 3202 2774 3277 Patribus
2807 3199 3073 3277 (Dionys.
3114 3211 3321 3277 AreOp.
3344 3206 3410 3259 de

110 3270 427 3329 detrimenti
467 3270 657 3328 afferat
686 3270 943 3342 frequens
972 3288 1036 3330 ac
1064 3274 1233 3331 libera
1275 3270 1527 3332 monachi
1571 3292 1699 3333 eva-

111 3344 282 3415 gatio,
315 3351 373 3415 et
410 3357 673 3415 excursus
710 3352 863 3400 extra
894 3346 1305 3415 monasterium,
1355 3348 1444 3404 vel
1491 3363 1561 3403 ex
1602 3349 1705 3405 hoc

110 3413 295 3540 capite
338 3413 516 3498 discas
557 3414 713 3499 licet.
756 3416 892 3472 Hinc
936 3416 1077 3488 apud
1109 3413 1306 3500 Patres;
1346 3417 1601 3489 frequens
1648 3428 1704 3476 et

110 3501 185 3540 vn
209 3494 328 3540 nata
360 3486 449 3540 illa
479 3494 749 3540 sententis
784 3506 797 3540 :
829 3487 981 3540 Quod
1006 3504 1140 3540 oaua
1178 3489 1420 3540 nucibus.
1454 3492 1549 3540 hoc
1576 3492 1704 3540 cella

110 3485 749 3558 vulgatuillasententis
784 3506 797 3542 :
829 3485 987 3558 Quod
1006 3504 1140 3558 aqua
1178 3488 1421 3558 piscibus,
1447 3485 1549 3544 hoc
1576 3492 1706 3546 cella

110 3556 380 3613 monachis
407 3556 539 3628 (16,
572 3573 633 3632 _q.
665 3557 728 3632 i,
774 3575 821 3613 c.
867 3556 1148 3628 Placuit):
1179 3556 1305 3632 quia
1356 3560 1498 3616 sicut
1538 3563 1705 3632 piscis

110 3637 270 3685 extra
316 3642 512 3695 aquam
553 3628 647 3684 diu
673 3629 860 3686 vivere
898 3644 1008 3684 non
1053 3638 1254 3700 potest,
1286 3630 1358 3685 ita
1402 3628 1705 3687 monachus

112 3708 271 3773 extra
299 3700 697 3773 monesteriutn
718 3700 843 3756 vitm
873 3701 1136 3773 spiritalis
1162 3701 1503 3773 dispendium
1548 3704 1705 3759 facile

112 3770 367 3827 incurrit.
414 3769 567 3839 Quod
607 3770 731 3826 aliis
777 3769 961 3827 verbis
989 3771 1174 3827 dicere
1219 3769 1428 3828 solebat
1476 3788 1705 3838 magnus

113 3841 408 3915 Antonius,
432 3914 435 3915 ν
459 3850 597 3915 teste
642 3842 952 3915 Sozomeno
982 3841 1135 3914 (Lib.
1163 3859 1176 3897 ι
1210 3842 1409 3898 Hister.
1442 3860 1499 3915 7c.
1546 3843 1656 3915 15)
1688 3862 1701 3897 :

109 3915 314 3982 Aquam
352 3913 585 3968 uidelicet
628 3914 852 3980 piscibus
896 3914 1141 3967 alimento
1199 3930 1329 3981 esse,
1369 3913 1705 3968 solitudinem

110 3994 285 4039 autem
313 3985 581 4039 monachis
609 3983 801 4051 aﬂ'erre
832 3993 1189 4039 ornamentum
1211 4000 1230 4039 :
1257 3996 1411 4055 atque
1439 3983 1558 4039 illos
1588 4000 1705 4038 cum

110 4064 304 4129 terram
360 4056 662 4129 attingunt,
716 4056 871 4129 vitam
928 4056 1332 4129 omittere;rhos
1374 4066 1705 4129 autem_cum

109 4127 260 4181 urbes
304 4125 517 4191 adeunt,
544 4127 881 4180 monasticam
909 4128 1064 4180 vitam
1092 4128 1306 4195 perdere
1328 4126 1512 4182 solere.
1544 4126 1702 4182 Simi-

110 4195 238 4254 liter
258 4195 426 4252 etiam
453 4197 507 4252 in
535 4197 673 4252 Vitis
696 4197 920 4252 Patrum
946 4197 1163 4269 legitur,
1190 4198 1332 4269 quod
1354 4202 1567 4268 quidam
1591 4198 1705 4268 fra-

108 4274 183 4321 ter
213 4269 633 4340 cum_e:cpetisset
654 4284 941 4340 sermonem
960 4267 1021 4321 ab
1050 4267 1232 4340 abbate
1272 4267 1473 4340 Moyse,
1503 4267 1629 4324 dicit
1658 4271 1704 4323 ei

109 4353 271 4393 senex
294 4350 314 4389 :
346 4335 509 4404 Vade,
539 4348 587 4391 et
605 4338 724 4393 sede
747 4339 804 4391 in
828 4339 958 4392 cella
988 4348 1097 4393 tua.
1122 4337 1266 4393 Cella
1286 4335 1466 4395 aut'em'
1483 4350 1569 4394 tua
1596 4357 1704 4395 om-

108 4409 195 4464 nia
216 4418 272 4463 te
299 4416 465 4473 potest
501 4410 775 4475 instruere,
803 4411 850 4464 si
888 4409 960 4463 ibi
988 4413 1351 4479 permanseris.
1399 4410 1547 4466 Sicut
1570 4413 1703 4466 enim

108 4480 265 4549 piscis
295 4495 363 4533 ex
390 4495 526 4550 aqua
544 4481 760 4535 eductus
788 4481 961 4535 statim
988 4483 1225 4546 moritur,
1250 4482 1327 4535 ita
1354 4495 1400 4536 et
1422 4484 1703 4536 monachus

201 4552 261 4619 it,
362 4550 490 4646 {ciris
535 4550 894 4646 cellaeiLsuam
922 4551 1138 4646 uoluerit
1167 4558 1393 4646 t‘t'trdere.
1444 4553 1578 4646 llaec
1607 4553 1700 4607 ibi.
1731 4586 1784 4646 Β

156 4621 245 4677 inc
273 4621 378 4678 SS.
400 4621 591 4679 Patres
617 4620 901 4690 (Athanas.
933 4622 988 4676 in
1025 4621 1146 4676 Vita
1170 4623 1231 4677 S.
1264 4622 1533 4692 Antonii),
1566 4639 1703 4691 prm-

109 4694 299 4765 sertim
342 4706 472 4748 vero
501 4693 564 4765 D.
592 4692 919 4750 Benedictus
950 4692 1108 4765 (Cap.
1136 4693 1201 4748 51
1233 4703 1278 4747 et
1308 4691 1375 4749 58
1409 4691 1654 4765 Regulae)
1682 4736 1697 4761 ,

112 4763 470 4819 stabilitatem
497 4764 598 4819 loci
646 4766 760 4819 suis
786 4764 1069 4818 monachis
1098 4773 1378 4831 tantopere
1430 4763 1700 4819 inculcant

113 4842 165 4887 et
190 4835 601 4890 commendant.
639 4834 774 4889 Hinc
802 4844 858 4889 et
886 4835 1028 4889 sacri
1059 4849 1293 4890 canones
1316 4836 1371 4889 in
1401 4836 1697 4891 monachos

110 4914 368 4988 vagantes
392 4907 628 4988 graviter
649 4913 705 4988 et
726 4905 1200 4988 smpedeeeruuut
1229 4905 1418 4979 (Apud
1450 4904 1690 4961 Gratian.

110 4920 368 4988 vagantes
392 4920 628 5043 graviter
649 4920 705 4989 et
726 4920 872 4988 saepe
896 4920 1200 4988 accentum
1229 4920 1247 4977 ί

110 4976 191 5047 ab;
220 4992 392 5046 supra
437 5018 453 5043 ,
484 4976 554 5033 de
573 4977 770 5047 quibus
794 4977 928 5047 alibi
953 4976 1260 5033 dicendum.

173 5043 201 5084 δ
242 5043 482 5119 Angelos
525 5043 1051 5119 iui'mutabilisﬂesse
1092 5057 1320 5115 naturae,
1354 5064 1448 5105 seu
1496 5057 1687 5105 natura

112 5114 498 5185 immutabiles,
529 5119 745 5174 duobus
774 5118 951 5173 modis
991 5117 1215 5189 intelligi
1262 5114 1466 5189 putest;
1497 5131 1551 5176 et
1579 5135 1687 5176 uno

110 5190 267 5246 modo
316 5189 503 5245 Patres
547 5198 765 5259 negant,
817 5190 991 5244 altero
1037 5190 1351 5246 affirmant:
1383 5193 1579 5260 primo,
1627 5202 1687 5247 ut

110 5261 327 5315 omnino
356 5262 724 5317 immutabiles
767 5260 1039 5327 dicantur,
1068 5261 1119 5316 id
1163 5271 1268 5326 est,
1311 5263 1485 5317 omnis
1517 5272 1689 5317 muta-

111 5327 267 5387 tionis
316 5344 569 5401 expertes
609 5342 664 5388 et
692 5334 1002 5402 incapaces,
1033 5332 1303 5400 quomodo
1349 5343 1555 5387 certum
1604 5343 1690 5389 est

110 5412 278 5472 neque
307 5402 559 5472 angelos,
609 5418 786 5472 neque
831 5402 991 5457 ullam
1024 5404 1181 5458 aliam
1231 5412 1535 5458 creaturam
1568 5419 1688 5461 esse

110 5468 521 5544 imtiiutabilem,
547 5468 609 5530 et
638 5468 1136 5544 incorruptibilem;
1183 5484 1292 5529 tum
1321 5475 1448 5543 quia
1495 5488 1689 5530 secun-

109 5539 227 5599 dum
264 5539 514 5617 naturam
535 5560 565 5601 a
599 5547 707 5601 Deo
736 5539 1065 5617 dependent,
1088 5562 1117 5601 a
1149 5560 1265 5617 quo
1280 5539 1446 5617 sive]
1478 5546 1543 5617 ad
1576 5562 1689 5617 tuo-

110 5624 343 5672 tnentum
391 5615 818 5683 desererentur,
850 5616 1107 5672 continuo
1134 5615 1186 5672 in
1218 5615 1444 5671 nihilum
1475 5616 1692 5671 decide-

109 5692 259 5760 rent;
310 5697 428 5743 tum
459 5689 586 5759 quia
618 5688 742 5760 aliis
774 5686 1164 5743 mutationibus
1212 5696 1267 5742 et
1297 5686 1537 5760 motibus
1564 5688 1691 5742 sub-

104 5758 301 5830 lacent,
354 5758 487 5818 nam
506 5769 562 5818 et
589 5758 871 5817 voluntate
916 5767 1214 5827 mutantur,
1265 5766 1319 5818 et
1343 5758 1691 5831 cognitione,

1804 3274 1983 3331 Diuin.
2025 3275 2236 3330 Nomin.
2262 3292 2309 3328 c.
2340 3277 2393 3341 4,
2432 3273 2691 3329 Nazianz.
2723 3286 2855 3329 orat.
2889 3274 2995 3346 55)
3023 3274 3279 3329 dicuntur
3310 3276 3405 3330 im-

1804 3348 2067 3402 mortales
2089 3358 2179 3401 aut
2208 3347 2573 3402 immutabiles
2603 3362 2710 3401 non
2735 3355 2950 3409 natura,
2980 3346 3074 3401 sed
3099 3346 3295 3415 gratia.
3330 3346 3405 3403 ltzi

1806 3429 1955 3491 eexta
2001 3419 2241 3491 synodus
2262 3429 2386 3491 part.
2418 3416 2523 3491 ll,_
2548 3417 3005 3491 Ambrosiuslib.
3038 3432 3092 3470 Ill
3136 3417 3203 3471 de
3218 3416 3365 3491 _Fitje
3391 3461 3406 3483 ,

1805 3488 2181 3561 Hieronymus
2207 3490 2468 3561 adversus
2496 3489 2824 3561 Pelagianos
2858 3488 2955 3541 lib.
2983 3503 3032 3561 _n
3062 3502 3183 3561 cap.
3216 3489 3273 3551 3,
3308 3488 3411 3542 Da-

1806 3556 2095 3615 mascenus
2128 3561 2222 3614 lib.
2258 3576 2295 3615 ll
2322 3560 2390 3614 de.
2414 3557 2546 3612 Fide
2571 3556 2799 3613 Or'thod.
2831 3572 2951 3625 cap.
2982 3556 3034 3609 5.
3068 3558 3191 3611 Alio
3225 3568 3409 3615 autem

1808 3631 1970 3684 modo
1998 3632 2258 3684 dicuntur
2278 3629 2478 3698 angeli,
2508 3630 2649 3682 sicut
2676 3639 2731 3683 et
2757 3628 2953 3698 animai
3000 3627 3269 3698 humanm.
3300 3644 3398 3680 ua-

1807 3708 1929 3754 tura
1960 3695 2423 3762 immutahilesfet
2454 3698 2818 3760 immortales,
2850 3707 2903 3751 et
2936 3695 3403 3764 incorruptibiles,

1809 3772 1940 3840 quia
1992 3770 2211 3840 nullum
2250 3769 2449 3840 habent
2493 3781 2605 3819 sua:
2646 3765 3009 3840 corruptionis
3054 3774 3108 3819 ct
3146 3765 3403 3840 interitus

1808 3834 2137 3909 principium
2171 3839 2272 3893 sibi
2308 3839 2582 3909 internum
2635 3845 2690 3890 et
2730 3836 3103 3909 intrinsecum.
3152 3834 3305 3909 Unde
3340 3838 3400 3892 D.

1808 3906 2138 3980 Augustinus
2163 3910 2362 3978 passim
2384 3908 2608 3980 angelos
2636 3914 2795 3960 vocat
2822 3906 3147 3960 substantias
3182 3906 3401 3963 immor-

1808 3978 1947 4036 tales
1981 3980 2134 4050 (Lib.
2164 3996 2232 4035 xv
2255 3995 2372 4050 cap.
2404 3979 2467 4033 17
2490 3978 2533 4049 ).

1884 4064 1906 4091 ο
1951 4047 2101 4123 Vulg.
2148 4047 2355 4107 editio':
2382 4047 2512 4104 Ante
2543 4058 2774 4123 mortem
2807 4066 2867 4104 ne
2911 4047 3092 4123 laudes
3127 4049 3399 4123 hominem

1807 4120 2522 4195 quemquam.’Prartermisit
2543 4120 2689 4177 hunc
2714 4122 2897 4195 locum_
2921 4120 3208 4195 (liaconius
3240 4120 3296 4174 in
3322 4122 3401 4177 itt-

1808 4189 1927 4265 dice
1958 4189 2197 4249 locorum
2226 4193 2526 4265 Scriptura:
2550 4194 2848 4249 secundum
2874 4189 3041 4265 (LXX.

1879 4264 1993 4320 dlta
2018 4267 2326 4336 legendum.
2352 4261 2413 4319 ut
2436 4266 2580 4336 bene
2600 4264 2909 4336 observavit
2935 4261 3253 4325 Ciacouius,
3284 4266 3394 4331 vel,

1808 4349 1866 4392 ut
1894 4338 1983 4392 alii
2014 4334 2230 4393 codices
2261 4338 2456 4391 habent
2496 4357 2506 4389 :
2553 4334 2616 4389 In
2649 4335 3069 4389 colluctationum
3098 4346 3395 4399 scammote,

1808 4424 1913 4464 non
1943 4418 2175 4463 caumate
2194 4454 2209 4478 ,
2244 4419 2302 4463 ut
2332 4408 2649 4479 Dionysius,
2676 4406 2764 4461 vel
2799 4407 3077 4479 schema_te,
3112 4418 3395 4479 stemmate,

1807 4491 2076 4535 stammote
2101 4522 2113 4543 ,
2163 4475 2217 4534 ut
2249 4480 2359 4534 alii.
2405 4475 2497 4533 Est
2533 4479 2679 4551 enim
2707 4479 2935 4551 ‘axa'ttya
2982 4475 3186 4551 Graecis
3214 4477 3396 4551 ⁸διειςιίἱ

1790 4547 1992 4614 'arena,
2037 4555 2150 4606 sive
2183 4553 2352 4615 locus,
2389 4551 2442 4604 in
2475 4564 2582 4620 quo
2612 4547 2843 4620 athletae;
2862 4547 3164 4620 certabant,
3201 4547 3281 4620 ite
3309 4548 3395 4601 di-

1809 4633 1953 4677 ctum
1985 4638 2015 4676 a
2043 4623 2209 4677 verbo
2238 4616 2505 4683 σκάπτεινξ
2536 4619 2676 4688 quod
2706 4628 2789 4672 est
2824 4619 3026 4681 fodere,
3071 4616 3214 4686 quod
3245 4616 3393 4672 fovea

1806 4695 2055 4763 valloque
2095 4695 2487 4763 circmnscptus
2516 4700 2682 4754 esset,
2708 4706 2737 4743 e
2761 4706 2871 4757 quo
2892 4691 3393 4763 certantesucgrcdi

1804 4780 1909 4819 non
1944 4760 2151 4821 liceret.
2201 4764 2316 4816 Vox
2346 4760 2431 4817 est
2458 4762 2662 4815 Graecis
2699 4760 3015 4832 auctoribus
3056 4771 3106 4815 et
3151 4760 3393 4832 Chryso-

1802 4846 1979 4890 stomo
2021 4837 2292 4903 praecipue
2338 4833 2614 4900 frequens.
2669 4830 2847 4887 Utitur
2891 4847 2974 4894 ea,
3024 4830 3393 4900 metaphoricc

1800 4914 2001 4972 tamen,
2032 4918 2087 4959 ut
2111 4908 2222 4960 fere
2250 4904 2361 4967 alii,
2393 4904 2755 4958 Tcrtullianus
2779 4904 2831 4956 in
2862 4905 3001 4957 libro
3029 4904 3094 4957 ad
3126 4903 3394 4972 Martytcs

1798 4979 1879 5033 sic
1910 4992 2005 5032 eos
2038 4978 2317 5046 alloquens
2341 4976 2358 5044 (
2381 4975 2509 5044 Cap.
2543 4973 2610 5045 5)
2637 4990 2651 5028 :
2678 4973 2939 5046 Epistates
2962 4986 3125 5028 uester
3155 4974 3390 5046 Christus

1798 5047 1971 5111 Jesus,
2006 5049 2091 5117 qui
2124 5044 2208 5099 vos
2231 5047 2415 5114 spiritu
2441 5044 2612 5113 unxit,
2639 5055 2686 5098 et
2716 5044 2783 5096 ad
2817 5044 2913 5097 hoc
2934 5044 3390 5117 scontmapt‘odu-

1797 5120 1896 5173 ait.
1924 5119 1984 5175 ὃ,
2014 5114 2379 5187 Hieronymus
2410 5117 2565 5183 epist.
2601 5117 2661 5169 Gl
2700 5124 3131 5187 contraierrores
3162 5114 3390 5187 Joannis

1796 5184 2237 5261 Jerosolymitani
2266 5204 2278 5241 ε
2313 5186 2418 5241 Cur
2443 5187 2536 5251 ita,
2568 5186 2764 5261 inquit,
2797 5186 3011 5261 omissis
3031 5202 3185 5254 super
3207 5184 3389 5261 quibus

1797 5278 1974 5333 pugna
2002 5256 2186 5333 estsde
2211 5270 2490 5333 seantmate
2520 5269 2565 5333 et
2598 5257 2710 5333 loco
2748 5257 3038 5333 certaminis
3075 5256 3386 5333 egrediens,

1794 5328 1846 5387 in
1868 5328 2149 5405 peregrinis
2173 5341 2218 5383 et
2242 5328 2388 5401 longe
2406 5330 2587 5381 alienis
2611 5328 3045 5405 diminutionibus
3070 5328 3393 5405 intueor-ari»?

1796 5395 1950 5473 Apud
1988 5395 2233 5456 (initialem
2270 5395 2757 5473 lltuCtNlllllClllal‘llS
2793 5399 3049 5473 Eii‘Iolu}
3080 5398 3143 5473 uti
3169 5395 3388 5473 Galatas

1793 5467 1914 5543 cap.
1940 5491 1971 5529 v
2003 5477 2191 5528 vitiose
2221 5474 2411 5541 legitur
2437 5490 2447 5524 ε
2487 5472 2678 5525 Videtis
2704 5471 2975 5541 plerosque
3002 5471 3064 5520 dc
3085 5467 3389 5543 ζςςνίριιιΗδ

1793 5537 1928 5599 ἱηιέν
1954 5563 2007 5601 se
2046 5537 2374 5609 contendite,
2409 5554 2454 5596 et
2496 5537 2795 5596 athleticam
2826 5537 3046 5593 stemma
3077 5537 3171 5594 Dei
3215 5543 3384 5609 facere

1793 5633 2095 5686 sermonem,
2145 5632 2265 5670 cum
2303 5615 2459 5683 plane
2492 5615 2781 5686 legendum
2809 5612 2889 5686 sit
2920 5627 3193 5686 δι’(ιηιηιιι.Δ
3214 5610 3388 5686 [Eque

1793 5687 1988 5745 vitiose
2010 5682 2151 5759 apud
2175 5687 2231 5744 S.
2258 5682 2603 5742 Atubrusium
2633 5685 2730 5759 lib.
2759 5700 2774 5739 l
2800 5683 2951 5738 Olﬁc.
2979 5698 3114 5759 cap._
3219 5701 3231 5737 :
3252 5684 3387 5748 Quid

1793 5762 2000 5832 epulari
2031 5753 2184 5836 gestis
2210 5768 2489 5834 antequam
2517 5758 2741 5814 stadium
2787 5756 3053 5813 solvatur?
3082 5753 3263 5811 Adhuc
3291 5771 3357 5827 po
