4026 6204
540 279 646 343 667

1581 264 1870 330 JOANNIS
1905 260 2224 330 CASSIANI
2266 256 2765 329 COLLATIONES.

3703 269 3839 332 668

539 408 594 459 et
620 398 643 472 (
660 404 722 454 ut
750 394 821 451 ita
854 388 1094 449 dixerim
1118 386 1455 462 )scammate
1488 386 1835 457 constitutus,
1878 384 2125 460 quamvis
2150 389 2198 449 Α

2260 378 2469 441 nimenta
2509 384 2812 453 tectorum,
2846 376 3044 472 quibus
3082 396 3183 472 per
3222 391 3501 442 vetustam
3540 384 3837 460 negligen-

540 493 759 546 vincere
786 484 983 553 soleat,
1021 490 1085 539 ac
1114 478 1374 553 frequens
1404 478 1612 553 palmas
1647 483 1888 539 victoriae
1928 494 2125 536 conse-

538 588 754 653 quatur,
791 590 897 634 non
929 584 1107 648 p0test
1150 582 1331 633 tamen
1360 586 1390 629 a
1430 584 1577 631 metu
1604 586 1667 632 ac
1702 572 2009 645 suspicione
2046 570 2131 628 in-

538 675 673 730 certi
703 677 995 743 proventus
1024 680 1147 726 esse
1176 682 1421 726 securus.
1456 664 1529 725 Et
1570 664 1777 724 idcirco
1808 676 1830 704 η
1861 666 2005 723 Deus
2041 680 2159 722 so-.

541 782 626 824 .us
674 765 1030 821 immutabilis
1060 758 1088 803 ιι
1116 764 1201 819 vel
1232 761 1406 819 bonus
1454 761 1673 829 dicitur,
1705 763 1793 833 qui
1832 760 2129 817 bonitatem

542 876 649 917 non
682 858 966 915 industriae
997 856 1200 923 studio,
1230 857 1326 913 sed
1358 856 1677 911 naturaliter
1704 852 1988 926 possidens
2020 868 2128 909 non

544 962 719 1026 potest
752 950 893 1008 aliud
924 950 1052 1023 quid
1080 964 1202 1007 esse
1231 964 1389 1023 quam
1413 949 1611 1006 bonus.
1645 944 1801 1006 Nulla
1832 944 1993 1020 igitur
2018 946 2129 1003 vir-

544 1058 627 1102 tus
669 1052 849 1116 potest
882 1038 1231 1099 immobiliter
1263 1040 1331 1097 ab
1360 1038 1580 1097 homine
1618 1038 1915 1110 possideri;
1945 1036 2039 1096 sed
2074 1044 2134 1095 ut

544 1149 727 1211 parata
747 1138 950 1209 jugiter
974 1140 1240 1201 teneatur,
1280 1145 1502 1191 necesse
1530 1138 1612 1189 est
1635 1146 1753 1189 eam
1781 1146 1996 1203 semper
2038 1124 2133 1186 illa

546 1248 649 1304 qua
681 1229 942 1303 acquisita
987 1238 1072 1286 est
1117 1226 1407 1284 sedulitate
1446 1235 1608 1296 atque
1633 1224 1903 1281 industria
1947 1231 2133 1281 custo-

544 1326 670 1394 diri,
704 1334 729 1364 ο
764 1334 837 1388 et,
868 1318 1013 1393 quod
1037 1320 1204 1391 magis
1229 1331 1419 1375 verum
1445 1326 1551 1387 est,
1574 1315 1810 1389 juvantis
1836 1316 2023 1389 gratiae
2044 1315 2136 1372 be-

545 1415 740 1472 neficio
782 1411 1064 1471 custodiri.

1108 1517 1334 1580 CAPUT
1366 1516 1532 1578 XVII.

2232 476 2359 532 tiam
2390 475 2444 532 in
2474 472 2735 546 majorem
2762 464 2980 530 modum
3007 464 3296 546 patefactis
3332 484 3502 546 atque
3532 477 3833 549 collapsis,

2232 562 2463 626 ubertim
2512 576 2639 640 post
2692 569 2810 625 haec
2862 562 3039 624 inlinit
3096 562 3404 639 pluviarum
3458 570 3836 644 imbriumque

2230 668 2550 732 tempestas.
2585 657 2653 714 In
2682 654 2907 732 pigritiis
2938 661 3071 714 enim
3091 656 3453 715 humiliabitur
3476 664 3834 734 contignatio,

2233 760 2282 809 et
2317 753 2372 809 in
2418 754 2633 825 segnitie
2679 763 2925 808 manuum
2972 746 3190 808 stillabit
3243 753 3427 809 domus
3476 754 3711 823 (Eecles.
3742 756 3837 830 ι).

2232 843 2391 914 Quod
2423 844 2621 900 anima:
2641 843 2961 914 spiritaliter
2986 845 3211 901 evenire
3238 845 3381 902 idem
3414 845 3680 903 Salomon
3707 847 3842 904 aliis

2235 936 2418 994 verbis
2445 938 2517 992 ita
2550 932 2800 1008 designat
2832 954 2845 990 :
2882 946 2906 975 ο
2940 931 3258 1005 Stillicidia,
3291 939 3585 1008 inquiens,
3614 941 3846 1013 ejiciatur

2236 1029 2493 1085 hominem
2533 1024 2591 1084 its
2623 1026 2709 1083 die
2748 1024 2959 1084 hiemali
2989 1026 3053 1084 de
3088 1030 3241 1086 domo
3271 1048 3369 1086 sua
3406 1031 3587 1103 (Prov.
3627 1034 3843 1105 sunt).

2238 1123 2530 1193 Eleganter
2560 1136 2692 1193 ergo
2732 1123 2931 1179 mentis
2971 1122 3243 1179 incuriam
3266 1120 3470 1181 domati
3498 1129 3850 1198 comparavit

2238 1224 2489 1288 tectoque
2538 1215 2807 1288 neglecto,
2857 1232 2957 1288 per
2997 1233 3161 1289 quam
3209 1223 3388 1290 primo
3425 1221 3647 1291 quidem
3687 1223 3851 1281 velut

2239 1308 2599 1367 minutissima
2639 1310 2887 1381 Quaedam
2920 1321 3210 1387 penetrant
3243 1311 3310 1369 ad
3351 1314 3592 1370 animam
3624 1317 3851 1374 stillici-

2239 1402 2329 1459 dia
2358 1404 2696 1474 passionum,
2721 1414 2846 1475 quaa
2875 1407 2920 1461 si
2946 1402 3099 1461 velut
3122 1419 3287 1477 parva
3308 1422 3374 1464 ac
3399 1404 3535 1464 levia
3559 1410 3854 1481 negligan-

2240 1504 2350 1564 tur,
2393 1500 2757 1565 corrumpunt
2804 1494 2952 1564 tigna
2998 1496 3286 1562 virtutum.
3336 1507 3394 1555 et
3432 1508 3557 1570 post
3598 1499 3718 1556 hmc
3759 1501 3856 1558 in-

2242 1587 2417 1643 ﬂuunt
2455 1584 2630 1643 imbre
2660 1581 2969 1658 largissimo
3014 1582 3311 1656 vitiorum;
3341 1605 3439 1661 per
3465 1601 3628 1663 quem
3670 1592 3725 1648 in
3754 1593 3856 1651 die

2244 1678 2490 1751 hiemali,
2540 1674 2595 1736 id
2630 1688 2753 1747 e8t,
2798 1678 2854 1738 in
2894 1682 3142 1753 tempore
3178 1678 3503 1739 tentationis
3552 1684 3855 1755 ingruente

620 1776 828 1847 Lapsus
858 1790 988 1830 vero
1014 1776 1281 1846 quispiam
1310 1790 1653 1846 nequaquam
1676 1776 1960 1833 subitanea
1983 1776 2139 1833 ruina
2169 1780 2219 1843 B
2245 1773 2656 1846 impugnatione
2698 1768 2907 1829 diaboli
2933 1814 2949 1841 ,
2980 1770 3283 1844 expelletur
3321 1790 3476 1831 mens
3521 1776 3593 1834 de
3631 1768 3858 1836 habita-

556 1870 832 1927 corruisse
860 1868 1163 1923 credendus
1187 1877 1290 1935 est,
1326 1870 1418 1923 seti
1443 1876 1537 1923 aut
1569 1880 1755 1938 prava:
1786 1868 2145 1927 institutionis
2250 1870 2395 1925 tione
2418 1868 2701 1935 virtutum,
2731 1864 2788 1926 in
2819 1882 2925 1939 qua
2948 1864 3163 1924 scilicet
3184 1864 3479 1940 aliquando
3506 1870 3859 1943 circumspe-

555 1961 818 2031 deceptns
851 1957 1096 2024 exordio,
1130 1964 1223 2012 aut
1267 1970 1365 2028 per
1402 1958 1616 2030 longam
1652 1959 1853 2016 mentis
1884 1961 2143 2016 incuriam
2250 1971 2339 2019 cta
2388 1956 2667 2032 diligentia
2698 1972 2759 2017 se
2806 1961 3068 2028 retinens,
3119 1953 3269 2017 velut
3300 1958 3353 2017 in
3405 1960 3571 2018 domo
3606 1965 3860 2035 proer

557 2053 817 2127 paulatim
857 2051 1059 2109 virtute
1102 2053 1269 2107 animi
1301 2051 1615 2120 decidente,
1657 2064 1712 2109 et
1743 2063 1844 2124 per
1882 2052 1988 2109 hoc
2015 2064 2147 2111 sen-
2252 2052 2618 2125 possessionis
2649 2050 3017 2124 requieverat.
3048 2046 3146 2108 liis
3172 2050 3356 2125 itaque
3394 2055 3690 2126 compertis
3718 2054 3862 2111 inii-

560 2150 659 2205 sim
691 2146 839 2203 vitiis
869 2147 1303 2203 increscentibus
1327 2158 1460 2203 casu
1490 2146 1793 2203 miserabili
1818 2144 2148 2204 concidisse.
2255 2145 2425 2201 nitam
2453 2141 2716 2215 spiritalis
2752 2137 2858 2199 cibi
2898 2143 3247 2214 percepimus
3279 2143 3614 2215 voluptatem
3634 2189 3649 2214 ,
3685 2140 3760 2201 ita
3794 2157 3863 2203 ut.

558 2240 587 2280 ἀ
618 2241 751 2296 Ante
778 2241 1139 2295 contritionsm
1167 2241 1302 2294 enim
1339 2240 1581 2312 praecedit
1606 2240 1781 2311 ruina,
1814 2248 1863 2295 et
1894 2249 2011 2294 ante
2038 2240 2152 2294 rui-
2257 2256 2323 2296 ex
2354 2234 2456 2294 hac
2482 2236 2781 2294 collatione
2810 2228 3025 2306 majore
3057 2232 3220 2291 animi
3251 2232 3449 2308 gaudio
3477 2236 3861 2308 repleremur,

560 2350 681 2390 nam
716 2335 853 2388 mata
893 2333 1137 2404 cogitatio
1177 2331 1463 2403 (Prooerb.
1492 2331 1656 2404 xttt);
1689 2331 2149 2404 quemadmodum
2260 2342 2420 2401 quam
2447 2336 2573 2387 ante
2609 2329 2828 2385 tristitia
2868 2336 3032 2400 super
3061 2338 3196 2385 nece
3221 2336 3537 2386 sanctorum
3575 2328 3863 2387 fueramus

561 2428 755 2484 domus
808 2440 1103 2498 numquam
1150 2427 1439 2482 subitaneo
1474 2428 1543 2483 ad
1589 2430 1801 2483 ruinam
1847 2422 2155 2497 procumbit
2264 2420 2461 2482 silenti.
2485 2418 2603 2481 Non
2625 2420 2798 2481 solum
2828 2422 2975 2480 enim
2995 2416 3064 2479 de
3082 2418 3286 2494 quibus
3311 2416 3699 2481 bassitabamus
3722 2418 3867 2482 edo-

562 2523 831 2593 impulsu,
892 2522 998 2576 nisi
1052 2528 1149 2575 aut
1186 2522 1414 2590 antiquo
1466 2521 1598 2577 vitio
1653 2516 2010 2587 fundamenti,
2064 2524 2157 2576 aut
2266 2519 2341 2573 cti
2395 2533 2606 2583 sumus,
2659 2531 2853 2572 verum
2903 2514 3067 2571 etiam
3120 2508 3214 2571 illa
3268 2530 3390 2587 quae
3441 2531 3539 2588 pro
3578 2518 3859 2574 tenuitate

564 2614 725 2685 longa
751 2614 1175 2670 inhabitantium
1203 2612 1433 2679 desidia,
1460 2610 1749 2669 Stillicidiis
1776 2615 2005 2684 primum
2036 2623 2160 2684 par-
2268 2625 2461 2667 sensus
2490 2609 2663 2665 nostri
2694 2608 2976 2680 inquirere
3023 2622 3133 2664 non
3176 2622 3530 2676 noveramus,
3569 2608 3668 2664 sub
3698 2608 3869 2667 illius

565 2710 803 2767 vissimis
844 2708 1259 2780 penetrantibus
1287 2716 1542 2779 corrupta
1569 2709 1769 2764 sensim
1808 2704 2015 2764 iuerint
2042 2718 2161 2761 mu-
2269 2696 2593 2774 quaestionis
2621 2698 3047 2774 interrogatione
3076 2694 3451 2773 cognovimus.

1634 2799 1893 2859 ALARDI
1933 2794 2162 2857 GAZASI
2199 2786 2762 2855 COMMENTARIUS.

570 2896 960 2971 pulusspeclal,
989 2895 1158 2950 adhuc
1185 2895 1392 2971 athleta!
1412 2896 1466 2950 in
1490 2900 1808 2971 sletnmmate
1829 2892 1850 2963 (
1872 2906 1971 2964 pro
2000 2906 2161 2971 scam-
2267 2886 2606 2971 immortales
2624 2930 2639 2954 .
2672 2878 3116 2971 incorruptibiles
3134 2933 3150 2960 ,
3178 2890 3237 2945 ut
3261 2883 3513 2961 superius
3540 2883 3747 2947 dictum
3776 2898 3867 2947 est

571 2958 740 3040 male)
765 2958 902 3031 ﬁunt,
948 2958 999 3023 et
1031 2979 1087 3022 tu
1120 2971 1236 3040 jam
1279 2968 1444 3022 cibum
1473 2968 1646 3040 petis?
1694 2958 1989 3040 A_liis'ver9
2015 2965 2164 3040 locis
2271 2962 2359 3040 (S_.
2391 2961 2581 3040 (hosts.
2612 2964 2793 3040 tipat‘t.
2824 2970 2877 3040 tt.
2904 2958 2987 3040 _9).
3037 3030 3074 3040 _
3135 2958 3141 2960 ⁷
3282 3030 3296 3040 _
3329 2958 3348 2961 ’
3410 3030 3424 3040 .
3636 2980 3647 3040 ς

571 3030 867 3109 apud'eum
892 3030 1101 3107 integre
1120 3030 1365 3109 'legitur,
1410 3030 1587 3093 ut'lib.
1613 3037 1680 3093 de
1710 3038 1828 3109 Elia
1856 3045 1911 3092 et
1946 3033 2163 3105 Jejunio
2274 3030 2289 3109 ς
2343 3032 2371 3072 δ
2403 3032 2771 3109 Qua__ration_e
2812 3030 3010 3087 dicitur
3037 3030 3185 3087 Deus
3216 3030 3367 3109 _solus
3409 3030 3872 3109 immutabilis_et

572 3100 693 3177 cap.
728 3110 795 3164 15
824 3129 836 3162 :
867 3109 933 3163 In
964 3100 1260 3176 mammae,
1294 3100 1484 3178 siquis
1509 3110 1572 3162 de
1603 3123 1759 3162 manu
1791 3106 1943 3173 levat,
1986 3100 2166 3178 exsors
2272 3100 2619 3178 immortalis,
2650 3103 2858 3158 scilicet
2897 3118 2995 3173 per
3024 3104 3360 3178 essentiam;
3403 3102 3593 3178 eadem
3626 3111 3681 3178 et
3715 3103 3874 3178 solus

610 3172 781 3235 uident
803 3186 1011 3249 palmte,
1045 3181 1133 3235 sed
1160 3172 1409 3235 immunis
1432 3179 1871 3252 tujuria,etc.AEt
1899 3172 2021 3252 cap.
2050 3176 2118 3232 21
2149 3194 2162 3231 :
2274 3174 2686 3252 bottusdicitur
2724 3172 3175 3252 ῃῳ-θξωηιίιειι,
3204 3174 3442 3252 quia!“
3484 3172 3870 3252 ipl_boniia8.

610 3199 781 3235 utaem
803 3199 1011 3249 patmte,
1045 3199 1133 3235 sea
1160 3199 1409 3235 tmmums
1432 3199 1775 3252 liljuna,elc.
1806 3199 1871 3233 δι
1899 3199 2021 3245 cap.
2051 3199 2118 3232 11
2149 3199 2162 3231 2

573 3199 893 3325 1’rOgressus
916 3253 970 3305 in
988 3266 1217 3306 scamma
1237 3266 1441 3305 necesse
1462 3262 1535 3304 est
1557 3258 1614 3304 ut
1633 3250 1860 3318 excipias
1884 3248 2164 3319 pulverem.

577 3324 647 3380 Et
676 3338 864 3377 rursus
890 3340 906 3377 ε
939 3318 1187 3377 Luctator
1212 3324 1267 3376 in
1295 3330 1594 3387 scammate,
1626 3330 1673 3374 et
1700 3321 1866 3388 pulvis
1894 3321 1950 3373 in
1977 3319 2167 3374 stadio.
2196 3347 2198 3362 ‹

2276 3199 2454 3257 uultus
2484 3199 2686 3230 uiuitur
2724 3199 3175 3255 νυινριιωιιιιιιιι,
3204 3199 3329 3244 quin
3354 3199 3442 3228 cu
3484 3199 3598 3244 ιιι-ι
3630 3199 3870 3229 manu.

2274 3240 3241 3382 tata':::i;:st.:::ttza?:a
3270 3242 3881 3381 περιπέτειαι

582 3350 647 3380 bl.
678 3350 864 3377 rltl'aua
890 3350 906 3377 ε
939 3350 1185 3377 humatur
1212 3350 1267 3376 tu
1295 3350 1594 3387 acusuuuuc,
1626 3350 1673 3374 tu
1700 3350 1866 3388 plruma
1896 3350 1950 3373 us
1977 3350 2167 3374 usuusu.
2196 3350 2244 3386 υ
2276 3350 2436 3373 nunc
2490 3350 2618 3371 avus
2646 3352 2661 3373 ο
2709 3350 2880 3370 “ww
2910 3350 3106 3382 verum,
3136 3350 3241 3370 re...
3278 3350 3421 3371 usus.
3447 3350 3617 3381 -.πη

582 3394 841 3449 Paulinus
872 3395 924 3448 in
957 3392 1116 3459 epist.
1147 3393 1183 3447 2
1221 3392 1289 3447 ad
1330 3392 1595 3448 Severum
1625 3409 1638 3444 :
1668 3389 1818 3459 Noli,
1851 3391 2049 3460 inquit,
2082 3390 2167 3444 iu-
2276 3405 2340 3445 es
2370 3396 2509 3460 seet
2531 3403 2626 3460 per
2656 3392 2924 3460 naturam.
2968 3457 2978 3460 _
3148 3457 3158 3460 _
3245 3457 3254 3460 Α
3329 3456 3361 3460 Α
3583 3455 3595 3460 Δ

583 3466 731 3520 terim
758 3465 881 3518 dum
909 3466 961 3518 in
984 3455 1264 3519 scammate
1295 3479 1496 3526 sumus,
1525 3474 1633 3519 etc.
1804 3455 1814 3459 ⁷
1926 3455 1941 3460 ’
2036 3455 2043 3457 ἡ
2350 3470 2372 3498 ο
2402 3456 2940 3530 Νοιιινὶιᾲῦιιγϐὶιίιιι,
2967 3457 3021 3512 in
3051 3456 3450 3527 antiquioribus
3474 3455 3629 3530 libris
3650 3457 3885 3530 excusis

657 3545 683 3573 ἰ
709 3534 872 3592 Solus
914 3537 1053 3591 Deus
1087 3535 1399 3590 omnimodo
1442 3547 1497 3588 et
1535 3532 1782 3588 absolute
1822 3534 2173 3590 immutabilis
2277 3529 2577 3587 desiderari
2627 3528 2743 3583 hmo
2786 3528 2972 3595 verba,
3017 3542 3141 3598 quia
3173 3538 3376 3596 tamen,
3419 3528 3605 3598 inquit,
3648 3528 3704 3583 in
3745 3540 3888 3584 octo

586 3618 692 3671 est,
718 3608 877 3675 juxta
902 3606 1032 3662 illud
1068 3606 1342 3661 Malacltim
1369 3620 1468 3659 nt:
1512 3603 1626 3675 Ego
1665 3600 1944 3671 Dominus,
1983 3616 2030 3660 et
2068 3621 2173 3661 non
2277 3617 2409 3675 inse.
2461 3599 2763 3675 codicibus
2813 3608 2872 3675 et
2914 3599 3058 3675 apud
3105 3599 3429 3675 Dionysium
3500 3600 3880 3669 reperiuntur.

587 3669 789 3744 mutor;
819 3687 873 3733 et
906 3679 925 3731 l
965 3676 1031 3731 ad
1064 3677 1203 3732 Tim.
1233 3692 1288 3731 vt
1315 3694 1327 3730 :
1363 3675 1463 3741 Qui
1501 3669 1642 3730 scius
1683 3675 1829 3729 habet
1860 3669 2173 3731 immortali-
2276 3670 2513 3744 Proinde
2542 3672 2737 3727 merito
2758 3669 3064 3744 retinenda,
3087 3669 3373 3744 quiasana
3395 3679 3452 3725 et
3470 3681 3802 3744 opportuna.

586 3739 779 3804 tatemf
794 3746 924 3802 Nam
960 3748 1195 3818 perlecta
1219 3739 1600 3802 immortalitas
1626 3755 1710 3801 est
1738 3748 2047 3803 omnimoda
2079 3750 2171 3803 im-
2350 3739 2388 3818 ti
2413 3743 2722 3818 Vulgata‘et
2740 3740 3081 3818 Clementina
3104 3739 3266 3797 lectio
3291 3760 3303 3794 :
3333 3739 3714 3818 (jam-itionem
3734 3754 3885 3818 prg-

767 1640 916 1707 Quod
946 1654 1091 1692 nemo
1122 1639 1275 1692 ruina
1304 1637 1575 1692 subitanea
1603 1636 1924 1691 collabatur.

588 3821 942 3875 mulabilitas.
993 3819 1143 3875 Unde
1189 3818 1250 3873 D.
1285 3818 1596 3874 Bernardus
1634 3832 1801 3872 serm.
1844 3818 1909 3874 81
1956 3821 2009 3875 in
2036 3820 2179 3875 Can-

593 3895 695 3945 tica
726 3909 739 3943 :
782 3889 943 3955 Vera,
988 3891 1187 3956 inquit,
1221 3900 1268 3944 et
1296 3892 1499 3962 integra
1536 3889 1896 3962 immortalitas
1928 3900 2031 3944 tam
2072 3906 2178 3943 non

590 3963 769 4032 recipit
802 3962 1161 4029 mutationem,
1195 3979 1350 4031 quam
1383 3958 1471 4014 n'ec
1496 3962 1670 4032 ﬁnem:
1701 3958 1837 4027 quod
1868 3963 2033 4015 omnis
2059 3977 2177 4013 mu-

592 4029 719 4087 tatio
752 4032 990 4099 qucedam
1026 4029 1216 4085 mortis
1244 4033 1458 4084 imitatio
1497 4030 1581 4084 sit.
1631 4029 1792 4084 Omne
1827 4034 2012 4085 etenim
2040 4031 2179 4095 quod

592 4113 842 4167 mutatur,
872 4104 994 4155 dum
1029 4102 1093 4155 de
1136 4118 1239 4154 uno
1270 4104 1335 4153 ad
1368 4103 1512 4155 aliud
1544 4100 1728 4153 transit
1768 4117 1895 4169 esse,
1928 4102 2181 4171 quodam-

592 4178 743 4226 modo
782 4189 982 4227 necesse
1027 4183 1097 4241 est
1138 4172 1388 4224 moriatur
1416 4171 1553 4237 quod
1590 4180 1696 4232 est;
1740 4179 1929 4226 utesse
1966 4172 2179 4241 incipiat

593 4243 730 4314 quod
767 4259 868 4294 non
910 4253 1003 4314 est.
1056 4240 1207 4307 Quod
1243 4243 1286 4314 si
1313 4253 1393 4314 _tot
1434 4251 1656 4304 mortes,
1692 4252 1810 4306 quot
1852 4240 2178 4307 mutationes,

596 4310 683 4365 ubi
712 4311 1106 4366 immortalitas?
1127 4313 1278 4381 Apud
1302 4310 1466 4364 Deum
1493 4323 1665 4381 autent
1693 4327 1795 4365 non
1824 4322 1900 4365 est
1926 4322 2183 4365 transmu-

595 4383 852 4446 tatio,nec
874 4379 1241 4435 vicissitudinis
1265 4382 1582 4436 obumbratio
1606 4379 1808 4451 (Iacob.
1840 4398 1878 4436 ι.
1911 4382 1972 4438 8.
1995 4382 2179 4437 Thom.

597 4470 613 4508 ι
646 4462 781 4523 part.
823 4470 873 4522 q.
922 4450 1001 4523 9).
1034 4452 1243 4523 Dicitur
1278 4454 1443 4508 etiam
1483 4450 1624 4507 Deus
1649 4454 1796 4508 solus
1833 4452 2185 4509 immutabilis

596 4522 655 4580 et
680 4523 1025 4589 immortalis,
1055 4522 1308 4578 nimirum
1340 4539 1406 4579 ex
1435 4539 1495 4579 se
1530 4532 1585 4579 et
1610 4537 1798 4580 natura
1831 4540 1960 4588 sua.
1993 4535 2052 4581 ut
2093 4527 2184 4592 qui

598 4596 671 4650 sit
705 4595 1077 4649 essentialiter
1107 4592 1218 4664 ipsa
1248 4598 1378 4659 vita,
1404 4594 1608 4649 nullum
1639 4595 1842 4651 habens
1882 4597 2042 4652 ullius
2068 4611 2186 4650 mu-

2279 3816 2412 3870 cedit
2451 3812 2713 3884 superbia,
2759 3820 2807 3868 et
2849 3821 2968 3884 ante
2998 3812 3502 3884 ruinamimltutur
3529 3812 3766 3883 spiritus.
3797 3812 3883 3884 AD.

2282 3882 2665 3951 Hieronymus,
2699 3884 2792 3938 lib.
2826 3897 2888 3939 ιιι
2910 3883 3173 3938 adversus
3202 3883 3457 3938 Ruﬁnum
3486 3882 3611 3952 cap.
3644 3886 3769 3948 ult.,
3794 3882 3880 3939 ita

2280 3959 2411 4012 citat
2439 3975 2452 4012 :
2486 3956 2617 4010 Ante
2639 3955 2999 4025 contritionem
3030 3951 3633 4025 praeeditoontumelia,
3668 3963 3719 4009 et
3760 3964 3889 4009 artu

2282 4029 2487 4082 ruinam
2516 4028 2654 4082 mala
2685 4024 2947 4096 cogitatio.

2357 4108 2380 4136 θ
2416 4098 2493 4153 lta
2535 4097 2682 4153 enim
2724 4094 2854 4152 citat
2894 4096 2966 4167 D.
3012 4095 3374 4167 Hieronymus
3423 4095 3522 4151 lib.
3557 4110 3576 4150 ι
3614 4098 3667 4151 in
3697 4094 3886 4150 Jovin.

2229 4203 2250 4232 .
2283 4168 2428 4225 LXX
2486 4177 2746 4231 secutus,
2814 4166 2903 4235 qui
2964 4180 3186 4237 sensum
3222 4166 3411 4237 'adagii
3469 4168 3889 4237 parsphrastis-o

2285 4247 2673 4308 exposuerunt,
2728 4234 2954 4303 quodin
3006 4234 3232 4292 Hebraeo
3280 4234 3363 4292 ita
3394 4234 3619 4294 sanata
3648 4237 3892 4294 Stiltatio

2276 4311 2507 4383 jugisgt'n
2556 4310 2640 4364 die
2676 4309 2887 4375 imbris,
2924 4319 2973 4383 _et
3003 4308 3184 4362 mulier
3226 4310 3646 4383 contentionum,
3678 4317 3894 4383 cauata

2286 4378 2382 4435 esi.
2415 4381 2520 4434 Pro
2549 4394 2656 4450 quo
2701 4389 2887 4435 noster
2923 4379 3199 4447 interpres
3231 4384 3396 4450 vertit
3435 4398 3451 4433 :
3482 4378 3643 4434 Tecta
3672 4379 3892 4447 perstib

2288 4450 2451 4506 lautia
2484 4452 2539 4505 iu
2569 4449 2652 4505 die
2683 4450 2893 4521 frigoris
2924 4459 2971 4505 et
3004 4450 3237 4521 litigiosa
3274 4449 3455 4521 mulier
3484 4459 3894 4521 comparantur.

2288 4523 2360 4578 Et
2391 4523 2604 4578 brevius
2648 4519 2832 4577 itidem
2874 4519 3137 4577 Proverb.
3184 4536 3319 4576 xix:
3362 4519 3730 4589 Tectsjugiter
3759 4532 3896 4589 per-

2288 4537 2360 4578 m
2391 4537 2604 4578 brevius
2648 4537 2832 4577 tttuem
2874 4537 3137 4577 rrovern.
3184 4537 3319 4576 xix:
3364 4537 3507 4574 tecta
3556 4537 3587 4571 ιι
3646 4537 3730 4572 ter
3759 4537 3895 4589 pcr-

2287 4594 2543 4649 stitlantia
2580 4593 2813 4664 litigiosa
2855 4592 3059 4648 mittier.
3106 4590 3209 4648 Ubi
3250 4603 3428 4664 tamen
3466 4537 3895 4664 ιίίφιιιιιιιυιιι

602 4647 823 4720 ἶέιιὶόιιὶἐ
855 4647 1210 4758 principium,
1246 4647 2183 4758 nequeVinternumfnveq'ueExtitr-
2211 4695 2265 4758 Ι)
2289 4647 2357 4749 ab
2397 4647 2628 4721 Hebrmo
2663 4647 2724 4746 et
2764 4672 2945 4758 nostra
2988 4666 3246 4758 versione
3290 4663 3623 4758 discrepat“.
3652 4647 3894 4758 Partem

606 4753 765 4801 num;
801 4732 975 4807 angeli
1012 4732 1141 4809 vero
1168 4748 1221 4791 et
1261 4732 1458 4792 animm
1490 4738 1780 4793 rationales
1812 4732 2183 4809 paiticipative
2212 4732 2264 4758 ν
2291 4739 2470 4808 itaque
2491 4734 2777 4809 sententia:
2799 4736 2887 4790 hic
2912 4736 3187 4809 truncavit
3211 4733 3442 4809 Auctor,
3476 4732 3713 4790 alterum
3736 4732 3892 4788 dum-

605 4817 835 4873 tantum,
866 4818 943 4875 et,
971 4819 1028 4863 ut
1075 4808 1261 4865 Patres
1301 4809 1616 4881 loquuntur,
1660 4825 1754 4879 per
1793 4810 2018 4880 gratiam
2056 4819 2186 4865 sunt

2291 4805 2440 4865 taxat
2467 4822 2568 4864 suo
2591 4807 2841 4862 instituto
2868 4806 3198 4863 servientem
3224 4805 3493 4875 sllegans.

2916 4928 3251 4943 w

3803 4932 3877 4943 -ο

1419 4997 1926 5107 COLLA
1936 4996 2100 5104 T1
2111 4999 2208 5102 Ο
2287 4997 2570 5104 SEP
2591 4988 3069 5114 ΤΙΜΑ,

1681 5165 1838 5240 Qum
1872 5170 1966 5227 est
2014 5164 2219 5245 prima
2253 5162 2472 5225 Sereni
2524 5160 2801 5224 abbatis.

1382 5286 1464 5337 DE
1498 5281 1714 5336 ΑΝΙΜΕ
1747 5280 2136 5336 MOBILITATE
2168 5280 2248 5334 ET
2280 5274 2721 5334 SPIRITALIBUS
2768 5268 3107 5337 NEQUITIIS.

1121 5476 1350 5537 CAPUT
1387 5472 1677 5531 PRIMUM.

686 5578 925 5637 Summae
963 5573 1261 5632 sanctitatis
1305 5577 1361 5627 et
1406 5564 1756 5625 continentiae
1802 5563 1974 5619 virum
2017 5560 2193 5617 nomi-

2215 5484 2271 5544 Α
2294 5467 2483 5538 nisque
2512 5464 2597 5521 sui
2625 5463 2907 5536 speculum
2937 5470 2966 5501 ι
2991 5460 3240 5518 abbatem
3269 5460 3565 5528 Serenum,
3585 5470 3751 5532 quem
3781 5459 3893 5517 sin-

2297 5560 2472 5631 gulari
2530 5572 2717 5615 sumus
2772 5556 3127 5614 veneratione
3156 5570 3269 5627 prie
3323 5548 3543 5611 caneris
3600 5554 3889 5621 admirati,

1686 5675 1941 5735 ALARDI
1978 5674 2213 5733 GAZEI
2248 5669 2812 5732 COMMENTARIUS.

690 5795 715 5824 ι
739 5787 864 5842 Haec
896 5784 1085 5840 eadem
1115 5781 1183 5838 de
1211 5779 1417 5834 Sereno
1458 5772 1654 5829 abbate
1681 5780 1736 5828 et
1769 5770 1965 5828 iisdem
2004 5766 2183 5825 verbis

2290 5764 2602 5823 referuntur
2628 5761 2684 5818 in
2707 5759 2845 5819 Vitis
2867 5757 3089 5817 Patrum
3118 5758 3213 5817 lib.
3249 5774 3302 5818 tv
3330 5772 3380 5817 c.
3412 5754 3516 5828 50,
3544 5754 3693 5817 unde
3720 5757 3889 5817 etiam
