4026 6204
247 282 354 340 669

647 278 988 338 COLLATIO
1028 278 1138 335 vn.
1168 305 1238 321 ..-
1266 274 1639 334 nummum
1678 272 2095 334 MOBILITATE
2133 271 2222 333 ΕΤ
2261 254 2740 336 spiniﬁ'nisus
2764 256 3146 349 NEQUITIIS.

3425 288 3532 351 670

249 396 632 454 studiosorum
680 394 956 451 mentibus
1010 393 1287 450 insinuare
1336 392 1652 464 cupientes,
1707 391 1845 448 alias
1872 393 1923 457 Α
1949 392 2191 449 sectione
2239 391 2565 461 detrahere,
2620 394 3057 467 quandoquidem
3112 398 3259 458 illam
3306 407 3530 476 spiritus

252 490 593 547 arbitramur
648 486 986 544 desiderium
1039 494 1283 542 nostrum
1322 500 1420 542 nos
1466 486 1686 556 explere
1732 499 1841 540 non

255 597 447 655 posse,
478 598 641 655 quam
670 583 717 637 si
736 580 1060 638 collationes
1088 579 1205 650 ejus
1231 579 1430 635 nostris
1454 578 1645 634 libellis
1668 586 1842 633 tenta-

258 676 504 731 verimus
543 674 810 731 inserere.
864 674 964 729 Cui
1001 688 1165 743 supra
1219 688 1409 729 omnes
1456 673 1681 728 virtutes
1716 688 1841 744 quas

258 784 370 825 non
410 769 586 824 solum
632 768 686 822 in
717 768 836 837 ejus
858 777 983 822 actu
1019 766 1103 822 vel
1147 764 1417 829 motibus,
1449 765 1543 820 sed
1573 765 1734 821 etiam
1781 765 1837 820 in

256 860 383 931 ipso
410 862 558 915 vultu
588 874 685 929 per
711 859 805 915 Dei
826 858 1057 928 gratiam
1078 856 1445 927 refulgebant,
1470 856 1541 911 ita
1571 866 1655 912 est
1680 870 1840 925 pecu-

254 952 378 1006 liari
418 949 683 1007 beneficio
722 950 920 1005 donum
964 949 1231 1005 castitatis
1268 948 1537 1013 infusum,
1578 957 1636 1003 ut
1670 950 1837 1005 etiam

250 1055 315 1097 se
341 1056 409 1096 ne
440 1041 571 1111 ipsis
597 1040 815 1111 quidem
850 1041 1188 1096 naturalibus
1228 1040 1521 1097 incentivis
1553 1041 1836 1111 inquietari

249 1134 336 1189 vel
359 1134 414 1189 in
431 1149 630 1204 sopore
655 1136 909 1189 sentiret.
932 1133 1014 1189 Ad
1044 1148 1202 1203 quam
1236 1141 1420 1188 tamen
1441 1134 1619 1188 carnis
1644 1134 1835 1203 praeci-

247 1242 412 1298 puam
445 1229 733 1298 puritatem
769 1229 1223 1298 quemadmodum
1266 1229 1439 1298 gratia
1478 1228 1576 1284 Dei
1606 1227 1835 1284 admini-

245 1319 469 1375 culante
532 1321 872 1390 pervenerit,
934 1320 1190 1390 quoniam
1244 1334 1409 1389 supra
1466 1319 1829 1375 conditionem

249 1422 460 1469 naturae
507 1415 722 1471 videtur
766 1429 890 1471 esse
948 1414 1229 1482 humanae,
1282 1414 1651 1472 necessarium
1707 1430 1830 1472 reor

243 1503 491 1573 primitus
515 1506 812 1576 explicare.

870 1594 1102 1655 CAPUT
1141 1597 1209 1653 ll.

240 1690 570 1763 Prien-larum
595 1689 915 1763 miraculum
940 1690 1003 1744 de
1026 1691 1247 1763 puritate
1275 1690 1496 1761 corporis
1526 1690 1737 1763 adepta,
1772 1700 1821 1746 et

1946 485 2238 555 puritatem
2278 500 2398 555 quae
2426 485 2717 542 sublimior
2752 498 2870 558 est,
2900 504 3166 561 quamque
3196 494 3527 566 impossibile

1943 582 2030 633 est
2053 576 2290 632 humano
2317 577 2507 634 labore
2525 580 2606 634 vel
2633 578 2815 637 studio
2835 583 3247 656 comprehendi,
3280 603 3381 645 suo
3411 606 3527 647 mu-

1941 683 2074 724 nere
2104 668 2449 725 contulisset.
2476 669 2724 742 Cumque
2759 674 3007 742 petitioni
3034 686 3225 747 cceptce
3251 682 3525 751 supplica-

1943 761 2090 816 tione
2122 760 2237 831 jugi
2282 775 2345 816 ac
2375 761 2635 833 lacrymis
2678 762 2981 820 indefessus
3017 766 3327 835 insisteret,
3362 770 3525 829 advel

1941 854 2097 910 niens
2125 855 2192 908 ad
2225 870 2347 910 eum
2377 856 2601 925 angelus
2641 856 2693 912 in
2739 858 2951 914 visione
2989 870 3251 917 nocturna
3295 864 3522 937 ejusque

1940 944 2091 1001 velut
2131 946 2386 1014 aperiens
2440 954 2689 1014 uterum,
2731 948 3020 1018 quamdam
3070 952 3288 1022 ignitam
3340 958 3518 1015 carnis

1936 1037 1965 1077 δ
1991 1047 2254 1094 strumam
2279 1039 2348 1095 de
2375 1039 2494 1110 ejus
2514 1040 2818 1095 visceribus
2835 1043 3079 1101 avellens
3110 1059 3174 1101 ac
3204 1046 3514 1117 projiciens,

1934 1132 2154 1202 suisque
2180 1133 2383 1198 omnia,
2409 1140 2465 1187 ut
2484 1131 2717 1199 fuerant,
2742 1133 2877 1190 locis
2906 1135 3157 1192 intestina
3182 1136 3511 1197 restituens:

1933 1223 2094 1288 Ecce,
2130 1224 2330 1294 inquit,
2361 1224 2630 1280 incentiva
2656 1227 2834 1282 carnis
2865 1236 2968 1282 tute
3002 1228 3240 1285 abscissa
3268 1240 3426 1299 sunt,
3458 1243 3511 1289 et

1931 1316 2239 1372 obtinuisse
2288 1325 2342 1372 te
2394 1318 2612 1373 noveris
2664 1318 2921 1375 hodierna
2973 1320 3095 1389 die,
3132 1332 3155 1361 ο
3197 1333 3508 1394 perpetuam

1929 1410 2178 1479 corporis
2215 1409 2524 1479 puritatem,
2564 1425 2727 1481 quam
2769 1412 3003 1469 fideliter
3030 1416 3342 1484 poposcisti.
3382 1416 3508 1475 Hzec

1927 1501 1997 1556 de
2022 1501 2194 1572 gratia
2225 1501 2338 1569 Dei,
2373 1517 2491 1571 qua:
2519 1511 2820 1558 memorato
2847 1503 2962 1558 viro
2986 1506 3329 1575 peculiariter
3351 1510 3507 1564 attri-

1926 1592 2052 1649 buta
2081 1602 2193 1660 est,
2220 1592 2469 1649 breviter
2499 1594 2700 1651 dixisse
2728 1593 2976 1651 sufficiat.
3010 1597 3277 1653 Caeterum
3302 1598 3369 1656 de
3399 1600 3504 1658 illis

1926 1686 2233 1751 virtutibus,
2265 1700 2396 1755 quas
2424 1702 2548 1742 cuin
2587 1687 2809 1758 reliquis
2850 1690 3076 1745 summis
3104 1691 3233 1746 viris
3260 1706 3503 1749 commu-

313 1762 649 1855 i’ﬂ‘fﬂogﬂio
678 1759 913 1833 Ρνίεάίοιί
940 1762 1076 1814 δθηί³
1104 1778 1257 1831 δυρεν
1283 1759 1417 1815 εταῖα
1452 1759 1817 1833 εοθῖταὶίοηυπδ
1848 1774 1896 1835 Β
1922 1779 2063 1834 niter
2092 1778 2437 1851 possidebat,
2468 1780 2670 1850 aliquid
2714 1782 3132 1838 commemorari
3170 1784 3499 1855 superﬂuum

315 1841 629 1886 nostrarum.

311 1964 412 2020 Hic
437 1966 603 2036 igitur
625 1980 723 2036 pro
745 1965 948 2021 interna
972 1965 1152 2021 cordis
1172 1973 1334 2035 atque
1354 1965 1547 2022 animae
1567 1968 1820 2023 castitate

234 2061 523 2114 nocturnis
571 2058 884 2130 diurnisque
929 2061 1197 2130 precibus.
1239 2060 1461 2130 jejuniis
1498 2078 1713 2132 quoque
1752 2077 1819 2119 ac

234 2152 438 2223 vigiliis
468 2153 874 2223 infatigabiliter
901 2152 1175 2217 insistens,
1206 2166 1327 2208 cum
1360 2154 1588 2209 vidisset
1617 2154 1817 2210 oratio-

234 2260 367 2302 num
394 2262 617 2302 suarum
660 2246 958 2303 obtinuisse
996 2262 1057 2302 se
1093 2258 1216 2301 vota
1238 2288 1252 2310 ,
1284 2256 1619 2317 cunctosque
1650 2260 1815 2305 aestus

234 2334 292 2391 in
343 2336 509 2392 corde
558 2351 657 2392 suo
700 2337 1152 2408 concupiscentiae
1197 2339 1431 2393 carnalis
1476 2339 1810 2405 exstinctos,

233 2428 383 2484 velut
414 2429 733 2485 suavissimo
765 2438 924 2500 gustu
956 2430 1205 2499 puritatis
1232 2444 1519 2498 accensus,
1554 2431 1605 2483 in
1646 2431 1814 2500 majo-

226 2535 346 2577 rem
401 2522 547 2576 sitim
592 2522 711 2578 zelo
753 2522 1018 2578 castitatis
1059 2522 1287 2588 exarsit,
1338 2532 1392 2577 et
1436 2522 1813 2578 intentioribus

227 2614 391 2682 ctepit
434 2612 657 2683 jejuniis
695 2624 858 2684 atque
903 2614 1374 2671 obsecrationibus
1418 2614 1699 2683 incubare,
1755 2624 1812 2672 ut

226 2707 575 2762 mortificatio
632 2708 900 2777 passionis
943 2707 1105 2779 hujus
1151 2723 1273 2778 quae
1318 2708 1562 2764 interiori
1609 2709 1808 2765 homini

223 2814 327 2855 suo
352 2799 500 2855 dono
529 2800 626 2856 Dei
656 2800 833 2857 fuerat
861 2802 1141 2870 attributa,
1170 2801 1237 2856 ad
1264 2802 1547 2858 exterioris
1579 2802 1809 2859 hominis

223 2894 390 2950 etiam
424 2894 713 2961 puritatem
742 2904 970 2950 eatenus
999 2896 1337 2964 perveniret,
1371 2904 1429 2950 ut
1458 2910 1527 2951 ne
1553 2896 1668 2965 ipse
1692 2897 1810 2966 qui-

223 2984 349 3041 dem
380 2986 465 3040 vel
493 2986 593 3041 illo
618 2987 855 3054 simplici
885 3002 949 3041 ac
982 2987 1213 3042 naturali
1243 2996 1393 3041 motu
1433 2988 1521 3057 qui
1558 2988 1720 3043 etiam
1752 2988 1805 3043 in

222 3077 467 3147 parvulis
497 3087 660 3147 atque
689 3078 1017 3134 lactantibus
1046 3080 1341 3146 excitatur,
1372 3080 1596 3135 ulterius
1626 3080 1805 3152 pulsa-

216 3183 399 3235 retur,
433 3181 459 3209 ει
491 3172 696 3242 indepti
736 3172 946 3230 scilicet
976 3174 1215 3229 muneris
1241 3174 1631 3244 experimento,
1660 3176 1801 3247 quod
1830 3144 1875 3213 Ο

218 3276 287 3318 se
340 3274 570 3319 noverat
619 3279 725 3320 non
779 3265 1023 3320 laborum
1073 3268 1303 3334 merito,
1345 3267 1438 3324 sed
1489 3268 1583 3323 Dei
1632 3270 1801 3340 gratia

216 3365 614 3423 consecutum,
671 3359 947 3413 ardentius
995 3361 1264 3414 animatus
1319 3359 1385 3415 ad
1441 3361 1545 3416 huc
1593 3377 1804 3432 quoque

220 3451 483 3507 similiter
530 3452 917 3520 obtinendum;
959 3455 1189 3511 credens
1232 3457 1399 3511 multo
1443 3457 1653 3515 facilius
1702 3458 1803 3514 hos

206 3547 481 3601 stimulos
520 3536 702 3601 carnis
756 3547 1014 3603 radicitus
1054 3549 1222 3603 Deum
1266 3564 1426 3619 posse
1471 3552 1800 3618 convellere,

204 3652 361 3707 equos
417 3637 580 3692 etiam
627 3637 876 3694 humana
920 3641 1051 3694 artis
1091 3639 1353 3696 industria
1396 3657 1799 3713 nonnumquam

206 3731 362 3787 nolet
389 3731 713 3803 quibusdam
742 3732 949 3803 poculis
973 3734 1055 3788 vel
1087 3732 1514 3797 medicamentis,
1549 3750 1641 3789 seu
1671 3734 1802 3789 ferri

1922 1883 2072 1944 puto,
2103 1890 2171 1929 ne
2204 1872 2454 1944 specialis
2490 1888 2654 1944 super
2682 1875 2902 1931 nomine
2932 1876 3091 1947 hujus
3119 1876 3221 1932 ista
3264 1881 3500 1936 narratio

1917 1968 2039 2023 aliis
2067 1968 2288 2024 demere
2330 1968 2579 2024 videatur
2624 1968 2678 2024 id
2713 1969 2856 2039 quod
2896 1970 2964 2027 de
3007 1971 3111 2027 isto
3154 1971 3501 2043 singulariter

1918 2061 2267 2131 praedicatum
2320 2061 2505 2117 fuerit.
2551 2061 2705 2119 Hunc
2752 2064 2916 2134 igitur
2968 2080 3180 2121 summo
3228 2066 3497 2124 desiderio

1916 2154 2215 2211 collationis
2244 2155 2363 2225 ejus
2390 2164 2549 2226 atque
2588 2152 2949 2211 institutionis
3006 2162 3252 2225 accensi,
3303 2160 3496 2216 diebus

1915 2242 1941 2282 ἀ
1972 2246 2407 2317 Quadragesimin
2435 2247 2617 2301 videre
2635 2247 2959 2301 curavimus.
2993 2247 3094 2314 Qui
3122 2262 3244 2303 cum
3276 2265 3307 2303 a
3338 2250 3495 2306 nobis

1913 2338 1982 2395 de
2028 2339 2288 2408 qualitate
2330 2337 2713 2406 cogitationum
2764 2345 3090 2393 nostrarum.
3118 2347 3175 2395 et
3218 2338 3496 2397 interioris

1913 2428 2149 2485 hominis
2178 2438 2320 2485 statu
2349 2428 2787 2497 tranquillissima
2817 2428 3238 2497 compellatione
3261 2428 3492 2500 quasis-

1913 2530 2016 2587 set,
2047 2521 2127 2578 vel
2152 2521 2281 2591 quid
2314 2520 2474 2576 nobis
2503 2521 2567 2575 ad
2600 2520 2716 2590 ejus
2743 2520 3032 2592 puritatem
3061 2521 3193 2576 tanti
3225 2522 3490 2590 temporis

1912 2615 2079 2671 eremi
2127 2614 2390 2671 habitatio
2430 2616 2783 2683 contulisset,
2832 2614 2919 2670 his
2970 2628 3093 2671 eum
3137 2613 3491 2688 querimoniis

1908 2706 2089 2763 adorsi
2120 2721 2325 2761 sumus.

2519 2795 2746 2854 CAPUT
2785 2799 2872 2855 ΙΙΙ.

2097 2890 2385 2961 Responsio
2408 2901 2580 2957 nostra
2609 2909 2765 2963 super
2792 2894 2979 2949 animae
3006 2893 3299 2949 mobilitate.

1982 2984 2301 3056 Supputatio
2349 2994 2651 3056 temporum
2706 3001 2769 3042 ac
2822 2985 3126 3041 solitudinis
3181 2984 3484 3057 habitatio,

1906 3079 2064 3150 cujus
2123 3078 2581 3149 contemplatione
2644 3077 2870 3148 conjicis
2926 3080 3198 3135 interioris
3252 3078 3487 3136 hominis

1908 3173 2289 3245 perfectionem
2314 3188 2411 3230 nos
2443 3176 2699 3246 consequi
2722 3174 2993 3245 debuisse,
3019 3172 3124 3231 hoc
3144 3174 3488 3232 solummodo

1908 3269 2137 3326 contulit
2165 3270 2350 3339 nobis,
2376 3276 2436 3324 ut
2461 3269 2796 3325 disceremus
2823 3268 2949 3340 quid
2980 3283 3102 3325 esse
3131 3282 3484 3339 nequeamus,

1909 3379 2017 3420 non
2063 3372 2237 3419 tamen
2280 3362 2407 3419 fecit
2446 3378 2565 3419 esse
2595 3363 2737 3433 quod
2783 3376 2906 3418 esse
2933 3362 3350 3427 contendimus;
3383 3376 3484 3417 nec

1908 3456 2051 3512 enim
2080 3465 2171 3511 aut
2199 3455 2518 3510 desideratas
2546 3455 2793 3525 puritatis
2822 3454 2981 3508 fixam
3009 3453 3358 3509 stabilitatem
3392 3460 3484 3507 aut.

1908 3550 2074 3605 robur
2122 3548 2339 3617 aliquod
2386 3548 2651 3602 firmitatis
2696 3561 2794 3602 nos
2844 3564 2909 3603 ac
2951 3548 3194 3603 scientia:
3239 3550 3486 3603 novimus

1908 3649 2204 3705 assecutus,
2244 3639 2339 3693 sed
2378 3639 2750 3693 tantummodo
2785 3640 3119 3693 confusionis
3154 3654 3218 3693 ac
3261 3639 3483 3707 pudoris

1909 3741 2213 3802 augmenta.
2246 3731 2456 3783 Etenim
2498 3744 2619 3784 cum
2658 3728 2896 3782 omnium
2929 3728 3332 3798 disciplinarum
3370 3743 3484 3782 me-

1285 3843 1543 3899 ALARDI
1582 3843 1813 3899 GAZ/El
1849 3837 2412 3898 COMMENTARIUS.

214 3940 435 4008 accepit
458 3940 608 3995 Petr.
624 3939 931 4006 Equilinus,
947 3948 1001 3993 et
1018 3939 1203 3994 retulit
1217 3939 1268 3992 in
1289 3938 1545 4008 Catalogo
1569 3935 1801 4008 (Libui,

211 4028 266 4071 c.
308 4006 459 4079 “8).
502 4012 745 4067 Meminit
783 4022 834 4065 et
867 4010 1089 4064 Pliotius
1122 4019 1227 4063 tam
1261 4008 1420 4078 hujus
1458 4007 1667 4079 abbatis
1706 4006 1805 4061 Se—

213 4086 340 4142 reni
388 4077 986 4154 (In_Cas_sianie10gio;
1038 4081 1151 4134 ride
1174 4080 1333 4154 initio
1378 4077 1595 4147 operis),
1646 4093 1804 4154 quem

213 4148 408 4209 abbati
451 4151 619 4224 Moysi
658 4156 781 4207 vitae
822 4148 1025 4221 genere
1065 4162 1119 4205 et
1156 4151 1398 4224 doctrina
1441 4162 1621 4224 parem
1660 4148 1805 4213 facit,

216 4239 390 4295 quam
429 4220 586 4291 hujus
616 4220 921 4278 collationis
960 4236 1083 4277 cum
1110 4235 1175 4277 eo
1216 4221 1436 4295 habitat,
1465 4220 1624 4295 cujus
1659 4231 1805 4273 sum-

220 4292 403 4351 maria
448 4297 618 4363 capita
671 4296 1009 4364 perstringit,
1041 4307 1265 4362 eamque
1312 4292 1499 4364 tertio_
1524 4293 1644 4364 loco
1686 4302 1807 4364 post

223 4366 373 4421 duas
404 4359 713 4435 cenationes
755 4359 1123 4435 illius'Moysis
1159 4359 1423 4418 recenset.
1456 4359 1611 4435 Unde
1652 4360 1808 4415 colli-

219 4437 375 4507 gitur
416 4434 601 4491 Graece
628 4436 838 4492 scilicet
866 4433 1032 4491 fuisse
1071 4435 1398 4500 translatas,
1437 4440 1497 4487 ut
1531 4433 1665 4486 alias
1691 4448 1809 4486 mo-

221 4522 469 4564 animus.

299 4586 329 4616 ι
361 4575 605 4645 Indepti,
651 4591 748 4646 pro
790 4576 1005 4644 adepti,
1053 4575 1193 4642 quod
1222 4573 1478 4646 Cassiano
1510 4572 1801 4640 familiare,

221 4658 285 4705 ut
318 4647 444 4702 alibi
476 4643 775 4702 notavimus
809 4643 947 4715 (Lib.
976 4661 1030 4701 v1
1058 4646 1189 4700 Inst.
1219 4662 1263 4698 ε.
1290 4643 1401 4714 15).

298 4717 331 4756 ι’
360 4720 576 4773 Struma
601 4713 1010 4801 proprie'tumor
1029 4726 1113 4813 est
1140 4717 1403 4813 caerlvicem
1429 4713 1697 4813 p'rzncipue
1728 4716 1807 4769 in-
1833 4754 1886 4813 Β

222 4789 463 4850 feSIans,
496 4786 616 4842 cum
648 4786 791 4844 circa
826 4799 1006 4859 guttur
1027 4787 1293 4858 glandulae
1308 4786 1555 4859 quaedam
1583 4801 1649 4839 ex
1678 4800 1806 4859 pure

224 4871 279 4916 et
325 4860 589 4929 sanguine
626 4856 896 4915 concretas
938 4856 1201 4929 oriuntur
1229 4874 1243 4911 :
1270 4856 1495 4929 iGallice
1528 4857 1803 4911 écroueltes

230 4930 391 5000 (Coll.
430 4928 601 4984 Rhod.
632 4933 791 4997 antiq.
826 4931 863 4984 Ι.
894 4946 947 4995 x,
982 4947 1097 4997 cap.
1120 4928 1232 4999 26).
1266 4928 1360 4983 Hic
1387 4943 1515 4983 vero
1546 4942 1643 4997 pro
1664 4943 1804 5000 par-

226 4999 423 5068 ticula,
456 5010 550 5055 aut
598 5001 847 5065 frustuln,
888 5000 1001 5055 sive
1039 5000 1257 5069 globulo
1291 5000 1469 5055 carnis
1509 4999 1724 5053 tumidae
1753 5007 1806 5053 et

226 5074 419 5127 noxia).
436 5073 682 5127 sumitur.
706 5070 877 5142 Cujus
898 5071 1256 5126 similitudine
1276 5071 1522 5142 dicitur}:
1546 5070 1806 5142 Cicerone

228 5152 438 5197 struma
464 5144 718 5206 civitatis,
745 5139 840 5211 pro
871 5151 1022 5211 peste
1052 5150 1145 5195 aut
1178 5141 1435 5208 pernicie.
1460 5140 1549 5195 Sic
1579 5140 1719 5193 enim
1748 5139 1803 5192 in

229 5213 479 5269 oratione
528 5228 626 5282 pro
669 5210 897 5269 Sestio’:
950 5212 1019 5266 Hi
1048 5212 1310 5265 medentur
1352 5210 1663 5282 reipublicae,
1717 5210 1806 5282 qui

230 5295 468 5339 exsecant
496 5280 686 5354 pestem
711 5283 969 5353 aliquam,
999 5292 1260 5354 tamquam
1288 5292 1533 5335 strumam
1561 5280 1800 5354 civitatis.

309 5366 331 5395 ο
365 5351 556 5410 εἰηιῆθ
583 5363 687 5420 est,
717 5351 859 5424 quod
884 5356 950 5409 de
987 5353 1043 5409 S.
1078 5351 1302 5424 Equitig
1320 5364 1712 5424 commemorat
1741 5351 1800 5404 Ι).

231 5424 530 5502 Gregorius
564 5424 658 5480 lib.
692 5442 704 5477 ι
737 5421 942 5495 DiaIOg.
984 5439 1101 5502 cap.
1141 5421 1176 5477 Ἀ
1212 5421 1427 5502 εῌιιηε,
1460 5422 1664 5502 inquit,
1693 5435 1809 5502 cum

225 5493 522 5569 juvintutis
536 5512 646 5551 sua!
666 5504 759 5550 tem
767 5493 912 5565 pore,
932 5497 1040 5569 acri
1063 5494 1339 5569 certamine
1360 5493 1527 5569 carnis
1556 5493 1810 5569 incentiva

236 5562 537 5639 fatigarent,
569 5570 694 5638 ipse
717 5562 823 5639 suae
844 5567 1143 5639 tentationis
1173 5564 1421 5632 angustia:
1449 5562 1653 5639 eum_ad
1687 5577 1808 5639 ora-

234 5633 393 5692 tionis
419 5633 651 5693 studium
679 5637 995 5691 solertiorem
1026 5637 1289 5706 fecerunt,-
1320 5650 1532 5703 cumque
1558 5633 1653 5706 bac
1682 5633 1731 5685 in
1758 5648 1815 5685 re

237 5708 305 5760 ab
329 5709 661 5782 omnipotenti
690 5706 797 5784 Deo
824 5704 1103 5784 remedium
1132 5705 1383 5784 continuis
1408 5704 1642 5784 precibus
1670 5718 1811 5784 quaa-

236 5789 392 5847 τινα,
419 5774 570 5838 nocte
596 5778 838 5847 quadarn-
858 5782 1124 5836 assistente
1165 5777 1360 5848 Angela
1394 5774 1723 5832 ew'uchisari
1762 5789 1815 5827 se

1907 3934 2052 3998 vidit,
2095 3933 2303 4001 ejusque
2329 3927 2509 3982 visioni
2551 3927 2815 4001 apparuit,
2858 3928 2993 4001 quod
3033 3944 3233 3985 omnem
3273 3930 3481 3983 modum

1909 4021 1970 4058 ex
1999 3998 2453 4073 genitalibusuejus
2504 4000 2735 4073 membris
2764 3998 3111 4073 abscinderet;
3148 4012 3300 4073 atque
3337 4017 3399 4053 ex
3428 4019 3485 4054 eo

1909 4068 2132 4147 tempore
2172 4073 2245 4126 ita
2273 4068 2471 4147 alienus
2512 4068 2701 4147 exstitit
2727 4087 2757 4122 a
2798 4071 3076 4147 tentalione
3097 4114 3109 4134 ,
3140 4087 3201 4124 ac
3238 4071 3281 4123 si
3307 4087 3483 4147 senum

1909 4140 2019 4199 non
2043 4144 2240 4197 haberet
2272 4145 2323 4195 in
2355 4156 2585 4210 corpore.
2623 4140 2737 4205 Qua
2761 4144 2943 4197 virtute
2977 4144 3138 4212 fretus
3166 4158 3229 4197 ea:
3251 4142 3483 4211 omnipa-

1909 4218 2058 4270 tentis
2105 4214 2201 4268 Dci
2247 4214 2462 4278 auxilio,
2506 4224 2561 4267 ut
2605 4214 2728 4267 viris
2776 4225 2893 4267 ante
2937 4225 3175 4284 prmerat,
3219 4216 3293 4267 ita
3337 4215 3484 4281 coepit

1911 4286 2233 4356 postmodum
2259 4289 2410 4339 ctiam
2442 4285 2639 4355 feminis
2668 4300 2915 4355 praeesse;
2939 4301 3027 4338 nec
3055 4294 3223 4339 tamen
3253 4286 3481 4355 discipu-

1911 4355 1987 4412 los
2014 4374 2134 4411 sues
2169 4356 2443 4409 admonere
2468 4355 2711 4420 cessabat,
2745 4373 2806 4409 ne
2834 4372 2886 4408 se
2912 4356 3022 4425 ejus
3050 4358 3355 4424 exemplain
3385 4358 3480 4408 hac

1908 4446 1962 4483 re
2002 4429 2154 4499 facile
2180 4429 2472 4491 crederent,
2505 4436 2553 4499 et
2591 4428 2764 4499 casuri
2798 4436 3047 4480 tentarent
3080 4427 3304 4499 donum,
3340 4428 3482 4499 quod

1910 4496 2010 4552 non
2034 4500 2360 4565 accepissent.
2396 4496 2555 4551 Aliud
2590 4498 2714 4551 item
2741 4500 3045 4566 exemptum
3080 4496 3221 4550 haud
3256 4498 3485 4552 multum

1909 4571 2160 4624 absimile
2190 4569 2478 4637 singularis
2506 4567 2839 4621 castimonia:
2868 4576 2919 4620 et
2946 4567 3192 4637 puritatis
3222 4566 3485 4637 divinitus

1910 4651 1964 4695 et
1989 4641 2232 4711 angelico
2263 4634 2587 4711 adminiculo
2612 4634 3061 4711 siveniinisterio
3084 4636 3292 4691 collatm
3310 4634 3485 4711 habes

1911 4712 1963 4766 in
1993 4707 2300 4767 SfThomu
2349 4710 2633 4779 Aquinate,
2662 4709 2749 4777 qui
2784 4723 2902 4779 cum
2928 4720 3162 4779 scortum
3187 4724 3216 4761 e
3239 4707 3485 4763 cubiculo

1918 4783 2106 4837 titione
2148 4791 2367 4848 arrepto
2413 4777 2677 4848 fugasset,
2732 4778 2903 4847 angeli
2947 4777 3057 4848 duo
3112 4779 3227 4848 ejus
3278 4779 3485 4832 lumbos

1914 4864 2076 4906 noctu
2110 4846 2497 4906 constrinxere
2522 4851 2680 4902 fascia
2716 4846 2859 4919 (qua:
2895 4846 3071 4903 adhuc
3100 4846 3364 4919 Vercellis
3396 4864 3486 4901 cx-

1911 4933 2057 4978 stare
2087 4920 2329 4991 dicitur),
2354 4936 2459 4990 quo
2487 4922 2682 4991 faetuui
2704 4918 2784 4991 est
2815 4918 3054 4991 utnullis
3079 4918 3332 4991 deinceps
3359 4932 3479 4991 car-

1912 4994 1995 5047 nis
2034 4986 2634 5060 stimulis'pu'ngeretur
2663 4986 2894 5060 (Leand.
2932 4986 2985 5041 in
3021 4986 3337 5060 ejus_Vita).
3374 4986 3485 5040 Huc

1910 5072 2117 5132 spectat
2143 5061 2293 5143 quod
2308 5057 2990 5143 sacerdoscelebraturus,
3004 5057 3128 5140 dum
3150 5057 3289 5114 inter
3311 5067 3485 5143 vestes

1912 5127 2094 5188 sacras
2122 5127 2389 5202 cingulum
2414 5130 2628 5202 accipit,
2659 5128 2728 5183 ita
2760 5137 2913 5202 orat:
2948 5128 3341 5202 Prmcingeme,
3375 5127 3485 5180 Do-

1910 5205 2077 5262 mine.
2109 5197 2317 5272 cing'ulo
2353 5197 2620 5270 puritatis,
2658 5209 2705 5253 et
2732 5201 2994 5270 exslingne
3027 5200 3077 5272 in
3108 5197 3200 5272 me
3222 5197 3485 5272 humorem

1908 5272 2158 5341 libidinis,
2195 5268 2263 5327 "ut
2304 5268 2505 5327 maneat
2530 5272 2581 5326 in
2618 5287 2698 5325 me
2726 5268 3248 5325 virtus'continentite
3267 5277 3314 5322 et
3337 5269 3485 5322 easti<

1909 5345 2049 5399 tatis.

1983 5412 2009 5452 ά
2038 5414 2174 5470 Nota
2214 5415 2488 5484 antiquam
2536 5409 2973 5484 Quadragesima}
3014 5408 3484 5484 observationem,

1912 5486 1977 5542 de
2006 5502 2110 5557 qua
2151 5496 2205 5542 et
2248 5480 2375 5540 alibi
2411 5480 2616 5557 saepius
2658 5480 2902 5537 meminit
2939 5482 3160 5549 Auctor,
3210 5491 3267 5535 ut
3303 5480 3485 5557 collat.

1916 5557 1983 5615 lO
2011 5549 2060 5612 (Ξ.
2093 5559 2151 5625 Ξ,
2188 5558 2372 5613 collat.
2404 5552 2463 5608 2t
2496 5549 2548 5608 ἱ).
2587 5558 2619 5607 2
2644 5563 2699 5609 et
2727 5560 2997 5624 sequent.,
3039 5567 3157 5623 quae
3183 5558 3269 5607 est
3301 5549 3368 5605 de
3403 5567 3486 5625 re.

1916 5623 2171 5685 missione
2199 5626 2688 5699 Quinquagesimm,
2720 5623 2839 5699 quae
2862 5625 3339 5699 Quadrageslma‘m
3368 5623 3485 5699 su‘b-

1916 5702 2182 5841 quuitgr.
2210 5690 2333 5759 "Ubi
2363 5690 2516 5773 plui‘a
2562 5697 2630 5755 de
2670 5690 2862 5755 eadem
2901 5690 3206 5755 notabimus
3240 5694 3394 5769 (Cap.
3422 5690 3484 5756 21

1917 5788 1943 5826 e
1994 5788 2096 5841 seq.
2133 5812 2146 5825 .
3460 5816 3467 5825 .

1917 5780 1965 5826 et
1994 5780 2146 5842 seq.).
