4036 6216
548 200 648 259 6⁸11

1605 191 1887 251 ιοΑΝιιιε
1923 188 2241 249 CASSIANI
2278 188 2775 251 COLLA'HONES.

3710 190 3803 250 οῖς

549 315 740 371 ditatio
769 311 835 368 ad
868 310 973 369 hoc
1014 310 1345 381 quotidianis
1391 307 1587 365 studiis
1616 317 1938 365 exerceatur
1970 318 2135 379 atque
2162 308 2214 369 Α
2238 307 2573 378 experientia
2606 284 2853 378 pro'ferre
2899 310 3247 367 sententiam.
3286 307 3397 368 Nec
3435 310 3582 368 enim
3617 310 3667 369 si
3705 313 3805 384 quis

551 408 883 480 perﬁciatur,
917 417 974 462 ut
1002 422 1029 461 a
1059 406 1256 478 tepidis
1290 403 1613 460 rudimentis
1642 402 1709 459 ad
1741 403 1990 475 peritiam
2018 417 2139 458 cer-

550 511 658 555 tam
714 500 1071 567 stabilemque
1128 498 1484 566 perveniens,
1536 496 1761 565 incipiat
1808 510 1969 550 nosse
2018 509 2139 565 quae

552 595 801 663 primitus
824 592 906 647 vel
933 590 1184 660 ambigue
1206 597 1453 655 noverat,
1486 587 1571 643 vel
1599 589 1812 659 penitus
1834 586 2133 658 ignorabat,

550 700 605 742 et
647 688 803 742 firmo
839 687 917 759 (ut
952 688 1024 740 ita
1058 684 1317 753 dixerim)
1354 683 1524 751 gradu
1570 685 1625 738 in
1659 683 1807 737 illius
1842 682 2137 751 disciplina:

552 779 811 846 qualitate
838 776 1160 845 procedens,
1189 773 1448 846 perfecta:
1479 776 1529 827 in
1560 789 1623 829 ea
1653 788 1717 829 ac
1743 773 1862 829 sine
1899 772 2002 827 ulla
2031 772 2136 836 iam

552 872 870 927 difficultate
894 879 1175 936 versetur;
1205 880 1230 906 ι
1261 870 1570 924 econtrario
1591 884 1677 923 me
1718 869 1769 923 in
1800 868 1960 937 hujus
1996 868 2140 937 puri-

552 963 678 1015 tatis
730 960 909 1015 studio
948 960 1293 1016 laborantem
1343 960 1395 1015 id
1448 959 1793 1015 solummodo
1844 958 2139 1028 profecisse

550 1056 786 1120 reperio,
822 1062 878 1108 ut
926 1054 1091 1107 sciam
1147 1052 1274 1121 quid
1315 1066 1436 1107 esse
1465 1066 1572 1107 non
1623 1052 1865 1122 possim:
1918 1066 1983 1105 ex
2028 1066 2139 1120 quo

552 1143 687 1198 nihil
737 1145 866 1199 mihi
918 1144 1061 1199 aliud
1115 1144 1294 1200 sentio
1321 1160 1479 1214 quam
1522 1144 1727 1199 luctum
1768 1153 1915 1199 tanta
1957 1144 2140 1199 cordis

550 1236 879 1292 contritione
908 1236 1166 1304 conferri,
1196 1245 1257 1291 ut
1283 1252 1578 1307 numquam
1607 1236 1817 1291 scilicet
1854 1234 1995 1291 desit
2027 1250 2141 1290 ma-

552 1329 685 1384 teria
732 1329 1116 1401 lacrymarum,
1166 1344 1266 1384 nec
1312 1338 1490 1384 tamen
1535 1343 1655 1384 esse
1701 1328 1945 1384 desinam
1994 1328 2137 1397 quod

552 1438 672 1479 esse
717 1438 823 1477 non
869 1423 1062 1477 debeo.
1115 1422 1184 1477 Et
1224 1422 1426 1477 idcirco
1469 1420 1599 1492 quid
1640 1420 1841 1491 profuit
1884 1419 2139 1475 didicisse

552 1515 694 1586 quod
723 1530 990 1571 summum
1014 1524 1118 1581 est,
1143 1516 1187 1569 si
1207 1515 1480 1585 cognitum
1505 1522 1743 1585 nequeat
1765 1510 2139 1583 apprehendi?

553 1606 685 1662 Nam
718 1623 839 1661 cum
884 1606 1238 1662 directionem
1300 1605 1481 1661 cordis
1540 1606 1606 1660 ad
1636 1604 1959 1661 destinatam
2009 1619 2139 1661 con-

2243 401 2463 471 ignarus
2497 402 2754 470 natandi,
2785 403 2964 458 sciens
3016 403 3229 474 pondus
3277 404 3521 475 corporis
3569 406 3648 461 sui
3691 405 3809 462 ferre

2243 508 2502 565 aquarum
2534 494 2800 562 liquorem
2834 511 2939 550 non
2973 510 3155 565 posse,
3188 498 3564 567 experimento
3603 513 3706 553 sua
3732 515 3811 553 vo.

2242 586 2405 642 luerit
2437 588 2721 656 imperitiae
2752 586 2981 643 delinire
3008 588 3279 644 neminem
3322 591 3535 660 penitus
3578 606 3726 661 posse
3752 591 3810 644 li-

2241 678 2425 749 quidis
2454 680 2743 734 elementis
2767 680 2938 733 solida
2963 695 3127 735 carne
3149 682 3536 736 circumdatum
3557 682 3809 751 sustineri,

2244 771 2447 826 idcirco
2472 786 2601 826 vera
2627 773 2744 839 ejus
2766 772 2953 843 opinio
2980 773 3276 842 judicanda
3307 783 3392 829 est
3410 816 3424 839 ,
3457 789 3618 843 quam
3647 788 3813 829 secun-

2241 862 2369 918 dum
2410 864 2802 930 experientiam
2850 879 3005 919 suam
3050 865 3199 919 visus
3246 875 3328 920 eat
3377 866 3689 935 protulisse,
3714 880 3814 919 cum

2242 953 2347 1009 hoc
2380 970 2486 1008 non
2516 954 2691 1008 solum
2722 971 2828 1009 non
2861 970 2981 1010 eSse
3006 956 3366 1025 impossibile,
3392 956 3491 1012 sed
3521 959 3683 1010 etiam
3711 972 3813 1025 per-

2241 1046 2402 1101 facile
2430 1047 2497 1100 ab
2535 1046 2659 1100 aliis
2691 1046 2840 1112 fieri,
2868 1046 3081 1103 ratione
3128 1049 3435 1102 certissima
3474 1058 3528 1104 et
3555 1049 3814 1104 oculorum

2243 1138 2348 1194 llde
2378 1153 2482 1193 non
2528 1138 2694 1193 dubia
2750 1141 3164 1210 comprobetur.
3208 1148 3341 1203 Νοῦς
3377 1141 3593 1212 itaque,
3622 1144 3671 1198 id
3714 1152 3816 1208 est,

2242 1246 2433 1299 mens,
2463 1233 2540 1286 ἀεὶ
2566 1233 2792 1293 κινητὸς.
2824 1236 2910 1287 καὶ
2951 1234 3078 1288 πολῦ
3127 1236 3352 1299 ussuros,
3397 1234 3450 1288 id
3483 1244 3597 1301 est,
3628 1250 3818 1305 semper

2244 1322 2482 1385 mobilis,
2509 1333 2564 1376 et
2590 1324 2819 1377 multum
2848 1323 3065 1378 mobilis
3104 1324 3383 1379 definitur.
3408 1322 3565 1391 Quod
3591 1326 3744 1381 etiam
3773 1327 3816 1380 in

2242 1416 2529 1485 sapientia,
2554 1431 2676 1485 quae
2697 1415 2899 1471 dicitur
2917 1416 3247 1484 Salomonis,
3261 1419 3528 1489 scriptum
3545 1429 3649 1485 est,
3669 1423 3817 1479 rnim

2241 1508 2426 1583 οἴκημα
2446 1510 2659 1584 βαρύνει
2683 1516 2802 1565 νοῦν
2821 1511 2946 1566 πολὺ
2971 1515 3331 1587 φροντίζοντα,
3358 1511 3413 1566 id
3441 1522 3530 1568 est
3552 1554 3567 1578 ,
3600 1523 3625 1552 ο
3660 1511 3816 1567 Terre-

2243 1618 2367 1654 num
2413 1600 2762 1655 habitaculum
2800 1612 3048 1674 aggravet
3080 1612 3299 1657 utentem
3346 1604 3514 1659 multa
3543 1606 3821 1678 cogitantem

554 1694 961 1769 templationem
992 1698 1316 1769 pertendere
1356 1699 1712 1765 senserimus,
1743 1696 2137 1753 insensibiliter
2166 1699 2214 1759 B
2242 1694 2263 1765 (
2287 1694 2416 1766 Sep.
2451 1693 2563 1764 ix).
2594 1698 2612 1765 (
2644 1693 2765 1748 Vid.
2799 1696 2887 1749 lib.
2918 1711 3011 1750 vtu
3034 1693 3270 1750 Institut.
3291 1713 3337 1751 c.
3368 1712 3449 1753 tx.
3477 1697 3499 1769 )
3535 1698 3659 1754 Hac
3683 1698 3819 1767 igitur

556 1809 710 1848 mens
738 1792 862 1849 inde
898 1794 1144 1848 revoluta
1182 1794 1251 1847 ad
1298 1792 1513 1861 priores
1549 1792 1892 1861 evagationes
1934 1791 2139 1861 impetu

555 1885 951 1942 vehementiori
993 1885 1315 1955 prolabitur,
1355 1894 1411 1940 et
1448 1886 1518 1938 ita
1560 1884 1888 1954 quotidianis
1936 1886 2140 1939 disten-

558 1974 794 2036 tionibus
823 1991 1083 2049 occupata
1116 1980 1414 2034 innumeris
1437 1980 1836 2049 captivitatibus
1866 1978 2141 2033 incessan-

558 2084 641 2129 ter
687 2073 992 2141 abducitur,
1051 2082 1108 2128 ut
1158 2071 1547 2143 propemodum
1587 2071 1699 2141 jam
1746 2069 2065 2140 desperetur
2110 2082 2142 2123 a

559 2166 712 2221 nobis
742 2165 1049 2221 desiderata
1088 2163 1389 2231 correctio,
1424 2172 1480 2219 et
1508 2162 1779 2233 superﬂua
1811 2162 1925 2216 haec
1954 2160 2145 2215 obser-

558 2258 739 2314 vantia
787 2260 1058 2315 videatur.
1104 2258 1384 2329 Siquidem
1426 2256 1453 2297 δ
1484 2272 1585 2327 per
1614 2264 1888 2311 momenta
1937 2252 2145 2319 singula

559 2352 785 2408 lubricis
824 2351 1163 2408 discursibus
1207 2352 1419 2405 animus
1465 2352 1742 2419 evagatur.
1788 2347 2032 2416 Cumque
2078 2343 2146 2399 ad

562 2443 811 2499 timorem
856 2445 985 2508 Dei,
1019 2444 1106 2497 vel
1136 2442 1646 2511 contemplationem
1684 2440 1960 2495 reducitur
1988 2435 2149 2507 spiri-

563 2538 749 2601 talem,
801 2536 1112 2605 priusquam
1157 2533 1403 2590 lirmetur
1451 2534 1504 2587 in
1552 2547 1639 2599 ea,
1673 2548 1861 2587 rursus
1909 2531 2148 2602 fugacius

562 2629 863 2686 evanescit.
909 2628 1157 2697 Cumque
1200 2640 1324 2681 eum
1363 2626 1514 2680 velut
1547 2624 1918 2696 expergefacti
1955 2624 2151 2694 depre-

568 2720 921 2777 benderimus
942 2718 1011 2773 ab
1035 2718 1335 2774 intentione
1367 2718 1643 2789 proposita
1674 2716 1957 2782 deviasse,
1988 2724 2151 2785 atque

565 2815 633 2870 ad
683 2814 827 2868 illam
875 2812 1176 2879 theoriam,
1220 2811 1362 2867 unde
1408 2811 1756 2876 discesserat,
1805 2809 2150 2872 reducentes,

566 2908 900 2962 voluerimus
930 2905 1271 2961 tenacissima
1297 2903 1483 2959 cordis
1512 2903 1833 2968 intentione,
1866 2901 2016 2956 velut
2036 2901 2155 2970 qui-

567 2998 791 3055 busdam
845 2997 1077 3053 vinculis
1120 2997 1399 3067 obligare,
1448 2997 1501 3050 in
1546 2996 1667 3065 ipso
1719 3002 1916 3049 conatu
1966 3001 2153 3046 nostro

2240 1800 2341 1856 pro
2378 1786 2698 1841 conditione
2726 1796 2934 1840 natura;
2962 1801 3256 1855 numquam
3292 1796 3470 1857 potest
3502 1788 3684 1845 otiosa
3711 1802 3821 1843 con-

2240 1877 2455 1943 sistere,
2483 1876 2578 1931 sed
2611 1890 2841 1932 necesse
2868 1886 2951 1932 est
2977 1892 3121 1942 eam,
3152 1879 3256 1933 nisi
3284 1881 3565 1948 provisum
3597 1879 3822 1936 habuerit

2241 1968 2331 2024 ubi
2361 1982 2492 2024 suos
2520 1979 2773 2023 exerceat
2803 1970 3087 2040 motus,|et
3127 1971 3178 2024 in
3210 1970 3406 2039 quibus
3452 1972 3655 2044 jugiter
3677 1987 3821 2028 occu-

2244 2070 2429 2131 petur,
2469 2059 2689 2129 prepria
2721 2060 3026 2116 mobilitate
3064 2061 3411 2129 discurrere,
3444 2074 3501 2118 et
3546 2079 3642 2135 per
3663 2064 3821 2119 omnia

2246 2154 2506 2219 volitare,
2539 2152 2712 2208 donec
2746 2154 2907 2224 longo
2950 2154 3215 2209 exercitio
3237 2197 3251 2221 ,
3280 2171 3501 2226 usuque
3548 2156 3822 2213 asstiel‘acta

2246 2248 2525 2313 diuturno,
2558 2247 2702 2317 quod
2728 2262 2826 2302 vos
2854 2249 3125 2303 incassum
3150 2247 3333 2306 dicitis
3364 2250 3639 2320 laborare,
3670 2264 3818 2320 expe-

2248 2342 2419 2396 riatur
2448 2348 2505 2394 et
2529 2338 2704 2394 discat
2731 2352 2865 2410 quas
2897 2340 3177 2395 memorize
3206 2354 3318 2395 suae
3363 2342 3630 2399 materias
3653 2341 3827 2397 debeat

2251 2450 2584 2506 praeparare,
2609 2450 2736 2506 erga
2758 2450 2895 2505 quas
2917 2438 3260 2505 circumagat
3282 2434 3591 2493 indefessos
3616 2436 3818 2500 volatus,

2250 2536 2305 2583 et
2350 2527 2693 2583 immorando
2743 2528 2909 2583 robur
2940 2530 3204 2597 acquirat,
3230 2537 3285 2583 et
3316 2528 3389 2583 ita
3425 2531 3720 2597 praevaleat
3742 2526 3824 2580 ad-

2250 2635 2435 2677 versas
2479 2620 2683 2675 inimici
2733 2619 3131 2691 suggestiones,
3170 2618 3369 2689 quibus
3421 2620 3820 2685 distrahebatur,

2254 2714 2567 2778 extrudere,
2598 2713 2835 2782 atquein
2861 2712 2955 2767 illo
2974 2726 3137 2782 quem
3159 2710 3439 2767 desiderat
3467 2722 3619 2768 statu
3645 2721 3696 2768 et
3717 2724 3826 2781 qua-

2255 2808 2407 2862 litate
2435 2807 2653 2861 durare.
2684 2805 2800 2860 Non
2825 2818 2954 2874 ergo
2980 2804 3122 2860 banc
3148 2804 3525 2873 evagationem
3558 2804 3724 2861 cordis
3742 2816 3825 2857 no-

2254 2902 2350 2955 etri
2384 2900 2467 2955 vel
2509 2910 2717 2954 natura:
2747 2898 3029 2964 humanae,
3058 2899 3141 2953 vel
3176 2899 3289 2953 Deo
3312 2901 3557 2954 creatori
3589 2899 3720 2969 ejus,
3746 2896 3828 2951 de-

2258 2993 2447 3049 bemus
2471 2991 2771 3046 ascribere.
2802 2989 2944 3043 Vera
2968 3000 3051 3043 est
3073 2990 3216 3044 enim
3236 2988 3545 3059 Scriptura:
3566 2986 3825 3051 sententia,

569 3093 719 3145 ocius
760 3105 919 3161 quam
948 3088 1183 3160 anguilla
1228 3087 1295 3143 de
1333 3087 1636 3143 recessibus
1671 3086 1868 3142 mentis
1897 3084 2153 3140 elabitur.
2181 3074 2227 3138 C
2257 3086 2378 3156 quia
2412 3085 2667 3138 Dominus
2708 3083 2965 3137 hominem
3007 3085 3126 3154 fecit
3165 3092 3394 3148 rectum,
3435 3092 3480 3137 et
3512 3084 3618 3153 ipsi
3647 3082 3830 3152 quaesie-

570 3180 653 3236 Ob
690 3197 850 3251 quam
894 3197 1010 3235 rem
1047 3179 1373 3251 quotidianis
1406 3178 1715 3248 huiusmodi
1754 3176 2153 3232 observationi-

574 3274 673 3330 bus
701 3284 1028 3341 :estuantes,
1067 3287 1169 3329 nec
1207 3284 1383 3328 tamen
1426 3288 1494 3327 ex
1535 3271 1665 3341 ipsis
1708 3270 1926 3339 aliquod
1968 3278 2156 3325 nostro

574 3367 723 3423 cordi
775 3366 1084 3423 stabilitatis
1142 3365 1307 3419 robur
1358 3363 1656 3419 accessisse
1712 3368 2039 3425 cernentes,
2089 3360 2155 3415 ad

574 3462 716 3516 hanc
756 3462 1065 3530 opinionem
1107 3458 1261 3514 fracti
1304 3458 1690 3528 desperatione
1732 3456 2153 3521 transducimur,

576 3562 633 3607 ut
664 3567 771 3607 non
797 3561 980 3607 nostro
1010 3553 1141 3622 jam,
1172 3551 1265 3607 sed
1294 3561 1501 3607 naturae
1524 3552 1654 3607 vitio
1682 3551 1781 3607 has
1809 3550 2006 3606 anima:
2037 3565 2159 3622 per—

580 3646 893 3715 vagationes
926 3646 1163 3701 humano
1191 3646 1375 3716 generi
1406 3648 1584 3701 inesse
1612 3644 1919 3701 credamus.

1171 3736 1399 3794 CAPUT
1451 3737 1541 3796 1V.

682 3829 979 3901 Disputatio
1009 3832 1145 3885 senis
1174 3832 1238 3886 de
1265 3840 1402 3887 slalu
1431 3833 1617 3887 animae
1636 3849 1697 3887 ac
1716 3833 1899 3887 virtute
1920 3834 2052 3904 ejus.

645 3922 882 3979 Serenus
913 3942 926 3977 :
961 3923 1285 3980 Periculosae
1314 3926 1749 3997 prtesumptiouis
1777 3938 1885 3992 est,
1934 3926 2161 3982 necdum

574 4018 738 4075 rebus
769 4027 921 4073 recte
946 4016 1233 4083 discussis,
1267 4032 1367 4072 nec
1393 4027 1540 4073 certa
1571 4019 1784 4074 ratione
1810 4018 2062 4083 collecta,
2094 4019 2161 4072 de

577 4125 764 4170 natura
786 4112 1074 4184 cujuslibet
1102 4111 1179 4166 rei
1209 4125 1549 4181 proponere,
1577 4110 1809 4165 delinire
1829 4150 1844 4175 ,
1875 4124 1938 4164 ac
1966 4108 2034 4164 de
2062 4109 2167 4163 fra-

574 4205 806 4275 gilitatis
835 4220 945 4260 suae
966 4203 1401 4258 consideratione
1418 4217 1611 4273 capere
1638 4201 2034 4271 conjecturam,
2069 4217 2167 4257 nec

577 4295 645 4350 de
672 4302 815 4350 statu
846 4306 900 4350 et
930 4293 1187 4365 qualitate
1209 4293 1375 4365 ipsius
1398 4293 1703 4364 disciplina:
1723 4294 1812 4349 vel
1837 4293 1905 4348 de
1936 4294 2167 4351 aliorum

2256 3188 2379 3233 runt
2407 3178 2737 3250 cogitationes
2768 3174 2794 3213 ἀ
2823 3178 2986 3231 malas
3012 3174 3213 3248 (Eccle.
3245 3178 3359 3245 vn).
3396 3184 3420 3213 ε
3452 3177 3492 3230 Α
3545 3177 3696 3232 nobis
3722 3185 3831 3243 ergo

2259 3287 2444 3327 earum
2495 3270 2726 3339 qualitas
2760 3268 2984 3340 pendet.
3014 3268 3149 3335 Quia
3180 3269 3423 3338 cogitatio
3465 3267 3622 3331 bona,
3662 3264 3829 3336 inquit,

2258 3362 2532 3417 scientibus
2562 3378 2671 3415 eam
2718 3362 3125 3431 appropinquat,
3156 3360 3233 3413 rir
3261 3369 3435 3413 autem
3467 3360 3687 3430 prudens
3712 3359 3832 3410 inve-

2260 3455 2367 3508 niet
2393 3470 2525 3507 eam.
2558 3452 2836 3523 Quidquid
2879 3462 3061 3508 autem
3093 3464 3149 3506 ut
3195 3450 3427 3507 inveniri
3458 3454 3626 3522 possit
3650 3461 3830 3504 nostra:

2267 3549 2567 3621 prudentiae
2590 3551 2983 3622 industriaeque
3012 3552 3315 3621 subjectum
3345 3562 3449 3617 est,
3482 3552 3525 3607 si
3558 3566 3657 3607 non
3682 3546 3833 3602 fuerit

2263 3648 2567 3715 inventum,
2599 3647 2717 3702 sine
2747 3646 2913 3702 dubio
2938 3655 3142 3702 nostrae
3170 3644 3398 3701 desidia
3424 3646 3508 3702 vel
3540 3642 3831 3715 impruden-

2264 3740 2377 3808 tiae,
2422 3756 2527 3795 non
2577 3750 2782 3795 natura:
2815 3740 2945 3794 vitio
2978 3737 3339 3809 reputandum
3387 3749 3490 3793 est.
3530 3738 3630 3794 Cui
3669 3733 3833 3792 sensui

2265 3832 2547 3888 Psalmista
2575 3846 2789 3901 quoque
2813 3831 3083 3900 congruit,
3115 3829 3303 3885 dicens
3337 3846 3351 3883 :
3384 3828 3577 3885 Beatus
3604 3828 3678 3882 vir
3700 3825 3832 3896 cujus

2266 3936 2339 3982 est
2366 3927 2621 3980 auxilium
2646 3925 2735 3979 abs
2775 3934 2843 3989 te,
2882 3922 3128 3987 Domine,
3159 3922 3481 3978 escensiones
3507 3922 3564 3976 in
3591 3919 3734 3975 corde
3753 3930 3834 3971 suo

2271 4020 2527 4092 disposuit
2561 4018 2579 4089 (
2606 4017 2751 4072 Psal.
2783 4031 2992 4071 Lxxxut
3019 4018 3056 4082 ).
3082 4013 3291 4070 Videtis
3316 4030 3445 4084 ergo
3477 4016 3530 4069 in
3564 4023 3738 4069 nostra
3762 4006 3836 4063 di-

2269 4114 2418 4166 tione
2438 4114 2760 4177 consistere,
2781 4120 2840 4165 ut
2856 4111 2969 4163 sive
2992 4123 3267 4177 ascensus,
3289 4108 3343 4162 id
3370 4117 3476 4175 est,
3495 4110 3835 4177 pertingentes

2270 4204 2337 4258 ad
2380 4203 2553 4258 Deum
2585 4201 2976 4270 cogitationes,
3017 4201 3135 4255 sive
3171 4199 3494 4268 descensus,
3526 4200 3591 4254 ad
3637 4207 3834 4253 terrena

2272 4296 2482 4351 scilicet
2528 4303 2583 4349 et
2626 4294 2867 4348 carnalia
2914 4302 3260 4361 corrueutes,
3291 4293 3346 4348 iu
3378 4293 3572 4349 nostris
3598 4286 3835 4345 cordibus

1640 4444 1895 4501 ALARDI
1934 4445 2166 4503 GAZIEI
2208 4444 2777 4503 COMMENTARIUS.

651 4574 676 4601 ει
706 4562 1171 4641 Imperfectionem
1219 4575 1374 4641 suam
1399 4569 1479 4641 _et
1528 4559 1871 4641 fragilitatem
1932 4562 2159 4641 ingenue
2188 4564 2241 4624 D
2264 4562 2426 4641 etiam
2456 4558 2672 4641 Graecis
2685 4559 2994 4641 Sapienti:
3017 4560 3094 4641 sic
3120 4560 3312 4641 legitur
3336 4561 3425 4641 rei
3449 4553 3626 4641 γεῶδες
3656 4561 3836 4641 dativo:

579 4636 819 4705 agnoscit
844 4635 1165 4698 Cassianus;
1202 4645 1254 4689 et
1284 4633 1501 4705 quidem
1540 4646 1605 4687 eo
1634 4633 1853 4705 majoris
1883 4635 2161 4705 modestiae

581 4702 918 4774 argumento,
932 4705 1074 4775 quod
1091 4708 1141 4758 in
1159 4704 1413 4774 singulari
1432 4718 1658 4775 numero
1682 4702 1907 4775 loquens
1922 4703 2159 4772 seipsum

583 4774 976 4844 tantummodo,
1035 4792 1140 4831 non
1193 4777 1400 4831 socium
1449 4783 1543 4829 aut
1590 4774 1753 4829 alium
1810 4774 2019 4828 incuset
2072 4783 2165 4830 aut

583 4860 746 4903 laxet.

651 4927 678 4966 ι)
710 4928 903 4983 Mentis
940 4927 1188 4981 humana:
1217 4926 1569 4981 mobilitatem
1601 4926 1723 4980 sive
1746 4926 2161 4982 inconstantiam

580 5000 835 5071 graphice
863 4999 1121 5071 depingit,
1153 5014 1271 5066 quae
1295 4996 1421 5071 huic
1444 4996 1718 5071 collationi
1742 4998 2081 5071 occasionem
2109 5008 2166 5053 et

581 5068 956 5142 argumentum
988 5069 1137 5124 dedit
1172 5087 1183 5122 :
1215 5071 1299 5142 cui
1339 5068 1533 5142 deinde
1561 5068 1845 5142 conjuncta
1877 5078 1962 5123 est
1990 5070 2160 5124 altera

584 5139 1047 5212 de'spiritualibus
1080 5140 1355 5211 nequitiis,
1388 5139 1438 5193 id
1466 5140 1880 5212 est,_spiritibus
1930 5155 2161 5208 nequam
2211 5149 2219 5152 '

585 5210 978 5284 sive'malignis
1007 5210 1274 5278 tractatio,
1305 5212 1450 5284 quod
1488 5211 1562 5265 illi
1595 5210 1897 5266 istiusmodi
1934 5212 2167 5284 levitatis

586 5296 641 5340 et
664 5282 1036 5341 inconstantia:
1065 5288 1332 5353 praecipue
1362 5283 1469 5336 sint
1497 5292 1744 5337 auctores
1772 5294 1824 5334 et
1854 5282 2131 5336 architecti
2150 5324 2165 5347 ,

588 5375 747 5427 quam
779 5358 841 5411 1).
878 5357 1206 5426 Augustinus
1237 5356 1619 5409 volubilitatem
1652 5357 1849 5407 mentis
1884 5362 1938 5408 et
1964 5359 2165 5423 cogita~

586 5426 762 5486 tiones
795 5428 1054 5482 volubiles
1077 5428 1212 5482 solet
1235 5426 1526 5495 appellare.

662 5511 683 5538 ο
710 5501 910 5553 Textus
951 5498 1190 5569 Vulgata:
1219 5496 1472 5553 editionis
1497 5513 1509 5549 :
1544 5495 1741 5569 Corpus
1768 5497 2169 5569 quodgcorrunt-

586 5572 727 5641 pitur
757 5578 1001 5642 aggravet
1054 5566 1304 5635 animum,
1332 5581 1381 5622 et
1421 5566 2171 5642 terrenajnltabitatio_flepri-

588 5635 681 5696 init
712 5635 917 5724 sensum
944 5642 1454 5725 multa'cogitantelm.
1479 5638 1584 5725 tibi
1619 5636 1902 5720 Ciaconius
1922 5653 1940 5720 _:
1968 5635 2072 5725 ΗξςτΙ
2091 5637 2170 5718 lo-

588 5728 707 5771 cus.
739 5713 941 5781 inquit,
990 5712 1041 5768 in
1088 5706 1257 5769 Vatis.
1285 5711 1452 5770 codic.
1500 5710 1776 5775 Cassiani,
1810 5718 1870 5766 ut
1921 5710 1975 5766 in
2019 5706 2171 5764 libris

2266 4634 2431 4708 βρίθει
2452 4638 2568 4686 νοῦν
2592 4629 2982 4706 πολυφροντίδα.
3024 4630 3079 4684 lu
3120 4632 3395 4698 impressis
3425 4629 3606 4708 vitiose
3634 4643 3646 4677 :
3676 4629 3837 4701 γήϊνον

2265 4706 2450 4796 ᾔκηκα
2480 4711 2985 4796 βαρύνειιγνοῦζπολὺ
3009 4713 3360 4793 gamus-iterm.
3541 4706 3835 4796 (ﬂavom-us.

2267 4776 2594 4837 Basileeitsis
2615 4782 2783 4835 editio
2808 4780 2994 4836 Graeca
3017 4776 3234 4845 omisit,
3261 4791 3316 4834 ut
3345 4794 3403 4837 et
3428 4776 3838 4852 Dionysiuth-

2267 4854 2527 4920 nuscripti
2557 4867 2690 4924 quos
2718 4852 2896 4921 legere
2941 4853 3158 4921 quidem
3195 4854 3341 4922 potui
3366 4896 3381 4919 ,
3410 4854 3484 4907 ita
3510 4851 3767 4924 corrupti,
3792 4854 3839 4899 ct

2268 4924 2538 4989 mendosi,
2573 4922 2630 4978 ut
2674 4924 2804 4976 nihil
2831 4926 2965 4976 certi
3013 4939 3077 4977 ex
3106 4924 3185 4977 eis
3233 4925 3417 4978 haberi
3450 4926 3638 4992 pOSall.
3670 4922 3839 4992 Itaque

2270 4996 2444 5049 Biblia
2464 5068 2473 5069 ί
2495 4998 2664 5069 regia,
2690 4993 2817 5069 dum
2855 4995 3098 5069 consulo,
3120 4995 3211 5069 sic
3257 4989 3727 5069 ἱιινθηίςιρθαρτόν
3751 4989 3839 5069 γᾴρ

2268 5074 2420 5191 cura
2446 5054 2661 5192 βαρίξέιί
2691 5065 2893 5137 ψυχήν,
2932 5068 3014 5119 καὶ
3041 5054 3203 5141 βρίθει
3240 5066 3299 5122 τὸ
3326 5054 3513 5140 γεῶδεξ
3541 5054 3717 5125 cuiius;
3739 5054 3840 5115 νόὔν

2268 5160 2336 5192 πο
2356 5160 2576 5192 ,υωοοντι
2610 5161 2664 5192 at.

2268 5160 2664 5193 πολυφοοντιοα.
3856 5160 3863 5193 ἶ

2340 5160 2397 5193 Ml
2471 5160 2522 5191 ον
2560 5160 2664 5192 ιοα.
3856 5160 3863 5170 δ

2338 5207 2364 5245 ά
2506 5161 2667 5261 Silam
2726 5208 3031 5279 Dionysius.
3059 5203 3355 5279 Ciaconius
3384 5222 3517 5279 vero
3554 5222 3617 5262 ex
3662 5176 3869 5279 Graeco:

2270 5280 2528 5337 correxit.
2558 5266 2891 5345 cogitationes
2920 5277 3144 5344 multas;
3173 5277 3360 5333 Graece
3388 5277 3534 5333 enim
3586 5279 3799 5331 habetur
3826 5266 3873 5338 ει

2271 5352 2548 5425 λογισμοὺς
2565 5352 2802 5425 πολλοὺς,
2830 5359 2881 5403 ει
2908 5350 3117 5425 vulgata
3148 5349 3311 5425 lectio
3334 5350 3503 5425 magis
3528 5346 3838 5425 respondet:

2276 5415 2614 5477 solummodo
2647 5422 2741 5473 hoc
2785 5415 3163 5490 inveni,_quod
3195 5422 3369 5490 fecerit
3401 5415 3655 5473 Dominus
3693 5415 3842 5490 Itami—

2274 5510 2391 5547 nem
2437 5504 2663 5557 rectum,
2694 5502 2739 5544 et
2786 5492 2898 5562 ipse
2938 5508 2992 5545 se
3035 5487 3257 5561 inﬁnilis
3306 5492 3570 5546 miscuerit
3618 5487 3842 5561 quastio-

2276 5564 2446 5618 nibus.

2352 5645 2374 5672 ο
2405 5634 2546 5717 Lege
2587 5636 2872 5717 septimam
2911 5635 3313 5693 annotationem
3337 5631 3563 5707 Cuychii
3602 5631 3671 5689 ad
3697 5631 3841 5687 finem

2277 5714 2459 5778 Operis
2491 5714 2737 5778 positam.
