  <div class='ocr_page' id='page_1' title='image "/cluster/home/n/w/nwhite01/storage/ocr_20150623/49/uva.x000827093/344.png"; bbox 0 0 4026 6204; ppageno 0'>
   <div class='ocr_carea' id='block_1_1' title="bbox 189 254 293 314">
    <p class='ocr_par' dir='ltr' id='par_1_1' title="bbox 189 254 293 314">
     <span class='ocr_line' id='line_1_1' title="bbox 189 254 293 314; baseline 0.01 -1"><span class='ocrx_word' id='word_1_1' title='bbox 189 254 293 314; x_wconf 77' lang='lat'><strong>673</strong></span> 
     </span>
    </p>
   </div>
   <div class='ocr_carea' id='block_1_2' title="bbox 582 252 1794 326">
    <p class='ocr_par' dir='ltr' id='par_1_2' title="bbox 582 255 1794 316">
     <span class='ocr_line' id='line_1_2' title="bbox 582 255 1794 316; baseline -0.003 0"><span class='ocrx_word' id='word_1_2' title='bbox 582 255 924 316; x_wconf 81' lang='lat' dir='ltr'><strong>COLLATIO</strong></span> <span class='ocrx_word' id='word_1_3' title='bbox 962 258 1076 316; x_wconf 83' lang='lat' dir='ltr'><strong>VII.</strong></span> <span class='ocrx_word' id='word_1_4' title='bbox 1104 288 1173 304; x_wconf 65' lang='grc' dir='ltr'><strong>ν-</strong></span> <span class='ocrx_word' id='word_1_5' title='bbox 1203 258 1293 315; x_wconf 80' lang='lat' dir='ltr'><strong>DE</strong></span> <span class='ocrx_word' id='word_1_6' title='bbox 1330 255 1582 315; x_wconf 70' lang='lat' dir='ltr'><strong>ANIMA‘I</strong></span> <span class='ocrx_word' id='word_1_7' title='bbox 1622 256 1794 315; x_wconf 63' lang='lat' dir='ltr'><strong>MOBlJ</strong></span> 
     </span>
    </p>
   </div>
   <div class='ocr_carea' id='block_1_3' title="bbox 1902 252 3088 326">
    <p class='ocr_par' dir='ltr' id='par_1_3' title="bbox 1904 254 3088 326">
     <span class='ocr_line' id='line_1_3' title="bbox 1904 254 3088 326; baseline 0.002 -12"><span class='ocrx_word' id='word_1_8' title='bbox 1904 256 2043 315; x_wconf 77' lang='lat' dir='ltr'><strong>ATE</strong></span> <span class='ocrx_word' id='word_1_9' title='bbox 2081 254 2171 315; x_wconf 81' lang='lat' dir='ltr'><strong>ET</strong></span> <span class='ocrx_word' id='word_1_10' title='bbox 2209 254 2690 315; x_wconf 71' lang='lat' dir='ltr'><strong>SPllllTALlBUS</strong></span> <span class='ocrx_word' id='word_1_11' title='bbox 2726 256 3088 326; x_wconf 87' lang='lat' dir='ltr'><strong>NEQUlTllS.</strong></span> 
     </span>
    </p>
   </div>
   <div class='ocr_carea' id='block_1_4' title="bbox 3373 265 3481 321">
    <p class='ocr_par' dir='ltr' id='par_1_4' title="bbox 3373 265 3481 321">
     <span class='ocr_line' id='line_1_4' title="bbox 3373 265 3481 321; baseline -0.009 0"><span class='ocrx_word' id='word_1_12' title='bbox 3373 265 3481 321; x_wconf 73' lang='grc' dir='ltr'>6η</span> 
     </span>
    </p>
   </div>
   <div class='ocr_carea' id='block_1_5' title="bbox 189 368 3485 450">
    <p class='ocr_par' dir='ltr' id='par_1_5' title="bbox 189 368 3485 450">
     <span class='ocr_line' id='line_1_5' title="bbox 189 368 3485 450; baseline 0.003 -26"><span class='ocrx_word' id='word_1_13' title='bbox 189 368 572 440; x_wconf 84' lang='lat' dir='ltr'><strong>disponamus.</strong></span> <span class='ocrx_word' id='word_1_14' title='bbox 606 371 740 439; x_wconf 75' lang='lat' dir='ltr'><strong>Quze</strong></span> <span class='ocrx_word' id='word_1_15' title='bbox 775 372 822 427; x_wconf 88' lang='lat' dir='ltr'><strong>si</strong></span> <span class='ocrx_word' id='word_1_16' title='bbox 863 386 970 427; x_wconf 92' lang='lat' dir='ltr'><strong>non</strong></span> <span class='ocrx_word' id='word_1_17' title='bbox 1001 372 1054 426; x_wconf 88' lang='lat' dir='ltr'><strong>in</strong></span> <span class='ocrx_word' id='word_1_18' title='bbox 1085 383 1266 427; x_wconf 90' lang='lat' dir='ltr'><strong>nostra</strong></span> <span class='ocrx_word' id='word_1_19' title='bbox 1307 380 1575 441; x_wconf 79' lang='lat' dir='ltr'><strong>potestate</strong></span> <span class='ocrx_word' id='word_1_20' title='bbox 1612 371 1794 427; x_wconf 89' lang='lat' dir='ltr'><strong>consi-</strong></span> <span class='ocrx_word' id='word_1_21' title='bbox 1821 373 1873 433; x_wconf 79' lang='grc' dir='ltr'><strong>Α</strong></span> <span class='ocrx_word' id='word_1_22' title='bbox 1902 379 2009 427; x_wconf 90' lang='lat' dir='ltr'><strong>tem</strong></span> <span class='ocrx_word' id='word_1_23' title='bbox 2051 380 2211 441; x_wconf 91' lang='lat' dir='ltr'><strong>atque</strong></span> <span class='ocrx_word' id='word_1_24' title='bbox 2243 372 2518 442; x_wconf 80' lang='lat' dir='ltr'><strong>virtutem,</strong></span> <span class='ocrx_word' id='word_1_25' title='bbox 2550 390 2651 443; x_wconf 91' lang='lat' dir='ltr'><strong>qua</strong></span> <span class='ocrx_word' id='word_1_26' title='bbox 2682 390 2788 430; x_wconf 92' lang='lat' dir='ltr'><strong>non</strong></span> <span class='ocrx_word' id='word_1_27' title='bbox 2829 373 3025 444; x_wconf 85' lang='lat' dir='ltr'><strong>quibus</strong></span> <span class='ocrx_word' id='word_1_28' title='bbox 3056 375 3307 431; x_wconf 85' lang='lat' dir='ltr'><strong>nolumus</strong></span> <span class='ocrx_word' id='word_1_29' title='bbox 3332 381 3485 450; x_wconf 81' lang='lat' dir='ltr'><strong>cogi-</strong></span> 
     </span>
    </p>
   </div>
   <div class='ocr_carea' id='block_1_6' title="bbox 190 461 1796 533">
    <p class='ocr_par' dir='ltr' id='par_1_6' title="bbox 190 461 1796 533">
     <span class='ocr_line' id='line_1_6' title="bbox 190 461 1796 533; baseline 0.001 -18"><span class='ocrx_word' id='word_1_30' title='bbox 190 470 423 526; x_wconf 69' lang='lat' dir='ltr'><strong>SIerent,</strong></span> <span class='ocrx_word' id='word_1_31' title='bbox 463 476 564 517; x_wconf 85' lang='lat' dir='ltr'><strong>nec</strong></span> <span class='ocrx_word' id='word_1_32' title='bbox 606 461 912 518; x_wconf 73' lang='lat' dir='ltr'><strong>Pharisaeos</strong></span> <span class='ocrx_word' id='word_1_33' title='bbox 944 465 1204 519; x_wconf 85' lang='lat' dir='ltr'><strong>Dominus</strong></span> <span class='ocrx_word' id='word_1_34' title='bbox 1231 465 1563 533; x_wconf 77' lang='lat' dir='ltr'><strong>increpasset</strong></span> <span class='ocrx_word' id='word_1_35' title='bbox 1592 482 1607 516; x_wconf 71' lang='grc' dir='ltr'><strong>ι</strong></span> <span class='ocrx_word' id='word_1_36' title='bbox 1656 462 1796 529; x_wconf 79' lang='lat' dir='ltr'><strong>Quid</strong></span> 
     </span>
    </p>
   </div>
   <div class='ocr_carea' id='block_1_7' title="bbox 193 553 1796 628">
    <p class='ocr_par' dir='ltr' id='par_1_7' title="bbox 193 553 1796 628">
     <span class='ocr_line' id='line_1_7' title="bbox 193 553 1796 628; baseline 0.005 -23"><span class='ocrx_word' id='word_1_37' title='bbox 193 553 438 623; x_wconf 72' lang='lat' dir='ltr'><strong>cogitatis</strong></span> <span class='ocrx_word' id='word_1_38' title='bbox 468 553 608 607; x_wconf 87' lang='lat' dir='ltr'><strong>mala</strong></span> <span class='ocrx_word' id='word_1_39' title='bbox 646 555 701 607; x_wconf 87' lang='lat' dir='ltr'><strong>itt</strong></span> <span class='ocrx_word' id='word_1_40' title='bbox 738 555 981 610; x_wconf 77' lang='lat' dir='ltr'><strong>cordibus</strong></span> <span class='ocrx_word' id='word_1_41' title='bbox 1020 557 1197 610; x_wconf 76' lang='lat' dir='ltr'><strong>vestris</strong></span> <span class='ocrx_word' id='word_1_42' title='bbox 1233 556 1458 628; x_wconf 79' lang='lat' dir='ltr'><strong>(Matth.</strong></span> <span class='ocrx_word' id='word_1_43' title='bbox 1501 556 1630 627; x_wconf 80' lang='lat' dir='ltr'><strong>lx)?</strong></span> <span class='ocrx_word' id='word_1_44' title='bbox 1683 556 1796 613; x_wconf 81' lang='lat' dir='ltr'><strong>Nec</strong></span> 
     </span>
    </p>
   </div>
   <div class='ocr_carea' id='block_1_8' title="bbox 197 646 1796 717">
    <p class='ocr_par' dir='ltr' id='par_1_8' title="bbox 197 646 1796 717">
     <span class='ocr_line' id='line_1_8' title="bbox 197 646 1796 717; baseline 0.003 -19"><span class='ocrx_word' id='word_1_45' title='bbox 197 661 294 713; x_wconf 88' lang='lat' dir='ltr'><strong>per</strong></span> <span class='ocrx_word' id='word_1_46' title='bbox 328 648 646 715; x_wconf 80' lang='lat' dir='ltr'><strong>prophetam</strong></span> <span class='ocrx_word' id='word_1_47' title='bbox 688 646 1065 717; x_wconf 71' lang='lat' dir='ltr'><strong>praecepisset,</strong></span> <span class='ocrx_word' id='word_1_48' title='bbox 1111 647 1297 702; x_wconf 89' lang='lat' dir='ltr'><strong>dicens</strong></span> <span class='ocrx_word' id='word_1_49' title='bbox 1326 665 1339 699; x_wconf 87' lang='lat'>:</span> <span class='ocrx_word' id='word_1_50' title='bbox 1368 648 1577 717; x_wconf 76' lang='lat' dir='ltr'><strong>Auferte</strong></span> <span class='ocrx_word' id='word_1_51' title='bbox 1602 649 1796 703; x_wconf 90' lang='lat' dir='ltr'><strong>malum</strong></span> 
     </span>
    </p>
   </div>
   <div class='ocr_carea' id='block_1_9' title="bbox 194 723 1792 813">
    <p class='ocr_par' dir='ltr' id='par_1_9' title="bbox 194 723 1792 813">
     <span class='ocr_line' id='line_1_9' title="bbox 194 723 1792 813; baseline 0.003 -22"><span class='ocrx_word' id='word_1_52' title='bbox 194 740 571 809; x_wconf 78' lang='lat' dir='ltr'><strong>cogitationum</strong></span> <span class='ocrx_word' id='word_1_53' title='bbox 612 749 900 794; x_wconf 80' lang='lat' dir='ltr'><strong>vestrarum</strong></span> <span class='ocrx_word' id='word_1_54' title='bbox 940 742 1005 794; x_wconf 89' lang='lat' dir='ltr'><strong>ab</strong></span> <span class='ocrx_word' id='word_1_55' title='bbox 1049 740 1213 795; x_wconf 88' lang='lat' dir='ltr'><strong>oculis</strong></span> <span class='ocrx_word' id='word_1_56' title='bbox 1258 742 1383 795; x_wconf 87' lang='lat' dir='ltr'><strong>meis</strong></span> <span class='ocrx_word' id='word_1_57' title='bbox 1412 739 1553 813; x_wconf 87' lang='lat' dir='ltr'><strong>(Isa.</strong></span> <span class='ocrx_word' id='word_1_58' title='bbox 1577 741 1651 813; x_wconf 92' lang='grc' dir='ltr'><strong>ι).</strong></span> <span class='ocrx_word' id='word_1_59' title='bbox 1682 723 1792 797; x_wconf 63' lang='grc' dir='ltr'><strong>Είε</strong></span> 
     </span>
    </p>
   </div>
   <div class='ocr_carea' id='block_1_10' title="bbox 197 829 1791 903">
    <p class='ocr_par' dir='ltr' id='par_1_10' title="bbox 197 829 1791 903">
     <span class='ocr_line' id='line_1_10' title="bbox 197 829 1791 903; baseline 0.003 -18"><span class='ocrx_word' id='word_1_60' title='bbox 197 829 473 901; x_wconf 84' lang='lat' dir='ltr'><strong>Usquequo</strong></span> <span class='ocrx_word' id='word_1_61' title='bbox 499 832 831 885; x_wconf 88' lang='lat' dir='ltr'><strong>morabuntur</strong></span> <span class='ocrx_word' id='word_1_62' title='bbox 858 833 911 885; x_wconf 90' lang='lat' dir='ltr'><strong>in</strong></span> <span class='ocrx_word' id='word_1_63' title='bbox 940 842 988 887; x_wconf 89' lang='lat' dir='ltr'><strong>te</strong></span> <span class='ocrx_word' id='word_1_64' title='bbox 1015 832 1348 903; x_wconf 77' lang='lat' dir='ltr'><strong>cogitationes</strong></span> <span class='ocrx_word' id='word_1_65' title='bbox 1374 833 1547 888; x_wconf 69' lang='lat' dir='ltr'><strong>noxia</strong></span> <span class='ocrx_word' id='word_1_66' title='bbox 1572 833 1791 903; x_wconf 80' lang='lat' dir='ltr'><strong>(Jerem.</strong></span> 
     </span>
    </p>
   </div>
   <div class='ocr_carea' id='block_1_11' title="bbox 192 921 1794 995">
    <p class='ocr_par' dir='ltr' id='par_1_11' title="bbox 192 921 1794 995">
     <span class='ocr_line' id='line_1_11' title="bbox 192 921 1794 995; baseline 0.004 -19"><span class='ocrx_word' id='word_1_67' title='bbox 192 922 298 991; x_wconf 84' lang='lat' dir='ltr'><strong>tv)?</strong></span> <span class='ocrx_word' id='word_1_68' title='bbox 320 921 430 977; x_wconf 87' lang='lat' dir='ltr'><strong>Nec</strong></span> <span class='ocrx_word' id='word_1_69' title='bbox 450 922 504 977; x_wconf 91' lang='lat' dir='ltr'><strong>in</strong></span> <span class='ocrx_word' id='word_1_70' title='bbox 535 922 621 977; x_wconf 91' lang='lat' dir='ltr'><strong>die</strong></span> <span class='ocrx_word' id='word_1_71' title='bbox 637 922 824 992; x_wconf 89' lang='lat' dir='ltr'><strong>judicii</strong></span> <span class='ocrx_word' id='word_1_72' title='bbox 847 937 1031 979; x_wconf 87' lang='lat' dir='ltr'><strong>earum</strong></span> <span class='ocrx_word' id='word_1_73' title='bbox 1052 924 1312 995; x_wconf 83' lang='lat' dir='ltr'><strong>qualitas,</strong></span> <span class='ocrx_word' id='word_1_74' title='bbox 1336 925 1794 995; x_wconf 87' lang='lat' dir='ltr'><strong>quemadmodum</strong></span> 
     </span>
    </p>
   </div>
   <div class='ocr_carea' id='block_1_12' title="bbox 191 1014 1796 1089">
    <p class='ocr_par' dir='ltr' id='par_1_12' title="bbox 191 1014 1796 1089">
     <span class='ocr_line' id='line_1_12' title="bbox 191 1014 1796 1089; baseline 0.004 -19"><span class='ocrx_word' id='word_1_75' title='bbox 191 1030 418 1085; x_wconf 88' lang='lat' dir='ltr'><strong>operum</strong></span> <span class='ocrx_word' id='word_1_76' title='bbox 466 1014 716 1087; x_wconf 78' lang='lat' dir='ltr'><strong>exigetur</strong></span> <span class='ocrx_word' id='word_1_77' title='bbox 764 1031 795 1071; x_wconf 89' lang='lat' dir='ltr'><strong>a</strong></span> <span class='ocrx_word' id='word_1_78' title='bbox 838 1017 1017 1085; x_wconf 87' lang='lat' dir='ltr'><strong>nobis,</strong></span> <span class='ocrx_word' id='word_1_79' title='bbox 1066 1017 1141 1072; x_wconf 88' lang='lat' dir='ltr'><strong>ita</strong></span> <span class='ocrx_word' id='word_1_80' title='bbox 1180 1032 1279 1089; x_wconf 89' lang='lat' dir='ltr'><strong>per</strong></span> <span class='ocrx_word' id='word_1_81' title='bbox 1321 1018 1520 1073; x_wconf 87' lang='lat' dir='ltr'><strong>Isaiam</strong></span> <span class='ocrx_word' id='word_1_82' title='bbox 1567 1018 1796 1076; x_wconf 90' lang='lat' dir='ltr'><strong>Domino</strong></span> 
     </span>
    </p>
   </div>
   <div class='ocr_carea' id='block_1_13' title="bbox 190 1106 1795 1185">
    <p class='ocr_par' dir='ltr' id='par_1_13' title="bbox 190 1106 1795 1185">
     <span class='ocr_line' id='line_1_13' title="bbox 190 1106 1795 1185; baseline 0.002 -21"><span class='ocrx_word' id='word_1_83' title='bbox 190 1109 576 1174; x_wconf 88' lang='lat' dir='ltr'><strong>comminante,</strong></span> <span class='ocrx_word' id='word_1_84' title='bbox 611 1106 745 1163; x_wconf 84' lang='lat' dir='ltr'><strong>Ecce</strong></span> <span class='ocrx_word' id='word_1_85' title='bbox 788 1126 903 1181; x_wconf 86' lang='lat' dir='ltr'><strong>ego,</strong></span> <span class='ocrx_word' id='word_1_86' title='bbox 952 1109 1151 1181; x_wconf 87' lang='lat' dir='ltr'><strong>inquit,</strong></span> <span class='ocrx_word' id='word_1_87' title='bbox 1192 1112 1339 1165; x_wconf 77' lang='lat' dir='ltr'><strong>venio</strong></span> <span class='ocrx_word' id='word_1_88' title='bbox 1388 1119 1446 1165; x_wconf 89' lang='lat' dir='ltr'><strong>ut</strong></span> <span class='ocrx_word' id='word_1_89' title='bbox 1496 1128 1795 1185; x_wconf 79' lang='lat' dir='ltr'><strong>congregem</strong></span> 
     </span>
    </p>
   </div>
   <div class='ocr_carea' id='block_1_14' title="bbox 189 1201 1795 1278">
    <p class='ocr_par' dir='ltr' id='par_1_14' title="bbox 189 1201 1795 1278">
     <span class='ocr_line' id='line_1_14' title="bbox 189 1201 1795 1278; baseline 0.004 -22"><span class='ocrx_word' id='word_1_90' title='bbox 189 1218 349 1275; x_wconf 85' lang='lat' dir='ltr'><strong>apera</strong></span> <span class='ocrx_word' id='word_1_91' title='bbox 390 1210 438 1256; x_wconf 89' lang='lat' dir='ltr'><strong>et</strong></span> <span class='ocrx_word' id='word_1_92' title='bbox 468 1201 804 1274; x_wconf 82' lang='lat' dir='ltr'><strong>cogitationes</strong></span> <span class='ocrx_word' id='word_1_93' title='bbox 846 1220 1026 1259; x_wconf 89' lang='lat' dir='ltr'><strong>eorum</strong></span> <span class='ocrx_word' id='word_1_94' title='bbox 1057 1220 1175 1259; x_wconf 91' lang='lat' dir='ltr'><strong>cum</strong></span> <span class='ocrx_word' id='word_1_95' title='bbox 1222 1205 1460 1260; x_wconf 87' lang='lat' dir='ltr'><strong>omnibus</strong></span> <span class='ocrx_word' id='word_1_96' title='bbox 1484 1206 1718 1278; x_wconf 82' lang='lat' dir='ltr'><strong>gentibus</strong></span> <span class='ocrx_word' id='word_1_97' title='bbox 1745 1217 1795 1263; x_wconf 86' lang='lat' dir='ltr'><strong>et</strong></span> 
     </span>
    </p>
   </div>
   <div class='ocr_carea' id='block_1_15' title="bbox 191 1297 1794 1375">
    <p class='ocr_par' dir='ltr' id='par_1_15' title="bbox 191 1297 1794 1375">
     <span class='ocr_line' id='line_1_15' title="bbox 191 1297 1794 1375; baseline 0.006 -24"><span class='ocrx_word' id='word_1_98' title='bbox 191 1297 384 1372; x_wconf 82' lang='lat' dir='ltr'><strong>linguis</strong></span> <span class='ocrx_word' id='word_1_99' title='bbox 408 1298 539 1371; x_wconf 85' lang='lat' dir='ltr'><strong>(lsa.</strong></span> <span class='ocrx_word' id='word_1_100' title='bbox 570 1317 691 1358; x_wconf 80' lang='lat' dir='ltr'><strong>ml</strong></span> <span class='ocrx_word' id='word_1_101' title='bbox 710 1302 753 1374; x_wconf 95' lang='lat'><strong>).</strong></span> <span class='ocrx_word' id='word_1_102' title='bbox 779 1303 888 1359; x_wconf 85' lang='lat' dir='ltr'><strong>Sed</strong></span> <span class='ocrx_word' id='word_1_103' title='bbox 915 1319 1017 1361; x_wconf 91' lang='lat' dir='ltr'><strong>nec</strong></span> <span class='ocrx_word' id='word_1_104' title='bbox 1060 1304 1417 1361; x_wconf 88' lang='lat' dir='ltr'><strong>condemnari</strong></span> <span class='ocrx_word' id='word_1_105' title='bbox 1456 1304 1677 1375; x_wconf 78' lang='lat' dir='ltr'><strong>quidem</strong></span> <span class='ocrx_word' id='word_1_106' title='bbox 1706 1320 1794 1363; x_wconf 89' lang='lat' dir='ltr'><strong>ca-</strong></span> 
     </span>
    </p>
   </div>
   <div class='ocr_carea' id='block_1_16' title="bbox 187 1397 1795 1472">
    <p class='ocr_par' dir='ltr' id='par_1_16' title="bbox 187 1397 1795 1472">
     <span class='ocr_line' id='line_1_16' title="bbox 187 1397 1795 1472; baseline 0.006 -24"><span class='ocrx_word' id='word_1_107' title='bbox 187 1410 310 1450; x_wconf 86' lang='lat' dir='ltr'><strong>rum</strong></span> <span class='ocrx_word' id='word_1_108' title='bbox 356 1397 668 1453; x_wconf 88' lang='lat' dir='ltr'><strong>testimonio</strong></span> <span class='ocrx_word' id='word_1_109' title='bbox 717 1398 803 1455; x_wconf 90' lang='lat' dir='ltr'><strong>vel</strong></span> <span class='ocrx_word' id='word_1_110' title='bbox 850 1398 1069 1455; x_wconf 85' lang='lat' dir='ltr'><strong>defendi</strong></span> <span class='ocrx_word' id='word_1_111' title='bbox 1114 1400 1168 1455; x_wconf 93' lang='lat' dir='ltr'><strong>in</strong></span> <span class='ocrx_word' id='word_1_112' title='bbox 1215 1399 1309 1456; x_wconf 90' lang='lat' dir='ltr'><strong>illo</strong></span> <span class='ocrx_word' id='word_1_113' title='bbox 1354 1399 1585 1457; x_wconf 86' lang='lat' dir='ltr'><strong>terribili</strong></span> <span class='ocrx_word' id='word_1_114' title='bbox 1632 1411 1795 1472; x_wconf 88' lang='lat' dir='ltr'><strong>atque</strong></span> 
     </span>
    </p>
   </div>
   <div class='ocr_carea' id='block_1_17' title="bbox 193 1489 1793 1563">
    <p class='ocr_par' dir='ltr' id='par_1_17' title="bbox 193 1489 1793 1563">
     <span class='ocr_line' id='line_1_17' title="bbox 193 1489 1793 1563; baseline 0.003 -20"><span class='ocrx_word' id='word_1_115' title='bbox 193 1489 486 1545; x_wconf 87' lang='lat' dir='ltr'><strong>metuendo</strong></span> <span class='ocrx_word' id='word_1_116' title='bbox 512 1491 785 1558; x_wconf 75' lang='lat' dir='ltr'><strong>examine,</strong></span> <span class='ocrx_word' id='word_1_117' title='bbox 806 1491 1107 1547; x_wconf 89' lang='lat' dir='ltr'><strong>secundum</strong></span> <span class='ocrx_word' id='word_1_118' title='bbox 1137 1492 1281 1548; x_wconf 86' lang='lat' dir='ltr'><strong>beati</strong></span> <span class='ocrx_word' id='word_1_119' title='bbox 1301 1493 1547 1563; x_wconf 84' lang='lat' dir='ltr'><strong>Apostoli</strong></span> <span class='ocrx_word' id='word_1_120' title='bbox 1575 1502 1793 1549; x_wconf 89' lang='lat' dir='ltr'><strong>senten-</strong></span> 
     </span>
    </p>
   </div>
   <div class='ocr_carea' id='block_1_18' title="bbox 188 1580 1792 1655">
    <p class='ocr_par' dir='ltr' id='par_1_18' title="bbox 188 1580 1792 1655">
     <span class='ocr_line' id='line_1_18' title="bbox 188 1580 1792 1655; baseline 0.001 -21"><span class='ocrx_word' id='word_1_121' title='bbox 188 1580 341 1649; x_wconf 81' lang='lat' dir='ltr'><strong>tiam,</strong></span> <span class='ocrx_word' id='word_1_122' title='bbox 376 1596 677 1647; x_wconf 90' lang='lat' dir='ltr'><strong>meremur,</strong></span> <span class='ocrx_word' id='word_1_123' title='bbox 711 1584 786 1638; x_wconf 89' lang='lat' dir='ltr'><strong>ita</strong></span> <span class='ocrx_word' id='word_1_124' title='bbox 814 1582 1072 1651; x_wconf 83' lang='lat' dir='ltr'><strong>dicentis,</strong></span> <span class='ocrx_word' id='word_1_125' title='bbox 1103 1581 1251 1639; x_wconf 86' lang='lat' dir='ltr'><strong>Inter</strong></span> <span class='ocrx_word' id='word_1_126' title='bbox 1277 1600 1331 1639; x_wconf 88' lang='lat' dir='ltr'><strong>se</strong></span> <span class='ocrx_word' id='word_1_127' title='bbox 1352 1586 1570 1639; x_wconf 85' lang='lat' dir='ltr'><strong>invicem</strong></span> <span class='ocrx_word' id='word_1_128' title='bbox 1596 1584 1792 1655; x_wconf 86' lang='lat' dir='ltr'><strong>eagita-</strong></span> 
     </span>
    </p>
   </div>
   <div class='ocr_carea' id='block_1_19' title="bbox 187 1672 1791 1746">
    <p class='ocr_par' dir='ltr' id='par_1_19' title="bbox 187 1672 1791 1746">
     <span class='ocr_line' id='line_1_19' title="bbox 187 1672 1791 1746; baseline 0.004 -23"><span class='ocrx_word' id='word_1_129' title='bbox 187 1672 415 1727; x_wconf 87' lang='lat' dir='ltr'><strong>tionibus</strong></span> <span class='ocrx_word' id='word_1_130' title='bbox 444 1675 807 1729; x_wconf 82' lang='lat' dir='ltr'><strong>accusantibus</strong></span> <span class='ocrx_word' id='word_1_131' title='bbox 825 1717 841 1743; x_wconf 94' lang='lat'><strong>,</strong></span> <span class='ocrx_word' id='word_1_132' title='bbox 873 1683 966 1729; x_wconf 90' lang='lat' dir='ltr'><strong>aut</strong></span> <span class='ocrx_word' id='word_1_133' title='bbox 993 1676 1147 1729; x_wconf 87' lang='lat' dir='ltr'><strong>etiam</strong></span> <span class='ocrx_word' id='word_1_134' title='bbox 1182 1676 1595 1746; x_wconf 76' lang='lat' dir='ltr'><strong>defendentibus,</strong></span> <span class='ocrx_word' id='word_1_135' title='bbox 1625 1677 1679 1730; x_wconf 90' lang='lat' dir='ltr'><strong>in</strong></span> <span class='ocrx_word' id='word_1_136' title='bbox 1706 1676 1791 1730; x_wconf 90' lang='lat' dir='ltr'><strong>die</strong></span> 
     </span>
    </p>
   </div>
   <div class='ocr_carea' id='block_1_20' title="bbox 1906 466 3487 539">
    <p class='ocr_par' dir='ltr' id='par_1_20' title="bbox 1906 466 3487 539">
     <span class='ocr_line' id='line_1_20' title="bbox 1906 466 3487 539; baseline 0.006 -19"><span class='ocrx_word' id='word_1_137' title='bbox 1906 466 2199 523; x_wconf 88' lang='lat' dir='ltr'><strong>lationibus</strong></span> <span class='ocrx_word' id='word_1_138' title='bbox 2220 467 2569 534; x_wconf 85' lang='lat' dir='ltr'><strong>abducamur,</strong></span> <span class='ocrx_word' id='word_1_139' title='bbox 2594 469 2689 524; x_wconf 85' lang='lat' dir='ltr'><strong>scd</strong></span> <span class='ocrx_word' id='word_1_140' title='bbox 2720 469 2802 523; x_wconf 91' lang='lat' dir='ltr'><strong>bis</strong></span> <span class='ocrx_word' id='word_1_141' title='bbox 2827 470 3020 539; x_wconf 88' lang='lat' dir='ltr'><strong>quibus</strong></span> <span class='ocrx_word' id='word_1_142' title='bbox 3052 470 3364 539; x_wconf 81' lang='lat' dir='ltr'><strong>Spiritaliter</strong></span> <span class='ocrx_word' id='word_1_143' title='bbox 3394 473 3487 530; x_wconf 83' lang='lat' dir='ltr'><strong>de-</strong></span> 
     </span>
    </p>
   </div>
   <div class='ocr_carea' id='block_1_21' title="bbox 1900 558 3485 633">
    <p class='ocr_par' dir='ltr' id='par_1_21' title="bbox 1900 558 3485 633">
     <span class='ocr_line' id='line_1_21' title="bbox 1900 558 3485 633; baseline 0.005 -19"><span class='ocrx_word' id='word_1_144' title='bbox 1900 558 2162 615; x_wconf 89' lang='lat' dir='ltr'><strong>lectamur</strong></span> <span class='ocrx_word' id='word_1_145' title='bbox 2214 559 2493 615; x_wconf 87' lang='lat' dir='ltr'><strong>immorari</strong></span> <span class='ocrx_word' id='word_1_146' title='bbox 2539 561 2625 616; x_wconf 90' lang='lat' dir='ltr'><strong>vel</strong></span> <span class='ocrx_word' id='word_1_147' title='bbox 2675 561 2941 619; x_wconf 77' lang='lat' dir='ltr'><strong>inhaerere</strong></span> <span class='ocrx_word' id='word_1_148' title='bbox 2991 564 3285 633; x_wconf 87' lang='lat' dir='ltr'><strong>possimus,</strong></span> <span class='ocrx_word' id='word_1_149' title='bbox 3330 565 3485 622; x_wconf 90' lang='lat' dir='ltr'><strong>malis</strong></span> 
     </span>
    </p>
   </div>
   <div class='ocr_carea' id='block_1_22' title="bbox 1898 649 3483 726">
    <p class='ocr_par' dir='ltr' id='par_1_22' title="bbox 1898 649 3483 726">
     <span class='ocr_line' id='line_1_22' title="bbox 1898 649 3483 726; baseline 0.006 -21"><span class='ocrx_word' id='word_1_150' title='bbox 1898 649 2121 720; x_wconf 89' lang='lat' dir='ltr'><strong>quidem</strong></span> <span class='ocrx_word' id='word_1_151' title='bbox 2144 652 2580 723; x_wconf 84' lang='lat' dir='ltr'><strong>suggestionibus</strong></span> <span class='ocrx_word' id='word_1_152' title='bbox 2598 654 2946 725; x_wconf 79' lang='lat' dir='ltr'><strong>imperantes,</strong></span> <span class='ocrx_word' id='word_1_153' title='bbox 2963 657 3140 725; x_wconf 86' lang='lat' dir='ltr'><strong>Abite,</strong></span> <span class='ocrx_word' id='word_1_154' title='bbox 3156 668 3210 714; x_wconf 91' lang='lat' dir='ltr'><strong>et</strong></span> <span class='ocrx_word' id='word_1_155' title='bbox 3231 659 3483 726; x_wconf 86' lang='lat' dir='ltr'><strong>abibunt;</strong></span> 
     </span>
    </p>
   </div>
   <div class='ocr_carea' id='block_1_23' title="bbox 1896 742 3487 824">
    <p class='ocr_par' dir='ltr' id='par_1_23' title="bbox 1896 742 3487 824">
     <span class='ocr_line' id='line_1_23' title="bbox 1896 742 3487 824; baseline 0.008 -26"><span class='ocrx_word' id='word_1_156' title='bbox 1896 742 2059 799; x_wconf 85' lang='lat' dir='ltr'><strong>bonis</strong></span> <span class='ocrx_word' id='word_1_157' title='bbox 2088 758 2219 800; x_wconf 89' lang='lat' dir='ltr'><strong>vero</strong></span> <span class='ocrx_word' id='word_1_158' title='bbox 2239 744 2483 801; x_wconf 89' lang='lat' dir='ltr'><strong>dicemus</strong></span> <span class='ocrx_word' id='word_1_159' title='bbox 2514 765 2527 799; x_wconf 91' lang='lat'><strong>:</strong></span> <span class='ocrx_word' id='word_1_160' title='bbox 2561 745 2774 815; x_wconf 83' lang='lat' dir='ltr'><strong>Venite,</strong></span> <span class='ocrx_word' id='word_1_161' title='bbox 2807 757 2860 803; x_wconf 89' lang='lat' dir='ltr'><strong>et</strong></span> <span class='ocrx_word' id='word_1_162' title='bbox 2889 749 3124 806; x_wconf 86' lang='lat' dir='ltr'><strong>venient.</strong></span> <span class='ocrx_word' id='word_1_163' title='bbox 3156 750 3326 807; x_wconf 89' lang='lat' dir='ltr'><strong>Servo</strong></span> <span class='ocrx_word' id='word_1_164' title='bbox 3353 769 3487 824; x_wconf 86' lang='lat' dir='ltr'><strong>quo-</strong></span> 
     </span>
    </p>
   </div>
   <div class='ocr_carea' id='block_1_24' title="bbox 1896 837 3485 912">
    <p class='ocr_par' dir='ltr' id='par_1_24' title="bbox 1896 837 3485 912">
     <span class='ocr_line' id='line_1_24' title="bbox 1896 837 3485 912; baseline 0.008 -21"><span class='ocrx_word' id='word_1_165' title='bbox 1896 851 2006 907; x_wconf 93' lang='lat' dir='ltr'><strong>que</strong></span> <span class='ocrx_word' id='word_1_166' title='bbox 2034 845 2243 907; x_wconf 88' lang='lat' dir='ltr'><strong>nostro,</strong></span> <span class='ocrx_word' id='word_1_167' title='bbox 2278 837 2333 893; x_wconf 91' lang='lat' dir='ltr'><strong>id</strong></span> <span class='ocrx_word' id='word_1_168' title='bbox 2362 846 2480 903; x_wconf 89' lang='lat' dir='ltr'><strong>est,</strong></span> <span class='ocrx_word' id='word_1_169' title='bbox 2532 840 2782 909; x_wconf 86' lang='lat' dir='ltr'><strong>corpori,</strong></span> <span class='ocrx_word' id='word_1_170' title='bbox 2832 855 2895 895; x_wconf 91' lang='lat' dir='ltr'><strong>ea</strong></span> <span class='ocrx_word' id='word_1_171' title='bbox 2941 857 3062 912; x_wconf 69' lang='lat' dir='ltr'><strong>qua:</strong></span> <span class='ocrx_word' id='word_1_172' title='bbox 3110 846 3373 901; x_wconf 86' lang='lat' dir='ltr'><strong>castitatis</strong></span> <span class='ocrx_word' id='word_1_173' title='bbox 3400 848 3485 903; x_wconf 88' lang='lat' dir='ltr'><strong>vel</strong></span> 
     </span>
    </p>
   </div>
   <div class='ocr_carea' id='block_1_25' title="bbox 1897 931 3484 1007">
    <p class='ocr_par' dir='ltr' id='par_1_25' title="bbox 1897 931 3484 1007">
     <span class='ocr_line' id='line_1_25' title="bbox 1897 931 3484 1007; baseline 0.004 -19"><span class='ocrx_word' id='word_1_174' title='bbox 1897 931 2249 988; x_wconf 77' lang='lat' dir='ltr'><strong>continentiae</strong></span> <span class='ocrx_word' id='word_1_175' title='bbox 2277 942 2402 988; x_wconf 90' lang='lat' dir='ltr'><strong>sunt</strong></span> <span class='ocrx_word' id='word_1_176' title='bbox 2440 933 2690 989; x_wconf 86' lang='lat' dir='ltr'><strong>similiter</strong></span> <span class='ocrx_word' id='word_1_177' title='bbox 2720 935 3063 1007; x_wconf 81' lang='lat' dir='ltr'><strong>injuugemus</strong></span> <span class='ocrx_word' id='word_1_178' title='bbox 3083 979 3099 1004; x_wconf 94' lang='lat'><strong>,</strong></span> <span class='ocrx_word' id='word_1_179' title='bbox 3131 947 3185 993; x_wconf 89' lang='lat' dir='ltr'><strong>et</strong></span> <span class='ocrx_word' id='word_1_180' title='bbox 3228 940 3349 996; x_wconf 87' lang='lat' dir='ltr'><strong>sine</strong></span> <span class='ocrx_word' id='word_1_181' title='bbox 3377 940 3484 995; x_wconf 88' lang='lat' dir='ltr'><strong>ulla</strong></span> 
     </span>
    </p>
   </div>
   <div class='ocr_carea' id='block_1_26' title="bbox 1896 1024 3486 1099">
    <p class='ocr_par' dir='ltr' id='par_1_26' title="bbox 1896 1024 3486 1099">
     <span class='ocr_line' id='line_1_26' title="bbox 1896 1024 3486 1099; baseline 0.006 -18"><span class='ocrx_word' id='word_1_182' title='bbox 1896 1024 2336 1082; x_wconf 87' lang='lat' dir='ltr'><strong>contradictione</strong></span> <span class='ocrx_word' id='word_1_183' title='bbox 2385 1026 2676 1095; x_wconf 87' lang='lat' dir='ltr'><strong>deserviet,</strong></span> <span class='ocrx_word' id='word_1_184' title='bbox 2710 1044 2817 1084; x_wconf 92' lang='lat' dir='ltr'><strong>non</strong></span> <span class='ocrx_word' id='word_1_185' title='bbox 2869 1029 2979 1099; x_wconf 87' lang='lat' dir='ltr'><strong>jam</strong></span> <span class='ocrx_word' id='word_1_186' title='bbox 3011 1033 3280 1089; x_wconf 87' lang='lat' dir='ltr'><strong>suscitans</strong></span> <span class='ocrx_word' id='word_1_187' title='bbox 3329 1035 3486 1091; x_wconf 82' lang='lat' dir='ltr'><strong>nobis</strong></span> 
     </span>
    </p>
   </div>
   <div class='ocr_carea' id='block_1_27' title="bbox 1897 1114 3482 1189">
    <p class='ocr_par' dir='ltr' id='par_1_27' title="bbox 1897 1114 3482 1189">
     <span class='ocr_line' id='line_1_27' title="bbox 1897 1114 3482 1189; baseline 0.006 -20"><span class='ocrx_word' id='word_1_188' title='bbox 1897 1114 2641 1189; x_wconf 68' lang='lat' dir='ltr'><strong>adversosaconcupiscentiae</strong></span> <span class='ocrx_word' id='word_1_189' title='bbox 2668 1120 2939 1188; x_wconf 88' lang='lat' dir='ltr'><strong>stimulos,</strong></span> <span class='ocrx_word' id='word_1_190' title='bbox 2961 1123 3056 1177; x_wconf 88' lang='lat' dir='ltr'><strong>sed</strong></span> <span class='ocrx_word' id='word_1_191' title='bbox 3083 1137 3297 1178; x_wconf 91' lang='lat' dir='ltr'><strong>omnem</strong></span> <span class='ocrx_word' id='word_1_192' title='bbox 3327 1124 3482 1180; x_wconf 83' lang='lat' dir='ltr'><strong>exhi-</strong></span> 
     </span>
    </p>
   </div>
   <div class='ocr_carea' id='block_1_28' title="bbox 1894 1208 3481 1289">
    <p class='ocr_par' dir='ltr' id='par_1_28' title="bbox 1894 1208 3481 1289">
     <span class='ocr_line' id='line_1_28' title="bbox 1894 1208 3481 1289; baseline 0.006 -26"><span class='ocrx_word' id='word_1_193' title='bbox 1894 1208 2028 1264; x_wconf 88' lang='lat' dir='ltr'><strong>bens</strong></span> <span class='ocrx_word' id='word_1_194' title='bbox 2081 1210 2295 1279; x_wconf 88' lang='lat' dir='ltr'><strong>spiritui</strong></span> <span class='ocrx_word' id='word_1_195' title='bbox 2337 1210 2679 1269; x_wconf 82' lang='lat' dir='ltr'><strong>famulatum.</strong></span> <span class='ocrx_word' id='word_1_196' title='bbox 2716 1213 2885 1283; x_wconf 80' lang='lat' dir='ltr'><strong>Hujus</strong></span> <span class='ocrx_word' id='word_1_197' title='bbox 2926 1216 3257 1271; x_wconf 84' lang='lat' dir='ltr'><strong>centurionis</strong></span> <span class='ocrx_word' id='word_1_198' title='bbox 3304 1218 3481 1289; x_wconf 87' lang='lat' dir='ltr'><strong>qualia</strong></span> 
     </span>
    </p>
   </div>
   <div class='ocr_carea' id='block_1_29' title="bbox 1894 1304 3483 1382">
    <p class='ocr_par' dir='ltr' id='par_1_29' title="bbox 1894 1304 3483 1382">
     <span class='ocr_line' id='line_1_29' title="bbox 1894 1304 3483 1382; baseline 0.005 -24"><span class='ocrx_word' id='word_1_199' title='bbox 1894 1317 2043 1358; x_wconf 89' lang='lat' dir='ltr'><strong>arma</strong></span> <span class='ocrx_word' id='word_1_200' title='bbox 2076 1304 2204 1373; x_wconf 87' lang='lat' dir='ltr'><strong>sint,</strong></span> <span class='ocrx_word' id='word_1_201' title='bbox 2233 1304 2318 1360; x_wconf 87' lang='lat' dir='ltr'><strong>vel</strong></span> <span class='ocrx_word' id='word_1_202' title='bbox 2366 1305 2433 1360; x_wconf 91' lang='lat' dir='ltr'><strong>ad</strong></span> <span class='ocrx_word' id='word_1_203' title='bbox 2478 1321 2599 1375; x_wconf 65' lang='lat' dir='ltr'><strong>quae</strong></span> <span class='ocrx_word' id='word_1_204' title='bbox 2650 1308 2957 1377; x_wconf 83' lang='lat' dir='ltr'><strong>praeliorum</strong></span> <span class='ocrx_word' id='word_1_205' title='bbox 2988 1310 3246 1365; x_wconf 83' lang='lat' dir='ltr'><strong>exercitia</strong></span> <span class='ocrx_word' id='word_1_206' title='bbox 3278 1326 3483 1382; x_wconf 64' lang='lat' dir='ltr'><strong>praepa-</strong></span> 
     </span>
    </p>
   </div>
   <div class='ocr_carea' id='block_1_30' title="bbox 1894 1398 3478 1470">
    <p class='ocr_par' dir='ltr' id='par_1_30' title="bbox 1894 1398 3478 1470">
     <span class='ocr_line' id='line_1_30' title="bbox 1894 1398 3478 1470; baseline 0.004 -18"><span class='ocrx_word' id='word_1_207' title='bbox 1894 1407 2117 1465; x_wconf 88' lang='lat' dir='ltr'><strong>rentur,</strong></span> <span class='ocrx_word' id='word_1_208' title='bbox 2185 1398 2312 1453; x_wconf 89' lang='lat' dir='ltr'><strong>audi</strong></span> <span class='ocrx_word' id='word_1_209' title='bbox 2382 1398 2598 1454; x_wconf 87' lang='lat' dir='ltr'><strong>beatum</strong></span> <span class='ocrx_word' id='word_1_210' title='bbox 2658 1400 2976 1470; x_wconf 87' lang='lat' dir='ltr'><strong>Apostolum</strong></span> <span class='ocrx_word' id='word_1_211' title='bbox 3047 1401 3478 1470; x_wconf 66' lang='lat' dir='ltr'><strong>pratdicantem:</strong></span> 
     </span>
    </p>
   </div>
   <div class='ocr_carea' id='block_1_31' title="bbox 1892 1491 3482 1564">
    <p class='ocr_par' dir='ltr' id='par_1_31' title="bbox 1892 1491 3482 1564">
     <span class='ocr_line' id='line_1_31' title="bbox 1892 1491 3482 1564; baseline 0.004 -18"><span class='ocrx_word' id='word_1_212' title='bbox 1892 1491 2070 1560; x_wconf 84' lang='lat' dir='ltr'><strong>Arma,</strong></span> <span class='ocrx_word' id='word_1_213' title='bbox 2102 1492 2310 1564; x_wconf 86' lang='lat' dir='ltr'><strong>inquit,</strong></span> <span class='ocrx_word' id='word_1_214' title='bbox 2349 1493 2546 1548; x_wconf 68' lang='lat' dir='ltr'><strong>militia:</strong></span> <span class='ocrx_word' id='word_1_215' title='bbox 2586 1502 2775 1549; x_wconf 80' lang='lat' dir='ltr'><strong>nostra:</strong></span> <span class='ocrx_word' id='word_1_216' title='bbox 2799 1511 2900 1549; x_wconf 87' lang='lat' dir='ltr'><strong>non</strong></span> <span class='ocrx_word' id='word_1_217' title='bbox 2944 1496 3173 1550; x_wconf 83' lang='lat' dir='ltr'><strong>carnalia</strong></span> <span class='ocrx_word' id='word_1_218' title='bbox 3217 1508 3359 1563; x_wconf 86' lang='lat' dir='ltr'><strong>sunt,</strong></span> <span class='ocrx_word' id='word_1_219' title='bbox 3392 1498 3482 1552; x_wconf 89' lang='lat' dir='ltr'><strong>sed</strong></span> 
     </span>
    </p>
   </div>
   <div class='ocr_carea' id='block_1_32' title="bbox 1893 1585 3483 1657">
    <p class='ocr_par' dir='ltr' id='par_1_32' title="bbox 1893 1585 3483 1657">
     <span class='ocr_line' id='line_1_32' title="bbox 1893 1585 3483 1657; baseline 0.003 -18"><span class='ocrx_word' id='word_1_220' title='bbox 1893 1586 2125 1655; x_wconf 87' lang='lat' dir='ltr'><strong>potentia</strong></span> <span class='ocrx_word' id='word_1_221' title='bbox 2153 1595 2175 1623; x_wconf 72' lang='grc' dir='ltr'>α</span> <span class='ocrx_word' id='word_1_222' title='bbox 2209 1585 2339 1640; x_wconf 86' lang='lat' dir='ltr'><strong>Deo.</strong></span> <span class='ocrx_word' id='word_1_223' title='bbox 2378 1585 2520 1641; x_wconf 84' lang='lat' dir='ltr'><strong>Dixit</strong></span> <span class='ocrx_word' id='word_1_224' title='bbox 2543 1586 2720 1655; x_wconf 88' lang='lat' dir='ltr'><strong>qualia</strong></span> <span class='ocrx_word' id='word_1_225' title='bbox 2750 1587 2880 1657; x_wconf 90' lang='lat' dir='ltr'><strong>sint,</strong></span> <span class='ocrx_word' id='word_1_226' title='bbox 2916 1586 2967 1643; x_wconf 93' lang='lat' dir='ltr'><strong>id</strong></span> <span class='ocrx_word' id='word_1_227' title='bbox 2995 1598 3098 1656; x_wconf 89' lang='lat' dir='ltr'><strong>est,</strong></span> <span class='ocrx_word' id='word_1_228' title='bbox 3122 1605 3224 1643; x_wconf 90' lang='lat' dir='ltr'><strong>non</strong></span> <span class='ocrx_word' id='word_1_229' title='bbox 3254 1591 3483 1644; x_wconf 87' lang='lat' dir='ltr'><strong>carnalia</strong></span> 
     </span>
    </p>
   </div>
   <div class='ocr_carea' id='block_1_33' title="bbox 1890 1677 3482 1751">
    <p class='ocr_par' dir='ltr' id='par_1_33' title="bbox 1890 1677 3482 1751">
     <span class='ocr_line' id='line_1_33' title="bbox 1890 1677 3482 1751; baseline 0.004 -19"><span class='ocrx_word' id='word_1_230' title='bbox 1890 1692 1993 1733; x_wconf 90' lang='lat' dir='ltr'><strong>nec</strong></span> <span class='ocrx_word' id='word_1_231' title='bbox 2037 1677 2285 1743; x_wconf 89' lang='lat' dir='ltr'><strong>inﬁrma,</strong></span> <span class='ocrx_word' id='word_1_232' title='bbox 2323 1678 2417 1733; x_wconf 88' lang='lat' dir='ltr'><strong>sed</strong></span> <span class='ocrx_word' id='word_1_233' title='bbox 2457 1677 2717 1749; x_wconf 85' lang='lat' dir='ltr'><strong>spiritalia</strong></span> <span class='ocrx_word' id='word_1_234' title='bbox 2758 1688 2816 1734; x_wconf 90' lang='lat' dir='ltr'><strong>et</strong></span> <span class='ocrx_word' id='word_1_235' title='bbox 2845 1681 3071 1751; x_wconf 88' lang='lat' dir='ltr'><strong>potentia</strong></span> <span class='ocrx_word' id='word_1_236' title='bbox 3118 1679 3251 1737; x_wconf 89' lang='lat' dir='ltr'><strong>Deo.</strong></span> <span class='ocrx_word' id='word_1_237' title='bbox 3279 1682 3482 1738; x_wconf 90' lang='lat' dir='ltr'><strong>Deinde</strong></span> 
     </span>
    </p>
   </div>
   <div class='ocr_carea' id='block_1_34' title="bbox 186 1765 3482 1848">
    <p class='ocr_par' dir='ltr' id='par_1_34' title="bbox 186 1765 3482 1848">
     <span class='ocr_line' id='line_1_34' title="bbox 186 1765 3482 1848; baseline 0.003 -29"><span class='ocrx_word' id='word_1_238' title='bbox 186 1780 293 1835; x_wconf 90' lang='lat' dir='ltr'><strong>qua</strong></span> <span class='ocrx_word' id='word_1_239' title='bbox 306 1765 572 1837; x_wconf 86' lang='lat' dir='ltr'><strong>judicabit</strong></span> <span class='ocrx_word' id='word_1_240' title='bbox 596 1767 738 1822; x_wconf 84' lang='lat' dir='ltr'><strong>Deus</strong></span> <span class='ocrx_word' id='word_1_241' title='bbox 760 1768 961 1824; x_wconf 85' lang='lat' dir='ltr'><strong>occulta</strong></span> <span class='ocrx_word' id='word_1_242' title='bbox 991 1767 1271 1837; x_wconf 79' lang='lat' dir='ltr'><strong>hominum,</strong></span> <span class='ocrx_word' id='word_1_243' title='bbox 1302 1770 1582 1826; x_wconf 87' lang='lat' dir='ltr'><strong>secundum</strong></span> <span class='ocrx_word' id='word_1_244' title='bbox 1606 1767 1785 1823; x_wconf 88' lang='lat' dir='ltr'><strong>Evan-</strong></span> <span class='ocrx_word' id='word_1_245' title='bbox 1812 1778 1862 1840; x_wconf 84' lang='grc' dir='ltr'><strong>Β</strong></span> <span class='ocrx_word' id='word_1_246' title='bbox 1886 1771 1954 1825; x_wconf 90' lang='lat' dir='ltr'><strong>ad</strong></span> <span class='ocrx_word' id='word_1_247' title='bbox 1994 1784 2132 1841; x_wconf 88' lang='lat' dir='ltr'><strong>quos</strong></span> <span class='ocrx_word' id='word_1_248' title='bbox 2169 1770 2278 1827; x_wconf 89' lang='lat' dir='ltr'><strong>sint</strong></span> <span class='ocrx_word' id='word_1_249' title='bbox 2312 1772 2616 1828; x_wconf 88' lang='lat' dir='ltr'><strong>exercenda</strong></span> <span class='ocrx_word' id='word_1_250' title='bbox 2656 1771 2844 1846; x_wconf 87' lang='lat' dir='ltr'><strong>[Lips.</strong></span> <span class='ocrx_word' id='word_1_251' title='bbox 2874 1775 2928 1828; x_wconf 89' lang='lat' dir='ltr'><strong>in</strong></span> <span class='ocrx_word' id='word_1_252' title='bbox 2976 1790 3145 1846; x_wconf 87' lang='lat' dir='ltr'><strong>marg.</strong></span> <span class='ocrx_word' id='word_1_253' title='bbox 3175 1775 3482 1848; x_wconf 82' lang='lat' dir='ltr'><strong>exerenda]</strong></span> 
     </span>
    </p>
   </div>
   <div class='ocr_carea' id='block_1_35' title="bbox 186 1857 901 1931">
    <p class='ocr_par' dir='ltr' id='par_1_35' title="bbox 186 1857 901 1931">
     <span class='ocr_line' id='line_1_35' title="bbox 186 1857 901 1931; baseline 0.006 -20"><span class='ocrx_word' id='word_1_254' title='bbox 186 1857 387 1929; x_wconf 83' lang='lat' dir='ltr'><strong>gelium</strong></span> <span class='ocrx_word' id='word_1_255' title='bbox 411 1874 582 1914; x_wconf 89' lang='lat' dir='ltr'><strong>meum</strong></span> <span class='ocrx_word' id='word_1_256' title='bbox 602 1859 791 1931; x_wconf 86' lang='lat' dir='ltr'><strong>(Rom.</strong></span> <span class='ocrx_word' id='word_1_257' title='bbox 816 1858 901 1930; x_wconf 87' lang='grc' dir='ltr'><strong>ιι).</strong></span> 
     </span>
    </p>
   </div>
   <div class='ocr_carea' id='block_1_36' title="bbox 819 1953 1154 2016">
    <p class='ocr_par' dir='ltr' id='par_1_36' title="bbox 819 1953 1154 2016">
     <span class='ocr_line' id='line_1_36' title="bbox 819 1953 1154 2016; baseline -0.003 -5"><span class='ocrx_word' id='word_1_258' title='bbox 819 1953 1049 2016; x_wconf 83' lang='lat' dir='ltr'><strong>CAPUT</strong></span> <span class='ocrx_word' id='word_1_259' title='bbox 1086 1954 1154 2011; x_wconf 70' lang='grc' dir='ltr'><strong>ν.</strong></span> 
     </span>
    </p>
   </div>
   <div class='ocr_carea' id='block_1_37' title="bbox 187 2043 1787 2131">
    <p class='ocr_par' dir='ltr' id='par_1_37' title="bbox 187 2043 1787 2131">
     <span class='ocr_line' id='line_1_37' title="bbox 187 2043 1787 2131; baseline 0.004 -31"><span class='ocrx_word' id='word_1_260' title='bbox 187 2043 267 2101; x_wconf 87' lang='lat' dir='ltr'><strong>De</strong></span> <span class='ocrx_word' id='word_1_261' title='bbox 286 2048 607 2119; x_wconf 80' lang='lat' dir='ltr'><strong>perfectione</strong></span> <span class='ocrx_word' id='word_1_262' title='bbox 630 2049 821 2131; x_wconf 68' lang='lat' dir='ltr'><strong>anime</strong></span> <span class='ocrx_word' id='word_1_263' title='bbox 846 2049 915 2131; x_wconf 77' lang='lat' dir='ltr'><strong>ad</strong></span> <span class='ocrx_word' id='word_1_264' title='bbox 942 2047 1331 2105; x_wconf 83' lang='lat' dir='ltr'><strong>similitudinem</strong></span> <span class='ocrx_word' id='word_1_265' title='bbox 1358 2051 1645 2123; x_wconf 80' lang='lat' dir='ltr'><strong>evangelici</strong></span> <span class='ocrx_word' id='word_1_266' title='bbox 1672 2068 1787 2109; x_wconf 88' lang='lat' dir='ltr'><strong>cen-</strong></span> 
     </span>
    </p>
   </div>
   <div class='ocr_carea' id='block_1_38' title="bbox 714 2129 1260 2192">
    <p class='ocr_par' dir='ltr' id='par_1_38' title="bbox 714 2129 1260 2192">
     <span class='ocr_line' id='line_1_38' title="bbox 714 2129 1260 2192; baseline 0.005 -19"><span class='ocrx_word' id='word_1_267' title='bbox 714 2129 937 2175; x_wconf 82' lang='lat' dir='ltr'><strong>turionis</strong></span> <span class='ocrx_word' id='word_1_268' title='bbox 962 2131 1260 2192; x_wconf 63' lang='lat' dir='ltr'><strong>assumpta.</strong></span> 
     </span>
    </p>
   </div>
   <div class='ocr_carea' id='block_1_39' title="bbox 261 2233 1786 2309">
    <p class='ocr_par' dir='ltr' id='par_1_39' title="bbox 261 2233 1786 2309">
     <span class='ocr_line' id='line_1_39' title="bbox 261 2233 1786 2309; baseline 0.005 -20"><span class='ocrx_word' id='word_1_269' title='bbox 261 2233 441 2304; x_wconf 84' lang='lat' dir='ltr'><strong>Hujus</strong></span> <span class='ocrx_word' id='word_1_270' title='bbox 486 2243 513 2271; x_wconf 74' lang='grc'><strong>⁸</strong></span> <span class='ocrx_word' id='word_1_271' title='bbox 557 2250 690 2307; x_wconf 88' lang='lat' dir='ltr'><strong>ergo</strong></span> <span class='ocrx_word' id='word_1_272' title='bbox 735 2235 989 2306; x_wconf 73' lang='lat' dir='ltr'><strong>perfectae.</strong></span> <span class='ocrx_word' id='word_1_273' title='bbox 1031 2237 1228 2293; x_wconf 90' lang='lat' dir='ltr'><strong>mentis</strong></span> <span class='ocrx_word' id='word_1_274' title='bbox 1275 2237 1446 2309; x_wconf 87' lang='lat' dir='ltr'><strong>ﬁgura</strong></span> <span class='ocrx_word' id='word_1_275' title='bbox 1485 2254 1584 2309; x_wconf 91' lang='lat' dir='ltr'><strong>per</strong></span> <span class='ocrx_word' id='word_1_276' title='bbox 1633 2240 1786 2297; x_wconf 90' lang='lat' dir='ltr'><strong>illum</strong></span> 
     </span>
    </p>
   </div>
   <div class='ocr_carea' id='block_1_40' title="bbox 188 2327 1786 2402">
    <p class='ocr_par' dir='ltr' id='par_1_40' title="bbox 188 2327 1786 2402">
     <span class='ocr_line' id='line_1_40' title="bbox 188 2327 1786 2402; baseline 0.005 -21"><span class='ocrx_word' id='word_1_277' title='bbox 188 2327 568 2398; x_wconf 74' lang='lat' dir='ltr'><strong>evangelicum</strong></span> <span class='ocrx_word' id='word_1_278' title='bbox 616 2330 987 2387; x_wconf 88' lang='lat' dir='ltr'><strong>centurionem</strong></span> <span class='ocrx_word' id='word_1_279' title='bbox 1039 2330 1402 2400; x_wconf 88' lang='lat' dir='ltr'><strong>pulcherrime</strong></span> <span class='ocrx_word' id='word_1_280' title='bbox 1452 2330 1786 2402; x_wconf 79' lang='lat' dir='ltr'><strong>designatur,</strong></span> 
     </span>
    </p>
   </div>
   <div class='ocr_carea' id='block_1_41' title="bbox 192 2418 1791 2497">
    <p class='ocr_par' dir='ltr' id='par_1_41' title="bbox 192 2418 1791 2497">
     <span class='ocr_line' id='line_1_41' title="bbox 192 2418 1791 2497; baseline 0.004 -22"><span class='ocrx_word' id='word_1_281' title='bbox 192 2418 357 2489; x_wconf 88' lang='lat' dir='ltr'><strong>cujus</strong></span> <span class='ocrx_word' id='word_1_282' title='bbox 390 2421 561 2476; x_wconf 89' lang='lat' dir='ltr'><strong>virtus</strong></span> <span class='ocrx_word' id='word_1_283' title='bbox 589 2428 755 2493; x_wconf 88' lang='lat' dir='ltr'><strong>atque</strong></span> <span class='ocrx_word' id='word_1_284' title='bbox 782 2422 1090 2479; x_wconf 85' lang='lat' dir='ltr'><strong>constantia</strong></span> <span class='ocrx_word' id='word_1_285' title='bbox 1110 2468 1125 2494; x_wconf 93' lang='lat'><strong>,</strong></span> <span class='ocrx_word' id='word_1_286' title='bbox 1176 2439 1279 2495; x_wconf 87' lang='lat' dir='ltr'><strong>qua</strong></span> <span class='ocrx_word' id='word_1_287' title='bbox 1321 2441 1429 2480; x_wconf 90' lang='lat' dir='ltr'><strong>non</strong></span> <span class='ocrx_word' id='word_1_288' title='bbox 1457 2425 1791 2497; x_wconf 86' lang='lat' dir='ltr'><strong>quibuslibet</strong></span> 
     </span>
    </p>
   </div>
   <div class='ocr_carea' id='block_1_42' title="bbox 182 2515 1789 2592">
    <p class='ocr_par' dir='ltr' id='par_1_42' title="bbox 182 2515 1789 2592">
     <span class='ocr_line' id='line_1_42' title="bbox 182 2515 1789 2592; baseline 0.002 -18"><span class='ocrx_word' id='word_1_289' title='bbox 182 2515 565 2588; x_wconf 78' lang='lat' dir='ltr'><strong>ingruentibus</strong></span> <span class='ocrx_word' id='word_1_290' title='bbox 586 2517 1008 2589; x_wconf 79' lang='lat' dir='ltr'><strong>cogitationibus</strong></span> <span class='ocrx_word' id='word_1_291' title='bbox 1027 2520 1421 2586; x_wconf 88' lang='lat' dir='ltr'><strong>abducebatur,</strong></span> <span class='ocrx_word' id='word_1_292' title='bbox 1450 2521 1546 2577; x_wconf 90' lang='lat' dir='ltr'><strong>sed</strong></span> <span class='ocrx_word' id='word_1_293' title='bbox 1568 2536 1667 2592; x_wconf 92' lang='lat' dir='ltr'><strong>pro</strong></span> <span class='ocrx_word' id='word_1_294' title='bbox 1690 2537 1789 2578; x_wconf 91' lang='lat' dir='ltr'><strong>suo</strong></span> 
     </span>
    </p>
   </div>
   <div class='ocr_carea' id='block_1_43' title="bbox 180 2609 1790 2686">
    <p class='ocr_par' dir='ltr' id='par_1_43' title="bbox 180 2609 1790 2686">
     <span class='ocr_line' id='line_1_43' title="bbox 180 2609 1790 2686; baseline 0.003 -19"><span class='ocrx_word' id='word_1_295' title='bbox 180 2609 396 2683; x_wconf 86' lang='lat' dir='ltr'><strong>judicio</strong></span> <span class='ocrx_word' id='word_1_296' title='bbox 420 2611 508 2668; x_wconf 89' lang='lat' dir='ltr'><strong>vel</strong></span> <span class='ocrx_word' id='word_1_297' title='bbox 538 2612 864 2670; x_wconf 87' lang='lat' dir='ltr'><strong>admittebat</strong></span> <span class='ocrx_word' id='word_1_298' title='bbox 902 2612 1112 2681; x_wconf 87' lang='lat' dir='ltr'><strong>bonas,</strong></span> <span class='ocrx_word' id='word_1_299' title='bbox 1145 2614 1232 2671; x_wconf 88' lang='lat' dir='ltr'><strong>vel</strong></span> <span class='ocrx_word' id='word_1_300' title='bbox 1256 2617 1559 2671; x_wconf 89' lang='lat' dir='ltr'><strong>contrarias</strong></span> <span class='ocrx_word' id='word_1_301' title='bbox 1586 2617 1790 2686; x_wconf 89' lang='lat' dir='ltr'><strong>absque</strong></span> 
     </span>
    </p>
   </div>
   <div class='ocr_carea' id='block_1_44' title="bbox 190 2705 1791 2781">
    <p class='ocr_par' dir='ltr' id='par_1_44' title="bbox 190 2705 1791 2781">
     <span class='ocr_line' id='line_1_44' title="bbox 190 2705 1791 2781; baseline 0.003 -20"><span class='ocrx_word' id='word_1_302' title='bbox 190 2705 303 2762; x_wconf 87' lang='lat' dir='ltr'><strong>ulla</strong></span> <span class='ocrx_word' id='word_1_303' title='bbox 333 2706 655 2763; x_wconf 89' lang='lat' dir='ltr'><strong>difﬁcultate</strong></span> <span class='ocrx_word' id='word_1_304' title='bbox 703 2707 963 2778; x_wconf 90' lang='lat' dir='ltr'><strong>pellebat,</strong></span> <span class='ocrx_word' id='word_1_305' title='bbox 1008 2707 1116 2764; x_wconf 86' lang='lat' dir='ltr'><strong>hac</strong></span> <span class='ocrx_word' id='word_1_306' title='bbox 1144 2709 1350 2781; x_wconf 89' lang='lat' dir='ltr'><strong>tropica</strong></span> <span class='ocrx_word' id='word_1_307' title='bbox 1396 2709 1791 2780; x_wconf 87' lang='lat' dir='ltr'><strong>signiﬁcatione</strong></span> 
     </span>
    </p>
   </div>
   <div class='ocr_carea' id='block_1_45' title="bbox 180 2801 1792 2877">
    <p class='ocr_par' dir='ltr' id='par_1_45' title="bbox 180 2801 1792 2877">
     <span class='ocr_line' id='line_1_45' title="bbox 180 2801 1792 2877; baseline -0.001 -18"><span class='ocrx_word' id='word_1_308' title='bbox 180 2801 461 2872; x_wconf 81' lang='lat' dir='ltr'><strong>descripta</strong></span> <span class='ocrx_word' id='word_1_309' title='bbox 487 2813 570 2858; x_wconf 90' lang='lat' dir='ltr'><strong>est</strong></span> <span class='ocrx_word' id='word_1_310' title='bbox 597 2821 609 2856; x_wconf 91' lang='lat'><strong>:</strong></span> <span class='ocrx_word' id='word_1_311' title='bbox 640 2802 778 2858; x_wconf 80' lang='lat' dir='ltr'><strong>Nam</strong></span> <span class='ocrx_word' id='word_1_312' title='bbox 795 2814 841 2857; x_wconf 92' lang='lat' dir='ltr'><strong>et</strong></span> <span class='ocrx_word' id='word_1_313' title='bbox 863 2821 957 2875; x_wconf 86' lang='lat' dir='ltr'><strong>ego</strong></span> <span class='ocrx_word' id='word_1_314' title='bbox 973 2804 1129 2858; x_wconf 89' lang='lat' dir='ltr'><strong>homo</strong></span> <span class='ocrx_word' id='word_1_315' title='bbox 1148 2820 1264 2859; x_wconf 87' lang='lat' dir='ltr'><strong>sum</strong></span> <span class='ocrx_word' id='word_1_316' title='bbox 1288 2805 1381 2859; x_wconf 88' lang='lat' dir='ltr'><strong>sub</strong></span> <span class='ocrx_word' id='word_1_317' title='bbox 1401 2812 1652 2877; x_wconf 79' lang='lat' dir='ltr'><strong>potestate</strong></span> <span class='ocrx_word' id='word_1_318' title='bbox 1672 2820 1792 2859; x_wconf 90' lang='lat' dir='ltr'><strong>con-</strong></span> 
     </span>
    </p>
   </div>
   <div class='ocr_carea' id='block_1_46' title="bbox 179 2894 1792 2963">
    <p class='ocr_par' dir='ltr' id='par_1_46' title="bbox 179 2894 1792 2963">
     <span class='ocr_line' id='line_1_46' title="bbox 179 2894 1792 2963; baseline -0.001 -11"><span class='ocrx_word' id='word_1_319' title='bbox 179 2896 423 2963; x_wconf 74' lang='lat' dir='ltr'><strong>stitutus,</strong></span> <span class='ocrx_word' id='word_1_320' title='bbox 450 2894 643 2950; x_wconf 86' lang='lat' dir='ltr'><strong>habens</strong></span> <span class='ocrx_word' id='word_1_321' title='bbox 668 2896 763 2950; x_wconf 87' lang='lat' dir='ltr'><strong>sub</strong></span> <span class='ocrx_word' id='word_1_322' title='bbox 788 2912 868 2951; x_wconf 89' lang='lat' dir='ltr'><strong>me</strong></span> <span class='ocrx_word' id='word_1_323' title='bbox 895 2896 1101 2962; x_wconf 87' lang='lat' dir='ltr'><strong>milites,</strong></span> <span class='ocrx_word' id='word_1_324' title='bbox 1149 2904 1199 2951; x_wconf 90' lang='lat' dir='ltr'><strong>et</strong></span> <span class='ocrx_word' id='word_1_325' title='bbox 1221 2896 1335 2951; x_wconf 88' lang='lat' dir='ltr'><strong>dico</strong></span> <span class='ocrx_word' id='word_1_326' title='bbox 1360 2895 1501 2961; x_wconf 84' lang='lat' dir='ltr'><strong>huic,</strong></span> <span class='ocrx_word' id='word_1_327' title='bbox 1539 2894 1701 2961; x_wconf 84' lang='lat' dir='ltr'><strong>Vade,</strong></span> <span class='ocrx_word' id='word_1_328' title='bbox 1746 2905 1792 2950; x_wconf 92' lang='lat' dir='ltr'><strong>et</strong></span> 
     </span>
    </p>
   </div>
   <div class='ocr_carea' id='block_1_47' title="bbox 176 2986 1791 3057">
    <p class='ocr_par' dir='ltr' id='par_1_47' title="bbox 176 2986 1791 3057">
     <span class='ocr_line' id='line_1_47' title="bbox 176 2986 1791 3057; baseline -0.002 -13"><span class='ocrx_word' id='word_1_329' title='bbox 176 2988 365 3055; x_wconf 81' lang='lat' dir='ltr'><strong>vadit;</strong></span> <span class='ocrx_word' id='word_1_330' title='bbox 394 2996 442 3043; x_wconf 91' lang='lat' dir='ltr'><strong>et</strong></span> <span class='ocrx_word' id='word_1_331' title='bbox 468 2987 582 3055; x_wconf 89' lang='lat' dir='ltr'><strong>alii,</strong></span> <span class='ocrx_word' id='word_1_332' title='bbox 616 2986 769 3055; x_wconf 86' lang='lat' dir='ltr'><strong>Veni,</strong></span> <span class='ocrx_word' id='word_1_333' title='bbox 796 2996 845 3044; x_wconf 84' lang='lat' dir='ltr'><strong>et</strong></span> <span class='ocrx_word' id='word_1_334' title='bbox 869 2990 1037 3056; x_wconf 84' lang='lat' dir='ltr'><strong>venit;</strong></span> <span class='ocrx_word' id='word_1_335' title='bbox 1061 2998 1111 3043; x_wconf 91' lang='lat' dir='ltr'><strong>et</strong></span> <span class='ocrx_word' id='word_1_336' title='bbox 1132 3005 1279 3044; x_wconf 85' lang='lat' dir='ltr'><strong>servo</strong></span> <span class='ocrx_word' id='word_1_337' title='bbox 1300 3005 1434 3057; x_wconf 90' lang='lat' dir='ltr'><strong>meo,</strong></span> <span class='ocrx_word' id='word_1_338' title='bbox 1457 2986 1571 3042; x_wconf 83' lang='lat' dir='ltr'><strong>Fac</strong></span> <span class='ocrx_word' id='word_1_339' title='bbox 1599 2986 1719 3053; x_wconf 88' lang='lat' dir='ltr'><strong>hoc,</strong></span> <span class='ocrx_word' id='word_1_340' title='bbox 1744 2995 1791 3041; x_wconf 88' lang='lat' dir='ltr'><strong>et</strong></span> 
     </span>
    </p>
   </div>
   <div class='ocr_carea' id='block_1_48' title="bbox 174 3079 1792 3155">
    <p class='ocr_par' dir='ltr' id='par_1_48' title="bbox 174 3079 1792 3155">
     <span class='ocr_line' id='line_1_48' title="bbox 174 3079 1792 3155; baseline 0.001 -20"><span class='ocrx_word' id='word_1_341' title='bbox 174 3082 323 3154; x_wconf 78' lang='lat' dir='ltr'><strong>facit</strong></span> <span class='ocrx_word' id='word_1_342' title='bbox 349 3079 565 3155; x_wconf 76' lang='lat' dir='ltr'><strong>(Matth.</strong></span> <span class='ocrx_word' id='word_1_343' title='bbox 609 3083 751 3152; x_wconf 88' lang='lat' dir='ltr'><strong>vtn).</strong></span> <span class='ocrx_word' id='word_1_344' title='bbox 778 3082 835 3138; x_wconf 88' lang='lat' dir='ltr'><strong>Si</strong></span> <span class='ocrx_word' id='word_1_345' title='bbox 866 3082 1028 3153; x_wconf 90' lang='lat' dir='ltr'><strong>igitur</strong></span> <span class='ocrx_word' id='word_1_346' title='bbox 1057 3096 1156 3138; x_wconf 91' lang='lat' dir='ltr'><strong>nos</strong></span> <span class='ocrx_word' id='word_1_347' title='bbox 1185 3096 1400 3153; x_wconf 89' lang='lat' dir='ltr'><strong>quoque</strong></span> <span class='ocrx_word' id='word_1_348' title='bbox 1428 3080 1663 3137; x_wconf 89' lang='lat' dir='ltr'><strong>viriliter</strong></span> <span class='ocrx_word' id='word_1_349' title='bbox 1691 3080 1792 3136; x_wconf 88' lang='lat' dir='ltr'><strong>ad-</strong></span> 
     </span>
    </p>
   </div>
   <div class='ocr_carea' id='block_1_49' title="bbox 1889 1862 3486 1933">
    <p class='ocr_par' dir='ltr' id='par_1_49' title="bbox 1889 1862 3486 1933">
     <span class='ocr_line' id='line_1_49' title="bbox 1889 1862 3486 1933; baseline 0.002 -13"><span class='ocrx_word' id='word_1_350' title='bbox 1889 1862 2173 1920; x_wconf 86' lang='lat' dir='ltr'><strong>conﬁictus</strong></span> <span class='ocrx_word' id='word_1_351' title='bbox 2210 1874 2609 1933; x_wconf 89' lang='lat' dir='ltr'><strong>consequenter</strong></span> <span class='ocrx_word' id='word_1_352' title='bbox 2656 1866 2891 1920; x_wconf 86' lang='lat' dir='ltr'><strong>insinuat</strong></span> <span class='ocrx_word' id='word_1_353' title='bbox 2926 1884 2937 1918; x_wconf 89' lang='lat'><strong>:</strong></span> <span class='ocrx_word' id='word_1_354' title='bbox 2969 1866 3049 1920; x_wconf 81' lang='lat' dir='ltr'><strong>Ad</strong></span> <span class='ocrx_word' id='word_1_355' title='bbox 3085 1868 3486 1923; x_wconf 84' lang='lat' dir='ltr'><strong>destructionem</strong></span> 
     </span>
    </p>
   </div>
   <div class='ocr_carea' id='block_1_50' title="bbox 1888 1951 3487 2029">
    <p class='ocr_par' dir='ltr' id='par_1_50' title="bbox 1888 1951 3487 2029">
     <span class='ocr_line' id='line_1_50' title="bbox 1888 1951 3487 2029; baseline 0.003 -20"><span class='ocrx_word' id='word_1_356' title='bbox 1888 1954 2230 2009; x_wconf 85' lang='lat' dir='ltr'><strong>munitionum</strong></span> <span class='ocrx_word' id='word_1_357' title='bbox 2244 1951 2627 2027; x_wconf 54' lang='lat' dir='ltr'><strong>dicogitationes</strong></span> <span class='ocrx_word' id='word_1_358' title='bbox 2647 1966 2945 2029; x_wconf 86' lang='lat' dir='ltr'><strong>purgantes,</strong></span> <span class='ocrx_word' id='word_1_359' title='bbox 2970 1966 3016 2011; x_wconf 90' lang='lat' dir='ltr'><strong>et</strong></span> <span class='ocrx_word' id='word_1_360' title='bbox 3031 1974 3226 2013; x_wconf 88' lang='lat' dir='ltr'><strong>omnem</strong></span> <span class='ocrx_word' id='word_1_361' title='bbox 3251 1960 3487 2015; x_wconf 87' lang='lat' dir='ltr'><strong>altitudi-</strong></span> 
     </span>
    </p>
   </div>
   <div class='ocr_carea' id='block_1_51' title="bbox 1888 2049 3486 2126">
    <p class='ocr_par' dir='ltr' id='par_1_51' title="bbox 1888 2049 3486 2126">
     <span class='ocr_line' id='line_1_51' title="bbox 1888 2049 3486 2126; baseline 0.004 -23"><span class='ocrx_word' id='word_1_362' title='bbox 1888 2066 2002 2104; x_wconf 88' lang='lat' dir='ltr'><strong>nem</strong></span> <span class='ocrx_word' id='word_1_363' title='bbox 2033 2049 2360 2104; x_wconf 77' lang='lat' dir='ltr'><strong>extollentem</strong></span> <span class='ocrx_word' id='word_1_364' title='bbox 2380 2067 2433 2105; x_wconf 90' lang='lat' dir='ltr'><strong>se</strong></span> <span class='ocrx_word' id='word_1_365' title='bbox 2455 2051 2699 2105; x_wconf 83' lang='lat' dir='ltr'><strong>adversus</strong></span> <span class='ocrx_word' id='word_1_366' title='bbox 2723 2052 2991 2106; x_wconf 86' lang='lat' dir='ltr'><strong>scientiam</strong></span> <span class='ocrx_word' id='word_1_367' title='bbox 3012 2051 3126 2119; x_wconf 85' lang='lat' dir='ltr'><strong>Dei,</strong></span> <span class='ocrx_word' id='word_1_368' title='bbox 3145 2061 3193 2107; x_wconf 89' lang='lat' dir='ltr'><strong>et</strong></span> <span class='ocrx_word' id='word_1_369' title='bbox 3219 2056 3486 2126; x_wconf 86' lang='lat' dir='ltr'><strong>captivan-</strong></span> 
     </span>
    </p>
   </div>
   <div class='ocr_carea' id='block_1_52' title="bbox 1891 2142 3485 2215">
    <p class='ocr_par' dir='ltr' id='par_1_52' title="bbox 1891 2142 3485 2215">
     <span class='ocr_line' id='line_1_52' title="bbox 1891 2142 3485 2215; baseline 0.001 -16"><span class='ocrx_word' id='word_1_370' title='bbox 1891 2153 1963 2199; x_wconf 89' lang='lat' dir='ltr'><strong>tes</strong></span> <span class='ocrx_word' id='word_1_371' title='bbox 1991 2159 2192 2198; x_wconf 89' lang='lat' dir='ltr'><strong>omnem</strong></span> <span class='ocrx_word' id='word_1_372' title='bbox 2222 2143 2544 2198; x_wconf 85' lang='lat' dir='ltr'><strong>intellectum</strong></span> <span class='ocrx_word' id='word_1_373' title='bbox 2578 2143 2631 2197; x_wconf 90' lang='lat' dir='ltr'><strong>in</strong></span> <span class='ocrx_word' id='word_1_374' title='bbox 2658 2142 3005 2198; x_wconf 86' lang='lat' dir='ltr'><strong>obedientiam</strong></span> <span class='ocrx_word' id='word_1_375' title='bbox 3033 2144 3241 2207; x_wconf 86' lang='lat' dir='ltr'><strong>Christi,</strong></span> <span class='ocrx_word' id='word_1_376' title='bbox 3274 2156 3319 2199; x_wconf 91' lang='lat' dir='ltr'><strong>et</strong></span> <span class='ocrx_word' id='word_1_377' title='bbox 3350 2164 3485 2215; x_wconf 81' lang='lat' dir='ltr'><strong>prte-</strong></span> 
     </span>
    </p>
   </div>
   <div class='ocr_carea' id='block_1_53' title="bbox 1889 2236 3487 2309">
    <p class='ocr_par' dir='ltr' id='par_1_53' title="bbox 1889 2236 3487 2309">
     <span class='ocr_line' id='line_1_53' title="bbox 1889 2236 3487 2309; baseline 0.003 -19"><span class='ocrx_word' id='word_1_378' title='bbox 1889 2238 2061 2308; x_wconf 88' lang='lat' dir='ltr'><strong>parati</strong></span> <span class='ocrx_word' id='word_1_379' title='bbox 2088 2236 2270 2291; x_wconf 82' lang='lat' dir='ltr'><strong>ulcisci</strong></span> <span class='ocrx_word' id='word_1_380' title='bbox 2291 2252 2493 2290; x_wconf 90' lang='lat' dir='ltr'><strong>omnem</strong></span> <span class='ocrx_word' id='word_1_381' title='bbox 2513 2236 2929 2302; x_wconf 88' lang='lat' dir='ltr'><strong>inobedientiam,</strong></span> <span class='ocrx_word' id='word_1_382' title='bbox 2950 2252 3066 2289; x_wconf 90' lang='lat' dir='ltr'><strong>cum</strong></span> <span class='ocrx_word' id='word_1_383' title='bbox 3096 2237 3305 2308; x_wconf 86' lang='lat' dir='ltr'><strong>impleta</strong></span> <span class='ocrx_word' id='word_1_384' title='bbox 3330 2239 3487 2309; x_wconf 81' lang='lat' dir='ltr'><strong>fuerit</strong></span> 
     </span>
    </p>
   </div>
   <div class='ocr_carea' id='block_1_54' title="bbox 1891 2328 3487 2403">
    <p class='ocr_par' dir='ltr' id='par_1_54' title="bbox 1891 2328 3487 2403">
     <span class='ocr_line' id='line_1_54' title="bbox 1891 2328 3487 2403; baseline 0.003 -20"><span class='ocrx_word' id='word_1_385' title='bbox 1891 2330 2115 2400; x_wconf 88' lang='lat' dir='ltr'><strong>primum</strong></span> <span class='ocrx_word' id='word_1_386' title='bbox 2153 2338 2317 2385; x_wconf 86' lang='lat' dir='ltr'><strong>vestra</strong></span> <span class='ocrx_word' id='word_1_387' title='bbox 2362 2328 2651 2383; x_wconf 86' lang='lat' dir='ltr'><strong>obedientia</strong></span> <span class='ocrx_word' id='word_1_388' title='bbox 2686 2328 2768 2403; x_wconf 88' lang='lat' dir='ltr'><strong>(Il</strong></span> <span class='ocrx_word' id='word_1_389' title='bbox 2809 2328 2930 2385; x_wconf 84' lang='lat' dir='ltr'><strong>Cor.</strong></span> <span class='ocrx_word' id='word_1_390' title='bbox 2963 2331 3057 2400; x_wconf 89' lang='lat' dir='ltr'><strong>x).</strong></span> <span class='ocrx_word' id='word_1_391' title='bbox 3089 2330 3218 2399; x_wconf 64' lang='lat' dir='ltr'><strong>Quae</strong></span> <span class='ocrx_word' id='word_1_392' title='bbox 3267 2333 3487 2403; x_wconf 89' lang='lat' dir='ltr'><strong>quidem</strong></span> 
     </span>
    </p>
   </div>
   <div class='ocr_carea' id='block_1_55' title="bbox 1890 2424 3486 2495">
    <p class='ocr_par' dir='ltr' id='par_1_55' title="bbox 1890 2424 3486 2495">
     <span class='ocr_line' id='line_1_55' title="bbox 1890 2424 3486 2495; baseline 0.004 -17"><span class='ocrx_word' id='word_1_393' title='bbox 1890 2425 2016 2494; x_wconf 89' lang='lat' dir='ltr'><strong>quia</strong></span> <span class='ocrx_word' id='word_1_394' title='bbox 2064 2424 2340 2494; x_wconf 84' lang='lat' dir='ltr'><strong>sigillatim</strong></span> <span class='ocrx_word' id='word_1_395' title='bbox 2397 2437 2716 2494; x_wconf 87' lang='lat' dir='ltr'><strong>percurrere</strong></span> <span class='ocrx_word' id='word_1_396' title='bbox 2762 2425 2905 2480; x_wconf 87' lang='lat' dir='ltr'><strong>sicut</strong></span> <span class='ocrx_word' id='word_1_397' title='bbox 2955 2426 3355 2495; x_wconf 87' lang='lat' dir='ltr'><strong>necessarium,</strong></span> <span class='ocrx_word' id='word_1_398' title='bbox 3410 2427 3486 2485; x_wconf 91' lang='lat' dir='ltr'><strong>ita</strong></span> 
     </span>
    </p>
   </div>
   <div class='ocr_carea' id='block_1_56' title="bbox 1893 2518 3488 2588">
    <p class='ocr_par' dir='ltr' id='par_1_56' title="bbox 1893 2518 3488 2588">
     <span class='ocr_line' id='line_1_56' title="bbox 1893 2518 3488 2588; baseline 0.003 -15"><span class='ocrx_word' id='word_1_399' title='bbox 1893 2520 2053 2574; x_wconf 90' lang='lat' dir='ltr'><strong>etiam</strong></span> <span class='ocrx_word' id='word_1_400' title='bbox 2082 2518 2304 2574; x_wconf 88' lang='lat' dir='ltr'><strong>alterius</strong></span> <span class='ocrx_word' id='word_1_401' title='bbox 2346 2519 2610 2588; x_wconf 91' lang='lat' dir='ltr'><strong>temporis</strong></span> <span class='ocrx_word' id='word_1_402' title='bbox 2638 2527 2745 2575; x_wconf 90' lang='lat' dir='ltr'><strong>est.</strong></span> <span class='ocrx_word' id='word_1_403' title='bbox 2776 2520 3065 2574; x_wconf 84' lang='lat' dir='ltr'><strong>Armorum</strong></span> <span class='ocrx_word' id='word_1_404' title='bbox 3113 2523 3488 2579; x_wconf 90' lang='lat' dir='ltr'><strong>tantummodo</strong></span> 
     </span>
    </p>
   </div>
   <div class='ocr_carea' id='block_1_57' title="bbox 1892 2612 3487 2687">
    <p class='ocr_par' dir='ltr' id='par_1_57' title="bbox 1892 2612 3487 2687">
     <span class='ocr_line' id='line_1_57' title="bbox 1892 2612 3487 2687; baseline 0.003 -20"><span class='ocrx_word' id='word_1_405' title='bbox 1892 2612 2017 2667; x_wconf 90' lang='lat' dir='ltr'><strong>volo</strong></span> <span class='ocrx_word' id='word_1_406' title='bbox 2039 2612 2188 2666; x_wconf 90' lang='lat' dir='ltr'><strong>vobis</strong></span> <span class='ocrx_word' id='word_1_407' title='bbox 2210 2626 2409 2683; x_wconf 91' lang='lat' dir='ltr'><strong>genera</strong></span> <span class='ocrx_word' id='word_1_408' title='bbox 2435 2612 2901 2683; x_wconf 88' lang='lat' dir='ltr'><strong>proprietatesque</strong></span> <span class='ocrx_word' id='word_1_409' title='bbox 2929 2612 3261 2682; x_wconf 81' lang='lat' dir='ltr'><strong>patefacere,</strong></span> <span class='ocrx_word' id='word_1_410' title='bbox 3288 2616 3487 2687; x_wconf 90' lang='lat' dir='ltr'><strong>quibus</strong></span> 
     </span>
    </p>
   </div>
   <div class='ocr_carea' id='block_1_58' title="bbox 1894 2704 3489 2775">
    <p class='ocr_par' dir='ltr' id='par_1_58' title="bbox 1894 2704 3489 2775">
     <span class='ocr_line' id='line_1_58' title="bbox 1894 2704 3489 2775; baseline 0.002 -15"><span class='ocrx_word' id='word_1_411' title='bbox 1894 2719 1995 2760; x_wconf 91' lang='lat' dir='ltr'><strong>nos</strong></span> <span class='ocrx_word' id='word_1_412' title='bbox 2025 2720 2239 2775; x_wconf 87' lang='lat' dir='ltr'><strong>quoque</strong></span> <span class='ocrx_word' id='word_1_413' title='bbox 2265 2705 2310 2759; x_wconf 90' lang='lat' dir='ltr'><strong>si</strong></span> <span class='ocrx_word' id='word_1_414' title='bbox 2344 2705 2593 2759; x_wconf 87' lang='lat' dir='ltr'><strong>volumus</strong></span> <span class='ocrx_word' id='word_1_415' title='bbox 2622 2704 2763 2759; x_wconf 89' lang='lat' dir='ltr'><strong>bella</strong></span> <span class='ocrx_word' id='word_1_416' title='bbox 2798 2705 3007 2759; x_wconf 88' lang='lat' dir='ltr'><strong>Domini</strong></span> <span class='ocrx_word' id='word_1_417' title='bbox 3047 2706 3298 2774; x_wconf 70' lang='lat' dir='ltr'><strong>proeliari,</strong></span> <span class='ocrx_word' id='word_1_418' title='bbox 3329 2718 3385 2762; x_wconf 91' lang='lat' dir='ltr'><strong>et</strong></span> <span class='ocrx_word' id='word_1_419' title='bbox 3406 2709 3489 2763; x_wconf 87' lang='lat' dir='ltr'><strong>in-</strong></span> 
     </span>
    </p>
   </div>
   <div class='ocr_carea' id='block_1_59' title="bbox 1896 2796 3490 2870">
    <p class='ocr_par' dir='ltr' id='par_1_59' title="bbox 1896 2796 3490 2870">
     <span class='ocr_line' id='line_1_59' title="bbox 1896 2796 3490 2870; baseline 0.001 -15"><span class='ocrx_word' id='word_1_420' title='bbox 1896 2809 1980 2855; x_wconf 90' lang='lat' dir='ltr'><strong>ter</strong></span> <span class='ocrx_word' id='word_1_421' title='bbox 2009 2796 2358 2853; x_wconf 90' lang='lat' dir='ltr'><strong>centuriones</strong></span> <span class='ocrx_word' id='word_1_422' title='bbox 2385 2797 2729 2867; x_wconf 89' lang='lat' dir='ltr'><strong>evangelicos</strong></span> <span class='ocrx_word' id='word_1_423' title='bbox 2759 2796 3011 2865; x_wconf 88' lang='lat' dir='ltr'><strong>militare,</strong></span> <span class='ocrx_word' id='word_1_424' title='bbox 3042 2800 3264 2854; x_wconf 89' lang='lat' dir='ltr'><strong>accincti</strong></span> <span class='ocrx_word' id='word_1_425' title='bbox 3289 2800 3490 2870; x_wconf 84' lang='lat' dir='ltr'><strong>jugitcr</strong></span> 
     </span>
    </p>
   </div>
   <div class='ocr_carea' id='block_1_60' title="bbox 1895 2890 3489 2962">
    <p class='ocr_par' dir='ltr' id='par_1_60' title="bbox 1895 2890 3489 2962">
     <span class='ocr_line' id='line_1_60' title="bbox 1895 2890 3489 2962; baseline -0.001 -14"><span class='ocrx_word' id='word_1_426' title='bbox 1895 2892 2155 2948; x_wconf 84' lang='lat' dir='ltr'><strong>debemus</strong></span> <span class='ocrx_word' id='word_1_427' title='bbox 2184 2890 2435 2946; x_wconf 85' lang='lat' dir='ltr'><strong>incedere</strong></span> <span class='ocrx_word' id='word_1_428' title='bbox 2466 2907 2477 2941; x_wconf 84' lang='lat'>:</span> <span class='ocrx_word' id='word_1_429' title='bbox 2513 2890 2738 2956; x_wconf 88' lang='lat' dir='ltr'><strong>Sumite,</strong></span> <span class='ocrx_word' id='word_1_430' title='bbox 2773 2891 2973 2959; x_wconf 82' lang='lat' dir='ltr'><strong>inquit,</strong></span> <span class='ocrx_word' id='word_1_431' title='bbox 3008 2899 3030 2927; x_wconf 77' lang='lat'><strong><em>°</em></strong></span> <span class='ocrx_word' id='word_1_432' title='bbox 3053 2901 3252 2945; x_wconf 84' lang='lat' dir='ltr'><strong>scutum</strong></span> <span class='ocrx_word' id='word_1_433' title='bbox 3283 2894 3406 2962; x_wconf 80' lang='lat' dir='ltr'><strong>ﬁdei</strong></span> <span class='ocrx_word' id='word_1_434' title='bbox 3433 2895 3489 2948; x_wconf 83' lang='lat' dir='ltr'><strong>in</strong></span> 
     </span>
    </p>
   </div>
   <div class='ocr_carea' id='block_1_61' title="bbox 1893 2982 3487 3059">
    <p class='ocr_par' dir='ltr' id='par_1_61' title="bbox 1893 2982 3487 3059">
     <span class='ocr_line' id='line_1_61' title="bbox 1893 2982 3487 3059; baseline 0.003 -19"><span class='ocrx_word' id='word_1_435' title='bbox 1893 3002 1996 3056; x_wconf 89' lang='lat' dir='ltr'><strong>quo</strong></span> <span class='ocrx_word' id='word_1_436' title='bbox 2018 2985 2223 3057; x_wconf 89' lang='lat' dir='ltr'><strong>possitis</strong></span> <span class='ocrx_word' id='word_1_437' title='bbox 2261 2982 2434 3038; x_wconf 86' lang='lat' dir='ltr'><strong>omnia</strong></span> <span class='ocrx_word' id='word_1_438' title='bbox 2476 2983 2579 3037; x_wconf 86' lang='lat' dir='ltr'><strong>tela</strong></span> <span class='ocrx_word' id='word_1_439' title='bbox 2623 2984 2920 3054; x_wconf 86' lang='lat' dir='ltr'><strong>nequissimi</strong></span> <span class='ocrx_word' id='word_1_440' title='bbox 2947 2985 3097 3056; x_wconf 82' lang='lat' dir='ltr'><strong>ignea</strong></span> <span class='ocrx_word' id='word_1_441' title='bbox 3145 2987 3487 3059; x_wconf 69' lang='lat' dir='ltr'><strong>exstinguere.</strong></span> 
     </span>
    </p>
   </div>
   <div class='ocr_carea' id='block_1_62' title="bbox 1895 3078 3488 3152">
    <p class='ocr_par' dir='ltr' id='par_1_62' title="bbox 1895 3078 3488 3152">
     <span class='ocr_line' id='line_1_62' title="bbox 1895 3078 3488 3152; baseline 0.001 -17"><span class='ocrx_word' id='word_1_442' title='bbox 1895 3079 2041 3152; x_wconf 89' lang='lat' dir='ltr'><strong>Ergo</strong></span> <span class='ocrx_word' id='word_1_443' title='bbox 2074 3079 2211 3135; x_wconf 90' lang='lat' dir='ltr'><strong>ﬁdes</strong></span> <span class='ocrx_word' id='word_1_444' title='bbox 2257 3086 2341 3133; x_wconf 88' lang='lat' dir='ltr'><strong>est</strong></span> <span class='ocrx_word' id='word_1_445' title='bbox 2389 3085 2603 3132; x_wconf 91' lang='lat' dir='ltr'><strong>scutum</strong></span> <span class='ocrx_word' id='word_1_446' title='bbox 2648 3091 2768 3148; x_wconf 70' lang='lat' dir='ltr'><strong>qua:</strong></span> <span class='ocrx_word' id='word_1_447' title='bbox 2805 3078 3081 3146; x_wconf 83' lang='lat' dir='ltr'><strong>excipiens</strong></span> <span class='ocrx_word' id='word_1_448' title='bbox 3108 3078 3488 3136; x_wconf 87' lang='lat' dir='ltr'><strong>ardentissima</strong></span> 
     </span>
    </p>
   </div>
   <div class='ocr_carea' id='block_1_63' title="bbox 174 3163 3492 3247">
    <p class='ocr_par' dir='ltr' id='par_1_63' title="bbox 174 3163 3492 3247">
     <span class='ocr_line' id='line_1_63' title="bbox 174 3163 3492 3247; baseline -0.001 -16"><span class='ocrx_word' id='word_1_449' title='bbox 174 3189 386 3232; x_wconf 81' lang='lat' dir='ltr'><strong>versus</strong></span> <span class='ocrx_word' id='word_1_450' title='bbox 415 3174 856 3245; x_wconf 86' lang='lat' dir='ltr'><strong>perturbationes</strong></span> <span class='ocrx_word' id='word_1_451' title='bbox 876 3185 931 3232; x_wconf 92' lang='lat' dir='ltr'><strong>et</strong></span> <span class='ocrx_word' id='word_1_452' title='bbox 952 3177 1078 3231; x_wconf 86' lang='lat' dir='ltr'><strong>vitia</strong></span> <span class='ocrx_word' id='word_1_453' title='bbox 1110 3176 1430 3233; x_wconf 90' lang='lat' dir='ltr'><strong>dimicantes</strong></span> <span class='ocrx_word' id='word_1_454' title='bbox 1456 3176 1793 3247; x_wconf 89' lang='lat' dir='ltr'><strong>potuerimus</strong></span> <span class='ocrx_word' id='word_1_455' title='bbox 1821 3163 1867 3230; x_wconf 89' lang='lat' dir='ltr'>C</span> <span class='ocrx_word' id='word_1_456' title='bbox 1896 3172 2184 3230; x_wconf 90' lang='lat' dir='ltr'><strong>libidinum</strong></span> <span class='ocrx_word' id='word_1_457' title='bbox 2214 3170 2340 3241; x_wconf 90' lang='lat' dir='ltr'><strong>tela,</strong></span> <span class='ocrx_word' id='word_1_458' title='bbox 2386 3179 2533 3229; x_wconf 88' lang='lat' dir='ltr'><strong>metu</strong></span> <span class='ocrx_word' id='word_1_459' title='bbox 2578 3171 2742 3227; x_wconf 86' lang='lat' dir='ltr'><strong>luturi</strong></span> <span class='ocrx_word' id='word_1_460' title='bbox 2771 3170 2960 3243; x_wconf 89' lang='lat' dir='ltr'><strong>judicii</strong></span> <span class='ocrx_word' id='word_1_461' title='bbox 2989 3180 3044 3227; x_wconf 90' lang='lat' dir='ltr'><strong>et</strong></span> <span class='ocrx_word' id='word_1_462' title='bbox 3071 3171 3310 3228; x_wconf 71' lang='lat' dir='ltr'><strong>cmlestis</strong></span> <span class='ocrx_word' id='word_1_463' title='bbox 3340 3175 3492 3243; x_wconf 89' lang='lat' dir='ltr'><strong>regni</strong></span> 
     </span>
    </p>
   </div>
   <div class='ocr_carea' id='block_1_64' title="bbox 174 3270 1787 3342">
    <p class='ocr_par' dir='ltr' id='par_1_64' title="bbox 174 3270 1787 3342">
     <span class='ocr_line' id='line_1_64' title="bbox 174 3270 1787 3342; baseline -0.001 -13"><span class='ocrx_word' id='word_1_464' title='bbox 174 3285 257 3329; x_wconf 82' lang='lat' dir='ltr'><strong>ea</strong></span> <span class='ocrx_word' id='word_1_465' title='bbox 291 3270 486 3326; x_wconf 91' lang='lat' dir='ltr'><strong>ditioni</strong></span> <span class='ocrx_word' id='word_1_466' title='bbox 518 3281 722 3326; x_wconf 74' lang='lat' dir='ltr'><strong>nostra:</strong></span> <span class='ocrx_word' id='word_1_467' title='bbox 759 3271 1186 3340; x_wconf 89' lang='lat' dir='ltr'><strong>discretionique</strong></span> <span class='ocrx_word' id='word_1_468' title='bbox 1215 3272 1507 3342; x_wconf 87' lang='lat' dir='ltr'><strong>subjicere,</strong></span> <span class='ocrx_word' id='word_1_469' title='bbox 1556 3287 1620 3328; x_wconf 87' lang='lat' dir='ltr'><strong>ac</strong></span> <span class='ocrx_word' id='word_1_470' title='bbox 1643 3272 1787 3328; x_wconf 91' lang='lat' dir='ltr'><strong>mili-</strong></span> 
     </span>
    </p>
   </div>
   <div class='ocr_carea' id='block_1_65' title="bbox 176 3362 1792 3436">
    <p class='ocr_par' dir='ltr' id='par_1_65' title="bbox 176 3362 1792 3436">
     <span class='ocr_line' id='line_1_65' title="bbox 176 3362 1792 3436; baseline 0.001 -17"><span class='ocrx_word' id='word_1_471' title='bbox 176 3371 376 3419; x_wconf 75' lang='lat' dir='ltr'><strong>tantes</strong></span> <span class='ocrx_word' id='word_1_472' title='bbox 404 3362 460 3417; x_wconf 91' lang='lat' dir='ltr'><strong>in</strong></span> <span class='ocrx_word' id='word_1_473' title='bbox 490 3377 653 3419; x_wconf 88' lang='lat' dir='ltr'><strong>carne</strong></span> <span class='ocrx_word' id='word_1_474' title='bbox 683 3370 871 3419; x_wconf 88' lang='lat' dir='ltr'><strong>nostra</strong></span> <span class='ocrx_word' id='word_1_475' title='bbox 895 3365 1239 3435; x_wconf 82' lang='lat' dir='ltr'><strong>exstinguere</strong></span> <span class='ocrx_word' id='word_1_476' title='bbox 1266 3366 1571 3436; x_wconf 89' lang='lat' dir='ltr'><strong>passiones,</strong></span> <span class='ocrx_word' id='word_1_477' title='bbox 1599 3366 1684 3421; x_wconf 89' lang='lat' dir='ltr'><strong>vel</strong></span> <span class='ocrx_word' id='word_1_478' title='bbox 1706 3365 1792 3421; x_wconf 87' lang='lat' dir='ltr'><strong>in-</strong></span> 
     </span>
    </p>
   </div>
   <div class='ocr_carea' id='block_1_66' title="bbox 176 3456 1791 3528">
    <p class='ocr_par' dir='ltr' id='par_1_66' title="bbox 176 3456 1791 3528">
     <span class='ocr_line' id='line_1_66' title="bbox 176 3456 1791 3528; baseline -0.001 -13"><span class='ocrx_word' id='word_1_479' title='bbox 176 3457 447 3515; x_wconf 81' lang='lat' dir='ltr'><strong>stabilem</strong></span> <span class='ocrx_word' id='word_1_480' title='bbox 483 3456 869 3528; x_wconf 86' lang='lat' dir='ltr'><strong>cogitationum</strong></span> <span class='ocrx_word' id='word_1_481' title='bbox 904 3466 1212 3515; x_wconf 90' lang='lat' dir='ltr'><strong>nostrarum</strong></span> <span class='ocrx_word' id='word_1_482' title='bbox 1250 3461 1534 3515; x_wconf 84' lang='lat' dir='ltr'><strong>cohortem</strong></span> <span class='ocrx_word' id='word_1_483' title='bbox 1565 3459 1791 3514; x_wconf 90' lang='lat' dir='ltr'><strong>rationis</strong></span> 
     </span>
    </p>
   </div>
   <div class='ocr_carea' id='block_1_67' title="bbox 180 3551 1793 3624">
    <p class='ocr_par' dir='ltr' id='par_1_67' title="bbox 180 3551 1793 3624">
     <span class='ocr_line' id='line_1_67' title="bbox 180 3551 1793 3624; baseline -0.002 -14"><span class='ocrx_word' id='word_1_484' title='bbox 180 3552 431 3623; x_wconf 86' lang='lat' dir='ltr'><strong>imperio</strong></span> <span class='ocrx_word' id='word_1_485' title='bbox 481 3551 806 3624; x_wconf 86' lang='lat' dir='ltr'><strong>subjugare,</strong></span> <span class='ocrx_word' id='word_1_486' title='bbox 867 3566 931 3607; x_wconf 91' lang='lat' dir='ltr'><strong>ac</strong></span> <span class='ocrx_word' id='word_1_487' title='bbox 986 3552 1283 3609; x_wconf 82' lang='lat' dir='ltr'><strong>Dominicae</strong></span> <span class='ocrx_word' id='word_1_488' title='bbox 1334 3554 1511 3610; x_wconf 89' lang='lat' dir='ltr'><strong>crucis</strong></span> <span class='ocrx_word' id='word_1_489' title='bbox 1566 3553 1793 3608; x_wconf 89' lang='lat' dir='ltr'><strong>salutari</strong></span> 
     </span>
    </p>
   </div>
   <div class='ocr_carea' id='block_1_68' title="bbox 181 3641 1791 3714">
    <p class='ocr_par' dir='ltr' id='par_1_68' title="bbox 181 3641 1791 3714">
     <span class='ocr_line' id='line_1_68' title="bbox 181 3641 1791 3714; baseline -0.002 -13"><span class='ocrx_word' id='word_1_490' title='bbox 181 3642 399 3701; x_wconf 86' lang='lat' dir='ltr'><strong>vexillo</strong></span> <span class='ocrx_word' id='word_1_491' title='bbox 441 3641 747 3697; x_wconf 89' lang='lat' dir='ltr'><strong>dirissimas</strong></span> <span class='ocrx_word' id='word_1_492' title='bbox 790 3642 1221 3699; x_wconf 87' lang='lat' dir='ltr'><strong>adversariarum</strong></span> <span class='ocrx_word' id='word_1_493' title='bbox 1253 3652 1580 3714; x_wconf 89' lang='lat' dir='ltr'><strong>potestatum</strong></span> <span class='ocrx_word' id='word_1_494' title='bbox 1604 3642 1791 3698; x_wconf 85' lang='lat' dir='ltr'><strong>turbas</strong></span> 
     </span>
    </p>
   </div>
   <div class='ocr_carea' id='block_1_69' title="bbox 185 3734 1791 3807">
    <p class='ocr_par' dir='ltr' id='par_1_69' title="bbox 185 3734 1791 3807">
     <span class='ocr_line' id='line_1_69' title="bbox 185 3734 1791 3807; baseline -0.002 -14"><span class='ocrx_word' id='word_1_495' title='bbox 185 3753 217 3792; x_wconf 89' lang='lat' dir='ltr'><strong>a</strong></span> <span class='ocrx_word' id='word_1_496' title='bbox 251 3734 511 3792; x_wconf 88' lang='lat' dir='ltr'><strong>terminis</strong></span> <span class='ocrx_word' id='word_1_497' title='bbox 544 3736 711 3790; x_wconf 85' lang='lat' dir='ltr'><strong>nostri</strong></span> <span class='ocrx_word' id='word_1_498' title='bbox 741 3738 975 3806; x_wconf 90' lang='lat' dir='ltr'><strong>pectoris</strong></span> <span class='ocrx_word' id='word_1_499' title='bbox 1000 3737 1321 3807; x_wconf 88' lang='lat' dir='ltr'><strong>pr0pulsare</strong></span> <span class='ocrx_word' id='word_1_500' title='bbox 1342 3780 1357 3805; x_wconf 92' lang='lat'><strong>,</strong></span> <span class='ocrx_word' id='word_1_501' title='bbox 1390 3752 1488 3807; x_wconf 93' lang='lat' dir='ltr'><strong>pro</strong></span> <span class='ocrx_word' id='word_1_502' title='bbox 1518 3744 1791 3790; x_wconf 92' lang='lat' dir='ltr'><strong>tantorum</strong></span> 
     </span>
    </p>
   </div>
   <div class='ocr_carea' id='block_1_70' title="bbox 182 3828 1793 3901">
    <p class='ocr_par' dir='ltr' id='par_1_70' title="bbox 182 3828 1793 3901">
     <span class='ocr_line' id='line_1_70' title="bbox 182 3828 1793 3901; baseline -0.004 -14"><span class='ocrx_word' id='word_1_503' title='bbox 182 3828 412 3887; x_wconf 81' lang='lat' dir='ltr'><strong>meritis</strong></span> <span class='ocrx_word' id='word_1_504' title='bbox 443 3828 871 3899; x_wconf 87' lang='lat' dir='ltr'><strong>triumphorum,</strong></span> <span class='ocrx_word' id='word_1_505' title='bbox 898 3829 964 3884; x_wconf 91' lang='lat' dir='ltr'><strong>ad</strong></span> <span class='ocrx_word' id='word_1_506' title='bbox 993 3831 1250 3901; x_wconf 88' lang='lat' dir='ltr'><strong>spiritalis</strong></span> <span class='ocrx_word' id='word_1_507' title='bbox 1279 3830 1434 3900; x_wconf 86' lang='lat' dir='ltr'><strong>hujus</strong></span> <span class='ocrx_word' id='word_1_508' title='bbox 1461 3829 1793 3885; x_wconf 89' lang='lat' dir='ltr'><strong>centurionis</strong></span> 
     </span>
    </p>
   </div>
   <div class='ocr_carea' id='block_1_71' title="bbox 182 3923 1795 3996">
    <p class='ocr_par' dir='ltr' id='par_1_71' title="bbox 182 3923 1795 3996">
     <span class='ocr_line' id='line_1_71' title="bbox 182 3923 1795 3996; baseline -0.002 -15"><span class='ocrx_word' id='word_1_509' title='bbox 182 3923 450 3981; x_wconf 86' lang='lat' dir='ltr'><strong>ordinem</strong></span> <span class='ocrx_word' id='word_1_510' title='bbox 484 3923 877 3993; x_wconf 88' lang='lat' dir='ltr'><strong>provehemur,</strong></span> <span class='ocrx_word' id='word_1_511' title='bbox 909 3940 1066 3993; x_wconf 88' lang='lat' dir='ltr'><strong>quem</strong></span> <span class='ocrx_word' id='word_1_512' title='bbox 1109 3926 1161 3980; x_wconf 92' lang='lat' dir='ltr'><strong>in</strong></span> <span class='ocrx_word' id='word_1_513' title='bbox 1214 3925 1401 3981; x_wconf 88' lang='lat' dir='ltr'><strong>Exodo</strong></span> <span class='ocrx_word' id='word_1_514' title='bbox 1454 3938 1667 3996; x_wconf 92' lang='lat' dir='ltr'><strong>quoque</strong></span> <span class='ocrx_word' id='word_1_515' title='bbox 1698 3937 1795 3992; x_wconf 91' lang='lat' dir='ltr'><strong>per</strong></span> 
     </span>
    </p>
   </div>
   <div class='ocr_carea' id='block_1_72' title="bbox 184 4018 1796 4092">
    <p class='ocr_par' dir='ltr' id='par_1_72' title="bbox 184 4018 1796 4092">
     <span class='ocr_line' id='line_1_72' title="bbox 184 4018 1796 4092; baseline -0.002 -16"><span class='ocrx_word' id='word_1_516' title='bbox 184 4018 422 4089; x_wconf 78' lang='lat' dir='ltr'><strong>Moysen</strong></span> <span class='ocrx_word' id='word_1_517' title='bbox 447 4018 676 4091; x_wconf 82' lang='lat' dir='ltr'><strong>mystice</strong></span> <span class='ocrx_word' id='word_1_518' title='bbox 707 4018 933 4091; x_wconf 88' lang='lat' dir='ltr'><strong>legimus</strong></span> <span class='ocrx_word' id='word_1_519' title='bbox 955 4020 1291 4092; x_wconf 82' lang='lat' dir='ltr'><strong>designatum</strong></span> <span class='ocrx_word' id='word_1_520' title='bbox 1323 4039 1334 4074; x_wconf 91' lang='lat'><strong>:</strong></span> <span class='ocrx_word' id='word_1_521' title='bbox 1360 4021 1387 4058; x_wconf 71' lang='grc' dir='ltr'>δ</span> <span class='ocrx_word' id='word_1_522' title='bbox 1420 4020 1683 4074; x_wconf 86' lang='lat' dir='ltr'><strong>Constitue</strong></span> <span class='ocrx_word' id='word_1_523' title='bbox 1705 4018 1796 4072; x_wconf 89' lang='lat' dir='ltr'><strong>tibi</strong></span> 
     </span>
    </p>
   </div>
   <div class='ocr_carea' id='block_1_73' title="bbox 184 4110 1799 4184">
    <p class='ocr_par' dir='ltr' id='par_1_73' title="bbox 184 4110 1799 4184">
     <span class='ocr_line' id='line_1_73' title="bbox 184 4110 1799 4184; baseline -0.002 -16"><span class='ocrx_word' id='word_1_524' title='bbox 184 4110 515 4169; x_wconf 78' lang='lat' dir='ltr'><strong>chiliarchas</strong></span> <span class='ocrx_word' id='word_1_525' title='bbox 535 4122 584 4167; x_wconf 92' lang='lat' dir='ltr'><strong>et</strong></span> <span class='ocrx_word' id='word_1_526' title='bbox 602 4113 941 4181; x_wconf 84' lang='lat' dir='ltr'><strong>centuriones,</strong></span> <span class='ocrx_word' id='word_1_527' title='bbox 966 4123 1015 4167; x_wconf 90' lang='lat' dir='ltr'><strong>et</strong></span> <span class='ocrx_word' id='word_1_528' title='bbox 1030 4114 1489 4184; x_wconf 85' lang='lat' dir='ltr'><strong>quinquagenarias</strong></span> <span class='ocrx_word' id='word_1_529' title='bbox 1505 4120 1552 4167; x_wconf 90' lang='lat' dir='ltr'><strong>et</strong></span> <span class='ocrx_word' id='word_1_530' title='bbox 1576 4114 1799 4166; x_wconf 81' lang='lat' dir='ltr'><strong>decanos</strong></span> 
     </span>
    </p>
   </div>
   <div class='ocr_carea' id='block_1_74' title="bbox 186 4205 1798 4279">
    <p class='ocr_par' dir='ltr' id='par_1_74' title="bbox 186 4205 1798 4279">
     <span class='ocr_line' id='line_1_74' title="bbox 186 4205 1798 4279; baseline -0.001 -17"><span class='ocrx_word' id='word_1_531' title='bbox 186 4205 422 4279; x_wconf 69' lang='lat' dir='ltr'><strong>(Exod.</strong></span> <span class='ocrx_word' id='word_1_532' title='bbox 452 4206 637 4277; x_wconf 86' lang='lat' dir='ltr'><strong>xvut).</strong></span> <span class='ocrx_word' id='word_1_533' title='bbox 675 4206 743 4261; x_wconf 90' lang='lat' dir='ltr'><strong>Et</strong></span> <span class='ocrx_word' id='word_1_534' title='bbox 788 4207 860 4261; x_wconf 91' lang='lat' dir='ltr'><strong>ita</strong></span> <span class='ocrx_word' id='word_1_535' title='bbox 915 4221 1013 4263; x_wconf 85' lang='lat' dir='ltr'><strong>nos</strong></span> <span class='ocrx_word' id='word_1_536' title='bbox 1066 4222 1279 4278; x_wconf 88' lang='lat' dir='ltr'><strong>quoque</strong></span> <span class='ocrx_word' id='word_1_537' title='bbox 1324 4207 1600 4276; x_wconf 77' lang='lat' dir='ltr'><strong>dignitatis</strong></span> <span class='ocrx_word' id='word_1_538' title='bbox 1638 4207 1798 4275; x_wconf 85' lang='lat' dir='ltr'><strong>hujus</strong></span> 
     </span>
    </p>
   </div>
   <div class='ocr_carea' id='block_1_75' title="bbox 184 4295 1796 4369">
    <p class='ocr_par' dir='ltr' id='par_1_75' title="bbox 184 4295 1796 4369">
     <span class='ocr_line' id='line_1_75' title="bbox 184 4295 1796 4369; baseline 0 -16"><span class='ocrx_word' id='word_1_539' title='bbox 184 4296 364 4369; x_wconf 79' lang='lat' dir='ltr'><strong>apice</strong></span> <span class='ocrx_word' id='word_1_540' title='bbox 390 4295 684 4364; x_wconf 82' lang='lat' dir='ltr'><strong>sublimati,</strong></span> <span class='ocrx_word' id='word_1_541' title='bbox 715 4297 1037 4354; x_wconf 84' lang='lat' dir='ltr'><strong>habebimus</strong></span> <span class='ocrx_word' id='word_1_542' title='bbox 1067 4300 1204 4354; x_wconf 89' lang='lat' dir='ltr'><strong>hanc</strong></span> <span class='ocrx_word' id='word_1_543' title='bbox 1233 4300 1527 4369; x_wconf 90' lang='lat' dir='ltr'><strong>imperandi</strong></span> <span class='ocrx_word' id='word_1_544' title='bbox 1554 4306 1796 4369; x_wconf 87' lang='lat' dir='ltr'><strong>potesta-</strong></span> 
     </span>
    </p>
   </div>
   <div class='ocr_carea' id='block_1_76' title="bbox 1896 3263 3493 3336">
    <p class='ocr_par' dir='ltr' id='par_1_76' title="bbox 1896 3263 3493 3336">
     <span class='ocr_line' id='line_1_76' title="bbox 1896 3263 3493 3336; baseline -0.002 -13"><span class='ocrx_word' id='word_1_545' title='bbox 1896 3266 2221 3323; x_wconf 85' lang='lat' dir='ltr'><strong>credulitate</strong></span> <span class='ocrx_word' id='word_1_546' title='bbox 2250 3264 2563 3321; x_wconf 82' lang='lat' dir='ltr'><strong>mortiﬁcat.</strong></span> <span class='ocrx_word' id='word_1_547' title='bbox 2615 3263 2682 3319; x_wconf 88' lang='lat' dir='ltr'><strong>Et</strong></span> <span class='ocrx_word' id='word_1_548' title='bbox 2723 3263 2958 3335; x_wconf 90' lang='lat' dir='ltr'><strong>loricam,</strong></span> <span class='ocrx_word' id='word_1_549' title='bbox 2994 3264 3193 3336; x_wconf 88' lang='lat' dir='ltr'><strong>inquit,</strong></span> <span class='ocrx_word' id='word_1_550' title='bbox 3228 3264 3493 3320; x_wconf 87' lang='lat' dir='ltr'><strong>charitatis</strong></span> 
     </span>
    </p>
   </div>
   <div class='ocr_carea' id='block_1_77' title="bbox 1897 3356 3493 3433">
    <p class='ocr_par' dir='ltr' id='par_1_77' title="bbox 1897 3356 3493 3433">
     <span class='ocr_line' id='line_1_77' title="bbox 1897 3356 3493 3433; baseline -0.001 -19"><span class='ocrx_word' id='word_1_551' title='bbox 1897 3359 2117 3433; x_wconf 79' lang='lat' dir='ltr'><strong>(Ep/tes.</strong></span> <span class='ocrx_word' id='word_1_552' title='bbox 2139 3357 2372 3431; x_wconf 77' lang='lat' dir='ltr'><strong>v1).lpsa</strong></span> <span class='ocrx_word' id='word_1_553' title='bbox 2396 3372 2593 3431; x_wconf 91' lang='lat' dir='ltr'><strong>nempe</strong></span> <span class='ocrx_word' id='word_1_554' title='bbox 2612 3365 2831 3427; x_wconf 86' lang='lat' dir='ltr'><strong>estquae</strong></span> <span class='ocrx_word' id='word_1_555' title='bbox 2854 3357 3039 3413; x_wconf 87' lang='lat' dir='ltr'><strong>vitalia</strong></span> <span class='ocrx_word' id='word_1_556' title='bbox 3060 3357 3299 3425; x_wconf 89' lang='lat' dir='ltr'><strong>pectoris</strong></span> <span class='ocrx_word' id='word_1_557' title='bbox 3320 3356 3493 3412; x_wconf 87' lang='lat' dir='ltr'><strong>nostri</strong></span> 
     </span>
    </p>
   </div>
   <div class='ocr_carea' id='block_1_78' title="bbox 1899 3448 3493 3521">
    <p class='ocr_par' dir='ltr' id='par_1_78' title="bbox 1899 3448 3493 3521">
     <span class='ocr_line' id='line_1_78' title="bbox 1899 3448 3493 3521; baseline -0.003 -13"><span class='ocrx_word' id='word_1_558' title='bbox 1899 3452 2246 3508; x_wconf 89' lang='lat' dir='ltr'><strong>circumdans</strong></span> <span class='ocrx_word' id='word_1_559' title='bbox 2274 3460 2437 3521; x_wconf 88' lang='lat' dir='ltr'><strong>atque</strong></span> <span class='ocrx_word' id='word_1_560' title='bbox 2456 3450 2856 3515; x_wconf 89' lang='lat' dir='ltr'><strong>communiens,</strong></span> <span class='ocrx_word' id='word_1_561' title='bbox 2890 3448 3181 3505; x_wconf 90' lang='lat' dir='ltr'><strong>lethalibus</strong></span> <span class='ocrx_word' id='word_1_562' title='bbox 3213 3450 3493 3518; x_wconf 85' lang='lat' dir='ltr'><strong>perturba-</strong></span> 
     </span>
    </p>
   </div>
   <div class='ocr_carea' id='block_1_79' title="bbox 1902 3541 3489 3612">
    <p class='ocr_par' dir='ltr' id='par_1_79' title="bbox 1902 3541 3489 3612">
     <span class='ocr_line' id='line_1_79' title="bbox 1902 3541 3489 3612; baseline -0.001 -13"><span class='ocrx_word' id='word_1_563' title='bbox 1902 3545 2108 3599; x_wconf 91' lang='lat' dir='ltr'><strong>tionum</strong></span> <span class='ocrx_word' id='word_1_564' title='bbox 2131 3543 2345 3612; x_wconf 91' lang='lat' dir='ltr'><strong>objecta</strong></span> <span class='ocrx_word' id='word_1_565' title='bbox 2364 3543 2703 3610; x_wconf 90' lang='lat' dir='ltr'><strong>vulneribus,</strong></span> <span class='ocrx_word' id='word_1_566' title='bbox 2730 3541 3029 3597; x_wconf 89' lang='lat' dir='ltr'><strong>contrarios</strong></span> <span class='ocrx_word' id='word_1_567' title='bbox 3058 3542 3298 3596; x_wconf 88' lang='lat' dir='ltr'><strong>retundit</strong></span> <span class='ocrx_word' id='word_1_568' title='bbox 3327 3541 3489 3610; x_wconf 84' lang='lat' dir='ltr'><strong>ictus,</strong></span> 
     </span>
    </p>
   </div>
   <div class='ocr_carea' id='block_1_80' title="bbox 1901 3634 3490 3704">
    <p class='ocr_par' dir='ltr' id='par_1_80' title="bbox 1901 3634 3490 3704">
     <span class='ocr_line' id='line_1_80' title="bbox 1901 3634 3490 3704; baseline -0.003 -9"><span class='ocrx_word' id='word_1_569' title='bbox 1901 3655 2003 3695; x_wconf 89' lang='lat' dir='ltr'><strong>nec</strong></span> <span class='ocrx_word' id='word_1_570' title='bbox 2032 3638 2099 3693; x_wconf 89' lang='lat' dir='ltr'><strong>ad</strong></span> <span class='ocrx_word' id='word_1_571' title='bbox 2144 3636 2462 3690; x_wconf 89' lang='lat' dir='ltr'><strong>interiorem</strong></span> <span class='ocrx_word' id='word_1_572' title='bbox 2493 3635 2772 3689; x_wconf 90' lang='lat' dir='ltr'><strong>hominem</strong></span> <span class='ocrx_word' id='word_1_573' title='bbox 2818 3643 3059 3689; x_wconf 92' lang='lat' dir='ltr'><strong>nostrum</strong></span> <span class='ocrx_word' id='word_1_574' title='bbox 3088 3634 3263 3704; x_wconf 89' lang='lat' dir='ltr'><strong>jacula</strong></span> <span class='ocrx_word' id='word_1_575' title='bbox 3291 3635 3490 3692; x_wconf 89' lang='lat' dir='ltr'><strong>diaboli</strong></span> 
     </span>
    </p>
   </div>
   <div class='ocr_carea' id='block_1_81' title="bbox 1897 3724 3493 3800">
    <p class='ocr_par' dir='ltr' id='par_1_81' title="bbox 1897 3724 3493 3800">
     <span class='ocr_line' id='line_1_81' title="bbox 1897 3724 3493 3800; baseline -0.008 -15"><span class='ocrx_word' id='word_1_576' title='bbox 1897 3740 2186 3800; x_wconf 89' lang='lat' dir='ltr'><strong>penetrare</strong></span> <span class='ocrx_word' id='word_1_577' title='bbox 2217 3725 2500 3797; x_wconf 90' lang='lat' dir='ltr'><strong>permittit.</strong></span> <span class='ocrx_word' id='word_1_578' title='bbox 2550 3724 2736 3779; x_wconf 88' lang='lat' dir='ltr'><strong>Omnia</strong></span> <span class='ocrx_word' id='word_1_579' title='bbox 2773 3724 2917 3779; x_wconf 90' lang='lat' dir='ltr'><strong>enim</strong></span> <span class='ocrx_word' id='word_1_580' title='bbox 2955 3724 3169 3793; x_wconf 74' lang='lat' dir='ltr'><strong>stt/fert,</strong></span> <span class='ocrx_word' id='word_1_581' title='bbox 3206 3727 3378 3780; x_wconf 88' lang='lat' dir='ltr'><strong>omnia</strong></span> <span class='ocrx_word' id='word_1_582' title='bbox 3399 3744 3493 3797; x_wconf 87' lang='lat' dir='ltr'><strong>pa.</strong></span> 
     </span>
    </p>
   </div>
   <div class='ocr_carea' id='block_1_82' title="bbox 1896 3815 3493 3891">
    <p class='ocr_par' dir='ltr' id='par_1_82' title="bbox 1896 3815 3493 3891">
     <span class='ocr_line' id='line_1_82' title="bbox 1896 3815 3493 3891; baseline -0.003 -13"><span class='ocrx_word' id='word_1_583' title='bbox 1896 3824 2045 3887; x_wconf 90' lang='lat' dir='ltr'><strong>titur,</strong></span> <span class='ocrx_word' id='word_1_584' title='bbox 2076 3820 2249 3874; x_wconf 90' lang='lat' dir='ltr'><strong>omnia</strong></span> <span class='ocrx_word' id='word_1_585' title='bbox 2273 3818 2489 3874; x_wconf 87' lang='lat' dir='ltr'><strong>sustinet</strong></span> <span class='ocrx_word' id='word_1_586' title='bbox 2515 3818 2583 3891; x_wconf 89' lang='lat' dir='ltr'><strong>(ll</strong></span> <span class='ocrx_word' id='word_1_587' title='bbox 2610 3816 2729 3873; x_wconf 86' lang='lat' dir='ltr'><strong>Cor.</strong></span> <span class='ocrx_word' id='word_1_588' title='bbox 2762 3815 2902 3887; x_wconf 72' lang='lat' dir='ltr'><strong>aut).</strong></span> <span class='ocrx_word' id='word_1_589' title='bbox 2927 3815 2996 3871; x_wconf 88' lang='lat' dir='ltr'><strong>Et</strong></span> <span class='ocrx_word' id='word_1_590' title='bbox 3024 3818 3223 3890; x_wconf 81' lang='lat' dir='ltr'><strong>galeam</strong></span> <span class='ocrx_word' id='word_1_591' title='bbox 3245 3835 3383 3891; x_wconf 87' lang='lat' dir='ltr'><strong>spem</strong></span> <span class='ocrx_word' id='word_1_592' title='bbox 3409 3837 3493 3875; x_wconf 88' lang='lat' dir='ltr'><strong>sa-</strong></span> 
     </span>
    </p>
   </div>
   <div class='ocr_carea' id='block_1_83' title="bbox 1898 3910 3495 3983">
    <p class='ocr_par' dir='ltr' id='par_1_83' title="bbox 1898 3910 3495 3983">
     <span class='ocr_line' id='line_1_83' title="bbox 1898 3910 3495 3983; baseline 0.001 -14"><span class='ocrx_word' id='word_1_593' title='bbox 1898 3915 2045 3970; x_wconf 90' lang='lat' dir='ltr'><strong>lutis.</strong></span> <span class='ocrx_word' id='word_1_594' title='bbox 2075 3912 2237 3969; x_wconf 89' lang='lat' dir='ltr'><strong>Galea</strong></span> <span class='ocrx_word' id='word_1_595' title='bbox 2271 3910 2464 3980; x_wconf 85' lang='lat' dir='ltr'><strong>capitis</strong></span> <span class='ocrx_word' id='word_1_596' title='bbox 2514 3923 2596 3967; x_wconf 91' lang='lat' dir='ltr'><strong>est</strong></span> <span class='ocrx_word' id='word_1_597' title='bbox 2625 3912 2926 3966; x_wconf 90' lang='lat' dir='ltr'><strong>munimen.</strong></span> <span class='ocrx_word' id='word_1_598' title='bbox 2973 3911 3105 3979; x_wconf 86' lang='lat' dir='ltr'><strong>Quia</strong></span> <span class='ocrx_word' id='word_1_599' title='bbox 3156 3928 3282 3983; x_wconf 85' lang='lat' dir='ltr'><strong>ergo</strong></span> <span class='ocrx_word' id='word_1_600' title='bbox 3332 3922 3495 3981; x_wconf 89' lang='lat' dir='ltr'><strong>caput</strong></span> 
     </span>
    </p>
   </div>
   <div class='ocr_carea' id='block_1_84' title="bbox 1901 4003 3494 4077">
    <p class='ocr_par' dir='ltr' id='par_1_84' title="bbox 1901 4003 3494 4077">
     <span class='ocr_line' id='line_1_84' title="bbox 1901 4003 3494 4077; baseline -0.002 -12"><span class='ocrx_word' id='word_1_601' title='bbox 1901 4017 2146 4065; x_wconf 89' lang='lat' dir='ltr'><strong>nostrum</strong></span> <span class='ocrx_word' id='word_1_602' title='bbox 2174 4015 2261 4063; x_wconf 91' lang='lat' dir='ltr'><strong>est</strong></span> <span class='ocrx_word' id='word_1_603' title='bbox 2280 4003 2561 4073; x_wconf 88' lang='lat' dir='ltr'><strong>Christus,</strong></span> <span class='ocrx_word' id='word_1_604' title='bbox 2586 4005 2845 4061; x_wconf 90' lang='lat' dir='ltr'><strong>debemus</strong></span> <span class='ocrx_word' id='word_1_605' title='bbox 2881 4004 3024 4060; x_wconf 90' lang='lat' dir='ltr'><strong>istud</strong></span> <span class='ocrx_word' id='word_1_606' title='bbox 3052 4020 3269 4076; x_wconf 88' lang='lat' dir='ltr'><strong>semper</strong></span> <span class='ocrx_word' id='word_1_607' title='bbox 3293 4020 3388 4077; x_wconf 90' lang='lat' dir='ltr'><strong>spe</strong></span> <span class='ocrx_word' id='word_1_608' title='bbox 3413 4007 3494 4062; x_wconf 85' lang='lat' dir='ltr'><strong>fu-</strong></span> 
     </span>
    </p>
   </div>
   <div class='ocr_carea' id='block_1_85' title="bbox 1906 4098 3495 4169">
    <p class='ocr_par' dir='ltr' id='par_1_85' title="bbox 1906 4098 3495 4169">
     <span class='ocr_line' id='line_1_85' title="bbox 1906 4098 3495 4169; baseline -0.001 -11"><span class='ocrx_word' id='word_1_609' title='bbox 1906 4111 2148 4158; x_wconf 90' lang='lat' dir='ltr'><strong>turorum</strong></span> <span class='ocrx_word' id='word_1_610' title='bbox 2177 4100 2445 4156; x_wconf 91' lang='lat' dir='ltr'><strong>bonorum</strong></span> <span class='ocrx_word' id='word_1_611' title='bbox 2476 4100 2633 4155; x_wconf 89' lang='lat' dir='ltr'><strong>velut</strong></span> <span class='ocrx_word' id='word_1_612' title='bbox 2659 4098 3060 4169; x_wconf 84' lang='lat' dir='ltr'><strong>inexpugnabili</strong></span> <span class='ocrx_word' id='word_1_613' title='bbox 3096 4098 3247 4169; x_wconf 90' lang='lat' dir='ltr'><strong>galea</strong></span> <span class='ocrx_word' id='word_1_614' title='bbox 3278 4100 3331 4155; x_wconf 93' lang='lat' dir='ltr'><strong>in</strong></span> <span class='ocrx_word' id='word_1_615' title='bbox 3362 4115 3495 4156; x_wconf 80' lang='lat' dir='ltr'><strong>cun-</strong></span> 
     </span>
    </p>
   </div>
   <div class='ocr_carea' id='block_1_86' title="bbox 1907 4191 3494 4265">
    <p class='ocr_par' dir='ltr' id='par_1_86' title="bbox 1907 4191 3494 4265">
     <span class='ocr_line' id='line_1_86' title="bbox 1907 4191 3494 4265; baseline -0.005 -10"><span class='ocrx_word' id='word_1_616' title='bbox 1907 4199 2004 4256; x_wconf 88' lang='lat' dir='ltr'><strong>ctis</strong></span> <span class='ocrx_word' id='word_1_617' title='bbox 2047 4195 2436 4253; x_wconf 80' lang='lat' dir='ltr'><strong>tentationibus</strong></span> <span class='ocrx_word' id='word_1_618' title='bbox 2462 4209 2526 4250; x_wconf 92' lang='lat' dir='ltr'><strong>ac</strong></span> <span class='ocrx_word' id='word_1_619' title='bbox 2555 4191 3020 4265; x_wconf 89' lang='lat' dir='ltr'><strong>persecutionibus</strong></span> <span class='ocrx_word' id='word_1_620' title='bbox 3050 4192 3406 4260; x_wconf 86' lang='lat' dir='ltr'><strong>communire,</strong></span> <span class='ocrx_word' id='word_1_621' title='bbox 3438 4202 3494 4252; x_wconf 89' lang='lat' dir='ltr'><strong>et</strong></span> 
     </span>
    </p>
   </div>
   <div class='ocr_carea' id='block_1_87' title="bbox 1905 4286 3497 4365">
    <p class='ocr_par' dir='ltr' id='par_1_87' title="bbox 1905 4286 3497 4365">
     <span class='ocr_line' id='line_1_87' title="bbox 1905 4286 3497 4365; baseline -0.005 -16"><span class='ocrx_word' id='word_1_622' title='bbox 1905 4293 2278 4365; x_wconf 89' lang='lat' dir='ltr'><strong>principaliter</strong></span> <span class='ocrx_word' id='word_1_623' title='bbox 2304 4290 2468 4346; x_wconf 85' lang='lat' dir='ltr'><strong>ﬁdem</strong></span> <span class='ocrx_word' id='word_1_624' title='bbox 2497 4290 2615 4359; x_wconf 89' lang='lat' dir='ltr'><strong>ejus</strong></span> <span class='ocrx_word' id='word_1_625' title='bbox 2646 4288 2868 4343; x_wconf 75' lang='lat' dir='ltr'><strong>illaesum</strong></span> <span class='ocrx_word' id='word_1_626' title='bbox 2896 4294 3059 4357; x_wconf 86' lang='lat' dir='ltr'><strong>atque</strong></span> <span class='ocrx_word' id='word_1_627' title='bbox 3102 4286 3366 4357; x_wconf 85' lang='lat' dir='ltr'><strong>integram</strong></span> <span class='ocrx_word' id='word_1_628' title='bbox 3399 4302 3497 4342; x_wconf 62' lang='lat' dir='ltr'><strong>cu~</strong></span> 
     </span>
    </p>
   </div>
   <div class='ocr_carea' id='block_1_88' title="bbox 442 4404 1794 4473">
    <p class='ocr_par' dir='ltr' id='par_1_88' title="bbox 442 4408 1794 4473">
     <span class='ocr_line' id='line_1_88' title="bbox 442 4408 1794 4473; baseline -0.007 0"><span class='ocrx_word' id='word_1_629' title='bbox 442 4470 445 4473; x_wconf 72' lang='grc'>,</span> <span class='ocrx_word' id='word_1_630' title='bbox 1287 4410 1544 4466; x_wconf 74' lang='grc' dir='ltr'><strong>ΑιΑιιθι</strong></span> <span class='ocrx_word' id='word_1_631' title='bbox 1581 4408 1794 4466; x_wconf 62' lang='grc' dir='ltr'><strong>(ἶΑΖιλΕῘ</strong></span> 
     </span>
    </p>
   </div>
   <div class='ocr_carea' id='block_1_89' title="bbox 1902 4404 2411 4473">
    <p class='ocr_par' dir='ltr' id='par_1_89' title="bbox 1902 4404 2411 4463">
     <span class='ocr_line' id='line_1_89' title="bbox 1902 4404 2411 4463; baseline -0.01 0"><span class='ocrx_word' id='word_1_632' title='bbox 1902 4404 2411 4463; x_wconf 77' lang='lat' dir='ltr'><strong>DMMENTABIUS.</strong></span> 
     </span>
    </p>
   </div>
   <div class='ocr_carea' id='block_1_90' title="bbox 273 4517 3491 4607">
    <p class='ocr_par' dir='ltr' id='par_1_90' title="bbox 273 4517 3491 4607">
     <span class='ocr_line' id='line_1_90' title="bbox 273 4517 3491 4607; baseline -0.003 -25"><span class='ocrx_word' id='word_1_633' title='bbox 273 4536 302 4566; x_wconf 77' lang='grc'><strong><em>⁸</em></strong></span> <span class='ocrx_word' id='word_1_634' title='bbox 331 4522 534 4607; x_wconf 64' lang='lat' dir='ltr'><strong>Eadem</strong></span> <span class='ocrx_word' id='word_1_635' title='bbox 567 4524 754 4607; x_wconf 77' lang='lat' dir='ltr'><strong>phrasi</strong></span> <span class='ocrx_word' id='word_1_636' title='bbox 794 4525 961 4607; x_wconf 80' lang='lat' dir='ltr'><strong>utitur</strong></span> <span class='ocrx_word' id='word_1_637' title='bbox 982 4524 1174 4607; x_wconf 66' lang='lat' dir='ltr'><strong>pullat.</strong></span> <span class='ocrx_word' id='word_1_638' title='bbox 1208 4527 1391 4607; x_wconf 49' lang='lat' dir='ltr'><strong>l‘cap.</strong></span> <span class='ocrx_word' id='word_1_639' title='bbox 1426 4525 1481 4593; x_wconf 90' lang='lat'><strong>8,</strong></span> <span class='ocrx_word' id='word_1_640' title='bbox 1514 4535 1572 4579; x_wconf 89' lang='lat' dir='ltr'><strong>ut</strong></span> <span class='ocrx_word' id='word_1_641' title='bbox 1604 4525 1802 4607; x_wconf 39' lang='lat' dir='ltr'><strong>ibi‘no-</strong></span> <span class='ocrx_word' id='word_1_642' title='bbox 1829 4524 1882 4584; x_wconf 92' lang='lat' dir='ltr'><strong>D</strong></span> <span class='ocrx_word' id='word_1_643' title='bbox 1909 4595 1941 4607; x_wconf 46' lang='grc' dir='ltr'>η</span> <span class='ocrx_word' id='word_1_644' title='bbox 1968 4534 2006 4607; x_wconf 42' lang='grc' dir='ltr'><strong>,ο</strong></span> <span class='ocrx_word' id='word_1_645' title='bbox 2040 4522 2239 4607; x_wconf 84' lang='lat' dir='ltr'><strong>ldest,</strong></span> <span class='ocrx_word' id='word_1_646' title='bbox 2273 4520 2597 4607; x_wconf 34' lang='lat' dir='ltr'><strong>per-Deum,</strong></span> <span class='ocrx_word' id='word_1_647' title='bbox 2625 4532 2721 4607; x_wconf 85' lang='lat' dir='ltr'><strong>seu</strong></span> <span class='ocrx_word' id='word_1_648' title='bbox 2753 4532 2847 4607; x_wconf 69' lang='lat' dir='ltr'><strong>per</strong></span> <span class='ocrx_word' id='word_1_649' title='bbox 2872 4517 3368 4607; x_wconf 46' lang='grc' dir='ltr'><strong>⁸ιιιιιιξζὶιιιιιηίιτκι</strong></span> <span class='ocrx_word' id='word_1_650' title='bbox 3400 4534 3491 4574; x_wconf 89' lang='lat' dir='ltr'><strong>va-</strong></span> 
     </span>
    </p>
   </div>
   <div class='ocr_carea' id='block_1_91' title="bbox 190 4594 1806 4668">
    <p class='ocr_par' dir='ltr' id='par_1_91' title="bbox 190 4594 1806 4668">
     <span class='ocr_line' id='line_1_91' title="bbox 190 4594 1806 4668; baseline -0.004 -12"><span class='ocrx_word' id='word_1_651' title='bbox 190 4610 401 4656; x_wconf 85' lang='lat' dir='ltr'><strong>tatum.</strong></span> <span class='ocrx_word' id='word_1_652' title='bbox 440 4594 724 4668; x_wconf 70' lang='lat' dir='ltr'><strong>Dionysius</strong></span> <span class='ocrx_word' id='word_1_653' title='bbox 755 4597 915 4665; x_wconf 79' lang='lat' dir='ltr'><strong>paulo</strong></span> <span class='ocrx_word' id='word_1_654' title='bbox 945 4596 1177 4668; x_wconf 79' lang='lat' dir='ltr'><strong>clarius:</strong></span> <span class='ocrx_word' id='word_1_655' title='bbox 1232 4594 1383 4668; x_wconf 78' lang='lat' dir='ltr'><strong>Mens</strong></span> <span class='ocrx_word' id='word_1_656' title='bbox 1429 4612 1548 4665; x_wconf 88' lang='lat' dir='ltr'><strong>ergo</strong></span> <span class='ocrx_word' id='word_1_657' title='bbox 1576 4598 1806 4667; x_wconf 79' lang='lat' dir='ltr'><strong>perfecta</strong></span> 
     </span>
    </p>
   </div>
   <div class='ocr_carea' id='block_1_92' title="bbox 186 4666 1803 4742">
    <p class='ocr_par' dir='ltr' id='par_1_92' title="bbox 186 4666 1803 4742">
     <span class='ocr_line' id='line_1_92' title="bbox 186 4666 1803 4742; baseline -0.002 -17"><span class='ocrx_word' id='word_1_658' title='bbox 186 4669 556 4742; x_wconf 83' lang='lat' dir='ltr'><strong>pulcherrime</strong></span> <span class='ocrx_word' id='word_1_659' title='bbox 581 4666 840 4742; x_wconf 68' lang='lat' dir='ltr'><strong>ﬁguratur</strong></span> <span class='ocrx_word' id='word_1_660' title='bbox 868 4685 962 4742; x_wconf 79' lang='lat' dir='ltr'><strong>per</strong></span> <span class='ocrx_word' id='word_1_661' title='bbox 984 4666 1135 4742; x_wconf 80' lang='lat' dir='ltr'><strong>illum</strong></span> <span class='ocrx_word' id='word_1_662' title='bbox 1165 4666 1515 4742; x_wconf 83' lang='lat' dir='ltr'><strong>evangelicum</strong></span> <span class='ocrx_word' id='word_1_663' title='bbox 1545 4666 1803 4742; x_wconf 82' lang='lat' dir='ltr'><strong>centurio-</strong></span> 
     </span>
    </p>
   </div>
   <div class='ocr_carea' id='block_1_93' title="bbox 188 4738 1801 4809">
    <p class='ocr_par' dir='ltr' id='par_1_93' title="bbox 188 4738 1801 4809">
     <span class='ocr_line' id='line_1_93' title="bbox 188 4738 1801 4809; baseline 0 -13"><span class='ocrx_word' id='word_1_664' title='bbox 188 4738 345 4796; x_wconf 78' lang='lat' dir='ltr'><strong>nem.</strong></span> <span class='ocrx_word' id='word_1_665' title='bbox 376 4740 730 4809; x_wconf 77' lang='lat' dir='ltr'><strong>Evangelicus</strong></span> <span class='ocrx_word' id='word_1_666' title='bbox 757 4738 1002 4793; x_wconf 83' lang='lat' dir='ltr'><strong>centurio</strong></span> <span class='ocrx_word' id='word_1_667' title='bbox 1028 4738 1227 4793; x_wconf 88' lang='lat' dir='ltr'><strong>dicitur</strong></span> <span class='ocrx_word' id='word_1_668' title='bbox 1245 4738 1528 4809; x_wconf 78' lang='lat' dir='ltr'><strong>Ille,CUjllS</strong></span> <span class='ocrx_word' id='word_1_669' title='bbox 1548 4740 1801 4796; x_wconf 80' lang='lat' dir='ltr'><strong>eximiam</strong></span> 
     </span>
    </p>
   </div>
   <div class='ocr_carea' id='block_1_94' title="bbox 186 4810 1803 4881">
    <p class='ocr_par' dir='ltr' id='par_1_94' title="bbox 186 4810 1803 4881">
     <span class='ocr_line' id='line_1_94' title="bbox 186 4810 1803 4881; baseline -0.002 -11"><span class='ocrx_word' id='word_1_670' title='bbox 186 4814 370 4869; x_wconf 84' lang='lat' dir='ltr'><strong>ﬁdem</strong></span> <span class='ocrx_word' id='word_1_671' title='bbox 395 4820 451 4865; x_wconf 89' lang='lat' dir='ltr'><strong>et</strong></span> <span class='ocrx_word' id='word_1_672' title='bbox 476 4812 833 4881; x_wconf 65' lang='lat' dir='ltr'><strong>constantiam</strong></span> <span class='ocrx_word' id='word_1_673' title='bbox 866 4811 1111 4865; x_wconf 80' lang='lat' dir='ltr'><strong>Chrisuts</strong></span> <span class='ocrx_word' id='word_1_674' title='bbox 1145 4811 1257 4878; x_wconf 88' lang='lat' dir='ltr'><strong>ipse</strong></span> <span class='ocrx_word' id='word_1_675' title='bbox 1287 4812 1581 4865; x_wconf 91' lang='lat' dir='ltr'><strong>admiratus</strong></span> <span class='ocrx_word' id='word_1_676' title='bbox 1608 4810 1803 4881; x_wconf 88' lang='lat' dir='ltr'><strong>legitur</strong></span> 
     </span>
    </p>
   </div>
   <div class='ocr_carea' id='block_1_95' title="bbox 184 4879 1801 4955">
    <p class='ocr_par' dir='ltr' id='par_1_95' title="bbox 184 4879 1801 4955">
     <span class='ocr_line' id='line_1_95' title="bbox 184 4879 1801 4955; baseline 0 -17"><span class='ocrx_word' id='word_1_677' title='bbox 184 4886 207 4955; x_wconf 95' lang='lat'><strong>(</strong></span> <span class='ocrx_word' id='word_1_678' title='bbox 234 4882 443 4939; x_wconf 73' lang='lat' dir='ltr'><strong>Matth.</strong></span> <span class='ocrx_word' id='word_1_679' title='bbox 469 4879 615 4952; x_wconf 89' lang='lat' dir='ltr'><strong>vnt):</strong></span> <span class='ocrx_word' id='word_1_680' title='bbox 642 4882 797 4950; x_wconf 90' lang='lat' dir='ltr'><strong>cujus</strong></span> <span class='ocrx_word' id='word_1_681' title='bbox 831 4882 1140 4955; x_wconf 79' lang='lat' dir='ltr'><strong>exetnplum</strong></span> <span class='ocrx_word' id='word_1_682' title='bbox 1172 4881 1452 4938; x_wconf 84' lang='lat' dir='ltr'><strong>monachis</strong></span> <span class='ocrx_word' id='word_1_683' title='bbox 1482 4879 1801 4938; x_wconf 80' lang='lat' dir='ltr'><strong>imitandum</strong></span> 
     </span>
    </p>
   </div>
   <div class='ocr_carea' id='block_1_96' title="bbox 185 4952 1799 5023">
    <p class='ocr_par' dir='ltr' id='par_1_96' title="bbox 185 4952 1799 5023">
     <span class='ocr_line' id='line_1_96' title="bbox 185 4952 1799 5023; baseline -0.001 -13"><span class='ocrx_word' id='word_1_684' title='bbox 185 4952 288 5010; x_wconf 75' lang='lat' dir='ltr'><strong>hic</strong></span> <span class='ocrx_word' id='word_1_685' title='bbox 320 4955 664 5023; x_wconf 78' lang='lat' dir='ltr'><strong>proponitur,</strong></span> <span class='ocrx_word' id='word_1_686' title='bbox 690 4962 746 5005; x_wconf 92' lang='lat' dir='ltr'><strong>ut</strong></span> <span class='ocrx_word' id='word_1_687' title='bbox 768 4959 826 5007; x_wconf 91' lang='lat' dir='ltr'><strong>et</strong></span> <span class='ocrx_word' id='word_1_688' title='bbox 857 4952 958 5020; x_wconf 90' lang='lat' dir='ltr'><strong>ipsi</strong></span> <span class='ocrx_word' id='word_1_689' title='bbox 988 4952 1102 5007; x_wconf 88' lang='lat' dir='ltr'><strong>veri</strong></span> <span class='ocrx_word' id='word_1_690' title='bbox 1144 4962 1198 5008; x_wconf 90' lang='lat' dir='ltr'><strong>et</strong></span> <span class='ocrx_word' id='word_1_691' title='bbox 1223 4955 1495 5023; x_wconf 86' lang='lat' dir='ltr'><strong>spiritales</strong></span> <span class='ocrx_word' id='word_1_692' title='bbox 1522 4955 1799 5010; x_wconf 88' lang='lat' dir='ltr'><strong>centurio-</strong></span> 
     </span>
    </p>
   </div>
   <div class='ocr_carea' id='block_1_97' title="bbox 184 5023 1797 5096">
    <p class='ocr_par' dir='ltr' id='par_1_97' title="bbox 184 5023 1797 5096">
     <span class='ocr_line' id='line_1_97' title="bbox 184 5023 1797 5096; baseline -0.001 -13"><span class='ocrx_word' id='word_1_693' title='bbox 184 5042 302 5083; x_wconf 84' lang='lat' dir='ltr'><strong>nes</strong></span> <span class='ocrx_word' id='word_1_694' title='bbox 326 5024 669 5079; x_wconf 87' lang='lat' dir='ltr'><strong>efﬁciantur:</strong></span> <span class='ocrx_word' id='word_1_695' title='bbox 694 5023 965 5088; x_wconf 85' lang='lat' dir='ltr'><strong>quomodo</strong></span> <span class='ocrx_word' id='word_1_696' title='bbox 988 5023 1212 5080; x_wconf 89' lang='lat' dir='ltr'><strong>inferius</strong></span> <span class='ocrx_word' id='word_1_697' title='bbox 1223 5027 1383 5080; x_wconf 90' lang='lat' dir='ltr'><strong>etiam</strong></span> <span class='ocrx_word' id='word_1_698' title='bbox 1402 5026 1460 5082; x_wconf 91' lang='lat' dir='ltr'><strong>S.</strong></span> <span class='ocrx_word' id='word_1_699' title='bbox 1476 5024 1797 5096; x_wconf 86' lang='lat' dir='ltr'><strong>Apostolum</strong></span> 
     </span>
    </p>
   </div>
   <div class='ocr_carea' id='block_1_98' title="bbox 183 5096 1313 5165">
    <p class='ocr_par' dir='ltr' id='par_1_98' title="bbox 183 5096 1313 5165">
     <span class='ocr_line' id='line_1_98' title="bbox 183 5096 1313 5165; baseline -0.001 -15"><span class='ocrx_word' id='word_1_700' title='bbox 183 5114 293 5155; x_wconf 83' lang='lat' dir='ltr'><strong>eva</strong></span> <span class='ocrx_word' id='word_1_701' title='bbox 305 5096 580 5165; x_wconf 82' lang='lat' dir='ltr'><strong>ngelicntn</strong></span> <span class='ocrx_word' id='word_1_702' title='bbox 611 5098 988 5149; x_wconf 87' lang='lat' dir='ltr'><strong>centurionem</strong></span> <span class='ocrx_word' id='word_1_703' title='bbox 1021 5109 1313 5165; x_wconf 82' lang='lat' dir='ltr'><strong>nuncupat.</strong></span> 
     </span>
    </p>
   </div>
   <div class='ocr_carea' id='block_1_99' title="bbox 266 5111 1795 5235">
    <p class='ocr_par' dir='ltr' id='par_1_99' title="bbox 266 5111 1795 5235">
     <span class='ocr_line' id='line_1_99' title="bbox 266 5111 1313 5165; baseline 0 -16"><span class='ocrx_word' id='word_1_704' title='bbox 266 5112 340 5150; x_wconf 84' lang='lat' dir='ltr'><strong>an</strong></span> <span class='ocrx_word' id='word_1_705' title='bbox 381 5111 580 5149; x_wconf 88' lang='lat' dir='ltr'><strong>encnm</strong></span> <span class='ocrx_word' id='word_1_706' title='bbox 611 5111 988 5149; x_wconf 87' lang='lat' dir='ltr'><strong>centurtonem</strong></span> <span class='ocrx_word' id='word_1_707' title='bbox 1021 5111 1313 5165; x_wconf 79' lang='lat' dir='ltr'><strong>nuncupat.</strong></span> 
     </span>
     <span class='ocr_line' id='line_1_100' title="bbox 266 5111 1795 5235; baseline 0.001 -15"><span class='ocrx_word' id='word_1_708' title='bbox 266 5167 300 5207; x_wconf 66' lang='grc' dir='ltr'>δ</span> <span class='ocrx_word' id='word_1_709' title='bbox 327 5111 533 5220; x_wconf 56' lang='lat' dir='ltr'><strong>&#39;lgextus</strong></span> <span class='ocrx_word' id='word_1_710' title='bbox 558 5166 802 5235; x_wconf 86' lang='lat' dir='ltr'><strong>vulgatus</strong></span> <span class='ocrx_word' id='word_1_711' title='bbox 836 5167 997 5221; x_wconf 80' lang='lat' dir='ltr'><strong>habet</strong></span> <span class='ocrx_word' id='word_1_712' title='bbox 1021 5184 1033 5218; x_wconf 92' lang='lat'>:</span> <span class='ocrx_word' id='word_1_713' title='bbox 1067 5165 1327 5220; x_wconf 87' lang='lat' dir='ltr'><strong>Constitue</strong></span> <span class='ocrx_word' id='word_1_714' title='bbox 1351 5183 1415 5221; x_wconf 80' lang='lat' dir='ltr'><strong>ea:</strong></span> <span class='ocrx_word' id='word_1_715' title='bbox 1436 5167 1510 5220; x_wconf 90' lang='lat' dir='ltr'><strong>eis</strong></span> <span class='ocrx_word' id='word_1_716' title='bbox 1534 5167 1795 5233; x_wconf 87' lang='lat' dir='ltr'><strong>tribunos,</strong></span> 
     </span>
    </p>
   </div>
   <div class='ocr_carea' id='block_1_100' title="bbox 182 5237 1804 5310">
    <p class='ocr_par' dir='ltr' id='par_1_100' title="bbox 182 5237 1804 5310">
     <span class='ocr_line' id='line_1_101' title="bbox 182 5237 1804 5310; baseline -0.001 -16"><span class='ocrx_word' id='word_1_717' title='bbox 182 5249 237 5294; x_wconf 88' lang='lat' dir='ltr'><strong>et</strong></span> <span class='ocrx_word' id='word_1_718' title='bbox 281 5242 630 5310; x_wconf 83' lang='lat' dir='ltr'><strong>centuriones.</strong></span> <span class='ocrx_word' id='word_1_719' title='bbox 660 5248 711 5310; x_wconf 83' lang='lat' dir='ltr'><strong>et</strong></span> <span class='ocrx_word' id='word_1_720' title='bbox 740 5238 1014 5308; x_wconf 58' lang='grc' dir='ltr'><strong>άεεαηοες(</strong></span> <span class='ocrx_word' id='word_1_721' title='bbox 1036 5237 1203 5310; x_wconf 75' lang='lat' dir='ltr'><strong>Easod.</strong></span> <span class='ocrx_word' id='word_1_722' title='bbox 1238 5238 1415 5310; x_wconf 82' lang='lat' dir='ltr'><strong>xvut),</strong></span> <span class='ocrx_word' id='word_1_723' title='bbox 1460 5248 1565 5292; x_wconf 90' lang='lat' dir='ltr'><strong>etc.</strong></span> <span class='ocrx_word' id='word_1_724' title='bbox 1600 5239 1804 5310; x_wconf 86' lang='lat' dir='ltr'><strong>Diony-</strong></span> 
     </span>
    </p>
   </div>
   <div class='ocr_carea' id='block_1_101' title="bbox 182 5308 1798 5378">
    <p class='ocr_par' dir='ltr' id='par_1_101' title="bbox 182 5308 1798 5378">
     <span class='ocr_line' id='line_1_102' title="bbox 182 5308 1798 5378; baseline -0.001 -13"><span class='ocrx_word' id='word_1_725' title='bbox 182 5314 314 5366; x_wconf 78' lang='lat' dir='ltr'><strong>sius</strong></span> <span class='ocrx_word' id='word_1_726' title='bbox 351 5309 613 5378; x_wconf 79' lang='lat' dir='ltr'><strong>exponit:</strong></span> <span class='ocrx_word' id='word_1_727' title='bbox 647 5308 909 5362; x_wconf 79' lang='lat' dir='ltr'><strong>Constitue</strong></span> <span class='ocrx_word' id='word_1_728' title='bbox 932 5310 1021 5361; x_wconf 69' lang='lat' dir='ltr'><strong>tibi</strong></span> <span class='ocrx_word' id='word_1_729' title='bbox 1052 5308 1388 5370; x_wconf 84' lang='lat' dir='ltr'><strong>chiliarchas.</strong></span> <span class='ocrx_word' id='word_1_730' title='bbox 1416 5310 1522 5362; x_wconf 87' lang='lat' dir='ltr'><strong>sive</strong></span> <span class='ocrx_word' id='word_1_731' title='bbox 1544 5308 1798 5376; x_wconf 80' lang='lat' dir='ltr'><strong>tribunos,</strong></span> 
     </span>
    </p>
   </div>
   <div class='ocr_carea' id='block_1_102' title="bbox 182 5380 1802 5455">
    <p class='ocr_par' dir='ltr' id='par_1_102' title="bbox 182 5380 1802 5455">
     <span class='ocr_line' id='line_1_103' title="bbox 182 5380 1802 5455; baseline -0.001 -19"><span class='ocrx_word' id='word_1_732' title='bbox 182 5393 238 5437; x_wconf 83' lang='lat' dir='ltr'><strong>et</strong></span> <span class='ocrx_word' id='word_1_733' title='bbox 283 5382 636 5455; x_wconf 77' lang='lat' dir='ltr'><strong>centuriones.</strong></span> <span class='ocrx_word' id='word_1_734' title='bbox 670 5380 947 5455; x_wconf 78' lang='grc' dir='ltr'><strong>Χιλὶαρχος</strong></span> <span class='ocrx_word' id='word_1_735' title='bbox 974 5382 1115 5455; x_wconf 73' lang='lat' dir='ltr'><strong>enim</strong></span> <span class='ocrx_word' id='word_1_736' title='bbox 1151 5381 1236 5434; x_wconf 89' lang='lat' dir='ltr'><strong>vel</strong></span> <span class='ocrx_word' id='word_1_737' title='bbox 1264 5381 1550 5455; x_wconf 69' lang='grc' dir='ltr'><strong>χιλιάρχης</strong></span> <span class='ocrx_word' id='word_1_738' title='bbox 1580 5380 1633 5434; x_wconf 90' lang='lat' dir='ltr'><strong>in</strong></span> <span class='ocrx_word' id='word_1_739' title='bbox 1660 5381 1802 5455; x_wconf 81' lang='lat' dir='ltr'><strong>mili-</strong></span> 
     </span>
    </p>
   </div>
   <div class='ocr_carea' id='block_1_103' title="bbox 187 5451 1799 5520">
    <p class='ocr_par' dir='ltr' id='par_1_103' title="bbox 187 5451 1799 5520">
     <span class='ocr_line' id='line_1_104' title="bbox 187 5451 1799 5520; baseline -0.001 -12"><span class='ocrx_word' id='word_1_740' title='bbox 187 5456 276 5509; x_wconf 83' lang='lat' dir='ltr'><strong>tia</strong></span> <span class='ocrx_word' id='word_1_741' title='bbox 311 5452 512 5505; x_wconf 87' lang='lat' dir='ltr'><strong>dicitur</strong></span> <span class='ocrx_word' id='word_1_742' title='bbox 538 5451 629 5520; x_wconf 90' lang='lat' dir='ltr'><strong>qui</strong></span> <span class='ocrx_word' id='word_1_743' title='bbox 662 5451 1081 5505; x_wconf 68' lang='lat' dir='ltr'><strong>mille&#39;ltominib</strong></span> <span class='ocrx_word' id='word_1_744' title='bbox 1123 5467 1147 5505; x_wconf 89' lang='lat' dir='ltr'><strong>s</strong></span> <span class='ocrx_word' id='word_1_745' title='bbox 1174 5463 1388 5519; x_wconf 70' lang='lat' dir='ltr'><strong>praeest,</strong></span> <span class='ocrx_word' id='word_1_746' title='bbox 1417 5452 1505 5519; x_wconf 87' lang='lat' dir='ltr'><strong>qui</strong></span> <span class='ocrx_word' id='word_1_747' title='bbox 1531 5453 1671 5520; x_wconf 89' lang='lat' dir='ltr'><strong>apud</strong></span> <span class='ocrx_word' id='word_1_748' title='bbox 1698 5453 1799 5506; x_wconf 69' lang='lat' dir='ltr'><strong>lio-</strong></span> 
     </span>
    </p>
   </div>
   <div class='ocr_carea' id='block_1_104' title="bbox 184 5521 1794 5589">
    <p class='ocr_par' dir='ltr' id='par_1_104' title="bbox 184 5521 1794 5589">
     <span class='ocr_line' id='line_1_105' title="bbox 184 5521 1794 5589; baseline 0 -11"><span class='ocrx_word' id='word_1_749' title='bbox 184 5538 398 5579; x_wconf 85' lang='lat' dir='ltr'><strong>ntattos</strong></span> <span class='ocrx_word' id='word_1_750' title='bbox 438 5525 689 5576; x_wconf 80' lang='lat' dir='ltr'><strong>tribunus</strong></span> <span class='ocrx_word' id='word_1_751' title='bbox 719 5523 944 5576; x_wconf 83' lang='lat' dir='ltr'><strong>militum</strong></span> <span class='ocrx_word' id='word_1_752' title='bbox 978 5524 1281 5585; x_wconf 71' lang='lat' dir='ltr'><strong>dicebatur,</strong></span> <span class='ocrx_word' id='word_1_753' title='bbox 1315 5521 1477 5577; x_wconf 77' lang='lat' dir='ltr'><strong>sicuti</strong></span> <span class='ocrx_word' id='word_1_754' title='bbox 1526 5524 1794 5589; x_wconf 89' lang='lat' dir='ltr'><strong>centurio,</strong></span> 
     </span>
    </p>
   </div>
   <div class='ocr_carea' id='block_1_105' title="bbox 182 5592 1795 5667">
    <p class='ocr_par' dir='ltr' id='par_1_105' title="bbox 182 5592 1795 5667">
     <span class='ocr_line' id='line_1_106' title="bbox 182 5592 1795 5667; baseline 0 -19"><span class='ocrx_word' id='word_1_755' title='bbox 182 5598 288 5667; x_wconf 83' lang='lat' dir='ltr'><strong>qui</strong></span> <span class='ocrx_word' id='word_1_756' title='bbox 325 5604 551 5667; x_wconf 84' lang='lat' dir='ltr'><strong>centum</strong></span> <span class='ocrx_word' id='word_1_757' title='bbox 572 5594 867 5667; x_wconf 78' lang='lat' dir='ltr'><strong>peditibus.</strong></span> <span class='ocrx_word' id='word_1_758' title='bbox 887 5593 1020 5647; x_wconf 84' lang='lat' dir='ltr'><strong>Nam</strong></span> <span class='ocrx_word' id='word_1_759' title='bbox 1039 5602 1098 5667; x_wconf 85' lang='lat' dir='ltr'><strong>ut</strong></span> <span class='ocrx_word' id='word_1_760' title='bbox 1122 5594 1283 5648; x_wconf 69' lang='lat' dir='ltr'><strong>tefet&#39;t</strong></span> <span class='ocrx_word' id='word_1_761' title='bbox 1313 5592 1795 5667; x_wconf 70' lang='lat' dir='ltr'><strong>ettatnlnsephus,</strong></span> 
     </span>
    </p>
   </div>
   <div class='ocr_carea' id='block_1_106' title="bbox 184 5663 1798 5728">
    <p class='ocr_par' dir='ltr' id='par_1_106' title="bbox 184 5663 1798 5728">
     <span class='ocr_line' id='line_1_107' title="bbox 184 5663 1798 5728; baseline -0.001 -7"><span class='ocrx_word' id='word_1_762' title='bbox 184 5663 337 5721; x_wconf 68' lang='lat' dir='ltr'><strong>ordo</strong></span> <span class='ocrx_word' id='word_1_763' title='bbox 360 5668 412 5717; x_wconf 89' lang='lat' dir='ltr'><strong>in</strong></span> <span class='ocrx_word' id='word_1_764' title='bbox 440 5666 631 5719; x_wconf 86' lang='lat' dir='ltr'><strong>militia</strong></span> <span class='ocrx_word' id='word_1_765' title='bbox 654 5663 1006 5718; x_wconf 83' lang='lat' dir='ltr'><strong>Romanorum</strong></span> <span class='ocrx_word' id='word_1_766' title='bbox 1027 5664 1108 5717; x_wconf 78' lang='lat' dir='ltr'><strong>hic</strong></span> <span class='ocrx_word' id='word_1_767' title='bbox 1132 5674 1260 5728; x_wconf 89' lang='lat' dir='ltr'><strong>erat,</strong></span> <span class='ocrx_word' id='word_1_768' title='bbox 1296 5676 1350 5717; x_wconf 80' lang='grc' dir='ltr'><strong>ιιι</strong></span> <span class='ocrx_word' id='word_1_769' title='bbox 1378 5666 1567 5721; x_wconf 83' lang='lat' dir='ltr'><strong>milites</strong></span> <span class='ocrx_word' id='word_1_770' title='bbox 1594 5663 1661 5718; x_wconf 84' lang='lat' dir='ltr'><strong>ad</strong></span> <span class='ocrx_word' id='word_1_771' title='bbox 1682 5682 1798 5719; x_wconf 89' lang='lat' dir='ltr'><strong>cen-</strong></span> 
     </span>
    </p>
   </div>
   <div class='ocr_carea' id='block_1_107' title="bbox 185 5734 1799 5806">
    <p class='ocr_par' dir='ltr' id='par_1_107' title="bbox 185 5734 1799 5806">
     <span class='ocr_line' id='line_1_108' title="bbox 185 5734 1799 5806; baseline -0.001 -14"><span class='ocrx_word' id='word_1_772' title='bbox 185 5736 461 5806; x_wconf 79' lang='lat' dir='ltr'><strong>turiones,</strong></span> <span class='ocrx_word' id='word_1_773' title='bbox 508 5737 587 5791; x_wconf 84' lang='lat' dir='ltr'><strong>illi</strong></span> <span class='ocrx_word' id='word_1_774' title='bbox 617 5736 685 5788; x_wconf 91' lang='lat' dir='ltr'><strong>ad</strong></span> <span class='ocrx_word' id='word_1_775' title='bbox 718 5735 947 5789; x_wconf 77' lang='lat' dir='ltr'><strong>tribunos</strong></span> <span class='ocrx_word' id='word_1_776' title='bbox 969 5775 985 5801; x_wconf 94' lang='lat'><strong>,</strong></span> <span class='ocrx_word' id='word_1_777' title='bbox 1017 5751 1144 5806; x_wconf 88' lang='lat' dir='ltr'><strong>quos</strong></span> <span class='ocrx_word' id='word_1_778' title='bbox 1180 5734 1353 5788; x_wconf 70' lang='lat' dir='ltr'><strong>Graeci</strong></span> <span class='ocrx_word' id='word_1_779' title='bbox 1380 5735 1690 5792; x_wconf 83' lang='lat' dir='ltr'><strong>chiliarchas</strong></span> <span class='ocrx_word' id='word_1_780' title='bbox 1720 5736 1799 5791; x_wconf 80' lang='lat' dir='ltr'><strong>vel</strong></span> 
     </span>
    </p>
   </div>
   <div class='ocr_carea' id='block_1_108' title="bbox 178 5805 1616 5874">
    <p class='ocr_par' dir='ltr' id='par_1_108' title="bbox 178 5805 1616 5874">
     <span class='ocr_line' id='line_1_109' title="bbox 178 5805 1616 5874; baseline 0.001 -9"><span class='ocrx_word' id='word_1_781' title='bbox 178 5805 525 5865; x_wconf 78' lang='lat' dir='ltr'><strong>chiliarchas</strong></span> <span class='ocrx_word' id='word_1_782' title='bbox 561 5815 763 5874; x_wconf 84' lang='lat' dir='ltr'><strong>vocant,</strong></span> <span class='ocrx_word' id='word_1_783' title='bbox 789 5822 937 5860; x_wconf 84' lang='lat' dir='ltr'><strong>mune</strong></span> <span class='ocrx_word' id='word_1_784' title='bbox 962 5805 1282 5861; x_wconf 79' lang='lat' dir='ltr'><strong>convenirent</strong></span> <span class='ocrx_word' id='word_1_785' title='bbox 1312 5806 1616 5866; x_wconf 76' lang='lat' dir='ltr'><strong>salutatum.</strong></span> 
     </span>
    </p>
   </div>
   <div class='ocr_carea' id='block_1_109' title="bbox 1908 4588 3488 4664">
    <p class='ocr_par' dir='ltr' id='par_1_109' title="bbox 1908 4588 3488 4664">
     <span class='ocr_line' id='line_1_110' title="bbox 1908 4588 3488 4664; baseline -0.003 -15"><span class='ocrx_word' id='word_1_786' title='bbox 1908 4595 2037 4664; x_wconf 84' lang='lat' dir='ltr'><strong>lida,</strong></span> <span class='ocrx_word' id='word_1_787' title='bbox 2070 4606 2125 4648; x_wconf 92' lang='lat' dir='ltr'><strong>ut</strong></span> <span class='ocrx_word' id='word_1_788' title='bbox 2156 4588 2413 4663; x_wconf 80' lang='lat' dir='ltr'><strong>principis</strong></span> <span class='ocrx_word' id='word_1_789' title='bbox 2444 4590 2837 4664; x_wconf 83' lang='lat' dir='ltr'><strong>hujusmundi,</strong></span> <span class='ocrx_word' id='word_1_790' title='bbox 2872 4588 2922 4642; x_wconf 91' lang='lat' dir='ltr'><strong>id</strong></span> <span class='ocrx_word' id='word_1_791' title='bbox 2951 4600 3029 4664; x_wconf 58' lang='grc' dir='ltr'><strong>ρει</strong></span> <span class='ocrx_word' id='word_1_792' title='bbox 3051 4630 3063 4651; x_wconf 93' lang='grc'>,</span> <span class='ocrx_word' id='word_1_793' title='bbox 3099 4589 3334 4655; x_wconf 89' lang='lat' dir='ltr'><strong>diaboli,</strong></span> <span class='ocrx_word' id='word_1_794' title='bbox 3368 4607 3488 4646; x_wconf 88' lang='lat' dir='ltr'><strong>mu-</strong></span> 
     </span>
    </p>
   </div>
   <div class='ocr_carea' id='block_1_110' title="bbox 1907 4661 3485 4733">
    <p class='ocr_par' dir='ltr' id='par_1_110' title="bbox 1907 4661 3485 4733">
     <span class='ocr_line' id='line_1_111' title="bbox 1907 4661 3485 4733; baseline -0.002 -12"><span class='ocrx_word' id='word_1_795' title='bbox 1907 4661 2142 4722; x_wconf 87' lang='lat' dir='ltr'><strong>nitiones</strong></span> <span class='ocrx_word' id='word_1_796' title='bbox 2157 4661 2359 4720; x_wconf 77' lang='lat' dir='ltr'><strong>omnes</strong></span> <span class='ocrx_word' id='word_1_797' title='bbox 2394 4673 2449 4717; x_wconf 91' lang='lat' dir='ltr'><strong>et</strong></span> <span class='ocrx_word' id='word_1_798' title='bbox 2475 4662 2907 4716; x_wconf 82' lang='lat' dir='ltr'><strong>machinamenta</strong></span> <span class='ocrx_word' id='word_1_799' title='bbox 2937 4661 3220 4719; x_wconf 89' lang='lat' dir='ltr'><strong>destruere</strong></span> <span class='ocrx_word' id='word_1_800' title='bbox 3250 4665 3485 4733; x_wconf 71' lang='lat' dir='ltr'><strong>possint,</strong></span> 
     </span>
    </p>
   </div>
   <div class='ocr_carea' id='block_1_111' title="bbox 1905 4738 2525 4793">
    <p class='ocr_par' dir='ltr' id='par_1_111' title="bbox 1905 4738 2525 4793">
     <span class='ocr_line' id='line_1_112' title="bbox 1905 4738 2525 4793; baseline -0.01 0"><span class='ocrx_word' id='word_1_801' title='bbox 1905 4746 1960 4793; x_wconf 86' lang='lat' dir='ltr'><strong>et</strong></span> <span class='ocrx_word' id='word_1_802' title='bbox 1986 4753 2087 4793; x_wconf 92' lang='lat' dir='ltr'><strong>con</strong></span> <span class='ocrx_word' id='word_1_803' title='bbox 2100 4738 2317 4791; x_wconf 85' lang='lat' dir='ltr'><strong>vellere.</strong></span> <span class='ocrx_word' id='word_1_804' title='bbox 2522 4744 2525 4747; x_wconf 71' lang='lat'><strong><em>‘</em></strong></span> 
     </span>
    </p>
   </div>
   <div class='ocr_carea' id='block_1_112' title="bbox 1971 4802 3491 4875">
    <p class='ocr_par' dir='ltr' id='par_1_112' title="bbox 1971 4802 3491 4875">
     <span class='ocr_line' id='line_1_113' title="bbox 1971 4802 3491 4875; baseline 0 -13"><span class='ocrx_word' id='word_1_805' title='bbox 1971 4807 1998 4845; x_wconf 75' lang='grc' dir='ltr'>ἀ</span> <span class='ocrx_word' id='word_1_806' title='bbox 2030 4809 2236 4863; x_wconf 84' lang='lat' dir='ltr'><strong>Textus</strong></span> <span class='ocrx_word' id='word_1_807' title='bbox 2266 4806 2415 4875; x_wconf 86' lang='lat' dir='ltr'><strong>vulg.</strong></span> <span class='ocrx_word' id='word_1_808' title='bbox 2454 4802 2685 4860; x_wconf 87' lang='lat' dir='ltr'><strong>Consilia</strong></span> <span class='ocrx_word' id='word_1_809' title='bbox 2713 4803 3054 4859; x_wconf 83' lang='lat' dir='ltr'><strong>destruentes.</strong></span> <span class='ocrx_word' id='word_1_810' title='bbox 3093 4806 3409 4861; x_wconf 86' lang='lat' dir='ltr'><strong>Ambrosius</strong></span> <span class='ocrx_word' id='word_1_811' title='bbox 3435 4814 3491 4862; x_wconf 79' lang='lat' dir='ltr'><strong>et</strong></span> 
     </span>
    </p>
   </div>
   <div class='ocr_carea' id='block_1_113' title="bbox 1906 4876 3240 4948">
    <p class='ocr_par' dir='ltr' id='par_1_113' title="bbox 1906 4876 3240 4948">
     <span class='ocr_line' id='line_1_114' title="bbox 1906 4876 3240 4948; baseline -0.002 -14"><span class='ocrx_word' id='word_1_812' title='bbox 1906 4879 2267 4948; x_wconf 87' lang='lat' dir='ltr'><strong>Hieronymus</strong></span> <span class='ocrx_word' id='word_1_813' title='bbox 2296 4879 2504 4948; x_wconf 89' lang='lat' dir='ltr'><strong>legunt,</strong></span> <span class='ocrx_word' id='word_1_814' title='bbox 2538 4876 2870 4945; x_wconf 87' lang='lat' dir='ltr'><strong>cogitationes</strong></span> <span class='ocrx_word' id='word_1_815' title='bbox 2901 4878 3240 4931; x_wconf 88' lang='lat' dir='ltr'><strong>destruentes.</strong></span> 
     </span>
    </p>
   </div>
   <div class='ocr_carea' id='block_1_114' title="bbox 1978 4947 3489 5018">
    <p class='ocr_par' dir='ltr' id='par_1_114' title="bbox 1978 4947 3489 5018">
     <span class='ocr_line' id='line_1_115' title="bbox 1978 4947 3489 5018; baseline -0.001 -14"><span class='ocrx_word' id='word_1_816' title='bbox 1978 4962 2001 4987; x_wconf 69' lang='grc' dir='ltr'>ε</span> <span class='ocrx_word' id='word_1_817' title='bbox 2033 4947 2287 5018; x_wconf 85' lang='lat' dir='ltr'><strong>Quinque</strong></span> <span class='ocrx_word' id='word_1_818' title='bbox 2318 4947 2529 5017; x_wconf 91' lang='lat' dir='ltr'><strong>species</strong></span> <span class='ocrx_word' id='word_1_819' title='bbox 2571 4961 2845 5001; x_wconf 87' lang='lat' dir='ltr'><strong>armorum</strong></span> <span class='ocrx_word' id='word_1_820' title='bbox 2873 4948 3137 5015; x_wconf 90' lang='lat' dir='ltr'><strong>spirituali</strong></span> <span class='ocrx_word' id='word_1_821' title='bbox 3181 4947 3489 5003; x_wconf 85' lang='lat' dir='ltr'><strong>centurioni</strong></span> 
     </span>
    </p>
   </div>
   <div class='ocr_carea' id='block_1_115' title="bbox 1902 5018 3484 5085">
    <p class='ocr_par' dir='ltr' id='par_1_115' title="bbox 1902 5018 3484 5085">
     <span class='ocr_line' id='line_1_116' title="bbox 1902 5018 3484 5085; baseline -0.004 -7"><span class='ocrx_word' id='word_1_822' title='bbox 1902 5032 1959 5079; x_wconf 90' lang='lat' dir='ltr'><strong>et</strong></span> <span class='ocrx_word' id='word_1_823' title='bbox 1985 5031 2181 5076; x_wconf 70' lang='lat' dir='ltr'><strong>ascetre</strong></span> <span class='ocrx_word' id='word_1_824' title='bbox 2203 5020 2558 5073; x_wconf 78' lang='lat' dir='ltr'><strong>assumendus</strong></span> <span class='ocrx_word' id='word_1_825' title='bbox 2582 5018 2681 5071; x_wconf 85' lang='lat' dir='ltr'><strong>sub</strong></span> <span class='ocrx_word' id='word_1_826' title='bbox 2711 5018 2931 5072; x_wconf 87' lang='lat' dir='ltr'><strong>nomine</strong></span> <span class='ocrx_word' id='word_1_827' title='bbox 2959 5019 3266 5084; x_wconf 77' lang='grc' dir='ltr'><strong>πανοπλίας,</strong></span> <span class='ocrx_word' id='word_1_828' title='bbox 3302 5019 3352 5071; x_wconf 90' lang='lat' dir='ltr'><strong>id</strong></span> <span class='ocrx_word' id='word_1_829' title='bbox 3384 5034 3484 5085; x_wconf 76' lang='grc' dir='ltr'><strong>ρει,</strong></span> 
     </span>
    </p>
   </div>
   <div class='ocr_carea' id='block_1_116' title="bbox 1902 5090 3490 5158">
    <p class='ocr_par' dir='ltr' id='par_1_116' title="bbox 1902 5090 3490 5158">
     <span class='ocr_line' id='line_1_117' title="bbox 1902 5090 3490 5158; baseline -0.006 -8"><span class='ocrx_word' id='word_1_830' title='bbox 1902 5094 2079 5150; x_wconf 87' lang='lat' dir='ltr'><strong>omnis</strong></span> <span class='ocrx_word' id='word_1_831' title='bbox 2124 5103 2433 5152; x_wconf 57' lang='lat' dir='ltr'><strong>armatura,</strong></span> <span class='ocrx_word' id='word_1_832' title='bbox 2485 5094 2826 5144; x_wconf 86' lang='lat' dir='ltr'><strong>enutneravit</strong></span> <span class='ocrx_word' id='word_1_833' title='bbox 2873 5090 3183 5158; x_wconf 78' lang='lat' dir='ltr'><strong>Apostolus,</strong></span> <span class='ocrx_word' id='word_1_834' title='bbox 3234 5104 3352 5157; x_wconf 69' lang='lat' dir='ltr'><strong>quae</strong></span> <span class='ocrx_word' id='word_1_835' title='bbox 3405 5093 3490 5145; x_wconf 84' lang='lat' dir='ltr'><strong>hic</strong></span> 
     </span>
    </p>
   </div>
   <div class='ocr_carea' id='block_1_117' title="bbox 1942 5158 3493 5232">
    <p class='ocr_par' dir='ltr' id='par_1_117' title="bbox 1942 5158 3493 5232">
     <span class='ocr_line' id='line_1_118' title="bbox 1942 5158 3493 5232; baseline -0.005 -13"><span class='ocrx_word' id='word_1_836' title='bbox 1942 5165 2160 5232; x_wconf 81' lang='lat' dir='ltr'><strong>[eraque</strong></span> <span class='ocrx_word' id='word_1_837' title='bbox 2217 5162 2494 5232; x_wconf 79' lang='lat' dir='ltr'><strong>eleganter</strong></span> <span class='ocrx_word' id='word_1_838' title='bbox 2542 5169 2932 5228; x_wconf 83' lang='lat' dir='ltr'><strong>exponuntur:</strong></span> <span class='ocrx_word' id='word_1_839' title='bbox 2980 5161 3037 5211; x_wconf 85' lang='grc' dir='ltr'><strong>1ο</strong></span> <span class='ocrx_word' id='word_1_840' title='bbox 3083 5158 3493 5232; x_wconf 81' lang='lat' dir='ltr'><strong>scutumﬁdet&#39;:</strong></span> 
     </span>
    </p>
   </div>
   <div class='ocr_carea' id='block_1_118' title="bbox 1941 5231 3488 5299">
    <p class='ocr_par' dir='ltr' id='par_1_118' title="bbox 1941 5231 3488 5299">
     <span class='ocr_line' id='line_1_119' title="bbox 1941 5231 3488 5299; baseline -0.005 -10"><span class='ocrx_word' id='word_1_841' title='bbox 1941 5246 1964 5272; x_wconf 84' lang='grc' dir='ltr'>ο</span> <span class='ocrx_word' id='word_1_842' title='bbox 1996 5231 2210 5290; x_wconf 78' lang='lat' dir='ltr'><strong>loricam</strong></span> <span class='ocrx_word' id='word_1_843' title='bbox 2232 5231 2525 5296; x_wconf 85' lang='lat' dir='ltr'><strong>clturitatis,</strong></span> <span class='ocrx_word' id='word_1_844' title='bbox 2558 5234 2640 5285; x_wconf 88' lang='lat' dir='ltr'><strong>vel</strong></span> <span class='ocrx_word' id='word_1_845' title='bbox 2668 5233 2916 5299; x_wconf 75' lang='lat' dir='ltr'><strong>jttstitize;</strong></span> <span class='ocrx_word' id='word_1_846' title='bbox 2951 5232 3013 5283; x_wconf 78' lang='grc' dir='ltr'><strong>5ο</strong></span> <span class='ocrx_word' id='word_1_847' title='bbox 3046 5232 3266 5299; x_wconf 84' lang='lat' dir='ltr'><strong>galeam,</strong></span> <span class='ocrx_word' id='word_1_848' title='bbox 3309 5231 3488 5296; x_wconf 77' lang='lat' dir='ltr'><strong>idest,</strong></span> 
     </span>
    </p>
   </div>
   <div class='ocr_carea' id='block_1_119' title="bbox 1899 5299 3489 5376">
    <p class='ocr_par' dir='ltr' id='par_1_119' title="bbox 1899 5299 3489 5376">
     <span class='ocr_line' id='line_1_120' title="bbox 1899 5299 3489 5376; baseline -0.006 -14"><span class='ocrx_word' id='word_1_849' title='bbox 1899 5324 2043 5376; x_wconf 87' lang='lat' dir='ltr'><strong>spem</strong></span> <span class='ocrx_word' id='word_1_850' title='bbox 2069 5307 2286 5370; x_wconf 85' lang='lat' dir='ltr'><strong>salutis;</strong></span> <span class='ocrx_word' id='word_1_851' title='bbox 2327 5303 2389 5357; x_wconf 75' lang='grc' dir='ltr'><strong>4ο</strong></span> <span class='ocrx_word' id='word_1_852' title='bbox 2419 5304 2650 5373; x_wconf 83' lang='lat' dir='ltr'><strong>gladium</strong></span> <span class='ocrx_word' id='word_1_853' title='bbox 2699 5304 2940 5369; x_wconf 73' lang='lat' dir='ltr'><strong>spiritus,</strong></span> <span class='ocrx_word' id='word_1_854' title='bbox 2986 5299 3124 5376; x_wconf 86' lang='lat' dir='ltr'><strong>qu_od</strong></span> <span class='ocrx_word' id='word_1_855' title='bbox 3170 5302 3489 5376; x_wconf 35' lang='lat' dir='ltr'><strong>estut&#39;erbum</strong></span> 
     </span>
    </p>
   </div>
   <div class='ocr_carea' id='block_1_120' title="bbox 1904 5371 3487 5445">
    <p class='ocr_par' dir='ltr' id='par_1_120' title="bbox 1904 5371 3487 5445">
     <span class='ocr_line' id='line_1_121' title="bbox 1904 5371 3487 5445; baseline -0.006 -12"><span class='ocrx_word' id='word_1_856' title='bbox 1904 5371 2033 5444; x_wconf 83' lang='lat' dir='ltr'><strong>Dei;</strong></span> <span class='ocrx_word' id='word_1_857' title='bbox 2060 5376 2124 5433; x_wconf 83' lang='lat'><strong>5°</strong></span> <span class='ocrx_word' id='word_1_858' title='bbox 2156 5371 2499 5431; x_wconf 79' lang='lat' dir='ltr'><strong>calceamenta</strong></span> <span class='ocrx_word' id='word_1_859' title='bbox 2524 5376 2577 5428; x_wconf 86' lang='lat' dir='ltr'><strong>in</strong></span> <span class='ocrx_word' id='word_1_860' title='bbox 2618 5371 3294 5445; x_wconf 76' lang='lat' dir='ltr'><strong>prwparatiuneEvangelii</strong></span> <span class='ocrx_word' id='word_1_861' title='bbox 3321 5374 3487 5438; x_wconf 80' lang='lat' dir='ltr'><strong>pacis,</strong></span> 
     </span>
    </p>
   </div>
   <div class='ocr_carea' id='block_1_121' title="bbox 1905 5442 3483 5515">
    <p class='ocr_par' dir='ltr' id='par_1_121' title="bbox 1905 5442 3483 5515">
     <span class='ocr_line' id='line_1_122' title="bbox 1905 5442 3483 5515; baseline -0.007 -9"><span class='ocrx_word' id='word_1_862' title='bbox 1905 5451 1957 5506; x_wconf 85' lang='lat' dir='ltr'><strong>id</strong></span> <span class='ocrx_word' id='word_1_863' title='bbox 1987 5442 2091 5515; x_wconf 80' lang='lat' dir='ltr'><strong>est,</strong></span> <span class='ocrx_word' id='word_1_864' title='bbox 2135 5449 2361 5503; x_wconf 64' lang='lat' dir='ltr'><strong>allectus</strong></span> <span class='ocrx_word' id='word_1_865' title='bbox 2392 5449 2530 5501; x_wconf 85' lang='lat' dir='ltr'><strong>bene</strong></span> <span class='ocrx_word' id='word_1_866' title='bbox 2569 5442 2941 5511; x_wconf 72' lang='lat' dir='ltr'><strong>tnttrttticatos,</strong></span> <span class='ocrx_word' id='word_1_867' title='bbox 2972 5442 3483 5515; x_wconf 56' lang='grc' dir='ltr'><strong>εἰυᾳιιθόιεροςιιυδ</strong></span> 
     </span>
    </p>
   </div>
   <div class='ocr_carea' id='block_1_122' title="bbox 1905 5514 3487 5592">
    <p class='ocr_par' dir='ltr' id='par_1_122' title="bbox 1905 5514 3487 5592">
     <span class='ocr_line' id='line_1_123' title="bbox 1905 5514 3487 5592; baseline -0.008 -15"><span class='ocrx_word' id='word_1_868' title='bbox 1905 5532 1960 5576; x_wconf 91' lang='lat' dir='ltr'><strong>et</strong></span> <span class='ocrx_word' id='word_1_869' title='bbox 1982 5514 2309 5592; x_wconf 72' lang='lat' dir='ltr'><strong>prteparatus</strong></span> <span class='ocrx_word' id='word_1_870' title='bbox 2329 5521 2392 5571; x_wconf 84' lang='lat' dir='ltr'><strong>ad</strong></span> <span class='ocrx_word' id='word_1_871' title='bbox 2426 5517 2753 5592; x_wconf 78' lang='lat' dir='ltr'><strong>currendam</strong></span> <span class='ocrx_word' id='word_1_872' title='bbox 2785 5518 2924 5592; x_wconf 76' lang='lat' dir='ltr'><strong>vium</strong></span> <span class='ocrx_word' id='word_1_873' title='bbox 2958 5514 3333 5568; x_wconf 83' lang='lat' dir='ltr'><strong>mandaturum</strong></span> <span class='ocrx_word' id='word_1_874' title='bbox 3358 5514 3487 5592; x_wconf 82' lang='lat' dir='ltr'><strong>Dei;</strong></span> 
     </span>
    </p>
   </div>
   <div class='ocr_carea' id='block_1_123' title="bbox 1906 5588 3488 5664">
    <p class='ocr_par' dir='ltr' id='par_1_123' title="bbox 1906 5588 3488 5664">
     <span class='ocr_line' id='line_1_124' title="bbox 1906 5588 3488 5664; baseline -0.006 -15"><span class='ocrx_word' id='word_1_875' title='bbox 1906 5588 2297 5664; x_wconf 56' lang='lat' dir='ltr'><strong>6°&#39;cingulum,</strong></span> <span class='ocrx_word' id='word_1_876' title='bbox 2330 5592 2447 5644; x_wconf 88' lang='lat' dir='ltr'><strong>sive</strong></span> <span class='ocrx_word' id='word_1_877' title='bbox 2492 5588 2726 5664; x_wconf 80' lang='lat' dir='ltr'><strong>balteum</strong></span> <span class='ocrx_word' id='word_1_878' title='bbox 2758 5588 3076 5664; x_wconf 82' lang='lat' dir='ltr'><strong>militarem;</strong></span> <span class='ocrx_word' id='word_1_879' title='bbox 3110 5599 3220 5664; x_wconf 69' lang='lat' dir='ltr'><strong>quo</strong></span> <span class='ocrx_word' id='word_1_880' title='bbox 3247 5588 3488 5664; x_wconf 66' lang='lat' dir='ltr'><strong>castitas</strong></span> 
     </span>
    </p>
   </div>
   <div class='ocr_carea' id='block_1_124' title="bbox 1906 5655 3486 5737">
    <p class='ocr_par' dir='ltr' id='par_1_124' title="bbox 1906 5655 3486 5737">
     <span class='ocr_line' id='line_1_125' title="bbox 1906 5655 3486 5737; baseline -0.004 -18"><span class='ocrx_word' id='word_1_881' title='bbox 1906 5655 2237 5737; x_wconf 72' lang='lat' dir='ltr'><strong>designatur.</strong></span> <span class='ocrx_word' id='word_1_882' title='bbox 2259 5662 2409 5737; x_wconf 65' lang='lat' dir='ltr'><strong>State</strong></span> <span class='ocrx_word' id='word_1_883' title='bbox 2423 5661 2669 5737; x_wconf 62' lang='lat' dir='ltr'><strong>succincti</strong></span> <span class='ocrx_word' id='word_1_884' title='bbox 2692 5659 2892 5715; x_wconf 85' lang='lat' dir='ltr'><strong>lumbos</strong></span> <span class='ocrx_word' id='word_1_885' title='bbox 2913 5666 3107 5714; x_wconf 87' lang='lat' dir='ltr'><strong>vestros</strong></span> <span class='ocrx_word' id='word_1_886' title='bbox 3124 5655 3287 5728; x_wconf 81' lang='lat' dir='ltr'><strong>(Vide</strong></span> <span class='ocrx_word' id='word_1_887' title='bbox 3312 5666 3486 5715; x_wconf 76' lang='lat' dir='ltr'><strong>notant</strong></span> 
     </span>
    </p>
   </div>
   <div class='ocr_carea' id='block_1_125' title="bbox 1905 5730 2697 5808">
    <p class='ocr_par' dir='ltr' id='par_1_125' title="bbox 1905 5730 2697 5808">
     <span class='ocr_line' id='line_1_126' title="bbox 1905 5730 2697 5808; baseline -0.004 -18"><span class='ocrx_word' id='word_1_888' title='bbox 1905 5738 1973 5791; x_wconf 91' lang='lat' dir='ltr'><strong>ad</strong></span> <span class='ocrx_word' id='word_1_889' title='bbox 2002 5730 2120 5808; x_wconf 69' lang='grc' dir='ltr'><strong>εἴη).</strong></span> <span class='ocrx_word' id='word_1_890' title='bbox 2154 5734 2216 5792; x_wconf 83' lang='grc'><strong>19</strong></span> <span class='ocrx_word' id='word_1_891' title='bbox 2246 5734 2338 5790; x_wconf 83' lang='lat' dir='ltr'><strong>lib.</strong></span> <span class='ocrx_word' id='word_1_892' title='bbox 2369 5749 2442 5791; x_wconf 81' lang='lat' dir='ltr'><strong>xu</strong></span> <span class='ocrx_word' id='word_1_893' title='bbox 2474 5730 2697 5803; x_wconf 87' lang='lat' dir='ltr'><strong>lnstit.).</strong></span> 
     </span>
    </p>
   </div>
  </div>
