4026 6204
158 216 279 289 ,681

566 213 909 273 εοιωτιο
950 211 1063 271 VII.
1094 240 1167 258 -
1200 211 1289 270 DE
1328 209 1571 271 ᾹΝΙΜΑΕ
1609 212 1747 270 MOE

1854 208 2036 270 TATE
2072 206 2161 270 ET
2201 211 2679 277 SPIRITALIBUS
2716 218 3078 289 NEQUITIIS.

3360 233 3475 296 683

156 343 418 408 namque
464 333 809 391 solummodo
857 332 1070 400 deitati,
1122 306 1245 405 qua:
1290 333 1406 388 sola
1457 332 1776 404 incorporea
1804 335 1853 395 Α
1882 341 2121 403 quunlur
2150 334 2477 405 intelligant,
2512 336 2730 407 quidam
2775 356 2903 395 vero
2945 354 3147 399 norunt
3185 357 3239 401 et
3283 361 3473 415 postea

183 430 534 501 simplexque
559 437 752 485 natura
779 438 881 494 εει,
914 425 1217 485 rectissime
1242 426 1517 484 tribuitur.

803 561 1035 619 CAPUT
1073 560 1165 619 XI.

194 657 450 732 Objectio,
487 666 663 740 utrum
700 658 901 740 possint
928 657 1141 740 spiritus
1172 657 1421 740 immundi
1448 673 1623 740 eorum
1649 674 1779 730 quos

416 726 769 801 suppleverint
794 728 1063 782 animabus
1094 728 1254 782 inseri
1282 726 1359 781 vel
1390 728 1546 782 uniri.

263 864 565 921 Germanus
616 881 629 917 :
683 862 817 919 lluic
860 862 1056 919 rationi
1104 862 1238 919 satis
1286 863 1613 921 arbitramur
1660 879 1781 923 esse

187 956 522 1011 contrarium
557 954 692 1011 illud
723 962 751 995 ι
784 954 925 1026 quod
951 955 1200 1013 videmus
1235 956 1287 1011 in
1315 957 1613 1028 arreptitiis
1640 959 1778 1028 ﬁeri,

186 1062 313 1102 cum
350 1047 515 1103 afﬂati
555 1048 836 1118 spiritibus
875 1048 1173 1106 immundis
1201 1049 1498 1120 loquuntur
1525 1059 1581 1107 et
1614 1062 1780 1123 agunt

182 1155 247 1196 ea
274 1156 394 1211 qua
425 1142 692 1197 nesciunt.
723 1141 1007 1211 Quomodo
1032 1157 1166 1213 ergo
1187 1143 1398 1200 animas
1424 1144 1636 1201 illorum
1667 1147 1778 1217 spi-

180 1235 379 1292 ritibus
420 1235 524 1292 illis
574 1250 681 1293 non
720 1236 1008 1293 credamus
1049 1238 1216 1308 uniri,
1261 1253 1497 1308 quorum
1532 1239 1777 1297 videmus

1887 425 2262 483 recordamur.
2294 428 2450 496 Quod
2479 427 2595 485 ﬁeri
2624 445 2721 500 per
2747 431 3072 489 inlusionem
3114 436 3331 505 spiritus
3372 440 3474 495 im-

1885 521 2075 577 mundi
2115 536 2222 578 non
2267 522 2341 577 ita
2384 522 2675 594 putandum
2720 534 2823 590 est,
2868 534 2926 582 ut
2966 527 3018 581 in
3064 528 3257 584 animm
3301 531 3472 599 ipsius

1883 623 2176 684 penetrans
2199 614 2646 683 substantiatn,et
2670 618 2814 673 velut
2843 620 3025 674 unitus
3050 620 3116 684 vi,
3144 623 3473 691 etquodam-

1882 708 2047 761 modo
2076 706 2294 763 indutus
2325 722 2411 775 ea,
2437 723 2716 765 sermones
2739 726 2801 765 ac
2827 712 2984 766 verba
3011 727 3107 781 per
3129 726 3190 767 os
3218 716 3473 783 patientis

1881 797 2115 853 emittat.
2142 797 2303 853 Nullo
2337 814 2567 869 namque
2595 800 2756 855 modo
2787 800 2927 856 istud
2957 801 3025 855 ab
3056 803 3135 858 eis
3167 804 3283 859 tieri
3310 819 3472 873 posse

1878 891 2211 948 credendum
2240 902 2344 948 est.
2373 892 2483 948 Nec
2504 894 2649 949 enim
2686 908 2781 963 per
2823 894 3058 964 aliquam
3087 896 3283 951 animae
3308 898 3471 952 dimi-

1879 986 2180 1051 nutionem,
2210 986 2305 1042 sed
2348 1002 2443 1056 per
2470 988 2718 1057 corporis
2743 987 3079 1044 debilitatem
3114 988 3218 1045 hoc
3247 992 3469 1047 evenire

1880 1078 2164 1133 manifesta
2188 1077 2397 1134 ratione
2423 1079 2867 1148 deprehenditur,
2892 1095 3014 1136 cum
3038 1082 3249 1137 scilicet
3275 1082 3330 1137 in
3358 1083 3466 1139 illis

1879 1170 2135 1224 membris
2166 1170 2218 1224 in
2251 1170 2448 1240 quibus
2474 1171 2628 1242 vigor
2652 1173 2844 1227 animat
2869 1172 3197 1240 continetur,
3229 1173 3464 1229 immutt-

1874 1260 1978 1316 dus
2016 1261 2234 1332 spiritus
2274 1262 2537 1328 insidens,
2575 1264 2761 1335 eisque
2802 1264 3139 1332 importahile
3167 1272 3333 1336 atque
3361 1264 3462 1321 im-

179 1327 303 1383 illas
351 1327 495 1383 velut
540 1342 801 1399 organum
855 1328 1050 1395 factas,
1097 1338 1175 1398 et,
1224 1328 1490 1387 derelicto
1539 1334 1747 1389 natural

1875 1369 2119 1410 mensum
2148 1355 2359 1425 pondus
2388 1357 2688 1427 imponens,
2715 1357 3045 1413 obscuritate
3074 1360 3348 1413 teterrima
3375 1359 3459 1415 in-

176 1426 344 1485 statu,
385 1418 451 1475 ad
492 1419 709 1476 illorum
738 1431 921 1477 motus
959 1420 1297 1493 aliectusque
1332 1424 1586 1494 transire,
1617 1424 1688 1481 ita
1717 1442 1747 1480 u

1874 1418 2208 1503 tellectuales
2252 1448 2368 1517 ejus
2414 1418 2596 1503 obruit
2636 1418 2691 1504 ei
2733 1449 3007 1519 intercipit
3046 1464 3253 1505 sensus.
3300 1449 3456 1516 Quod

171 1510 284 1580 jam
322 1527 431 1568 non
464 1527 613 1580 suas,
654 1514 753 1570 sed
783 1514 1005 1572 illorum
1029 1529 1195 1573 voces
1221 1523 1277 1573 et
1300 1527 1491 1588 gestus
1526 1518 1771 1575 voluntao

176 1615 363 1677 tesque
393 1604 757 1677 depromaut?

776 1720 1006 1781 CAPUT
1044 1722 1161 1781 XII.

270 1812 562 1884 Responsio
584 1815 1016 1890 quemadmodum
1040 1820 1386 1890 energunsenis
1413 1819 1666 1877 immundi

676 1887 891 1957 spiritus
920 1887 1268 1944 dominentur.

1870 1551 2278 1609 nonnumquam
2314 1539 2475 1593 etiam
2511 1539 2617 1595 vini
2658 1539 2931 1611 febrisque
2971 1541 3129 1608 vitio,
3171 1556 3265 1596 seu
3302 1540 3453 1597 nimii

1870 1629 2111 1700 frigoris,
2143 1629 2373 1701 aliisque
2398 1631 2797 1687 valetudinibus
2825 1631 3166 1687 extrinsecus
3193 1646 3454 1702 superve-

1789 1729 1841 1792 Β
1869 1720 2147 1777 nientibus
2179 1722 2422 1779 videmus
2444 1723 2718 1779 accidere.
2746 1721 2900 1790 Quod
2932 1738 3001 1780 nc
3024 1725 3185 1780 beato
3209 1722 3311 1779 Job
3339 1723 3454 1779 dia-

1865 1812 2048 1881 bolos,
2076 1812 2169 1882 qui
2191 1813 2371 1869 carnis
2397 1813 2516 1885 ejus
2542 1824 2830 1885 acceperat
2859 1824 3205 1885 potestatem,
3235 1814 3455 1872 molire-

1866 1916 1957 1963 tur
1986 1906 2212 1977 inferre,
2248 1918 2518 1981 praecepto
2546 1909 2763 1966 Domini
2795 1910 3137 1980 prohibetur,
3172 1910 3405 1966 dicentis
3435 1929 3450 1965 :

241 1996 488 2053 Serenus
530 2013 544 2050 :
596 1997 874 2055 Praedictre
921 1999 1223 2057 deﬁnitioni
1271 2013 1471 2060 nostra:
1519 2020 1626 2062 non
1676 2015 1763 2064 es:
1864 1998 2002 2055 Ecce
2026 2002 2180 2055 trado
2207 2018 2319 2055 eum
2348 2002 2403 2055 in
2428 2017 2610 2058 manus
2639 2013 2776 2069 tuas,
2805 2013 2828 2042 ε
2863 2011 3064 2056 tantum
3091 2003 3317 2056 animum
3337 2002 3453 2073 ejus

162 2090 530 2156 contrarium,
571 2089 626 2145 id
662 2091 805 2162 quod
844 2092 1022 2149 dicitis
1059 2095 1112 2150 in
1140 2093 1169 2133 δ
1198 2101 1575 2169 energutnenis
1616 2101 1757 2167 ﬁeri,

165 2198 291 2240 cum
347 2185 630 2256 spiritibus
698 2185 986 2243 immundis
1037 2191 1243 2260 arrepti
1299 2192 1614 2262 loquuntur,
1674 2195 1761 2251 vel

163 2285 335 2350 agunt
374 2292 438 2335 ea
476 2293 598 2350 qua:
632 2279 839 2347 nolunt,
872 2281 955 2337 vel
986 2296 1047 2337 ea
1073 2298 1194 2354 quas
1234 2284 1485 2356 ignorant
1516 2288 1760 2358 proferre

161 2377 459 2441 coguntur.
484 2368 598 2425 Non
623 2371 766 2427 enim
796 2386 902 2428 uno
932 2373 1098 2429 modo
1124 2374 1283 2431 istam
1311 2390 1406 2432 eos
1433 2378 1755 2436 inlusionem

159 2459 451 2530 spirituum
480 2461 747 2519 sustinere
788 2464 1153 2521 certissimum
1194 2477 1297 2522 est.
1337 2468 1570 2537 Quidam
1610 2472 1754 2527 enim

159 2555 241 2612 sic
269 2554 545 2623 afﬂantur,
588 2565 651 2614 ut
690 2571 1032 2631 nequaquam
1076 2575 1139 2616 ea
1179 2576 1302 2632 qua:
1342 2573 1539 2633 gerunt
1566 2565 1648 2620 vel
1676 2565 1755 2621 lo-

1860 2092 2062 2146 custodi
2090 2092 2242 2164 (Job.
2268 2093 2361 2166 tt),
2386 2093 2439 2149 id
2467 2102 2573 2159 est,
2606 2093 2978 2149 tantummodo
3014 2108 3138 2147 eum
3179 2101 3451 2148 amentem

1862 2202 1932 2244 ne
1969 2186 2157 2256 facias,
2186 2186 2474 2242 debilitate
2504 2186 2702 2240 animae
2728 2183 3035 2247 domicilio,
3078 2192 3133 2237 et
3170 2183 3449 2238 intellectu

1858 2280 2069 2347 inraso,
2100 2289 2194 2336 aut
2221 2278 2448 2335 rationis
2474 2292 2697 2348 organo,
2731 2291 2830 2346 per
2851 2289 3012 2346 quam
3037 2288 3159 2328 eum
3192 2273 3289 2328 tibi
3311 2272 3448 2329 resi-

1859 2386 2005 2434 stere
2024 2391 2250 2434 necesse
2269 2384 2372 2441 est,
2396 2371 2639 2428 sauciato
2660 2388 2671 2423 :
2700 2384 2876 2439 neque
2897 2366 3095 2422 obruas
3118 2365 3450 2422 intellectum

1857 2485 1923 2526 ac
1950 2470 2270 2540 sapientiam
2300 2465 2626 2532 resistentis,
2651 2460 2678 2502 ιι
2701 2460 3001 2533 principale
3026 2457 3234 2515 scilicet
3263 2455 3450 2514 cordis

1856 2563 1975 2634 ejus
2000 2572 2092 2619 tuo
2118 2560 2358 2634 pondere
2385 2557 2707 2631 praefocans.

1229 2724 1487 2781 ALARDI
1528 2724 1762 2783 GAZEI
1800 2722 2369 2784 COMMENTARIUS.

161 2832 373 2905 ligimns
394 2832 536 2889 aliud
554 2848 675 2889 esse
694 2833 909 2905 ingredi
928 2835 1139 2890 animas
1160 2848 1257 2892 seu
1279 2836 1426 2892 illabi
1447 2840 1742 2905 mentibus,

159 2903 305 2975 aliud
336 2905 539 2975 intrare
566 2919 663 2959 seu
696 2903 904 2973 ingredi
940 2920 1205 2975 corpora;
1237 2914 1294 2963 et
1321 2907 1620 2965 daemonem
1658 2903 1746 2965 in;

156 2974 312 3045 gredi
342 2974 570 3048 quidem
588 2989 749 3044 posse
787 2989 1039 3046 corpora,
1081 2974 1197 3032 Deo
1223 2980 1604 3048 permittente;
1641 2996 1747 3037 non

155 3044 592 3121 autemjingredi
633 3048 864 3115 animas,
886 3044 1001 3121 nisi
1028 3044 1335 3121 improprie
1372 3058 1426 3104 et
1466 3044 1749 3121 metapho-

154 3118 291 3193 riee,
323 3117 447 3193 dum
476 3117 530 3193 i_n
564 3126 845 3193 peccatum
892 3117 1108 3193 aliquod
1153 3117 1385 3193 mortale
1427 3137 1524 3189 per
1561 3117 1751 3193 sugge-

156 3190 393 3260 stionem
415 3186 641 3260 inducit.
655 3186 820 3242 autin
842 3202 909 3244 eo
923 3197 1067 3243 statu
1084 3186 1484 3260 impmnitentes
1503 3186 1708 3250 detinét
1733 3213 1745 3249 :

154 3259 435 3328 quomodo
463 3258 660 3313 dicitur
685 3260 910 3313 Satanas
939 3258 1174 3316 intrasse
1211 3263 1265 3316 in
1307 3262 1525 3327 Judam,
1559 3275 1612 3318 et
1641 3269 1741 3321 im-

153 3330 337 3402 plesse
365 3342 461 3385 cor
488 3331 736 3402 Ananiae,
778 3338 832 3402 et
871 3330 1134 3402 immundi
1164 3333 1388 3402 spiritus
1417 3332 1657 3392 habitare
1687 3339 1741 3394 in

154 3400 397 3474 homine,
431 3409 484 3456 et
513 3400 592 3474 ab
611 3415 677 3455 eo
703 3400 874 3474 exire.
907 3400 1092 3474 Neque
1118 3400 1296 3460 tamen
1322 3405 1393 3457 ita
1422 3419 1617 3474 corpus
1648 3408 1746 3466 ho-

153 3470 324 3526 minis
344 3470 555 3541 daemon
584 3469 901 3540 ingreditur,
932 3469 1064 3526 ut'ei
1096 3483 1367 3541 tamquam
1391 3469 1562 3531 forma
1586 3480 1743 3535 unia-

156 3550 271 3605 tttr,
300 3549 397 3596 aut
419 3540 473 3594 in
502 3540 598 3597 ilIo
623 3543 714 3608 sit,
743 3543 1011 3611 quomodo
1053 3542 1106 3597 in
1132 3540 1362 3612 corpore
1388 3545 1530 3603 Deus
1558 3549 1745 3607 intimo

151 3619 210 3667 et
254 3612 622 3688 essentialiter
655 3613 815 3688 ineSt,
856 3622 915 3669 ut
950 3615 1003 3669 in
1042 3616 1291 3672 omnibus
1321 3617 1486 3671 rebus
1527 3635 1625 3688 per
1653 3637 1743 3676 es-

152 3684 778 3753 sentiam,pr:esentiam
795 3692 847 3738 et
872 3687 1195 3753 potentiam;
1226 3688 1319 3742 sed
1345 3700 1427 3740 est
1447 3684 1745 3745 ihi'solnm-

151 3753 321 3808 modo
361 3764 421 3825 ut
466 3754 705 3825 inloco,
746 3754 830 3808 vel
871 3765 928 3809 ut
966 3766 1145 3812 motor
1182 3757 1233 3810 in
1275 3772 1374 3810 suo
1414 3760 1622 3825 mobili,
1654 3762 1742 3816 vel

151 3831 335 3948 ἔστιυῖ
366 3823 431 3965 in)
450 3823 641 3881 eodem
672 3840 890 3881 carcere
928 3840 1048 3881 cum
1082 3842 1174 3883 reo
1203 3827 1289 3898 (S.
1318 3827 1505 3885 Thom.
1538 3823 1652 3900 ιρζ,
1687 3848 1739 3901 q.

190 3936 205 3960 ,
238 3911 301 3949 ar
322 3934 343 3965 γ.
374 3916 408 3950 υ
441 3934 454 3947 .

190 3936 205 3960 ,
238 3902 343 3949 art.
374 3895 454 3960 5).

224 3974 268 4041 ﬁ
302 3964 419 4041 Qui
449 3981 490 4041 a_
517 3966 746 4041 _diabolo
787 3968 1083 4041 secundum
1129 3985 1325 4039 corpus
1369 3970 1738 4041 possidentur,

147 4034 363 4108 Latinis
405 4036 621 4105 quidem
664 4039 946 4108 arreptitii,
989 4039 1193 4096 Graecis
1227 4034 1739 4108 vero'dzemoniaci,

144 4106 237 4185 γει
269 4109 622 4185 inmaduisse
643 4106 921 4173 vocantur,
952 4111 1105 4185 quasi
1137 4113 1241 4166 acti
1272 4113 1339 4167 ab
1369 4115 1549 4185 aliquo
1578 4106 1745 4169 inex-l

143 4176 821 4251 istente','et'intrinsecus
848 4176 1041 4251 agente
1070 4181 1333 4237 daemone.
1369 4183 1427 4238 In
1457 4176 1537 4240 eis
1569 4189 1736 4251 enim,

141 4259 201 4301 ct
232 4263 339 4314 per
358 4263 473 4315 eos,
500 4258 558 4303 ut
580 4250 907 4319 experientia
940 4263 1123 4307 notmn
1154 4263 1258 4317 est,
1281 4256 1429 4307 varia
1454 4268 1505 4310 et
1535 4256 1739 4310 miran-

140 4320 215 4373 da
258 4330 559 4390 operantur
587 4319 884 4385 diemones,
918 4325 1283 4390 perturbando
1314 4326 1520 4379 scilicet
1549 4341 1737 4381 eorum

143 4404 360 4463 sensus
390 4389 678 4463 interiores
698 4400 754 4444 et
782 4389 1174 4463 exteriores,et
1205 4398 1500 4463 appetitum
1526 4397 1738 4452 illorum

144 4460 202 4513 in
263 4463 384 4532 lucc
438 4467 529 4514 aut
581 4461 667 4516 illa
729 4462 1090 4532 impellentcs,
1140 4479 1204 4519 ac
1242 4460 1501 4518 erunibus
1552 4482 1737 4521 eorum

144 4530 417 4585 membris
442 4538 516 4603 iet
555 4531 770 4597 organis
808 4530 913 4603 pro
952 4551 1046 4588 sua
1091 4537 1369 4589 voluntate
1400 4544 1630 4602 utentes,
1680 4547 1739 4592 nt

1850 2846 1909 2891 ut
1928 2836 2116 2902 vitam,
2141 2836 2212 2889 ita
2241 2843 2297 2890 et
2321 2840 2580 2898 mentem,
2609 2832 2660 2886 id
2690 2840 2796 2898 est,
2829 2832 3024 2886 mentis
3047 2841 3354 2901 sanitatem,
3385 2846 3444 2891 et

1845 2907 2109 2979 judicium
2147 2905 2251 2962 Job
2270 2905 2521 2979 eripere,
2559 2903 2792 2979 si__l)eus
2822 2903 3177 2972 permisisset,
3210 2918 3439 2974 quorum

1854 2973 2145 3055 utrumque
2174 2975 2353 3055 verbis
2377 2975 2482 3055 illis
2505 2973 2761 3055 inhibuit.
2863 3050 2874 3055 _
2912 3043 2925 3055 .

1924 3048 1951 3087 ἀ
1979 3044 2155 3105 Mente
2187 3046 2398 3103 scilicet
2425 3045 2755 3112 abalienata,
2788 3050 2882 3099 aut
2910 3044 2963 3099 in
2994 3044 3233 3104 furorem
3273 3060 3329 3106 et
3356 3054 3430 3109 in.

1852 3122 2060 3179 saniem
2091 3120 2330 3181 redacta,
2363 3124 2456 3172 aut
2488 3117 2701 3186 penitus
2727 3115 3006 3172 sullocata.
3034 3116 3268 3177 Mentem
3290 3122 3438 3181 enim

1852 3193 1993 3261 apud
2028 3202 2241 3249 veteres
2277 3189 2383 3245 dici
2415 3188 2713 3259 principale
2742 3188 2946 3261 cordis,
2977 3191 3223 3261 superius
3247 3208 3314 3249 ex
3345 3194 3433 3251 Di-

1851 3260 2015 3338 dyme
2041 3265 2345 3338 didicimus,
2374 3262 2463 3331 qui
2495 3269 2727 3338 mentem
2761 3272 2827 3338 et_
2845 3260 3145 3329 principale
3173 3266 3354 3338 cordis
3382 3276 3437 3323 et

1844 3330 2065 3410 adytum
2088 3336 2271 3410 cordis
2295 3330 2591 3410 nuncupat.
2624 3330 2733 3410 [Sec
2755 3332 2945 3410 m_inus_
2961 3343 3163 3410 aperte_
3169 3334 3437 3410 Origenes

1844 3402 2073 3481 Didytno
2102 3407 2373 3478 antiquior
2404 3402 2672 3481 homil.__
2710 3404 2761 3457 in
2796 3402 3040 3481 Exodum
3074 3419 3088 3460 ;
3119 3402 3321 3481 Potest,
3356 3408 3425 3481 in.

1845 3472 1981 3549 quil,
2009 3480 2147 3532 intra
2176 3472 2412 3549 se'agere
2439 3492 2562 3549 pars
2584 3472 2699 3537 illa,
2720 3490 2849 3549 _qua:
2875 3474 2928 3549 in
2970 3490 3027 3526 eo
3062 3484 3135 3549 est
3176 3480 3439 3549 pretiosis-

1842 3543 2239 3610 s'ima’omnium,
2261 3543 2398 3616 quod
2419 3543 2630 3614 quidam
2650 3543 2934 3616 principale
2952 3543 3123 3616 cordis
3139 3543 3435 3616 appellunt,

1843 3620 1937 3673 alii
1976 3613 2281 3671 rationalem
2303 3630 2503 3667 sensum
2530 3613 3037 3685 autuintellectualem
3066 3613 3427 3685 substantiam,

1844 3688 1922 3742 vel
1961 3688 2436 3758 quomodocumque
2470 3681 2725 3752 appellari
2768 3692 2932 3751 potest
2969 3683 3037 3758 in_
3066 3683 3234 3758 nobis‘
3258 3681 3427 3758 portio

1844 3752 2006 3812 nostri
2048 3759 2139 3809 illa
2178 3771 2266 3826 per
2305 3768 2457 3826 quam
2497 3765 2709 3826 capaces
2744 3766 2853 3805 esse
2881 3752 3148 3826 possimus
3193 3752 3313 3811 Dei.
3359 3756 3429 3812 Et

1845 3828 2033 3882 bomil.
2064 3828 2099 3895 2
2142 3821 2198 3879 in
2231 3822 2433 3895 Cantic.
2467 3838 2505 3885 t,
2549 3822 2849 3890 interprete
2879 3821 2941 3874 υ.
2975 3821 3327 3895 Ηὶιεινρηγιιιο,
3362 3831 3429 3883 ad

1845 3899 1975 3953 illud
2012 3916 2024 3951 :
2057 3894 2121 3949 In
2154 3894 2323 3949 medio
2344 3891 2553 3947 uberum
2578 3907 2808 3964 meorum
2830 3891 3249 3949 commorabitur.
3278 3899 3431 3964 Quis,

1845 3969 2039 4040 inquit,
2083 3970 2157 4021 ita
2197 3965 2396 4040 beatus,
2442 3974 2497 4017 ut
2538 3963 2719 4040 habeat
2761 3964 3010 4033 hospitem
3053 3967 3107 4018 in
3149 3963 3434 4040 principali

1845 4035 2019 4105 corde,
2044 4040 2098 4093 in
2121 4038 2288 4091 medio
2310 4035 2544 4097 uberum.
2570 4036 2620 4089 in
2649 4043 2853 4103 pectore
2872 4052 2965 4089 suo
2988 4035 3271 4091 sermonem
3296 4037 3432 4093 Dei!

1846 4110 1946 4168 Ubi
1981 4110 2264 4181 legendum
2296 4107 2351 4181 in
2378 4106 2657 4181 principali
2684 4107 2877 4181 cordis,
2912 4117 3061 4162 recte
3091 4116 3273 4181 intonet
3300 4109 3428 4164 Cia-

1844 4178 2056 4237 coniusI
2086 4180 2219 4236 Nam
2244 4187 2301 4235 et.
2320 4178 2385 4235 S.
2416 4179 2773 4249 Hieronymus
2801 4178 2897 4231 lib.
2931 4193 2945 4229 ι
2974 4189 3159 4232 contra
3187 4178 3430 4236 Iovinia-

1844 4268 1971 4309 num
2005 4269 2122 4322 cap.
2157 4253 2223 4307 17
2253 4252 2324 4305 ita
2358 4251 2488 4319 legit
2530 4268 2541 4302 :
2591 4249 2881 4303 Fratruelis
2918 4263 3067 4324 meus
3085 4249 3230 4324 mihi,
3264 4262 3309 4306 et
3340 4270 3430 4324 ego

1842 4324 1957 4389 illi;
1985 4326 2040 4378 in
2071 4318 2237 4377 medio
2263 4318 2474 4375 uberum
2500 4337 2732 4375 meorum
2757 4318 3176 4384 commorabitur,
3206 4322 3259 4373 in
3286 4318 3431 4387 priu-

1842 4396 2000 4464 cipali
2029 4395 2224 4455 cordis,
2252 4394 2338 4464 ubi
2361 4408 2527 4464 sermo
2558 4392 2653 4445 Dei
2684 4390 2832 4445 habet
2851 4389 3153 4464 hospitium,
3181 4391 3431 4464 allndeus

1843 4461 1909 4519 ad
1931 4467 2094 4522 verba
2121 4463 2396 4533 Origenis.
2423 4462 2549 4517 Ideo
2570 4472 2750 4516 autem
2781 4476 2955 4533 mens,
2978 4461 3090 4514 sive
3115 4462 3254 4533 ratio
3282 4462 3427 4533 prin-

1842 4535 2015 4604 cipale
2054 4530 2240 4591 cordis
2280 4535 2484 4590 dictum
2528 4534 2768 4604 videtur,
2807 4530 3111 4604 quodcum
3163 4530 3428 4604 Platonici

144 4603 235 4676 _vel
270 4602 542 4669 loquelam
574 4603 659 4676 vel
688 4602 929 4658 auditum
957 4607 1036 4660 eis
1065 4606 1330 4674 adimant,
1364 4611 1445 4659 vel
1489 4623 1607 4676 qua:
1636 4624 1733 4661 vo-
1764 4602 1814 4661 D
1842 4602 2133 4675 principale
2181 4606 2396 4668 animae,
2440 4604 2583 4671 quod
2619 4602 2986 4676 vocabantet;
3026 4604 3340 4675 ἡγεμονικὸν.
3372 4603 3428 4659 in

145 4670 271 4745 lunt
306 4688 404 4739 per
422 4687 527 4745 _eos
559 4674 897 4743 eloquuntur.
932 4677 1060 4744 Quze
1089 4670 1451 4745 quidem'lieri
1486 4670 1554 4732 ab
1584 4676 1739 4732 inha-

141 4740 368 4796 bitante
405 4740 678 4807 daemone,
700 4755 753 4799 et
785 4762 888 4799 non
924 4740 1075 4801 citra
1109 4740 1391 4801 hominem
1421 4751 1737 4815 constituto,

142 4821 304 4881 patet
329 4819 443 4886 tum
471 4828 537 4869 ex
556 4828 621 4868 eo
639 4816 779 4886 quod
805 4817 858 4870 in
886 4817 1178 4886 Evangelio
1202 4820 1359 4873 tones
1382 4821 1433 4873 in
1456 4822 1740 4876 curatione

142 4883 615 4960 daemoniacorum
657 4883 878 4960 dicatur
938 4883 1186 4960 Salvator
1239 4888 1509 4946 dasmones
1564 4906 1739 4960 expu-

143 4952 284 5031 lisse
321 4953 563 5031 iubendo
607 4964 664 5031 u_t
702 4957 771 5011 ab
813 4958 1116 5031 hominibus
1153 4961 1387 5025 exirent,
1433 4971 1542 5015 tum
1592 4952 1736 5031 quod

144 5024 479 5102 plerumque
523 5026 573 5102 in
622 5026 973 5102 daemoniacis
1022 5030 1150 5082 fiant
1193 5046 1462 5102 qllt£_llntt
1512 5024 1738 5102 possunt

146 5094 270 5149 lieri
312 5094 415 5149 nisi
460 5112 489 5149 a
533 5098 781 5151 dremone
824 5099 1173 5166 inexistente,
1210 5094 1281 5154 ἰιι
1330 5094 1653 5166 inﬂationes,
1684 5112 1739 5158 et

146 5167 258 5237 alia
290 5182 428 5237 qua:
466 5167 520 5220 in
562 5168 826 5237 possessis
868 5180 1181 5225 cernuntur.
1238 5172 1388 5227 Unde
1439 5174 1738 5227 communis

147 5236 529 5307 tbeoldgnrum
564 5236 849 5294 distinctio
889 5242 991 5295 hoc
1036 5241 1323 5295 discrimen
1371 5244 1556 5297 statuit
1599 5244 1741 5298 inter

146 5308 412 5381 obsessos
440 5318 825 5381 etpossessos,
854 5311 994 5381 quod
1025 5311 1076 5364 in
1105 5312 1186 5365 his
1209 5314 1280 5365 sit
1303 5312 1511 5366 daemon
1540 5321 1598 5367 ut
1626 5321 1745 5368 erat

147 5378 205 5431 in
242 5379 435 5431 statuis
467 5378 732 5434 idolorum
766 5378 1204 5451 nonnumquam:
1234 5384 1353 5437 illos
1381 5398 1510 5436 vero
1540 5386 1743 5437 extrin-

146 5462 313 5519 secus
344 5452 718 5504 tantummodo
748 5450 987 5519 divcxet,
1018 5450 1286 5518 obsideat,
1314 5464 1404 5506 aut
1429 5455 1735 5519 comitetur.

226 5518 254 5557 ι’
286 5520 361 5595 ρο
401 5522 781 5595 energnmenis
813 5518 978 5595 modo
1002 5524 1206 5595 dictum
1247 5534 1329 5577 est
1359 5521 1515 5592 (Cap.
1550 5540 1740 5595 prlece-

146 5590 353 5662 denti),
382 5606 616 5659 quorum
648 5590 767 5645 dum
792 5592 1001 5661 species
1031 5594 1115 5647 hic
1142 5590 1539 5662 exprimuntur.

99 5660 105 5669 ’
226 5672 265 5734 εν
284 5660 538 5717 Animam
579 5669 689 5714 tam
721 5663 789 5734 de
818 5665 927 5716 vita
956 5660 1229 5730 corporali
1256 5680 1414 5734 quam
1444 5664 1512 5717 de
1543 5665 1741 5721 mentis

141 5733 390 5793 sanitate
426 5742 705 5801 exponunt
743 5731 951 5788 Patres.
1004 5731 1439 5792 Potnisset'enim
1469 5735 1738 5805 diabolus,

464 5828 745 5889 Panos.
788 5826 1013 5889 XLIX.

1845 4671 2073 4732 cerehi-o
2112 4692 2234 4732 esse
2272 4684 2579 4737 censerent,
2621 4671 2913 4727 Christiani
2955 4687 2986 4726 e
3032 4671 3250 4728 diverso
3294 4676 3426 4732 illud

1843 4749 2023 4818 potius
2054 4750 2107 4800 in
2139 4747 2301 4818 corde
2330 4744 2700 4818 collo_ca_ndt_nn
2732 4750 3001 4818 putarent.
3039 4743 3192 4818 Unde
3229 4744 3425 4802 Iliero-

1843 4813 2037 4889 nymns
2077 4819 2127 4871 in
2166 4817 2325 4889 epist.
2356 4817 2421 4870 ad
2457 4814 2754 4889 Fabiolam,
2790 4813 2879 4889 ubi
2910 4813 3022 4889 agit
3050 4814 3119 4889 de
3148 4826 3307 4889 veste
3339 4831 3419 4874 sa-

1841 4884 2101 4944 cerdotali
2150 4905 2164 4941 :
2204 4884 2492 4952 'Qua’ritur,
2536 4885 2725 4957 inquit,
2767 4884 2853 4937 ubi
2893 4886 2958 4937 sit
3003 4886 3191 4940 anima:
3226 4888 3424 4957 princi-

1836 4960 1997 5027 pale?
2030 4958 2180 5011 Plato
2216 4959 2271 5011 in
2312 4959 2540 5017 cerebro,
2580 4955 2813 5027 Christus
2849 4967 3103 5027 _ntonstrat
3149 4958 3203 5009 in
3229 4955 3421 5012 'corde.

1839 5024 1985 5085 Beati
2012 5030 2205 5081 mundo
2234 5030 2407 5092 corde,
2440 5027 2681 5090 quoniam
2707 5026 2807 5097 ipsi
2836 5024 3002 5079 Deum
3032 5028 3301 5097 videbunt;
3329 5037 3385 5082 et
3407 5070 3420 5082 .

1841 5100 1921 5156 De
1945 5101 2099 5153 corde
2127 5098 2405 5167 procedunt
2430 5095 2763 5169 cogitationes
2779 5097 2971 5169 malle;
2996 5109 3048 5169 et
3080 5112 3099 5148 :
3125 5095 3264 5161 Quid
3286 5100 3428 5169 cogi—

1844 5174 1965 5226 tatis
2006 5166 2221 5237 nequam
2259 5169 2313 5221 in
2352 5167 2598 5221 cordibus
2638 5166 3076 5237 restrislMatth.
3111 5182 3159 5219 ν.
3195 5181 3269 5231 tx,
3301 5166 3426 5233 xv)?

1843 5242 1991 5297 Idem
2034 5236 2230 5294 ducent
2273 5238 2631 5293 Tertullianus
2671 5238 2764 5291 lib.
2814 5236 2883 5291 de
2924 5238 3116 5292 Anima
3162 5251 3280 5305 cap.
3335 5238 3424 5306 15,

1845 5311 2215 5367 'l‘heodoretus
2247 5320 2386 5367 orat.
2416 5310 2449 5363 5
2472 5312 2539 5363 de
2568 5308 2928 5380 Providentia,
2960 5306 3257 5380 Gregorius
3284 5306 3424 5380 Nys.

1846 5398 2007 5438 senus
2036 5394 2177 5436 orat.
2214 5382 2238 5435 1
2273 5380 2340 5435 de
2368 5379 2790 5435 Resurrectiune
2816 5379 3034 5438 Christi.
3055 5377 3248 5445 quibus
3280 5377 3425 5448 prin-

1846 5455 2020 5522 cipale
2049 5453 2249 5507 dicitur
2279 5453 2632 5521 principatus,
2661 5450 2749 5506 vel
2780 5448 3212 5522 utTerttrlliano
3234 5451 3428 5518 princi-

1844 5519 2051 5592 palitas,
2079 5524 2130 5578 id
2157 5534 2259 5586 est,
2280 5519 2559 5592 praecipua
2588 5523 2745 5578 sedes
2767 5520 2979 5592 animm.
3011 5519 3171 5575 Solus
3198 5519 3428 5592 Lactan-

1844 5591 2118 5669 tius_(Lib.
2148 5595 2210 5649 de
2242 5591 2432 5669 Opiﬁc.
2462 5592 2631 5669 Deic.
2666 5592 2755 5663 I6)
2788 5592 2842 5669 in
2884 5591 3049 5669 dt_t_bio
3084 5591 3234 5660 ponit
3271 5594 3426 5669 atrin

1841 5662 2011 5724 corde
2037 5682 2103 5721 an
2131 5662 2357 5722 cerebro
2385 5666 2456 5721 sit
2484 5665 2644 5721 sedes
2673 5662 2891 5720 mentis.
2927 5663 3122 5719 Verum
3155 5665 3426 5731 poSIerins

1843 5736 1946 5794 hoc
1972 5738 2037 5794 υ.
2068 5737 2429 5810 Hieronymus
2459 5736 2772 5794 nominatim
2798 5736 3076 5807 impugnat
3105 5735 3194 5790 ubi
3225 5751 3411 5808 supra;

2874 5837 2953 5895 22
