4026 6204
608 315 770 412 s083

1258 416 1484 479 CAPUT
1522 416 1665 475 Xlll.

704 520 860 593 Quod
888 517 1104 592 spiritus
1134 514 1341 593 spiritui
1374 512 1844 593 penetrabilis-esse
1886 530 1989 569 non
1999 515 2177 587 .possit
2198 554 2213 583 ,

1103 580 1193 643 sed
1222 580 1527 657 incorporeo
1560 582 1659 639 soli
1690 580 1820 639 Deo.

738 718 767 750 ι
791 706 902 764 Nec
925 704 1070 762 enim
1099 703 1145 758 si
1174 714 1374 758 crassa:
1406 698 1531 755 huic
1560 698 1857 769 solidaeque
1887 700 2127 756 materiae
2145 739 2160 765 ,
2196 696 2251 753 id

669 811 785 870 est,
815 797 969 855 carni
1013 796 1238 867 spiritus
1281 794 1632 860 admiscetur,
1663 792 1808 863 quod
1837 793 1956 848 ﬁeri
1996 791 2251 847 facillime

657 901 881 967 potest,
913 892 1116 949 idcirco
1144 898 1201 947 et
1237 889 1469 957 animae,
1503 902 1623 959 qua:
1662 886 1847 942 itidem
1878 885 2104 957 spiritus
2128 893 2242 950 est,

655 985 733 1045 ita
776 986 917 1043 uniri
962 998 1122 1056 posse
1159 982 1422 1049 creditur,
1473 989 1532 1036 ut
1576 995 1695 1036 eam
1737 994 1951 1050 quoque
1995 978 2248 1033 similiter

656 1092 773 1137 suae
802 1086 1012 1136 natura
1037 1075 1232 1133 reddat
1262 1088 1541 1144 capacem.
1564 1073 1721 1143 Quod
1746 1073 1849 1128 soli
1875 1080 1960 1127 est
1988 1069 2247 1141 possibile

657 1173 914 1231 Trinitati
941 1215 957 1242 ,
1005 1186 1127 1241 quas
1174 1170 1255 1225 sic
1298 1169 1568 1225 universas
1610 1164 1998 1222 intellectualis
2043 1172 2247 1221 natura:

656 1263 894 1323 eflicitur
945 1262 1315 1336 penetratrix,
1378 1270 1437 1318 ut
1483 1276 1595 1318 non
1647 1260 1825 1316 solum
1871 1255 2246 1326 circumplecti

1722 270 2000 361 .iOANNlS
2039 300 2351 361 CASSIANI
2388 290 2884 358 occurremus.

2285 422 2341 482 Α
2364 432 2483 474 eam
2511 423 2675 488 atque
2696 416 2908 472 ambire
2927 455 2944 483 ,
2976 413 3073 473 sed
3100 412 3265 472 etiam
3308 412 3461 473 illabi
3486 414 3537 475 ei
3560 461 3575 485 ,
3605 424 3661 475 et
3687 414 3826 475 velut
3850 420 3931 477 in-

3833 296 3929 362 088

2357 524 2619 580 corporea
2650 508 2867 579 corpori
2896 506 3067 578 possit
3093 507 3301 565 infundi
3330 508 3493 582 (Vide
3514 520 3695 565 notata
3713 515 3929 583 superius

2356 604 2424 657 ad
2449 618 2565 674 cap.
2583 600 2698 669 10).
2722 599 2877 656 Licet
2896 601 3041 657 enim
3068 602 3480 671 pronuntiemus
3510 605 3797 663 nonnullas
3820 623 3929 665 esse

2355 698 2632 770 spiritales
2662 705 2882 752 naturas
2900 736 2919 765 ,
2951 706 3010 753 ut
3033 706 3166 754 sunt
3191 697 3374 769 angeli
3395 738 3411 765 ,
3440 698 3757 770 archangeli
3781 710 3930 756 cate-

2355 807 2539 862 razque
2564 791 2791 846 virtutes
2810 833 2824 857 ,
2851 791 2968 857 ipsa
2996 804 3213 861 quoque
3238 791 3415 846 anima
3439 802 3627 848 nostra
3644 831 3662 859 ,
3689 792 3777 849 vel
3798 805 3931 851 certe

2353 899 2447 942 aer
2494 882 2600 939 iste
2650 882 2898 951 subtilis,
2944 881 2973 921 δ
3016 891 3199 941 tamen
3245 881 3586 954 incorporea
3638 883 3931 941 nullatenus

2353 973 2675 1033 aestimanda
2703 984 2852 1030 sunt.
2904 972 3119 1031 Habent
3160 973 3304 1031 enim
3343 974 3642 1031 secundum
3673 990 3932 1046 secorpus

2351 1081 2461 1138 quo
2487 1065 2813 1133 subsistunt,
2838 1065 2968 1124 licet
2996 1066 3167 1123 multo
3199 1066 3417 1122 tenuius
3445 1082 3611 1138 quam
3640 1084 3763 1125 nos.
3810 1069 3931 1126 Nam

2350 1168 2479 1217 sunt
2506 1174 2738 1231 corpora
2767 1158 3067 1225 secundum
3098 1159 3353 1230 Apostoli
3393 1162 3725 1235 sententiam
3755 1162 3825 1217 ita
3853 1164 3935 1219 di-

2352 1257 2524 1314 centis
2544 1273 2563 1309 :
2596 1256 2667 1313 Et
2693 1273 2913 1331 corpora
2937 1257 3164 1315 «nimia
3186 1264 3236 1314 et
3266 1257 3530 1317 terrestria
3558 1257 3619 1331 (ι
3646 1258 3768 1315 Cor.
3797 1262 3933 1332 sv),

1718 1370 1977 1427 ALARDI
2016 1366 2251 1425 GAZJEI
2285 1364 2852 1429 COMMENTARIUS.

654 1505 713 1555 et
737 1511 906 1553 sacrae
931 1494 1128 1551 litterae
1154 1492 1324 1562 magis
1351 1489 1719 1554 consentiunt,
1737 1501 1869 1562 quae
1890 1483 2250 1562 cogitationes

653 1563 889 1625 hominis
925 1566 981 1621 in
1018 1565 1183 1621 corde
1213 1558 1296 1619 vél
1333 1564 1384 1617 in
1420 1569 1643 1631 pectore
1668 1559 1937 1631 collocare
1967 1558 2243 1631 videntur.

652 1640 795 1696 liine
834 1639 896 1693 D.
932 1636 1251 1693 Ambrosius
1294 1625 1462 1691 serui.
1504 1634 1565 1688 li
1617 1633 1670 1685 in
1714 1629 1853 1697 psal.
1894 1642 2059 1681 cxvm
2099 1645 2111 1677 :
2146 1625 2251 1697 Cor

653 1695 823 1776 tuum,
853 1708 1049 1777 inquit,
1091 1707 1472 1778 «τοςιξιιιιίοηαηι⁸
1492 1714 1695 1778 tuarum
1718 1695 1795 1755 est
1824 1697 2105 1770 scaturigo.
2143 1695 2249 1752 Eu-

656 1782 781 1839 dem
811 1773 1049 1853 pertinet
1077 1773 1206 1833 illud
1238 1774 1475 1831 Lucretii
1505 1773 1599 1829 lib.
1627 1787 1685 1828 ιιι
1719 1790 1730 1825 :

751 1915 1035 1976 Consilium,
1052 1914 1183 1979 quod
1207 1927 1297 1965 nos
1320 1915 1559 1979 animum,
1578 1918 1899 1979 mentemque
1924 1924 2182 1973 vocamus;

745 1980 903 2045 quue
921 1975 1254 2031 situm'media
1274 1978 1485 2041 regione
1509 1976 1558 2025 in
1582 1975 1800 2039 pectoris
1821 1975 1997 2025 haeret.

653 2126 713 2202 in
743 2144 847 2202 qua
876 2129 1038 2202 etiam
1084 2126 1349 2202 sententia
1392 2139 1490 2202 eos
1531 2124 1702 2202 fuisse
1743 2124 2014 2202 signiﬁcat
2054 2124 2246 2179 Cicero

652 2196 874 2257 Tuscul.
906 2201 1110 2271 Quaest.
1146 2199 1241 2254 lib.
1274 2214 1328 2267 t,
1360 2200 1455 2271 qui
1486 2196 1780 2271 prudentes
1804 2196 2059 2271 cordatos
2088 2210 2246 2271 voca-

650 2273 820 2338 bant,
867 2264 953 2351 ea:w
977 2272 1279 2351 quo__etiam
1301 2264 1321 2331 ,⁷
1366 2264 1542 2351 inquit
1566 2309 1583 2351 ι
1608 2268 1878 2351 excordes
1902 2312 1916 2337 ,
1970 2264 2241 2349 vecordes,

652 2338 1033 2427 concordesque
1060 2343 1327 2427 dicuntur.
1362 2338 1536 2427 Quam
1565 2338 1765 2427 itiden‘t‘
1793 2338 2115 2427 sententiam
2158 2350 2242 2393 se.

652 2416 845 2487 quitur
866 2410 1187 2487 Aristoteles
1205 2413 1314 2487 lib.
1351 2411 1418 2466 de
1443 2412 1617 2487 Sensit
1647 2410 1951 2487 etASensib.

734 2494 759 2523 α
793 2485 848 2539 id
880 2493 999 2551 est,
1031 2484 1136 2539 etsi
1188 2483 1424 2541 daemon.
1463 2481 1555 2549 qui
1596 2482 1817 2551 spiritus
1860 2492 1979 2547 est,
2011 2495 2239 2547 corpora

655 2557 928 2612 subintret
955 2564 1011 2611 et
1040 2554 1350 2622 possideat,
1384 2568 1491 2609 non
1522 2552 1646 2608 inde
1677 2567 2016 2620 consequens
2060 2560 2143 2607 est
2186 2561 2242 2606 ut

652 2639 705 2683 et
758 2629 969 2682 animas
1015 2626 1329 2681 subintrare
1377 2634 1430 2679 et
1482 2634 1771 2691 penetrare
1823 2626 2029 2692 possit;
2088 2623 2239 2693 quasi

652 2714 784 2755 vero
814 2699 989 2753 anima
1020 2696 1255 2751 hominis
1275 2738 1290 2762 ,
1324 2711 1443 2766 quae
1474 2704 1559 2750 est
1589 2696 1760 2749 forma
1792 2696 2043 2766 corporis
2068 2738 2081 2761 ,
2113 2696 2241 2766 sub-

654 2770 802 2825 tilior
836 2771 911 2823 sit
958 2767 1275 2839 spiritibus,
1325 2764 1379 2822 id
1432 2775 1550 2839 est.
1603 2764 2241 2839 darmonibus,_homines

650 2841 882 2896 subinde
918 2837 1349 2911 possidentibus.
1396 2841 1465 2911 At
1508 2838 1602 2895 hic
1628 2844 1789 2894 error
1831 2854 1862 2894 e
1901 2837 2087 2897 schola
2118 2838 2238 2895 Pla-

653 2913 835 2967 tonica
860 2912 990 2967 olim
1022 2913 1130 2966 late
1157 2925 1216 2965 se
1248 2910 1482 2966 diil'udit.

723 2984 751 3023 b
780 2984 1016 3055 Angelos
1038 2983 1157 3037 sive
1181 2982 1374 3055 bonos,
1403 2982 1524 3037 sive
1554 2981 1730 3038 malos
1749 3021 1765 3048 ,
1796 2980 1849 3055 id
1879 2989 1966 3037 est
1985 3023 2000 3047 ,
2034 2979 2237 3055 daemo-

649 3068 750 3112 nes
778 3053 886 3111 non
912 3069 1034 3111 esse
1059 3054 1281 3108 omnino
1309 3053 1662 3120 incorporeos
1680 3094 1694 3117 ,
1736 3054 1832 3111 sed
1871 3053 2191 3123 corporibus
2216 3096 2229 3119 ,

649 3138 746 3183 aut
774 3126 953 3183 aereis
975 3167 989 3190 ,
1018 3135 1109 3179 aut
1135 3124 1515 3179 subtilissiniis
1544 3126 1803 3194 prmditos
1825 3165 1839 3185 ,
1869 3134 2022 3179 vetns
2052 3123 2149 3194 fuit
2180 3133 2233 3181 et

648 3200 863 3284 vulgata
894 3199 1185 3284 multorum
1207 3192 1820 3284 etiam‘ortlt‘odoxorum
1846 3196 2037 3284 opinio.
2054 3192 2232 3284 ent->13.

649 3266 957 3326 tonicorum
984 3269 1186 3323 scholis
1214 3276 1456 3334 accepta.
1490 3266 1602 3320 Etsi
1631 3266 1776 3319 enim
1806 3267 1937 3319 satis
1966 3266 2231 3335 intellige-

649 3316 1464 3407 ;;'.;i'i:'h¥ign.;;;i{senatus
1490 3316 1719 3401 nam;
1730 3316 2230 3407 gnansei's‘aai-
2260 3316 2305 3379 C

650 3413 789 3466 tales
813 3424 939 3466 esse
966 3419 1276 3470 creaturas.
1308 3422 1414 3462 non
1446 3407 1519 3460 ita
1548 3414 1732 3461 tamen
1764 3407 1816 3461 id
1849 3406 2231 3475 accipiebant,

648 3480 806 3553 quasi
837 3484 1015 3535 omnis
1044 3480 1291 3534 materia:
1329 3488 1386 3533 et
1426 3479 1675 3553 corporis
1715 3486 1902 3553 essent
1941 3490 2230 3549 expertes,

649 3544 746 3609 sed
776 3553 919 3624 quod
964 3553 1038 3607 ita
1081 3552 1262 3606 tenuia
1301 3560 1355 3604 et
1393 3548 1607 3604 subtilia
1648 3544 1918 3624 haberent
1962 3544 2229 3624 corpora,

650 3635 710 3703 ut
727 3619 1159 3703 comparatione
1180 3636 1390 3703 rerum
1412 3619 1778 3703 corporalium
1806 3632 1862 3703 et
1887 3620 2230 3703 sensibilium

647 3696 824 3753 videri
874 3692 1097 3766 possent
1139 3693 1430 3766 etmerito
1470 3692 1787 3766 dicerentur
1824 3693 2142 3766 incorporei
2173 3702 2229 3748 et

648 3764 925 3838 spiritales
952 3784 965 3819 :
994 3764 1538 3838 quemadmodumet
1564 3764 1709 3838 venti
1741 3764 1991 3838 dicuntur
2016 3764 2231 3838 spiritus

653 3835 1024 3907 procellarum
1048 3835 1223 3907 (Psal.
1252 3835 1523 3905 CXLVIII),
1556 3836 1781 3907 etiamsi
1802 3845 1994 3907 ventus
2024 3850 2127 3907 non
2161 3835 2231 3891 sit

648 3905 872 3966 omnino
901 3905 1283 3977 incorporeus,
1308 3908 1465 3962 sicuti
1494 3921 1592 3959 nec
1617 3921 1735 3961 aer.
1767 3906 1838 3959 [lu
1864 3905 2228 3977 Tertttllianus

647 3982 749 4037 lib.
779 3983 847 4038 de
872 3975 1101 4036 Veland.
1135 3978 1372 4048 Virgin..
1420 3978 1674 4048 Clemens
1719 3976 1981 4031 Alexand.
2006 3975 2147 4048 lib,
2169 3992 2227 4031 lii

646 4054 851 4109 Strom.
875 4092 889 4114 .
930 4050 1075 4106 Basil
1121 4049 1214 4104 lib.
1236 4045 1329 4104 'de
1372 4048 1577 4117 Spiritu
1607 4047 1806 4102 Sancto
1838 4062 1959 4115 cap.
1998 4045 2062 4101 i6
2084 4090 2098 4111 ,
2128 4047 2230 4102 La-

646 4125 887 4178 ctantius
915 4123 1012 4177 lib.
1047 4136 1083 4175 ll
1113 4121 1232 4175 Div.
1267 4121 1501 4175 lnstitut.
1534 4133 1657 4183 cap.
1686 4117 1753 4174 15
1776 4157 1790 4181 ,
1817 4126 1871 4171 et
1892 4118 2227 4188 AuguStinus

647 4204 763 4247 tum
792 4196 843 4247 in
876 4193 975 4248 lib.
1009 4194 1077 4246 de
1103 4191 1261 4246 Civil.
1299 4192 1393 4245 Dei
1440 4188 1683 4257 pluribus
1714 4190 1766 4243 itt
1798 4188 1933 4243 locis
1954 4186 2129 4252 {tum
2172 4186 2224 4245 in

644 4263 742 4318 lib.
778 4263 847 4318 de
875 4262 1073 4318 Genesi
1104 4262 1171 4315 ad
1204 4262 1435 4317 litteram
1467 4277 1481 4314 :
1517 4270 1576 4313 ut
1603 4262 1795 4314 mirum
1830 4275 1936 4315 non
1966 4260 2037 4315 sit
2064 4262 2224 4315 etiam

644 4333 794 4389 hunc
823 4333 1074 4388 abbatem
1105 4332 1369 4389 Serenum
1413 4332 1516 4386 ltac
1551 4331 1809 4400 opinione
1850 4330 2015 4386 fuisse
2053 4330 2229 4387 imbu-

643 4413 783 4460 tum.
839 4404 996 4471 Quod
1046 4413 1223 4458 autem
1268 4404 1335 4458 ad
1384 4402 1592 4457 animas
1648 4405 1938 4457 rationales
1993 4404 2223 4471 attinet,

643 4492 779 4547 quas
823 4475 1011 4531 itidem
1046 4473 1653 4547 incorporeasperinde
1682 4487 1746 4547 ac
1773 4474 1997 4547 angelos
2024 4489 2225 4547 negare

642 4544 884 4615 videtur,
918 4547 1015 4602 fuit
1046 4546 1160 4601 haec
1197 4547 1360 4602 etiam
1391 4544 1712 4599 Tertulliani
1758 4545 1942 4613 cpinio
1973 4545 2127 4609 (Lib.
2161 4548 2225 4598 de

644 4618 857 4687 Anima)
881 4657 895 4685 ,
926 4621 1013 4674 vel
1048 4619 1225 4685 potius
1255 4616 1668 4671 deliramentum
1692 4658 1706 4681 ,
1738 4624 1797 4670 ut
1826 4625 1983 4670 vocat
2014 4616 2077 4687 D.
2112 4619 2225 4671 Au-

2359 1484 2655 1554 angelicam
2698 1484 2951 1543 videlicet
2997 1493 3052 1544 et
3100 1486 3463 1555 mundanam,
3517 1489 3610 1549 ubi
3655 1494 3937 1555 manifeste

2359 1557 2719 1636 distinguitur
2751 1558 3017 1636 spiritalis
3054 1570 3303 1636 creatura
3326 1599 3343 1627 ,
3391 1561 3448 1617 id
3489 1574 3605 1623 est.
3638 1568 3879 1636 angelica
3909 1586 3934 1624 a

2358 1630 2663 1707 corporali.
2686 1628 2933 1707 Denique
2976 1631 3109 1707 quia
3144 1632 3327 1707 plures
3368 1644 3424 1689 et
3462 1628 3936 1707 pleriquevPstres

2361 1707 2468 1753 tam
2492 1698 2666 1755 Grieci
2699 1698 2858 1770 quam
2892 1698 3071 1755 Latini
3096 1698 3161 1754 in'
3182 1703 3281 1757 hac
3311 1698 3582 1760 sententia
3610 1698 3937 1766 conveniunt

2360 1778 2415 1825 et
2446 1771 2773 1851 unanimiter
2804 1772 3002 1826 docent
3031 1773 3254 1843 angelos
3280 1782 3389 1829 tum
3420 1776 3595 1831 bonos
3625 1786 3740 1834 tum
3768 1782 3935 1838 malos

2358 1842 2596 1918 om_nino_
2631 1842 2981 1918 incorporeas
3020 1842 3144 1918 esse
3168 1884 3184 1911 ,
3230 1855 3289 1918 et
3339 1851 3589 1918 materiai
3640 1865 3931 1918 expertes:

2275 1919 2325 1980 B
2351 1926 2382 1968 e
2424 1911 2631 1996 Graecis
2677 1914 2965 1996 Dionysius
3006 1912 3327 1996 greopmde
3372 1916 3599 1996 Caelesti
3643 1911 3932 1996 [licuit-ch.

2350 1998 2480 2063 cap:
2505 1985 2539 2037 2
2568 1993 2623 2038 et
2660 1984 2727 2039 de
2771 1984 2974 2063 Divinis
3018 1986 3337 2063 ﬂuminibus
3374 1988 3609 2063 cap},
3640 1992 3929 2063 Gregorius

2350 2053 2698 2133 iiazianzﬁen.‘
2729 2066 2870 2133 or_at.
2919 2057 2954 2110 2
3004 2055 3091 2133 de_
3122 2055 3420 2129 Theologia
3446 2053 3932 2133 ,'__Cltrysosionius

2351 2124 2543 2206 homil.
2573 2126 2645 2206 22
2688 2126 2741 2183 in
2772 2126 2972 2206 Genus.
2995 2168 3011 2195 ,
3059 2124 3570 2206 Dantascerius'lib:
3604 2124 3672 2206 ti;
3696 2149 3817 2206 cap.
3864 2139 3927 2201 ὅς

2349 2212 2403 2273 e_
2426 2197 2629 2273 Latinis
2678 2213 2815 2273 unus
2852 2200 2975 2273 vice
2997 2200 3239 2273 0tn_uiutn
3270 2200 3503 2273 sufﬁciat
3538 2202 3601 2256 D.
3634 2197 3927 2273 Gregorius

2350 2267 2444 2349 lib.
2491 2284 2543 2322 tv
2584 2267 2771 2323 Mora].
2818 2285 2918 2349 cap
3056 2266 3236 2349 Quas,
3280 2270 3484 2349 inquit,
3533 2274 3603 2326 ad
3645 2266 3932 2349 intelligen-

2348 2340 2471 2416 dum
2501 2357 2554 2393 se
2580 2350 2842 2416 creaturas
2889 2341 3007 2410 fecit
3054 2341 3194 2394 Deus
3219 2384 3232 2405 ,
3284 2340 3572 2416 appetierint
3610 2340 3849 2402 videtin?
3885 2360 3927 2402 et

2346 2407 2665 2483 humanam;
2690 2414 2781 2465 sed
2811 2407 2914 2466 una
2958 2421 3157 2482 tegmen
3202 2407 3377 2469 carni;
3420 2414 3637 2483 habuit,
3685 2420 3926 2477 etiam

2347 2480 2477 2562 nil-ti!
2524 2483 2899 2562 inﬁrmuin_de
2952 2480 3109 2562 carne
3155 2487 3390 2559 gestavit.
3441 2480 3672 2562 Angelus
3714 2508 3927 2562 namque

2345 2550 2907 2629 solurnntodospiritus
2933 2566 3002 2609 est
3024 2598 3038 2621 ,
3069 2550 3368 2629 [tantopere
3395 2550 3685 2629 et_spiritus
3706 2573 3757 2617 et
3782 2550 3921 2619 ccio.

2346 2621 2424 2677 ita
2454 2624 2749 2695 Gregorius
2776 2622 2938 2698 (Vide
2965 2624 3198 2680 eumdem
3229 2626 3321 2681 lib.
3354 2643 3413 2682 tv
3438 2621 3577 2683 Dial.
3606 2645 3653 2686 c.
3682 2632 3717 2685 5
3736 2634 3775 2697 ).
3810 2632 3927 2688 Cre-

2347 2703 2517 2749 terum
2564 2710 2671 2769 non
2718 2697 3205 2769 estAimprobabiie
3248 2700 3390 2766 quod
3436 2700 3675 2756 nonnulli
3706 2703 3919 2769 dicunt,

2349 2766 2712 2845 veteresilios
2742 2766 2833 2836 qui
2862 2769 2929 2821 de
2956 2770 3270 2839 angelorum
3302 2784 3366 2825 ac
3395 2770 3700 2845 daemonum
3730 2766 3919 2845 corpus

2343 2837 2493 2910 ribus
2516 2837 2673 2893 aliter
2696 2848 2985 2894 senserunt
3007 2837 3103 2906 {et
3124 2855 3441 2910 corpoream
3467 2843 3549 2897 eis
3572 2837 3917 2900 substantiam

2346 2909 2680 2974 tribuerunt,
2712 2910 2930 2965 nomine
2955 2915 3204 2978 corporis
3229 2909 3338 2966 non
3369 2912 3710 2970 intellexisse
3740 2931 3913 2973 verunt

2343 2994 2575 3053 corpus,
2619 2984 2920 3053 quantitate
2966 2981 3251 3049 videlicet,
3300 2997 3363 3038 ac
3402 2984 3547 3039 mole
3589 2986 3871 3053 praeditum
3898 3030 3911 3053 .

2342 3052 2438 3129 sed
2466 3052 2689 3129 omnem
2709 3052 3066 3108 subsmntiam
3096 3067 3311 3129 quoquo
3339 3055 3500 3129 modo
3527 3052 3914 3129 compositam;

2340 3123 2414 3178 ita
2456 3132 2513 3179 ut
2554 3123 2718 3199 idsit
2758 3138 3080 3192 corporeum
3129 3123 3270 3199 quOd
3313 3126 3487 3199 aliqua
3532 3123 3918 3199 compositione

2338 3203 2585 3261 constat,
2626 3197 3003 3265 incorporeum
3047 3195 3187 3265 quod
3219 3197 3366 3251 omni
3396 3195 3799 3265 compositione
3842 3218 3917 3257 ca-

2339 3276 2463 3320 ret:
2496 3282 2598 3337 qua
2644 3268 2853 3342 ratione
2898 3268 3045 3342 solus
3085 3266 3633 3342 Deus‘vererdicatur
3679 3275 3916 3342 incorpo-

2339 3352 2463 3410 reus
2485 3382 2498 3405 ,
2534 3345 2591 3410 ut
2620 3338 2779 3410 paulo
2812 3346 2934 3407 post
2962 3338 3146 3410 subdit
3168 3336 3343 3410 abbas
3372 3340 3650 3410 Serenus;
3683 3346 3822 3400 sicut
3840 3336 3915 3399 ’ἀί-

2338 3408 2477 3462 citur
2517 3408 2663 3462 solus
2702 3408 3029 3465 immortalis
3074 3417 3129 3464 et
3164 3408 3491 3470 invisibilis.
3519 3408 3645 3466 cum
3675 3418 3747 3470 sit
3774 3429 3913 3470 actus
3980 3412 3981 3427 ‘

2336 3478 2657 3554 purissimus
2685 3488 2740 3533 et
2761 3478 3215 3554 simplicissimus
3231 3480 3308 3554 ab
3336 3455 3491 3554 omni
3976 3474 3979 3551 1

2333 3547 2475 3623 sicut
2503 3557 2555 3623 et
2584 3547 3118 3623 mutatione—alienus
3143 3547 3303 3623 (Vide
3323 3550 3529 3608 Sixtum
3551 3547 3749 3610 Serica.
3777 3558 3865 3611 lib.
3886 3574 3911 3611 ι
3974 3598 3975 3613 η

2332 3616 2609 3697 Bihliotltq
2637 3630 2816 3697 anno}.
2852 3620 2884 3679 8
2914 3631 2959 3675 et
2994 3620 3115 3697 H2,
3145 3616 3191 3697 et
3217 3619 3305 3677 lib.
3340 3637 3423 3687 vi,
3456 3636 3630 3678 auuol.
3662 3625 3784 3697 31).
3818 3630 3911 3683 An-

2331 3691 2438 3761 geli
2484 3707 2609 3747 vero
2655 3692 2720 3746 ad
2773 3693 2938 3748 Deum
2985 3692 3207 3762 collati,
3256 3696 3467 3763 crassi,
3510 3691 3827 3755 tnateria'les
3865 3710 3907 3754 et

2333 3764 2600 3841 corporei
2629 3765 2822 3841 merito
2869 3764 2977 3819 dici
3024 3773 3283 3834 possunt,
3335 3781 3443 3822 non
3496 3770 3721 3837 quidem
3774 3771 3903 3841 quod

2330 3835 2952 3910 subetantiamltabeant
2973 3850 3287 3910 corpoream
3312 3882 3325 3907 ,
3353 3853 3417 3893 ex
3443 3835 3547 3910 qua
3575 3835 3905 3903 coalescant;

2330 3904 2423 3981 sed
2452 3908 2577 3975 quia
2616 3922 2643 3959 a
2688 3907 2780 3981 Dei
2826 3904 3177 3981 simplicitate
3218 3918 3270 3963 et
3312 3904 3546 3978 puritate
3592 3927 3761 3981 usque
3787 3915 3906 3966 adeo

2331 3976 2533 4052 distant
2552 4021 2571 4052 ,_
2617 3986 2673 4032 ut
2706 3977 2832 4052 ejus
2874 3977 3283 4052 comparatione
3312 3976 3481 4052 quasi
3534 3976 3819 4052 corporei,
3863 3992 3904 4036 et

2330 4049 2638 4126 ntaleriales
2669 4048 2954 4104 videantur
2982 4052 3000 4117 (
3131 4048 3381 4126 Thom.)
3424 4071 3506 4126 τῃ,
3534 4070 3586 4126 q.
3624 4048 3720 4124 3).
3753 4048 3903 4109 Minus

2329 4118 2470 4190 enim
2502 4130 2584 4190 est
2615 4118 2753 4174 inter
2783 4134 2909 4186 eos,
2942 4133 2994 4174 et
3025 4118 3194 4176 Deum
3228 4118 3584 4190 perfectionis
3630 4118 3833 4180 natura:
3858 4133 3900 4177 et

2329 4186 2613 4262 dignitatis,
2634 4190 2984 4246 interstitiunt
3008 4233 3023 4256 ,
3051 4186 3389 4262 quant—inter
3418 4204 3618 4250 terram
3648 4208 3705 4252 et
3733 4210 3899 4262 supre-

2329 4274 2474 4313 mum
2518 4261 2793 4332 ccelestem
2835 4264 3105 4332 spiritum.
3152 4263 3277 4319 limo
3318 4266 3461 4319 enim
3506 4266 3643 4321 finiti
3684 4269 3751 4322 ad
3795 4261 3899 4321 ﬁni-

2330 4340 2479 4399 tum,
2512 4330 2623 4385 illic
2664 4347 2796 4388 vero
2835 4330 2968 4388 tiniti
3015 4334 3078 4388 ad
3122 4334 3387 4389 infinitum
3432 4346 3516 4390 est
3558 4338 3797 4392 collatio.
3835 4338 3897 4391 ita

2326 4399 2521 4477 docent
2555 4401 2766 4477 lintres.
2806 4401 3097 4477 Gregorius
3134 4404 3228 4459 lib.
3275 4408 3513 4461 secundo
3556 4408 3749 4463 Moral.
3788 4424 3893 4477 cap.

2328 4473 2487 4553 tertio
2518 4492 2527 4522 :
2562 4470 2793 4535 Eorum,
2827 4473 2992 4553 inquit
3035 4476 3419 4553 (angelorum)
3460 4478 3678 4532 scicntia
3694 4470 3897 4553 compa-

2323 4546 2524 4601 ratione
2568 4555 2753 4599 nostra
2802 4546 3241 4602 scientiaz't'aiide
3289 4548 3551 4611 dilatata;
3603 4551 3703 4603 sed
3745 4546 3895 4603 tamen

2325 4617 2709 4691 comparatione
2759 4617 2945 4671 divinw
2982 4619 3209 4691 scientiae
3244 4627 3495 4691 angusta:
3539 4620 3678 4673 sicut
3723 4633 3772 4674 et
3816 4620 3897 4691 ipsi

641 4684 900 4819 gustinus
945 4684 1109 4744 lib."
1139 4688 1206 4743 de
1244 4688 1463 4771 Drigiue
1505 4688 1714 4769 Animae
1741 4702 1857 4755 cap.
1893 4688 1989 4768 5.(
2012 4686 2125 4740 Lib.
2160 4687 2224 4740 de
2248 4715 2301 4776 Ι)
2327 4684 2537 4739 illorum
2584 4688 2796 4767 spiritus
2846 4690 3228 4760 comparatione
3265 4684 3463 4760 quidem
3501 4705 3782 4761 corporum
3820 4684 3897 4743 tio-

702 4761 900 4819 cresJ.
950 4763 1120 4815 Porro
1163 4768 1266 4815 etsi
1306 4759 1437 4813 olim
1481 4759 1697 4813 tolerari
1744 4767 1984 4819 potuerit
2022 4758 2113 4813 illa
2155 4760 2223 4814 de
2328 4766 2574 4819 atrorum,
2600 4759 2810 4819 spiritus
2839 4768 2993 4819 sunt;
3022 4761 3111 4813 sed
3136 4760 3516 4819 comparatione
3545 4767 3739 4816 summi
3765 4774 3897 4816 etm-

702 4761 900 4832 σιν-εδδ.
950 4763 1120 4815 Porro
1163 4758 1266 4832 etsi
1306 4759 1437 4813 olim
1469 4758 1697 4832 tolerari
1744 4758 2113 4832 potueritilla
2155 4760 2223 4814 de

638 4829 1319 4905 angelormuicogporibus
1351 4829 2085 4905 qualiscuntque_0pinatio,
2130 4844 2222 4905 re_-

639 4901 737 4960 cte'
757 4912 937 4959 tamen
970 4904 1030 4957 D.
1066 4903 1305 4957 Thomas
1332 4901 1493 4955 docet
1524 4910 1634 4955 tum
1665 4915 1729 4955 ex
1769 4901 2067 4969 Scriptura:
2109 4901 2224 4956 suf-

639 4976 855 5044 fragio,
905 4987 1015 5028 tum
1064 4988 1127 5029 ex
1169 4973 1438 5028 communi
1485 4973 1729 5027 doctrina
1775 4982 2087 5028 sanctorum
2118 4971 2219 5027 Pa-

638 5058 811 5113 trum,
862 5055 917 5102 et
965 5048 1129 5100 totius
1179 5044 1437 5100 Ecclesiae
1488 5058 1690 5107 sensu,
1739 5046 1873 5099 satis
1921 5044 2217 5102 ellicaciter

635 5118 855 5173 ostendi
887 5119 1111 5188 angelos
1136 5126 1191 5170 et
1229 5116 1505 5188 daemones
1548 5130 1669 5169 esse
1709 5116 1869 5184 plane
1908 5117 2212 5188 spiritales,

635 5200 690 5245 et
725 5187 1077 5259 incorporeas
1101 5229 1114 5252 ,
1148 5202 1244 5243 nec
1277 5187 1475 5243 habere
1504 5201 1733 5257 corpora
1765 5188 1866 5242 sibi
1897 5187 2214 5243 naturaliter

636 5263 784 5317 unita
808 5304 823 5327 ,
857 5263 971 5315 sive
998 5275 1158 5315 aerea
1181 5300 1195 5324 ,
1230 5260 1345 5313 sive
1376 5260 1477 5313 alia
1508 5274 1903 5329 quacumque:
1938 5270 1993 5314 ut
2024 5272 2214 5327 quam-

633 5334 717 5387 vis
748 5332 799 5387 id
833 5347 939 5387 non
969 5332 1042 5385 sit
1071 5331 1177 5385 fide
1208 5328 1469 5385 catholica
1499 5328 1816 5395 deﬁnitum,
1846 5341 2031 5386 tamen
2060 5343 2210 5385 erro-

635 5418 798 5459 ncunt
841 5403 1091 5457 videatur
1130 5416 1195 5457 ac
1234 5401 1584 5455 temerarium
1629 5402 1788 5456 aliter
1830 5402 2055 5458 sentire.
2099 5399 2214 5455 Pri-

635 5490 782 5528 mum
812 5474 934 5544 quia
964 5488 1160 5529 nomen
1186 5473 1409 5541 spiritus
1434 5472 1487 5526 in
1517 5472 1813 5540 Scripturis
1842 5473 2214 5544 passimracci-

630 5546 783 5615 pitur
813 5543 911 5613 pro
937 5544 1245 5615 substantia
1273 5544 1590 5615 incorporea
1614 5584 1627 5605 ,
1659 5554 1714 5599 et
1744 5543 2083 5597 immateriali
2104 5582 2120 5607 ,
2153 5551 2214 5597 ut

632 5611 792 5671 Joan.
817 5611 913 5670 tv:
950 5614 1179 5682 Spiritus
1206 5622 1280 5667 est
1309 5611 1449 5668 Deus
1472 5659 1485 5682 ,
1522 5614 1683 5668 Marc.
1716 5629 1773 5669 ιιι
1795 5654 1809 5677 ,
1842 5624 1897 5668 et
1926 5614 2109 5668 Actor.
2140 5630 2216 5669 vtt

633 5695 688 5739 et
729 5700 896 5754 χχιιι,
930 5686 1094 5741 Hebr.
1126 5701 1165 5738 ι.
1213 5685 1416 5754 Deinde
1458 5686 1582 5754 quia
1625 5686 1681 5738 in
1723 5686 1956 5740 concilio
1998 5684 2217 5739 Latera-

635 5757 791 5808 nensi
819 5752 977 5822 (Cap.
997 5752 1266 5822 Firmiter)
1287 5752 1489 5809 dicitur
1506 5755 1649 5809 Deus
1676 5756 1985 5812 condidisse
2013 5766 2216 5811 utram-

638 5771 791 5808 nenst
819 5771 921 5821 tua
965 5793 977 5807 .
997 5771 1266 5822 r‘rrmster)
1287 5771 1489 5809 dieitur
1506 5771 1649 5809 Deus
1676 5771 1985 5812 condidisse
2013 5771 2213 5811 utram-

638 5833 745 5881 uue
772 5822 840 5879 de
866 5771 1037 5881 uigilo
1060 5831 1405 5893 creaturam,
1436 5824 1735 5893 spiritalem
1764 5837 1818 5885 et
1847 5827 2213 5899 corporalem,

2328 4766 2574 4831 strorum,
2600 4759 2812 4831 spiritus
2839 4759 2993 4831 sunt;
3022 4761 3111 4813 sed
3136 4759 3516 4831 comparatione
3545 4759 3739 4816 summi
3765 4774 3809 4816 ct
3831 4778 3897 4812 m-

2326 4828 2695 4902 circumscripti
2733 4828 2978 4902 spiritus,
3019 4840 3138 4885 sunt
3175 4828 3380 4902 corpus.
3414 4833 3778 4889 Damascenus
3820 4830 3893 4883 ubi

2324 4914 2486 4974 supra
2519 4918 2530 4954 :
2577 4899 2803 4971 Angelus
2827 4941 2842 4965 ,
2886 4899 3434 4974 inquit,_incoporens
3468 4911 3515 4957 et
3558 4904 3890 4959 immaterialit

2325 4942 2513 5025 diditur
2541 4942 2787 5043 quarftttnt
2816 4942 2883 5026 ad
2913 4942 3024 5028 niis.
3061 4942 3197 5029 ἀάηι
3238 4942 3386 5028 gntae
3425 4974 3497 5027 ad
3537 4942 3887 5030 Dauni-Eolla-

2323 5052 2431 5096 tum
2461 5042 2585 5114 (qui
2615 5045 2756 5098 solus
2786 5045 3125 5116 incorporalis
3156 5043 3267 5114 cst)
3295 5061 3525 5101 crassum
3556 5058 3602 5101 et
3648 5042 3919 5116 malatiath

2321 5116 2633 5186 comperimr
2662 5129 2679 5173 ε
2706 5116 2815 5169 sola
2844 5118 2977 5186 enim
3006 5131 3118 5168 vere
3143 5116 3498 5170 immaterialis
3530 5127 3575 5170 et
3611 5118 3885 5185 incorporea

2321 5182 2595 5256 {)ivi'rtitas.
2652 5185 2885 5256 Denique
2929 5185 3240 5256 Bernar_dus
3269 5201 3437 5243 serm.
3488 5188 3522 5243 6
3551 5189 3604 5243 in
3634 5182 3881 5243 .(Ian'tica:

2326 5253 2546 5325 Demus,
2575 5258 2745 5324 inquit
2764 5300 2779 5323 ,
2801 5253 2967 5311 Securi
2995 5258 3093 5310 soli
3115 5253 3225 5312 Deo
3244 5298 3259 5321 ,
3281 5258 3413 5312 sicut
3440 5258 3877 5325 immortalitanm.

2322 5328 2392 5381 ita
2418 5337 2464 5381 et
2486 5321 2929 5394 incorporeitatem
2946 5370 2960 5393 ,
2988 5339 3096 5382 etc.
3119 5326 3288 5382 Porro
3312 5329 3501 5384 eadem
3528 5330 3742 5387 ratione
3761 5321 3879 5397 quod

2321 5400 2459 5473 apud
2485 5399 2803 5473 cassianum
2846 5409 2897 5453 et
2938 5398 3071 5452 alios
3110 5397 3297 5454 Patres
3325 5400 3567 5473 subinde
3610 5394 3795 5473 legitur
3827 5394 3877 5445 de

2319 5471 2495 5524 anima
2529 5470 2761 5524 hominis
2793 5483 3055 5538 corporea
3078 5512 3093 5536 ,
3128 5470 3378 5526 nonnulli
3411 5472 3466 5526 in
3504 5471 3653 5528 hunc
3669 5470 3907 5535 sensum;

2321 5540 2604 5595 commode
2625 5540 3070 5609 interpretantur,
3098 5550 3155 5593 ut
3182 5542 3358 5595 anima
3388 5539 3677 5598 rationalis
3701 5542 3911 5609 dicatur;

2320 5626 2581 5681 corporea
2604 5653 2618 5677 ,
2651 5606 2902 5667 nimirum
2931 5614 3343 5680 comparatione
3369 5612 3464 5669 Dei
3489 5654 3504 5678 ,
3534 5614 3681 5670 sicut
3704 5606 3867 5679 angeli.

2319 5684 2445 5754 quia
2491 5698 2595 5737 non
2633 5694 2781 5738 caret
2818 5685 2962 5737 omni
2994 5686 3393 5748 compositione
3415 5724 3431 5750 ,
3461 5686 3662 5752 saltem
3690 5700 3750 5743 ex
3776 5685 3867 5751 actu

2319 5767 2373 5812 et
2404 5754 2662 5822 potentia,
2695 5770 2762 5811 ex
2791 5770 2913 5812 esse
2948 5761 3004 5810 et
3034 5760 3271 5809 essentia
3297 5801 3311 5825 ,
3336 5755 3648 5818 substantia
3679 5766 3733 5818 et
3762 5763 3866 5809 πει·

2319 5825 2608 5883 dentibus.
2643 5835 2746 5883 etc.

2358 5835 2608 5896 ennbus,
2643 5835 2746 5884 etc.

3966 3832 3967 3861 l

3963 3894 3965 3923 l

3961 3952 3963 3985 1

3959 3988 3961 4047 1

3957 4060 3959 4109 1

3955 4118 3957 4173 1

3952 4176 3955 4235 1

3951 4240 3953 4297 1

3949 4316 3951 4359 1

3946 4378 3949 4421 1

3945 4424 3947 4483 1
