4026 6204
133 278 250 334 639

542 277 890 339 COLLATIO
925 278 1041 336 VII.
1072 308 1142 323 —
1175 280 1263 337 DE
1300 278 1549 337 ANIME
1590 279 2010 338 MOBILITATE
2052 281 2139 337 ET
2179 278 2658 340 SPlRlTALlBUS
2697 281 3063 351 NEOUITIIS.

3325 295 3428 348 090

128 388 438 461 gitationes
464 402 603 460 quas
628 390 913 461 ingerunt,
946 400 1123 447 utrum
1154 401 1418 463 susceptae
1444 392 1531 449 vel
1555 408 1745 464 quem-
1772 398 1823 459 Α
1849 394 2088 450 motione
2130 393 2457 465 dignoscunt
2480 437 2497 464 ,
2542 412 2663 453 cum
2720 407 2926 456 scmcet
2973 414 3096 456 eum
3143 402 3227 460 vel
3267 403 3428 463 infre~

128 481 445 539 admodum
475 490 743 554 suscepta
763 483 892 553 sint,
921 499 1030 540 non
1055 499 1151 553 per
1176 484 1342 555 ipsius
1370 485 1565 541 anima:
1587 494 1745 543 natu-

129 592 293 647 ram,
328 575 382 632 id
412 585 521 645 est,
553 590 653 648 per
684 577 835 634 illum
866 578 1173 634 interiorem
1205 587 1407 634 motum
1437 579 1490 636 in
1530 580 1742 637 medul-

131 667 237 735 lis,
272 678 333 723 ut
363 668 437 724 ita
468 668 730 737 dixerim,
757 669 1080 736 latitantem,
1111 667 1207 723 sed
1236 683 1306 725 ex
1324 670 1555 727 motibus
1580 680 1743 742 atque

135 759 372 816 indiciis
392 760 679 818 exterioris
705 762 937 818 hominis
957 761 1389 832 deprehendunt,
1415 772 1598 832 utputa
1618 779 1743 820 cum

135 855 529 925 suggesserim
572 854 1038 926 gastrimargiam,
1070 855 1117 910 si
1144 854 1384 911 viderint
1423 856 1744 913 monachum

135 946 217 1001 ad
243 944 538 1003 fenestram
557 957 650 1003 aut
667 947 735 1003 ad
756 948 926 1004 solem
949 947 1168 1004 oculum
1193 948 1461 1005 curiosius
1481 951 1743 1022 erexisse,

136 1039 238 1095 vel
270 1038 343 1095 de
367 1038 501 1094 hora
529 1040 812 1097 sollicitius
833 1040 1145 1111 inquisisse,
1171 1050 1509 1112 cognoscunt
1534 1040 1747 1099 deside-

136 1132 295 1187 rium
328 1132 467 1203 gulae
501 1131 667 1190 fuisse
694 1141 1026 1203 susceptum.
1058 1133 1117 1190 Si
1146 1134 1559 1192 fornicationem
1588 1135 1742 1208 inge-

138 1232 343 1280 rentes
364 1226 635 1282 senserint
656 1241 778 1281 eum
802 1227 1069 1295 patienter
1096 1227 1263 1283 telum
1291 1227 1537 1285 libidinis
1561 1242 1749 1286 susceo

137 1318 302 1388 pisse
321 1360 339 1386 ,
368 1334 465 1377 seu
495 1320 730 1376 viderint
754 1335 919 1378 carne
948 1329 1312 1389 commotum,
1341 1332 1436 1378 aut
1459 1331 1609 1380 certe
1637 1337 1745 1381 non

137 1418 208 1465 ut
242 1411 487 1480 oportuit
522 1412 787 1469 adversus
829 1415 1190 1485 suggestionis
1227 1414 1525 1471 immundae
1572 1416 1747 1487 suspi-

137 1514 302 1559 rasse
335 1502 609 1560 lasciviam
636 1546 654 1573 ,
701 1506 1011 1578 intelligunt
1048 1507 1101 1562 in
1147 1507 1521 1579 penetralibus
1550 1509 1744 1566 animae

138 1594 393 1652 libidinis
430 1595 668 1668 jaculum
716 1597 885 1655 fuisse
926 1599 1183 1656 defixum.
1215 1600 1273 1658 Si
1303 1600 1357 1656 in
1395 1602 1743 1658 incitamenta

138 1684 389 1742 tristitiae
410 1726 426 1753 ,
465 1688 511 1745 si
552 1688 684 1754 iraa,
723 1689 771 1744 si
798 1689 1000 1746 furoris
1025 1690 1360 1748 admoverim
1381 1734 1397 1759 ,
1428 1702 1738 1749 utrumnam

1846 488 2051 542 muisse
2072 487 2318 553 tacitum,
2350 489 2431 543 vel
2459 503 2582 545 cum
2609 490 2839 561 quadam
2864 490 3230 563 indignatione
3251 497 3430 565 suspi-

1845 592 2017 645 rasse,
2049 578 2094 633 si
2124 578 2327 635 vultum
2355 581 2820 640 consideraverint
2845 585 3075 656 quodam
3105 587 3311 656 pallore
3337 599 3432 645 aut

1843 670 2043 728 rubore
2067 680 2325 739 mutasse,
2354 681 2408 729 et
2430 676 2504 729 ita
2530 674 2799 732 subtiliter
2821 677 3034 733 cuinam
3057 677 3178 749 quis
3197 679 3268 734 sit
3297 680 3430 736 vitio

1843 763 2057 819 deditus
2100 764 2529 834 deprehendunt.
2583 764 2684 822 lllo
2712 782 2944 839 namque
2993 785 3431 842 unumquemque

1844 866 2088 912 nostrum
2134 854 2390 912 delectari
2450 867 2597 914 certa
2657 860 2866 916 ratione
2927 871 3295 932 cognoscunt,
3362 865 3427 917 ad

1844 950 1999 1021 cuius
2063 950 2462 1021 instigationem
2510 967 2632 1007 mox
2690 954 2922 1023 quodam
2984 966 3116 1010 nutu
3161 956 3245 1011 vel
3280 967 3428 1012 motu

1844 1043 2088 1116 corporis
2131 1058 2455 1101 consensum
2504 1048 3041 1118 convenientiamque
3086 1049 3154 1103 ab
3182 1063 3247 1104 eo
3288 1064 3428 1118 prce-

1844 1140 2027 1194 stitam
2103 1137 2266 1194 fuisse
2338 1139 2687 1210 perviderint.
2763 1139 2894 1209 Quae
2960 1142 3030 1196 ab
3075 1142 3183 1197 illis
3250 1143 3428 1197 aereis

1844 1230 2129 1287 virtutibus
2159 1229 2231 1285 ita
2260 1228 2588 1300 deprehendi
2620 1245 2725 1286 non
2760 1234 2954 1287 mirum
2986 1242 3089 1298 est,
3116 1247 3235 1287 cum
3268 1232 3371 1286 hoc
3396 1247 3427 1285 a

1845 1320 2197 1393 prudentibus
2230 1337 2444 1393 quoque
2491 1322 2619 1379 viris
2648 1323 2946 1394 saepissime
2973 1325 3089 1379 fieri
3123 1324 3423 1390 videamus,

1844 1423 1904 1471 ut
1925 1414 2126 1470 scilicet
2149 1414 2422 1470 interioris
2441 1412 2675 1470 hominis
2696 1424 2891 1471 statum
2915 1416 2982 1471 de
3004 1415 3168 1486 ﬁgura
3198 1424 3252 1471 et
3275 1414 3425 1470 vultu

1843 1520 1939 1562 seu
1969 1506 2224 1576 qualitate
2254 1504 2547 1561 exterioris
2576 1515 2889 1576 agnoscant.
2921 1505 3133 1574 Quanto
3156 1521 3285 1576 ergo
3305 1522 3424 1564 cer-

1844 1599 1950 1655 tius
1976 1597 2091 1655 btec
2112 1597 2180 1654 ab
2205 1595 2289 1653 bis
2316 1606 2564 1668 poterunt
2592 1598 2943 1668 deprehendi,
2975 1614 3110 1670 quos
3137 1601 3337 1670 utique,
3364 1609 3425 1655 ut

1842 1689 2098 1762 spiritalis
2120 1698 2346 1755 naturae,
2374 1691 2544 1746 multo
2571 1691 2880 1749 subtiliores
2910 1706 2971 1747 ac
2998 1690 3298 1763 sagaciores
3327 1693 3423 1747 ho~

136 1776 302 1837 cordi
348 1778 650 1837 insederint
688 1790 841 1852 gestu
886 1783 1129 1853 corporis
1187 1793 1241 1841 et
1294 1784 1535 1842 sensibili
1588 1800 1738 1842 com-
1765 1778 1813 1840 B
1840 1783 2077 1840 minibus
2104 1797 2223 1839 esse
2253 1798 2360 1840 non
2388 1784 2609 1841 dubium
2632 1785 2743 1840 est!

1215 1923 1469 1983 ALARDI
1506 1923 1739 1981 GAZIEI
1772 1921 2345 1982 COMMENTARIUS.

139 2012 329 2091 ludere
356 2014 617 2091 nituntur)
655 2016 761 2074 illis
787 2020 949 2091 magis
975 2020 1077 2088 ipsi
1105 2018 1326 2091 ludibrio
1382 2018 1611 2091 fuerint;
1666 2016 1741 2072 Hi

139 2084 286 2161 enim
312 2102 491 2141 revera
519 2084 605 2143 illi
626 2099 763 2161 sunt
782 2084 1064 2161 (leonibus
1103 2092 1174 2143 ait
1209 2084 1485 2159 Apostolus
1513 2104 1532 2142 :
1565 2086 1633 2143 Ut
1659 2105 1741 2151 see

142 2154 489 2232 ductores,_et
516 2175 715 2215 veraces
746 2159 811 2230 (ll
835 2154 954 2232 Cor.
983 2162 1084 2232 vt).
1115 2154 1396 2216 Postremo
1422 2160 1586 2232 etiam
1609 2175 1742 2231 gen—

142 2227 275 2301 tiles
303 2227 506 2301 lumine
551 2227 776 2286 naturali
817 2230 960 2285 ducti
995 2227 1331 2301 agnoverunt
1371 2240 1428 2285 et
1458 2230 1585 2284 fassi
1615 2227 1739 2284 sunt

140 2299 518 2371 cogitationes
549 2301 811 2355 humanas
838 2301 941 2355 soli
972 2299 1083 2358 Deo
1106 2302 1383 2371 cognitas,
1412 2310 1640 2357 caeteros
1664 2302 1740 2354 la-

141 2376 296 2441 Lare,
318 2366 569 2426 Socrates
593 2372 732 2440 apud
760 2366 1291 2441 Xenophontem‘lib.
1322 2366 1399 2438 tv,
1423 2371 1740 2441 Apollonius

141 2436 437 2512 Tyana-us
466 2450 599 2496 orat.
629 2436 715 2497 'ad
767 2436 1124 2499 Domitianum
1150 2485 1167 2510 ,
1197 2436 1448 2499 Julianus
1472 2436 1736 2512 'Apostata

143 2508 585 2636 tménian.
620 2513 717 2571 lib.
750 2529 883 2581 xxv,
918 2508 1183 2570 Pacuvius
1209 2513 1349 2584 apud
1376 2508 1605 2570 Gellium
1638 2512 1735 2567 lib.

142 2593 240 2635 xiv
268 2593 387 2649 cap.
419 2593 473 2637 5.

219 2651 448 2726 Quarto.
497 2653 737 2711 Possunt
780 2664 961 2712 tamen
1011 2653 1637 2726 internmrcogitationes
1683 2663 1740 2711 et

146 2720 311 2798 animi
356 2722 671 2798 aﬂ‘ectiones
693 2741 759 2783 ex
788 2728 959 2798 signis
993 2720 1397 2791 exterioribus,
1438 2742 1490 2780 v.
1527 2740 1579 2796 g.
1607 2766 1622 2792 ,
1664 2739 1734 2780 ex

146 2789 353 2862 vultus,
377 2796 461 2851 vel
484 2796 710 2853 alterius
738 2789 964 2853 membri
992 2807 1165 2862 motu,
1187 2806 1280 2853 aut
1299 2789 1620 2859 mutatione,
1648 2804 1739 2851 aut

148 2860 261 2917 alio
304 2867 611 2938 extrinseco
639 2869 795 2938 signo
822 2860 1188 2938 deprehendi,
1223 2878 1278 2924 et
1316 2867 1485 2922 multo
1512 2867 1738 2934 peritius

147 2940 208 3009 et
235 2935 487 3009 solertius
515 2940 583 2993 ab
610 2935 814 3009 angelis
862 2935 918 2996 et
942 2939 1279 2996 daemonibus
1318 2953 1535 3009 quama
1566 2939 1739 3009 soler-

149 2953 208 2987 et
235 2953 487 2994 εοιετιιυε
515 2953 583 2993 an
610 2953 814 3009 angens
862 2953 918 2996 et
942 2953 1279 2996 daemonibus
1317 2953 1476 3063 ﬂuam
1504 2953 1535 2993 a
1566 2953 1731 2993 soner-

149 3004 377 3089 sissimis
401 3018 457 3089 et
483 3010 828 3089 per_itissi_mis
852 3012 1013 3089 etiam
1054 3010 1279 3089 medicis
1355 3008 1731 3089 eprehendun;

149 3083 277 3149 t_ur,
305 3086 363 3130 ut
391 3077 549 3135 docet
579 3080 681 3136 hoc
714 3080 834 3135 loco
878 3081 1045 3136 abbas
1093 3080 1334 3137 Serenus
1360 3077 1399 3149 ,7
1421 3078 1504 3134 cui
1550 3088 1606 3134 et
1642 3077 1735 3149 alii

149 3142 344 3225 Patres
367 3150 769 3225 suifragantur.
810 3152 873 3207 D.
903 3152 1261 3225 Hieronymus
1285 3153 1338 3206 in
1361 3142 1485 3221 cap.
1513 3166 1585 3225 xv
1606 3148 1739 3203 Mat-

148 3213 283 3295 thxi
316 3234 329 3270 :
353 3213 626 3295 Diabolus,
658 3223 854 3293 inquit,
887 3213 1124 3295 adjutor'
1138 3232 1187 3277 et
1222 3213 1452 3277 incentor
1481 3222 1737 3295 malarum

148 3288 522 3377 cogitationum
553 3307 662 3376 esse
687 3288 859 3377 potest
874 3342 889 3365 ,
929 3288 1109 3377 ductor
1140 3310 1249 3377 esse
1287 3309 1389 3347 non
1421 3300 1603 3377 potest.
1638 3292 1735 3347 Sin

149 3368 325 3412 autem
364 3378 562 3436 semper
589 3364 651 3436 in,
680 3364 885 3420 insidiis
924 3366 1124 3436 positus
1171 3366 1329 3420 levem
1374 3365 1737 3434 cogitationum

150 3437 445 3506 nostrarum
478 3435 758 3506 scintillam
799 3438 907 3491 suis
948 3437 1210 3506 fomitibus
1238 3436 1592 3504 inﬂammarit,
1634 3450 1737 3506 non

153 3497 391 3556 debemus
416 3504 622 3570 opinari
643 3522 759 3560 eum
785 3497 960 3562 cordis'
981 3522 1178 3576 quoque
1200 3497 1402 3561 occulta
1425 3497 1625 3572 rimari,
1647 3505 1737 3560 sed

150 3583 220 3622 ea:
259 3576 490 3648 corporis
533 3576 706 3630 habitu
741 3587 793 3633 et
846 3578 1067 3648 gestibus
1105 3579 1360 3648 testimare
1399 3577 1523 3648 quid
1572 3591 1738 3648 verse.

151 3654 269 3694 mus
296 3644 642 3721 intrinsecus;
684 3648 821 3721 uerbi
846 3644 1047 3721 'gratia,
1090 3649 1135 3721 si
1179 3644 1447 3716 pulchram
1473 3647 1738 3721 mulierem

149 3724 250 3790 nos
268 3713 445 3769 crebro
468 3717 651 3790 viderit
677 3713 950 3790 inspicere,
980 3713 1220 3790 intelligit
1248 3734 1336 3790 cor
1355 3719 1545 3790 amoris
1556 3715 1737 3790 jaculo

149 3783 491 3859 vulneratum.
545 3789 606 3841 Ι).
640 3783 971 3859 Augustinus
1003 3783 1174 3857 (Τοπῇ
1207 3788 1288 3859 m)
1328 3789 1466 3844 libro
1494 3783 1570 3843 de'
1590 3788 1736 3859 Divi-

148 3856 373 3928 statione
399 3858 703 3915 daemonum
728 3856 854 3928 cap.
885 3863 917 3915 5
950 3877 963 3915 :
996 3856 1314 3927 Aliquando,
1344 3859 1536 3927 inquit,
1566 3866 1617 3911 et
1643 3856 1737 3910 ho-

149 3924 352 4002 minum
381 3927 738 4002 dispositiones
766 3924 868 3985 non
905 3930 1072 3985 solum
1097 3924 1232 3985 'voce
1260 3924 1489 4002 prolatas
1512 3969 1526 3990 ,
1565 3942 1736 4002 verum

145 3995 307 4049 etiam
328 3995 638 4080 cogitatione
652 4010 946 4080 conceptas,
974 4018 1089 4055 cum
1109 3995 1604 4080 signaiqutedamfx
1624 3998 1738 4080 ani-

148 4080 239 4118 mo
260 4069 622 4144 exprimuntur
646 4073 700 4125 in
727 4069 940 4144 corpore
957 4113 971 4133 ,
1003 4082 1106 4126 tota
1135 4069 1385 4144 facilitate
1411 4069 1739 4144 perdiscant;

145 4145 309 4214 atque
336 4140 456 4214 hinc
481 4142 636 4214 etiam
659 4138 828 4196 multa"
854 4143 1028 4214 futura
1050 4138 1578 4214 prtitnuntiant,_aliis
1599 4139 1739 4214 uide-

140 4207 271 4261 licet
294 4210 447 4296 mira,
473 4216 565 4296 qui
584 4213 680 4295 ista
716 4207 965 4296 disposita
991 4207 1388 4296 non-noverunt.
1430 4211 1738 4296 Sicut‘enim

141 4287 369 4350 apparet
397 4283 695 4337 concitatior
718 4280 876 4337 animi
904 4292 1074 4339 motus
1100 4285 1156 4338 in
1184 4285 1329 4338 vultu
1346 4324 1361 4350 ,
1392 4291 1448 4337 ut
1475 4281 1539 4335 ab
1567 4280 1737 4334 homi-

143 4348 306 4425 nibus
334 4364 533 4425 quoque
562 4354 754 4423 aliquid
791 4356 1071 4425 forinsecus
1109 4348 1465 4424 cognoscatur,
1495 4351 1633 4425 quod
1659 4353 1741 4406 in-

145 4418 406 4492 trinsecus
426 4418 628 4492 agitur;
644 4418 729 4479 'ita
751 4418 852 4479 non
879 4426 1024 4479 debet
1044 4440 1155 4479 esse
1170 4418 1492 4489 incredibile,
1507 4418 1560 4476 'si
1582 4425 1740 4477 etiam

146 4489 368 4566 leviores
392 4489 722 4561 cogitationes
746 4496 871 4549 dant
899 4496 1073 4564 aliqua
1101 4498 1249 4566 signa
1277 4512 1367 4564 per
1389 4509 1601 4564 corpus,
1625 4508 1741 4563 qum

146 4560 333 4637 obtuso
360 4560 510 4617 sensu
541 4566 804 4619 hominum
830 4560 1067 4637 cognosci
1090 4560 1193 4620 non
1214 4560 1447 4637 possunt,
1472 4560 1622 4618 acuto
1638 4560 1743 4618 au-

148 4638 253 4707 tem
277 4630 572 4707 dtemonurn
600 4646 831 4705 possunt.
866 4630 992 4691 Haec
1015 4630 1386 4707 Augustinus;
1415 4630 1534 4706 qua:
1558 4645 1737 4691 tamen

1844 2032 1934 2087 per
1958 2018 2363 2072 immutationem
2402 2026 2574 2073 vu.tus
2596 2058 2611 2084 ,
2646 2020 2925 2073 secundant
2962 2018 3098 2073 illud
3129 2018 3304 2075 Poeta:
3330 2036 3350 2077 :
3376 2023 3425 2079 0

1841 2102 2003 2158 quam
2020 2087 2239 2158 difficile
2255 2089 2591 2158 estanimum
2612 2104 2717 2145 non
2739 2089 2963 2156 prodere
2981 2091 3157 2145 vultu!
3185 2090 3252 2144 Et
3269 2093 3425 2146 etiam

1842 2157 2030 2212 medici
2055 2157 2251 2232 aliquas
2271 2157 2564 2232 aﬁ'ectiones
2588 2161 2747 2232 animi
2772 2176 2862 2228 per
2889 2162 3098 2232 pulsum
3121 2177 3425 2232 cognoscere

1840 2240 2094 2299 possunt;
2138 2230 2300 2283 multo
2352 2230 2516 2299 ntagis
2560 2230 2771 2299 angeli,
2820 2229 2897 2283 vel
2946 2231 3095 2284 etiam
3140 2229 3423 2299 daemones,

1840 2298 2032 2367 quanto
2081 2299 2319 2353 subtilius
2366 2298 2664 2371 huiusmodi
2705 2299 3079 2354 immutationes
3129 2298 3423 2371 corporales

1840 2369 2197 2423 nernendunt!

1874 2380 2160 2425 eroenaunt
2176 2380 2189 2425 .'

2182 2386 2195 2407 1

1838 2386 2304 2565 Ραξιξῖιιῇῗιίᾶόόο
2321 2449 2373 2496 et
2392 2441 2529 2497 istud
2554 2450 2900 2510 p05tremum,
2921 2454 3079 2512 posse
3093 2441 3415 2512 daemonem,

1838 2510 1887 2565 si
1963 2526 2059 2565 eus
2088 2515 2383 2565 permittat.
2414 2513 2554 2565 adeo
2583 2515 2931 2565 vehementer
2956 2511 3415 2565 nhantasmatibus

1963 2526 2059 2584 eus
2088 2515 2383 2580 permittat,
2414 2513 2554 2568 adeo
2583 2511 2933 2584 vehementer
2956 2511 3422 2584 phantasmatibus

1839 2580 2094 2654 immissis
2122 2584 2392 2639 hominem
2419 2584 2635 2639 turbare
2660 2598 2722 2637 ac
2746 2580 3022 2647 distinere,
3056 2592 3114 2638 ut
3142 2586 3230 2638 vix
3259 2596 3425 2654 queat

1838 2652 1945 2708 alia
1973 2652 2131 2724 dere
2158 2654 2434 2724 cogitare,
2469 2669 2565 2709 seu
2606 2654 2673 2709 ad
2716 2654 2859 2709 aliud
2906 2655 3217 2720 advertere,
3257 2652 3420 2724 quam

1838 2723 1980 2848 ﬂuod
2009 2723 2078 2778 ab
2105 2739 2169 2780 eo
2196 2723 2504 2795 suggestum
2536 2724 2699 2780 fuerit
2730 2739 2745 2777 :
2792 2724 2933 2779 unde
2974 2725 3033 2779 fit
3075 2736 3132 2780 ut
3173 2723 3421 2781 videatur

1880 2794 2080 2848 ivinare
2113 2795 2241 2848 auid
2272 2801 2430 2848 homo
2461 2806 2586 2848 tunc
2630 2797 2845 2848 cogitet.
2892 2793 3056 2848 Cuius
3101 2796 3421 2848 importuni-

1880 2794 2080 2865 ivinare
2113 2795 2241 2864 quid
2272 2793 2430 2850 homo
2461 2806 2586 2849 tunc
2630 2797 2845 2865 cogitet.
2892 2793 3056 2864 Cujus
3101 2796 3422 2865 importuni-

1842 2863 1966 2918 tatis
2008 2863 2509 2936 etgmolestissima:
2544 2863 3263 2936 impugnationis'complura
3292 2882 3422 2936 sup-

1839 2943 2032 3007 petunt
2073 2934 2172 3007 SS.
2220 2934 2437 3007 Patrum
2486 2934 2789 3007 testimonia
2832 2944 2887 2989 et
2932 2934 3197 3007 exempla.
3254 2938 3327 2993 De
3357 2934 3415 2996 S.

1838 3005 2072 3077 Antonio
2103 3005 2261 3061 iidem
2293 3005 2419 3061 facit
2460 3006 2576 3076 ejus
2624 3006 2758 3061 Viue
2796 3007 3029 3077 scriptor
3070 3005 3420 3076 Athanasius,

1838 3092 1996 3149 quam
2044 3075 2356 3147 frequentes
2396 3088 2452 3135 et
2492 3080 2831 3149 importunas
2854 3075 3031 3134 omnis
3058 3080 3269 3149 generis
3302 3075 3423 3133 ten-

1838 3148 2071 3222 t_a_tiones
2097 3159 2354 3222 expertus
2379 3151 2468 3205 sit.
2515 3149 2592 3205 De
2623 3148 2895 3205 Hilarione
2923 3151 2986 3205 D.
3011 3148 3371 3222 Hieronymus
3403 3170 3420 3208 :

1840 3216 2104 3291 Titillabat
2149 3216 2386 3277 diabolus
2415 3238 2593 3276 sensus
2633 3222 2769 3291 ejus,
2805 3229 2853 3276 et
2884 3222 3176 3291 pubescenti
3215 3216 3423 3291 corpori

1839 3290 1990 3365 solita
2012 3293 2333 3365 v‘oluptatum
2352 3295 2587 3347 incendia
2608 3290 2926 3364 suggerebat.
2948 3292 3423 3365 Cogebaturtirun-

1841 3362 1984 3418 culus
2015 3362 2205 3418 Christi
2237 3366 2459 3435 cogitare
2483 3365 2622 3435 quod
2652 3362 2926 3431 nesciebat,
2965 3362 3149 3434 et'ejus
3177 3364 3250 3417 rei
3276 3380 3423 3431 pont-

1840 3450 1961 3507 pam
2003 3437 2173 3490 animo
2214 3437 2436 3499 volvere,
2461 3438 2611 3507 cujus
2656 3435 2997 3507 experimenta
3026 3452 3148 3507 Anon
3190 3446 3419 3490 noverat.

1840 3502 2018 3560 Iratus
2054 3508 2224 3576 itaque
2262 3507 2391 3570 sibi,
2420 3517 2469 3561 et
2504 3502 2678 3577 pectus
2706 3502 2891 3577 pugnis
2931 3504 3198 3577 uerberans
3221 3544 3235 3571 ,
3253 3508 3423 3577 _quasi

1839 3575 2172 3658 cogitationes
2199 3578 2339 3658 ccede
2363 3575 2546 3629 manus
2573 3575 2740 3658 posset
2765 3575 3059 3658 eccluder‘e,
3092 3586 3200 3658 etc.
3250 3575 3320 3657 Et
3352 3578 3421 3658 de

1839 3643 2021 3713 seipso
2045 3647 2184 3701 idem
2212 3643 2745 3714 Hieronymus‘epist.
2772 3643 2864 3709 22,
2895 3646 2961 3699 de
2983 3643 3234 3700 Custodia
3261 3646 3425 3713 virgi-

1840 3715 2045 3779 nitatis,
2078 3716 2167 3769 ubi
2194 3714 2309 3769 hinc
2338 3713 2477 3768 inter
2507 3713 2610 3766 alia
2639 3731 2651 3765 :
2680 3714 2889 3783 Quoties
2912 3729 3007 3783 ego
3034 3716 3143 3783 ipse
3166 3715 3220 3764 in
3250 3728 3419 3768 eremo

1840 3786 2164 3851 constitutus,
2190 3794 2237 3838 et
2260 3784 2315 3837 in
2344 3783 2438 3837 illa
2463 3792 2607 3835 uasta
2630 3781 2925 3852 solitudine,
2944 3781 3066 3852 qua:
3086 3791 3267 3835 exusta
3297 3784 3423 3838 solis

1838 3854 2111 3909 ardoribus
2152 3850 2427 3909 horridum
2475 3850 2737 3907 monachis
2788 3850 2999 3919 prtestat
3044 3852 3418 3917 habitaculum,

1842 3926 2081 3997 putabam
2108 3942 2188 3980 me
2213 3924 2461 3980 Romanis
2486 3923 2734 3997 interesse
2762 3922 2998 3997 deliciis!
3046 3920 3148 3997 lle
3170 3937 3295 3992 ego,
3335 3928 3424 3991 qui

1841 3993 1903 4052 ob
1926 3997 2171 4068 gehennte
2209 4004 2399 4051 metum
2424 3996 2624 4068 tali‘me
2652 4009 2856 4049 carcere
2894 3993 3002 4061 ipse
3035 3994 3419 4068 damnaveram,

1840 4063 2165 4140 scorpionum
2194 4076 2393 4121 tantum
2426 4065 2593 4140 socius
2613 4076 2661 4120 et
2692 4070 2916 4140 ferarum
2935 4105 2951 4130 ,
2990 4079 3122 4140 saepe
3146 4063 3315 4135 chqris
3341 4066 3423 4140 in-

1842 4134 2058 4194 tereram
2079 4140 2403 4210 puellarum;
2434 4134 2807 4210 pollebant'ora
2829 4134 3068 4206 jejuniis,
3097 4144 3143 4188 et
3165 4134 3307 4210 mens
3336 4134 3425 4188 de-

1842 4211 2045 4266 sideriis
2072 4203 2319 4265 iestuabat
2348 4203 2401 4263 in
2433 4203 2622 4280 frigido
2648 4224 2860 4279 corpore
2873 4203 3142 4280 {uetante
3165 4203 3423 4280 hominem

1842 4298 1937 4337 sua
1958 4285 2073 4352 jam
2112 4297 2262 4352 carne
2304 4277 2698 4352 praemortuum,
2738 4277 2849 4333 sola
2881 4277 3150 4352 libidinum
3186 4278 3426 4352 incendia

1841 4347 2142 4408 bulliebant.
2197 4351 2407 4407 Memini
2441 4367 2520 4405 me
2556 4351 2858 4404 clamantem
2886 4348 3018 4401 diem
3038 4347 3280 4418 junxisse
3305 4365 3427 4403 cum

1842 4434 1988 4479 nocte
2006 4466 2019 4484 .
2054 4439 2146 4495 nec
2172 4424 2317 4495 prius
2336 4439 2373 4495 a
2398 4426 2616 4493 pectoris
2654 4418 3193 4495 cessasseuuerberibus
3213 4458 3229 4482 ,
3270 4434 3426 4495 quam

1841 4495 2051 4557 rediret.
2087 4487 2305 4548 Doinino
2326 4487 2646 4561 increpante,
2676 4488 3045 4556 tranquillitas.
3089 4488 3213 4561 llaec
3237 4496 3292 4542 et
3317 4487 3423 4540 alia

1842 4564 2040 4646 ibidem
2072 4564 2136 4618 D.
2171 4558 2555 4648 Hieronymus,
2583 4575 2701 4685 quas
2724 4561 2853 4619 alibi
2883 4558 3240 4639 opportunius
3263 4566 3425 4611 erunt

1844 4635 2137 4685 mutanda.
2171 4634 2375 4685 similia
2405 4646 2599 4685 exemp
2620 4646 2649 4685 a
2672 4631 2812 4685 auud
2839 4629 3134 4685 Palladium
3157 4642 3211 4681 ιιι
3239 4627 3425 4685 Movse

1844 4635 2137 4690 recitanda.
2171 4627 2391 4690 Similia'
2405 4627 2649 4701 exempla
2672 4631 2812 4701 apud
2839 4627 3134 4701 Palladium
3157 4627 3211 4681 in
3239 4627 3425 4701 Moyse

148 4701 366 4789 aderis
388 4699 788 4789 αξξοσεέιδιηοίῑε)
816 4699 1130 4789 retractare?
1153 4707 1245 4762 ιίιι-
1279 4721 1315 4761 ιι
1344 4699 1582 4789 ιςείιςεει-
1615 4720 1735 4776 εει»
1763 4699 1817 4760 ι)
1840 4705 2115 4789 ethiope
2140 4705 2278 4789 apud
2304 4704 2369 4759 οι
2399 4699 2865 4789 ρςπεετξυιεῖ,ιερχ
2884 4699 3334 4789 "eaeaeae;
3361 4699 3422 4789 ἓν

147 4769 237 4835 50,
275 4772 362 4825 ubi
395 4769 469 4827 ait
503 4792 517 4829 :
547 4772 672 4829 Rem
717 4777 829 4831 dixi
857 4777 1256 4832 occultissimum
1284 4777 1559 4832 audaciore
1601 4769 1740 4831 asse-

145 4843 409 4918 veratione
429 4861 585 4913 quam
627 4845 814 4912 debui,
844 4864 964 4901 nam
994 4851 1255 4918 pervenire
1279 4850 1380 4903 ista
1408 4849 1476 4901 ad
1502 4848 1740 4902 notitiam

148 4912 449 4990 dmi)!!di
468 4931 559 4984 per
580 4917 834 4990 nonnulla
872 4912 1023 4972 etiam
1056 4921 1401 4990 experimenta
1427 4929 1739 4990 commrtum

149 4994 242 5035 est.
269 4982 591 5059 _Sed_utrum
625 4988 771 5059 signa
794 4990 1029 5059 quadam
1059 4982 1242 5045 dentur
1264 5006 1331 5046 ea:
1355 4982 1569 5059 corpore
1602 4990 1743 5059 cogi-

148 5055 499 5127 tantiumrillis
526 5055 815 5125 sensibilia,
838 5076 932 5113 nos
962 5068 1136 5115 autem
1166 5062 1414 5127 latentia;
1445 5055 1513 5115 an
1536 5062 1641 5113 alia
1664 5055 1738 5125 oi,

151 5131 198 5203 et
219 5126 550 5203 ea_sp_iritati,
575 5129 674 5181 ista
695 5140 1026 5203 cognoscant,
1055 5141 1143 5186 aut
1179 5126 1476 5203 difﬁcillime
1497 5128 1742 5203 potestab

150 5193 584 5271 hominibus,_aut
605 5193 814 5271 omnino
838 5218 943 5255 non
972 5193 1133 5271 potest
1165 5193 1401 5256 inueniri.
1434 5193 1743 5271 Gennadius

148 5264 267 5320 loco
296 5268 553 5346 superius
576 5270 744 5346 citato
773 5264 1538 5346 (Ecclesallogmatae.ult.)‘:
1574 5269 1744 5324 Inter-

145 5354 240 5409 nas
267 5339 459 5409 unitate
481 5339 817 5409 cogitationes
840 5341 1049 5397 diabolo
1072 5339 1178 5398 non
1204 5342 1365 5398 videri
1394 5339 1518 5395 certi
1544 5356 1743 5407 sumus,

144 5408 246 5483 sed»
262 5407 487 5483 motibus
507 5407 595 5464 eos
624 5413 875 5483 corporis,
905 5412 968 5466 ob
992 5413 1086 5467 illo
1111 5424 1160 5468 et
1184 5413 1512 5481 aﬂ'ectionum
1539 5412 1743 5466 indiciis

144 5478 319 5547 colligi
371 5478 723 5551 experimento
759 5483 1061 5539 didicimus.
1110 5478 1319 5540 Secreta
1354 5492 1523 5537 autem
1569 5483 1743 5537 cordis

145 5550 282 5623 solus
309 5551 399 5603 ille
415 5553 592 5623 novit,
622 5553 691 5606 ad
709 5568 862 5623 quem
884 5553 1077 5609 dicitur
1107 5571 1127 5610 :
1157 5553 1239 5609 Tu
1260 5556 1404 5609 solus
1428 5554 1561 5608 nosti
1584 5553 1741 5623 corda

145 5620 377 5692 filiorum
403 5620 671 5677 hominum
717 5620 781 5689 (II
818 5623 1061 5695 Paralip.
1090 5626 1176 5695 It).
1228 5626 1471 5694 Denique
1500 5624 1563 5679 D.
1592 5622 1738 5695 Tho-

146 5707 261 5745 mas
300 5702 520 5766 veteres
546 5702 767 5766 secutus
813 5711 827 5750 :
874 5693 1233 5765 Cognoscitur,
1265 5693 1463 5766 inquit,
1497 5693 1740 5766 cogitatio

144 5763 446 5819 interdum.
477 5777 580 5817 non
607 5764 776 5818 solum
802 5781 895 5823 per
922 5763 1096 5821 actum
1118 5763 1441 5829 exteriorem,
1476 5763 1574 5820 sed
1590 5764 1742 5817 etiam

1840 4778 1897 4833 in
1922 4769 2283 4832 sanctissimo
2332 4769 2875 4844 patriarcha_nostro
2916 4770 3229 4844 Benedicto.
3272 4769 3337 4824 Et
3367 4772 3422 4844 in

1843 4846 1978 4901 Vitis
2007 4846 2222 4901 Patrum
2254 4842 2350 4900 lib.
2380 4858 2466 4909 tu,
2499 4851 2554 4898 et
2580 4842 2706 4898 alibi
2750 4842 2969 4911 saepius.
3024 4843 3291 4897 (Steterunt
3321 4843 3427 4896 etsi

1843 4918 2014 4991 possit
2052 4911 2632 4991 deamou_hujus_modi
2687 4911 3428 4991 cogitationes__importunas

1843 4982 2137 5042 immittere
2158 5028 2171 5050 ,
2200 4988 2244 5041 si
2272 4982 2418 5042 Deus
2443 4984 2624 5049 sinat,
2654 4997 2761 5037 non
2792 4993 2969 5037 tamen
2999 4982 3161 5037 ullam
3191 4982 3428 5035 coactio-

1844 5073 1970 5113 nem
2018 5065 2110 5130 aut
2155 5056 2535 5130 necessitatem
2564 5053 2823 5108 voluntati
2867 5051 3080 5130 afferre,
3115 5050 3311 5130 necgde
3334 5064 3427 5103 vo-

1848 5128 2068 5184 luntatis
2087 5141 2313 5182 assensu
2333 5133 2427 5179 aut
2443 5123 2691 5179 dissensu
2708 5131 2910 5179 certam
2934 5122 3133 5176 habere
3155 5122 3423 5181 notitiam,

1851 5199 1945 5256 sed
1971 5198 2299 5271 probabilem
2329 5195 2695 5271 dumtaxat_e_x
2725 5195 2912 5271 signis“
2934 5189 3291 5271 exterioribus
3310 5231 3325 5256 ,
3373 5200 3429 5270 ut

1850 5263 2051 5325 dictum
2077 5279 2178 5323 est.
2210 5266 2394 5337 Neque
2415 5280 2545 5321 vero
2573 5266 2699 5319 sivit
2729 5263 2849 5337 eum
2877 5263 3019 5337 [lens
3049 5263 3194 5314 vires
3221 5273 3348 5315 suas
3373 5263 3426 5337 in

1850 5340 2106 5398 tentando
2128 5330 2409 5404 exercere,
2436 5347 2691 5406 quantum
2721 5334 2811 5389 ille
2835 5333 2995 5389 vellet
3023 5338 3078 5385 et
3103 5338 3307 5399 posset,
3330 5330 3427 5385 sed

1848 5411 2253 5483 quantumfert
2295 5405 2529 5483 humana
2556 5405 2876 5483 fragilitas,
2928 5416 3091 5483 quam
3136 5413 3427 5483 numquam

1849 5468 2134 5539 s'uilicienti
2184 5478 2386 5535 auxilio
2411 5468 2698 5550 gestituit'.
2734 5468 2897 5550 nam,
2924 5468 2979 5550 ut
3025 5471 3100 5525 ait
3137 5468 3428 5550 Apostolus

1852 5554 1868 5608 Ι
1896 5554 1961 5607 ad
1981 5552 2226 5607 Corinth.
2258 5554 2326 5610 10
2358 5568 2370 5602 :
2401 5545 2603 5601 Fidelis
2628 5557 2698 5600 est
2722 5546 2857 5599 Deus
2878 5545 2963 5614 qui
2990 5558 3094 5614 non
3114 5545 3307 5614 patitur
3336 5554 3429 5592 nos

1846 5626 2033 5700 tentari
2060 5640 2220 5694 supra
2262 5624 2317 5677 id
2354 5618 2490 5691 quod
2521 5632 2791 5700 possumus
2814 5657 2829 5682 ,
2858 5612 2947 5669 sed
2987 5613 3108 5700 facit
3136 5612 3287 5700 etiam
3298 5624 3428 5700 cum

1847 5687 2478 5764 tentatione'proventiun,
2522 5687 2572 5745 id
2617 5698 2721 5756 est,
2765 5694 3104 5756 augmentum
3157 5687 3340 5747 gratia:
3372 5687 3429 5736 et

1849 5764 2053 5819 auxilii.
