4026 6204
555 275 662 336 895

1624 271 1895 327 J.)ANNIS
1931 269 2244 328 CASSIANI
2285 267 2781 325 COLLATIONES.

3735 270 3830 326 G90

555 403 678 449 esse
727 398 918 446 omnes
947 390 1193 459 ejusdem
1226 388 1518 444 ferocitatis
1546 397 1600 444 et
1630 389 1920 454 desiderii,
1951 389 2044 446 sed
2075 403 2143 446 ne
2167 394 2221 452 Α
2252 386 2552 452 voluntate,
2593 401 2698 441 non
2731 401 2909 457 pugna
2935 386 3163 442 dicenda
3209 396 3314 454 est,
3359 401 3456 442 nec
3493 386 3828 454 colluctatio,

559 484 717 537 unius
747 482 964 551 quidem
1009 480 1336 536 foriitudinis
1377 491 1540 550 atque
1571 482 1860 551 nequitiae;
1903 491 1957 536 et
2010 483 2143 538 inci-

557 574 840 646 pientibus
873 574 1085 644 quidem
1115 583 1276 644 atque
1300 573 1526 628 infirmis
1557 589 1662 629 non
1687 575 1788 628 nisi
1819 574 2143 630 infirmiores

557 667 784 734 spiritus
838 666 889 722 in
927 667 1224 722 certamine
1253 667 1594 734 comparari,
1647 675 1700 721 et
1747 666 1830 721 liis
1889 665 2140 736 nequitiis

556 759 895 829 spiritalibus
949 758 1258 828 superatis,
1313 757 1576 828 gradatim
1611 773 1826 829 semper
1879 759 2140 814 adversus

557 850 813 906 athletam
845 849 1045 904 Christi
1072 850 1342 905 robustior
1371 865 1544 920 pugna
1566 850 1840 905 succedet.
1868 851 1969 905 Pro
1989 865 2140 907 com-

557 944 841 1012 paratione
889 943 1156 1010 siquidem
1209 943 1400 998 virium
1451 958 1516 998 ac
1575 944 1844 1012 profectus
1883 944 2135 1010 humani,

555 1033 716 1089 etiam
769 1033 1059 1090 difficultas
1099 1033 1500 1090 colluctationis
1527 1046 1774 1103 augetur.
1802 1035 1960 1090 Nullo
1990 1037 2136 1091 enim

557 1127 722 1182 modo
750 1127 977 1198 quilibet
997 1139 1304 1184 sanctorum
1328 1128 1602 1184 sufficeret
1627 1129 1816 1184 talium
1842 1140 2138 1186 tantorum-

555 1231 660 1289 que
690 1217 923 1274 hostium
948 1221 1173 1274 snﬂ'crre
1217 1219 1548 1290 nequitiam,
1580 1221 1662 1275 vel
1712 1221 1921 1277 insidiis
1951 1235 2138 1277 eorum

556 1318 744 1380 posset
775 1325 1061 1366 occurrere
1089 1351 1102 1375 ,
1148 1311 1240 1366 sed
1275 1325 1374 1366 nec
1404 1311 1776 1367 crudelitatem
1832 1311 2045 1378 quidem
2073 1326 2138 1367 ac

552 1402 820 1457 saevitiam
847 1406 1138 1470 sustinere,
1170 1404 1214 1458 si
1240 1418 1345 1459 non
1372 1403 1650 1459 certamini
1683 1414 1868 1460 nostro
1898 1403 2138 1459 clemen-

551 1493 793 1550 tissimus
817 1498 1022 1554 arbiter
1053 1508 1216 1567 atque
1236 1506 1259 1534 ι
1281 1499 1602 1566 agonotbeta
1635 1497 1934 1566 prmsidens
1969 1496 2136 1552 Chri-

551 1593 688 1652 stus,
710 1595 765 1643 et
790 1597 1096 1656 exaequaret
1125 1589 1530 1644 colluctantium
1557 1589 1722 1654 vires,
1741 1589 2136 1642 etimmodera-

552 1684 638 1732 tos
663 1693 848 1733 eorum
879 1680 1164 1745 repelleret
1189 1695 1252 1732 ac
1281 1679 1579 1735 refrenaret
1620 1679 1887 1745 incursus,
1910 1679 2137 1734 faceret-

2253 493 2428 550 neque
2455 489 2756 547 certamen,
2786 479 2880 536 sed
2921 481 3106 548 iniqua
3134 481 3379 552 quardam
3411 489 3463 538 et
3489 482 3830 538 irrationabi-

2253 572 2317 626 lis
2351 573 2766 642 oppugnationis
2811 573 3116 644 oppressio.
3169 574 3276 629 Sed
3309 574 3467 645 plane
3495 573 3751 630 laborant
3783 585 3830 630 et

2253 665 2353 735 ipsi
2407 679 2514 719 non
2558 665 2736 720 minus
2775 665 3160 737 impugnantes
3203 665 3494 720 humanum
3544 679 3742 734 genus,
3784 677 3829 720 et

2248 757 2515 813 desudant
2550 765 2611 811 ut
2639 757 2967 828 praevaleant
3009 758 3078 812 de
3133 772 3458 828 unoquoque
3487 757 3643 811 illam
3685 772 3826 826 quam

2248 851 2474 921 cupiunt
2514 850 2761 906 obtinere
2793 851 3099 916 victoriam,
3149 861 3205 906 et
3247 861 3600 922 retorquetur
3645 851 3699 905 in
3743 863 3826 904 eos

2249 942 2336 998 illa
2367 941 2618 998 confusio
2646 956 2768 1012 qua:
2799 957 2897 997 nos
2929 943 3182 998 manebat
3211 944 3254 998 si
3287 945 3353 997 ab
3378 943 3510 1013 ipsis
3545 942 3832 998 fuissemus

2247 1035 2391 1102 elisi,
2433 1034 2730 1090 secundum
2771 1034 2902 1089 illud
2931 1052 2941 1086 :
2977 1032 3145 1106 Caput
3175 1035 3418 1089 circuitus
3448 1050 3659 1097 eorum,
3702 1033 3833 1087 labor

2249 1126 2503 1180 labiorum
2523 1127 2756 1195 ipsorum
2777 1126 2966 1196 aperiet
2995 1143 3080 1180 eos
3103 1125 3277 1196 (Psal.
3304 1126 3548 1194 cxxxtx).
3586 1125 3679 1188 Et,
3704 1123 3830 1178 Con-

2245 1228 2469 1273 vertetur
2497 1219 2646 1273 dolor
2681 1225 2792 1290 ejus
2817 1220 2872 1273 in
2921 1229 3072 1287 caput
3103 1222 3218 1292 ejus
3249 1217 3426 1288 (Psal.
3456 1217 3586 1288 vn).
3636 1217 3705 1272 Et
3732 1217 3821 1272 ite-

2247 1327 2364 1365 rum
2411 1327 2427 1368 :
2468 1309 2654 1365 Veniat
2695 1311 2772 1365 illi
2815 1311 3027 1382 laqueus
3075 1329 3223 1382 quem
3271 1312 3501 1381 ignorat,
3560 1321 3612 1364 et
3663 1311 3823 1377 captio

2243 1420 2400 1474 quam
2441 1404 2730 1468 abscondit,
2759 1402 3111 1476 apprehendat
3139 1419 3257 1456 eum
3295 1412 3343 1458 et
3385 1404 3439 1456 in
3478 1403 3723 1471 laqueum
3750 1418 3828 1455 ra-

2244 1500 2331 1552 dat
2353 1497 2766 1568 (Psalixxxtv),
2799 1499 2853 1552 in
2883 1497 3058 1566 ipsum
3105 1497 3314 1553 scilicet
3344 1513 3507 1568 quem
3549 1511 3718 1566 super
3742 1495 3828 1550 ho-

2244 1589 2444 1645 minum
2477 1590 2793 1660 deceptione
2831 1589 3066 1644 molitur.
3102 1588 3298 1645 Dolcnt
3323 1589 3487 1657 igitur
3530 1588 3700 1642 etiam
3735 1587 3824 1656 ipsi

2247 1699 2356 1737 non
2388 1683 2598 1749 minus;
2637 1691 2693 1738 et
2717 1680 3167 1751 quemadmodum
3197 1697 3294 1736 nos
3315 1680 3547 1745 elidunt,
3581 1678 3686 1748 ipsi
3706 1694 3825 1747 quo-

549 1784 656 1842 que
682 1786 804 1826 cum
832 1771 1128 1826 lentutione
1157 1772 1183 1810 ι)
1215 1775 1444 1839 exitum,
1467 1787 1521 1827 ιιι
1551 1773 1818 1828 sustinere
1843 1775 2131 1843 possimus.
2168 1773 2216 1833 Β
2244 1789 2347 1844 que
2387 1774 2635 1829 similiter
2680 1774 2976 1835 eliduntur,
3028 1787 3129 1832 nec
3169 1772 3296 1826 victi
3346 1772 3467 1827 sine
3515 1770 3824 1827 confusione

1133 1883 1361 1941 CAPUT
1398 1885 1542 1940 XXI.

551 1973 703 2041 Quod
747 1977 1001 2029 diemones
1046 1993 1161 2030 cum
1209 1977 1500 2118 hor/tltinibus
1548 1994 1650 2030 non
1689 1978 1796 2032 sine
1835 1993 1928 2032 suo
1962 1977 2136 2033 labore

1185 2064 1279 2101 con
1328 2057 1489 2117 tgant.

1185 2057 1489 2117 conﬂigant.

621 2136 769 2192 lianc
811 2147 991 2192 autem
1021 2149 1041 2176 σ
1080 2138 1520 2193 colluctationem
1555 2137 1679 2193 illos
1727 2153 1833 2194 non
1878 2141 1995 2194 sine
2035 2152 2134 2193 suo

544 2231 820 2288 credimus
861 2231 1046 2288 labore
1091 2233 1380 2289 coniicere.
1435 2232 1646 2288 Habent
1690 2248 1922 2303 namque
1969 2233 2130 2288 etiam

545 2323 649 2393 ipsi
677 2325 728 2379 in
761 2339 858 2380 suo
890 2325 1144 2380 conﬂictu
1174 2325 1460 2396 quamdam
1510 2327 1838 2381 anxietatem
1879 2335 1932 2381 et
1963 2325 2134 2382 tristi-

545 2418 697 2484 tiam,
729 2426 783 2472 et
811 2417 1041 2472 maxime
1065 2433 1186 2472 cum
1217 2416 1418 2473 fuerint
1441 2417 1797 2474 validioribus
1823 2417 2049 2481 aemulis,
2079 2417 2131 2472 id

545 2517 653 2574 est,
708 2507 839 2563 viris
888 2509 1090 2563 sanctis
1135 2508 1493 2578 perfectisque
1532 2510 1835 2578 congressi.
1880 2508 2130 2579 Alioquin

542 2597 656 2668 jam
684 2613 794 2653 non
817 2599 1104 2654 conﬂictus
1133 2614 1229 2655 nec
1257 2601 1587 2668 colluctatio,
1630 2600 1725 2655 sed
1755 2601 1982 2671 simplex
2014 2613 2131 2656 tan-

543 2700 680 2758 tum,
706 2701 782 2756 et,
817 2702 872 2744 ut
901 2692 970 2744 ita
1003 2691 1259 2758 dixerim,
1306 2707 1493 2748 secura
1525 2693 1636 2748 illis
1662 2702 1808 2749 esset
1851 2693 2130 2750 hominum

542 2782 801 2838 attributa
827 2783 1093 2853 deceptio.
1136 2784 1202 2840 Et
1226 2786 1497 2854 quomodo
1529 2793 1704 2842 staret
1727 2786 1857 2842 illud
1883 2788 2129 2858 ApoStoli

541 2876 687 2947 quod
715 2877 866 2941 dicit,
894 2877 1015 2931 Non
1043 2887 1119 2932 est
1153 2878 1297 2933 nobis
1324 2879 1619 2934 colluctatio
1648 2882 1890 2937 adversus
1921 2898 2129 2936 carnem

544 2983 595 3028 et
624 2975 947 3046 sanguinem,
975 2975 1062 3028 sed
1085 2976 1327 3029 adversus
1352 2978 1691 3048 principatus,
1716 2978 1961 3031 adversus
1985 2984 2127 3046 pote-

541 3073 720 3133 states,
767 3068 1009 3121 adversus
1048 3069 1226 3121 mundi
1282 3078 1500 3122 rectores
1550 3068 1872 3122 tenebrarum
1917 3069 2122 3134 harum,

2239 1866 2545 1921 discedunt.
2579 1866 2723 1935 Quas
2764 1880 2954 1921 eorum
2999 1864 3188 1918 ruinas
3218 1873 3381 1934 atque
3425 1861 3718 1918 conﬂictus
3747 1861 3824 1915 ille

2242 1958 2333 2029 qui
2363 1973 2527 2012 sanos
2555 1958 2837 2014 interioris
2865 1957 3102 2012 hominis
3131 1956 3318 2011 oculos
3349 1953 3668 2026 possidebat
3700 1967 3822 2024 quo-

2240 2049 2372 2105 tidie
2402 2063 2656 2115 cernens,
2686 2048 2986 2117 vidensque
3014 2063 3109 2104 eos
3137 2045 3550 2118 supergaudere
3579 2046 3745 2101 ruinis
3774 2053 3823 2100 et

2235 2142 2455 2198 casibus
2486 2142 2847 2212 singulorum,
2880 2155 2943 2196 ac
2969 2141 3165 2195 timens
3189 2155 3256 2193 ne
3285 2139 3351 2194 de
3379 2153 3440 2193 se
3461 2153 3680 2209 quoque
3699 2153 3817 2193 eve-

2236 2233 2379 2290 niret
2424 2234 2504 2289 eis
2550 2235 2650 2288 ista
2691 2232 2899 2300 laetitia,
2947 2231 3234 2287 Dominum
3277 2229 3609 2300 deprecatur
3641 2247 3653 2282 :
3684 2227 3814 2283 Illu-

2235 2327 2398 2391 mina,
2432 2328 2702 2398 inquiens,
2732 2325 2907 2381 oculos
2937 2327 3091 2390 meos,
3123 2341 3184 2378 ne
3215 2341 3455 2394 umquam
3489 2324 3801 2378 obdormiant

2235 2420 2290 2471 in
2321 2426 2518 2482 morte;
2551 2433 2612 2472 ne
2637 2417 2848 2488 quando
2891 2417 3029 2471 dicat
3062 2416 3300 2470 inimicus
3336 2431 3503 2482 meus,
3555 2412 3806 2468 Praevalsi

2236 2510 2482 2562 adversus
2511 2525 2649 2562 eum.
2688 2507 2790 2573 Qui
2817 2507 3070 2561 tribulant
3110 2522 3211 2571 me,
3251 2505 3608 2570 exsultabant,
3636 2505 3680 2559 si
3705 2518 3806 2556 mo.

2236 2611 2318 2654 tus
2358 2600 2504 2670 [uero
2532 2597 2703 2669 (Psal.
2738 2597 2856 2668 xu).
2903 2599 2969 2654 Et
3001 2617 3013 2654 :
3042 2597 3181 2653 Deus
3222 2614 3384 2664 meus,
3429 2613 3496 2652 ne
3545 2612 3809 2668 supergau-

2235 2691 2391 2744 deant
2421 2690 2569 2756 mihi,
2589 2707 2650 2745 ne
2673 2689 2848 2744 dicant
2876 2692 2927 2744 in
2955 2689 3190 2744 cordibus
3218 2690 3350 2754 suis,
3375 2686 3550 2761 Euge,
3565 2705 3680 2759 euge
3704 2687 3806 2740 ani-

2236 2799 2331 2836 ma:
2369 2791 2595 2847 nostrae;
2650 2797 2744 2835 nec
2801 2781 2999 2848 dicant,
3062 2780 3428 2835 Devorabimus
3477 2796 3598 2834 eunt
3649 2777 3807 2851 (Psal.

2235 2876 2456 2944 xxxiv);
2488 2884 2539 2929 et
2565 2892 2576 2925 :
2610 2871 2970 2928 Frenduerunt
2996 2889 3152 2943 super
3180 2889 3261 2927 me
3287 2872 3525 2927 dentibus
3560 2871 3684 2927 suis.
3709 2869 3806 2924 Do-

2234 2969 2390 3033 mine,
2437 2969 2646 3039 quando
2695 2968 2933 3036 rcspicies
2970 2965 3196 3037 (lbid.)?
3246 2964 3540 3020 insidiatur
3582 2965 3719 3020 enim
3759 2961 3806 3017 in

2236 3060 2578 3125 abscondito,
2628 3068 2687 3114 ut
2731 3058 2818 3114 leo
2849 3059 2901 3112 in
2938 3057 3103 3112 cubili
3147 3071 3267 3122 suo,
3298 3055 3592 3110 insidiatur
3637 3063 3694 3108 ut
3734 3067 3809 3108 ra-

542 3166 723 3211 contra
743 3158 997 3226 spiritalia
1020 3159 1264 3228 nequitia:
1291 3160 1345 3211 in
1367 3158 1652 3213 caelestibus
1674 3158 1895 3232 (Ephes.
1927 3159 2028 3231 v1).
2058 3159 2126 3214 Et
2156 3151 2203 3214 C
2237 3155 2345 3223 piat
2377 3167 2690 3223 pauperem.
2727 3151 2812 3217 Et,
2857 3151 3056 3219 Quaerit
3086 3167 3118 3202 a
3164 3147 3272 3204 Deo
3310 3165 3476 3203 escam
3519 3148 3620 3202 sibi
3645 3143 3802 3217 (Psal.

542 3248 679 3303 illud
708 3267 719 3301 :
753 3250 845 3303 Sic
880 3266 1050 3318 pugno
1099 3265 1197 3302 non
1227 3251 1373 3319 quasi
1419 3267 1588 3304 aerem
1630 3254 1900 3304 verberans
1928 3253 1975 3318 (ι
1997 3250 2120 3305 Cor.

543 3338 645 3410 lx).
691 3339 755 3394 Et
785 3341 1004 3406 iterum,
1036 3339 1241 3394 Bonum
1273 3358 1490 3412 agonem
1536 3343 1726 3396 certavi
1757 3343 1822 3415 (ll
1851 3344 1986 3398 Tim.
2021 3347 2120 3411 tv).

545 3431 650 3489 Ubi
677 3431 821 3487 enim
846 3430 870 3470 ἀ
901 3448 1037 3503 agon
1066 3433 1282 3500 dicitur,
1323 3445 1376 3488 et
1403 3443 1699 3501 certamen,
1727 3443 1782 3490 et
1806 3450 2002 3505 pugna,
2027 3449 2123 3490 seu

541 3524 878 3589 colluctatio,
912 3540 1136 3580 necesse
1166 3536 1249 3580 est
1269 3536 1322 3581 et
1345 3526 1617 3595 utrimque
1646 3527 1834 3593 sudor,
1859 3536 1914 3581 et
1945 3527 2120 3592 labor,

541 3625 598 3672 et
627 3618 929 3673 sollicitudo
970 3620 1249 3684 subeatur,
1295 3629 1348 3673 et
1379 3619 1660 3689 aequaliter
1693 3621 1817 3675 illos
1846 3619 1930 3674 vel
1961 3634 2123 3688 super

540 3707 843 3777 dejectione
873 3717 1092 3764 maneat
1119 3708 1277 3764 dolor
1318 3719 1481 3780 atque
1524 3710 1788 3774 confusio,
1833 3711 1915 3764 vel
1945 3709 2011 3764 de
2042 3711 2123 3764 vi-

539 3801 710 3854 ctoria
742 3802 994 3870 gaudium
1030 3811 1416 3872 consequatur.
1453 3799 1556 3857 Ubi
1589 3817 1717 3858 vero
1743 3803 1850 3857 alio
1880 3818 2002 3856 cum
2030 3816 2123 3856 su-

539 3892 673 3946 dore
703 3893 959 3957 luctante,
991 3893 1129 3947 alius
1159 3909 1279 3948 cum
1312 3895 1424 3947 otio
1452 3909 1513 3948 ac
1544 3896 1831 3950 securitate
1854 3893 2115 3962 conﬂigit,

536 3993 592 4040 et
621 3984 686 4040 ad
730 3986 1089 4056 dejiciendum
1130 3987 1384 4041 mmulum
1421 3986 1534 4042 sola
1570 4001 1667 4056 pro
1706 3987 1919 4041 viribus
1950 3987 2121 4038 utitur

2237 3247 2374 3316 cm).
2402 3245 2504 3311 Qui
2546 3258 2756 3300 rursum
2801 3242 3010 3298 cunctis
3052 3241 3336 3297 conatibus
3379 3242 3661 3310 expensis,
3695 3253 3804 3293 cum

2235 3337 2614 3404 deceptionem
2641 3345 2885 3391 nostram
2911 3351 3018 3390 non
3043 3334 3318 3405 potuerint
3346 3332 3620 3401 obtinere,
3653 3343 3802 3401 super

2236 3441 2445 3486 cassato
2471 3431 2657 3487 labore
2686 3445 2806 3497 suo,
2858 3445 3082 3486 necesse
3108 3437 3275 3484 estut
3321 3428 3716 3483 confundantur
3750 3431 3798 3478 et

2238 3522 2563 3578 erubescant
2589 3523 2682 3593 qui
2704 3531 2954 3593 quaerunt
2979 3521 3187 3576 animas
3219 3530 3434 3576 nostras
3453 3562 3469 3585 ,
3492 3531 3551 3576 ut
3571 3519 3798 3574 auferant

2238 3631 2350 3681 eas,
2373 3615 2658 3670 induantur
2685 3617 2989 3685 confusione
3014 3626 3059 3668 et
3088 3613 3285 3684 pudore
3311 3613 3399 3682 qui
3423 3613 3644 3683 cogitant
3663 3607 3796 3662 nobis

2236 3709 2376 3763 mala
2420 3707 2537 3777 (Ps.
2572 3706 2776 3777 xxxiv).
2803 3707 3064 3763 Jeremias
3106 3720 3342 3777 quoque,
3372 3703 3792 3776 Confundantur,

2237 3803 2426 3872 inquit,
2459 3801 2559 3866 illi,
2585 3810 2752 3855 etnon
2774 3801 3063 3868 confundar
3087 3814 3212 3870 ego;
3243 3807 3462 3868 paveant
3489 3799 3601 3864 illi,
3633 3806 3676 3851 et
3700 3808 3791 3846 non

2233 3908 2443 3962 paveam
2466 3909 2588 3963 ego;
2617 3894 2772 3946 induc
2793 3908 2945 3961 super
2967 3907 3051 3945 eos
3070 3892 3200 3944 iram
3220 3890 3414 3957 furoris
3439 3891 3537 3956 tui,
3555 3900 3599 3944 et
3619 3884 3793 3956 duplici

2234 3986 2539 4037 contritione
2560 3994 2758 4037 contere
2785 3997 2868 4037 eos
2889 3981 3105 4052 (Jerem.
3123 3983 3277 4051 xvn).
3302 3979 3448 4036 Nulli
3477 3979 3674 4037 etenim
3702 3977 3791 4030 du-

1585 4098 1839 4153 ALABDI
1881 4095 2116 4152 GAZrEl
2155 4093 2718 4152 COMMENTARIUS.

534 4201 618 4244 tus
659 4193 922 4258 nequiores
964 4209 1040 4251 se,
1084 4203 1130 4245 et
1156 4193 1270 4260 ﬁeri
1300 4191 1570 4244 novissima
1609 4191 1827 4244 hominis
1853 4191 1995 4242 illius
2024 4206 2111 4255 pe-

530 4263 651 4335 jora
676 4261 933 4335 prioribus
965 4260 1176 4335 (Matth.
1210 4262 1326 4335 ιιι).
1376 4261 1504 4335 Vide
1550 4261 1648 4335 hac
1683 4261 1752 4314 de
1781 4261 2109 4335 relepiduin

535 4330 843 4398 exemplum
889 4331 1028 4397 apud
1071 4331 1363 4385 Caesarium
1395 4331 1814 4384 liisterciensem
1857 4331 1947 4384 lib.
1980 4346 2009 4382 ν
2041 4331 2109 4384 de

533 4399 881 4455 Daemonibus
903 4414 1021 4465 cap.
1051 4403 1139 4467 56,
1169 4417 1278 4469 quo
1295 4401 1533 4454 ostendit
1554 4417 1658 4454 non
1691 4415 1879 4456 omnes
1907 4401 2109 4455 daemo-

531 4485 633 4524 nes
673 4485 822 4538 seque
871 4473 1038 4524 malos
1085 4482 1138 4526 et
1170 4474 1360 4524 noxios
1399 4485 1541 4524 esse.
1587 4472 1853 4526 Palladius
1892 4471 2020 4526 item
2054 4472 2107 4525 in

533 4539 657 4593 Vita
682 4539 829 4612 Pauli
854 4539 1126 4610 Simplicis
1157 4543 1324 4597 refert
1347 4541 1401 4598 S.
1427 4541 1717 4596 Antonium
1743 4559 1848 4597 non
1867 4543 2109 4612 pomisse

531 4611 810 4676 expellere
836 4612 1134 4667 daemonem
1159 4613 1442 4682 quemdam
1478 4613 1826 4681 principalem
1857 4611 1956 4681 (sic
1983 4629 2108 4667 eum

529 4689 689 4753 vocat
711 4682 755 4750 ),
781 4696 1010 4753 eumque
1051 4684 1117 4737 ad
1153 4683 1373 4737 Paulum
1403 4684 1675 4737 remisisse
1705 4684 2103 4753 expellendum.

532 4750 669 4806 Vide
699 4767 818 4820 cap.
852 4753 914 4806 5i
951 4751 1111 4821 hujus
1140 4753 1466 4809 collationis.

601 4831 625 4857 ι
650 4821 725 4876 De
757 4823 856 4877 hac
891 4825 1187 4895 vocgalias
1213 4826 1412 4879 dictum
1443 4835 1523 4880 est
1545 4825 1682 4895 (Lib.
1709 4841 1782 4891 vt,
1814 4842 1860 4879 c.
1893 4825 1966 4895 9).
1995 4825 2108 4893 Qua

526 4908 656 4966 usus
698 4903 781 4966 est
813 4897 974 4966 etiam
1003 4892 1391 4966 Tertullianus,
1426 4895 1498 4950 ita
1530 4892 1780 4966 martyras
1817 4892 2110 4953 exhertans

525 4962 667 5037 (Lib.
711 4965 779 5016 ad
823 4962 1086 5034 Martyres
1123 4983 1239 5027 cap.
1275 4965 1380 5037 5)_:
1411 4966 1608 5020 Bonum
1648 4962 1864 5036 agonem
1893 4968 2112 5024 subituri

523 5035 671 5108 estis,
709 5037 764 5088 in
813 5052 911 5102 quo
954 5040 1284 5104 agonothetes
1313 5034 1462 5092 'Deus
1508 5054 1638 5091 unus
1675 5034 1768 5102 est,
1812 5041 2108 5108 zystarches

523 5104 752 5177 Spiritus
782 5117 1013 5170 sanctus,
1041 5123 1228 5160 corona
1254 5110 1552 5161 wternitatis
1581 5109 1831 5171 bravium,
1849 5104 2108 5177 angelica:

522 5175 824 5249 substantia:
855 5177 1039 5248 politia
1076 5178 1130 5231 in
1177 5179 1335 5242 caelis,
1375 5180 1540 5249 gloria
1583 5182 1635 5232 in
1666 5179 1858 5249 εφευία
1896 5175 2108 5233 siccato-

521 5261 660 5298 rum.
704 5244 885 5317 Itaque
925 5251 1165 5314 epistates
1206 5244 1638 5303 vester'Christus
1671 5248 1846 5311 Iesus,
1897 5251 1982 5317 qui
2020 5265 2106 5304 vos

519 5317 718 5391 spiritu
751 5319 939 5391 unxit,_
963 5328 1012 5391 et
1041 5319 1110 5372 ad
1151 5323 1245 5372 hoc
1283 5336 1507 5391 scamma
1543 5321 1809 5391 produxit,
1849 5330 1986 5385 etc.;
2017 5321 2104 5376 ubi

521 5389 817 5458 exponitur
853 5404 881 5441 a
913 5388 1173 5443 Rhenano
1215 5388 1562 5458 agonotlietes
1593 5392 1681 5458 qui
1713 5400 1983 5445 certamen
2023 5393 2104 5446 in-

519 5457 710 5538 ‘strpit.
735 5461 956 5524 praemio
993 5457 1306 5538 preposito:
1351 5457 1666 5538 xystarclies
1711 5464 1848 5531 xysti
1881 5476 2098 5538 praeses,

520 5525 649 5600 loci,
697 5527 936 5596 inquam,
995 5525 1057 5584 in
1098 5525 1233 5600 quo
1276 5525 1402 5600 per'
1430 5532 1658 5586 hiemem
1711 5525 2104 5587 exercebantur

520 5596 770 5672 athletae}
815 5600 1071 5672 epistates
1110 5596 1430 5672 a‘i_lilet'arnm
1469 5603 1724 5671 magister
1751 5601 1910 5672 (Vide
1939 5619 2101 5672 supra

521 5665 696 5743 cqllat.
733 5665 994 5743 6__c.’t6).
1027 5672 1083 5743 S_.
1133 5669 1489 5743 Hieronymus
1530 5665 1686 5741 epist.
1719 5665 1789 5726 28
1835 5673 1902 5727 ad
1944 5665 2102 5728 Luci-

523 5737 672 5790 nium
707 5755 720 5789 :
753 5737 876 5790 Non
912 5737 1005 5802 est,
1054 5739 1247 5805 inquit,
1291 5737 1495 5794 invidus
1534 5737 1844 5809 agonotheta
1888 5753 2097 5808 noster;

2216 4191 2556 4262 nec‘alterius
2605 4190 2778 4262 palma
2821 4189 2971 4244 alteri
3009 4201 3160 4262 parat
3200 4188 3540 4260 ignominiane
3571 4205 3592 4244 .'
3625 4199 3788 4240 omnes

2215 4258 2437 4313 athletas
2459 4276 2582 4313 suos
2606 4258 2867 4314 desiderat
2893 4258 3152 4314 coronari.

2288 4328 2313 4366 δ
2344 4332 2416 4384 Ita
2445 4331 2643 4400 passim
2685 4331 2812 4400 legit
2846 4333 3062 4396 exitum,
3102 4331 3225 4399 quia
3255 4330 3446 4386 Grmce
3468 4331 3699 4391 ἔκϐασιν,
3730 4334 3782 4378 ιιι

2214 4402 2286 4454 sit
2315 4416 2507 4456 sensus
2538 4419 2550 4454 :
2583 4405 2627 4455 si
2661 4404 2885 4458 tentatio
2925 4404 3211 4472 ingruerit,
3225 4401 3396 4472 faciet
3429 4414 3486 4455 ut
3518 4400 3691 4472 Statim
3721 4411 3778 4472 ea

2214 4473 2412 4538 evolet,
2461 4483 2768 4542 superetur,
2827 4465 3120 4529 evanescat
3161 4470 3328 4541 (Vide
3370 4481 3514 4526 notas
3568 4471 3636 4521 ad
3676 4465 3782 4518 cot-

2219 4541 2309 4596 lat.
2335 4545 2368 4613 5
2388 4559 2502 4613 cap.
2534 4541 2644 4613 Π).
2989 4612 2994 4613 γ
3746 4603 3778 4613 __

2239 4552 2309 4596 at.
2335 4552 2502 4614 acup.
2534 4552 2644 4613 17).

2137 4591 2192 4654 D
2336 4591 2734 4680 Videri—pbssit
2779 4613 2950 4684 prima
2977 4612 3154 4670 fronte
3201 4614 3269 4669 de
3298 4613 3489 4684 labore
3527 4603 3783 4684 corporali

2218 4684 2539 4755 intelligere.
2588 4686 2722 4740 Cum
2761 4680 2910 4739 enim
2964 4687 3211 4754 superius
3250 4683 3407 4755 (Cap.
3467 4683 3564 4755 13),
3593 4680 3786 4755 dixerit

2216 4752 2492 4809 dmmoiies
2518 4770 2624 4810 non
2652 4770 2772 4810 esse
2810 4752 3436 4826 prorsus-incorporeas,
3479 4754 3568 4809 sed
3592 4752 3782 4806 habere

2217 4840 2432 4894 corpus,
2487 4827 2609 4881 licet
2658 4826 2827 4880 multo
2873 4829 3088 4882 tenuius
3131 4842 3290 4896 quant
3331 4841 3453 4890 nos,
3507 4830 3779 4896 consenta-

2217 4892 2378 4949 neum
2421 4892 2548 4950 esse
2591 4896 2801 4950 videtur
2825 4911 2921 4950 eos
2949 4892 3224 4952 nobiscum
3259 4897 3604 4951 colluctando
3645 4892 3780 4945 labo-

2217 4981 2362 5030 rare,
2405 4977 2458 5020 et
2503 4967 2686 5022 labore
2713 4967 2958 5035 corporis
2987 4982 3144 5035 posse
3173 4968 3406 5036 fatigari.
3454 4967 3642 5022 Verum
3671 4975 3777 5036 eum

2221 5037 2529 5106 ltujusmodi
2555 5033 2866 5091 colluctatio
2899 5033 3158 5106 spiritalis
3185 5033 3288 5105 sit,
3327 5052 3436 5093 non
3477 5033 3776 5106 corporalis,

2217 5103 2459 5182 et'ipsos
2495 5109 2771 5182 decuriones
2800 5103 2955 5177 plane
2998 5103 3448 5182 incorporeosuet
3492 5103 3780 5182 Spiritualcg‘

2216 5191 2338 5232 esse
2367 5179 2578 5232 abunde
2603 5178 3031 5233 demonstratum
3059 5177 3289 5245 sit,’non
3319 5179 3485 5233 alium
3515 5177 3775 5245 i’niaginari

2217 5262 2502 5316 possumus
2531 5249 2769 5304 laborem
2795 5249 3131 5304 daemonibus
3163 5251 3476 5316 convenire,
3506 5263 3661 5320 quam
3689 5260 3776 5297 na-

2217 5329 2352 5373 tura!
2375 5334 2561 5390 eorum
2589 5331 2994 5390 congruentem,
3027 5321 3079 5373 id
3105 5329 3210 5386 est,
3234 5321 3608 5390 spiritualem;
3634 5328 3776 5390 quem

2217 5389 2560 5456 postmodum
2585 5384 2972 5458 intei'pretatur
2992 5384 3340 5455 anxietatem,
3373 5384 3666 5450 tristitiam,
3691 5384 3777 5458 du-

2214 5459 2403 5528 lorem,
2429 5456 2828 5524 confusionem,
2857 5461 3268 5527 contritionem,
3292 5471 3423 5529 etc.,
3453 5475 3575 5527 quae
3601 5460 3650 5513 in
3675 5456 3777 5529 ila--

2212 5535 2464 5601 monibus
2492 5532 2770 5600 passiones
2802 5540 2927 5586 sunt
2955 5531 3284 5601 spirituales,
3317 5528 3422 5586 non
3452 5528 3772 5600 corporales“-

2283 5600 2308 5638 ἀ
2332 5607 2509 5674 Agon,
2552 5603 2602 5656 id
2633 5613 2738 5677 est,
2778 5600 3050 5657 certamen
3082 5621 3096 5657 :
3129 5603 3696 5677 unde_agonista,_qui
3733 5613 3775 5677 (at

2171 5713 2178 5728 .
2209 5662 3006 5754 agone'coutend'rt,certator,
3024 5674 3214 5796 {pugiL
3247 5662 3540 5743 gladiator.
3562 5662 3777 5726 'Tertuh

2209 5744 2384 5796 lianus
2412 5745 2481 5796 de
2511 5743 2844 5796 Spectaculis
2867 5757 2991 5796 can.
3063 5745 3108 5796 Ι.

2209 5744 2384 5798 lianus
2412 5745 2481 5800 de
2511 5743 2844 5810 Spectaculis
2867 5757 2991 5812 cap.
