4026 6204
168 227 272 287 097
537 228 885 290 COLLATIO
922 228 1035 288 γιι.
1067 258 1140 274 -
1169 229 1257 287 DE
1296 229 1543 289 ANIMA'J
1582 228 2012 290 MOBILITATE
2054 231 2143 290 ET
2183 177 3072 305 SPIRITALIBUS'NEQU'ITIIS.
3340 246 3452 307 698

168 344 312 400 bium
353 351 461 412 est,
492 356 617 399 cum
640 357 671 397 a
706 340 863 399 nobis
889 340 1091 398 fuerint
1114 344 1373 414 superati,
1420 343 1755 400 contritione
1780 346 1832 407 Α
1858 344 2099 401 minibus
2127 346 2374 417 legentes
2417 348 2533 404 sive
2581 358 2859 417 canentes,
2909 351 3010 406 nisi
3042 362 3068 390 ι
3090 367 3280 413 contra
3314 360 3449 419 istas

168 448 259 490 eos
280 434 488 506 duplici
510 434 1311 507 conterendos:primumquod
1334 435 1640 494 hominibus
1657 451 1753 495 ex-
1859 436 2132 507 nequitias
2180 439 2491 509 spirituales
2524 455 2647 511 qua:
2690 441 2851 498 nobis
2891 443 3217 502 insidiantur
3252 449 3446 510 diebus

160 527 474 595 petentibus
491 526 856 594 sanctitatem,
871 526 948 582 illi
960 542 1079 583 eam
1102 529 1439 600 possidentes
1451 529 1751 597 amiserint,

161 632 439 692 causaque
488 622 801 678 exstiterint
846 621 1167 692 perditionis
1207 622 1494 689 humanas;
1548 622 1752 679 deinde

162 711 311 783 quod
354 712 631 784 spiritales
659 713 973 770 substantize
1014 713 1218 769 fuerint
1248 730 1277 770 a
1303 716 1610 772 carnalibus
1639 726 1749 772 ter-

164 805 425 876 renlsque
452 804 699 862 devictae.
723 804 830 860 llas
857 805 1021 876 igitur
1040 805 1228 863 ruinas
1257 807 1495 863 hostium
1518 822 1749 878 suasque

164 897 425 953 victorias
471 899 687 954 intuens
723 897 1089 970 unusquisque
1137 909 1451 956 sanctorum
1497 915 1622 955 cum
1658 915 1753 955 ex-

160 990 456 1048 sultatione
504 992 844 1064 proclamat:
886 989 1178 1064 Persequar
1206 993 1447 1048 inimicos
1486 1010 1647 1061 meos,
1697 1000 1749 1050 et

157 1085 585 1157 comprehendam
613 1103 720 1154 eos,
750 1095 799 1141 et
822 1103 924 1141 non
961 1095 1229 1142 convertar
1266 1088 1429 1143 donec
1458 1087 1747 1158 deﬁciant:

156 1179 487 1250 confringam
513 1196 599 1234 eos
644 1195 736 1234 nec
764 1190 1003 1249 poterunt
1043 1190 1199 1247 stare,
1243 1182 1424 1237 cadent
1454 1181 1634 1235 subtus
1659 1197 1751 1253 pe-

158 1273 251 1327 des
298 1289 439 1328 meos
489 1272 679 1345 (Psal.
721 1272 896 1344 xvn).
948 1272 1149 1330 Contra
1191 1290 1328 1347 quos
1374 1276 1537 1331 etiam
1579 1289 1743 1330 orans

156 1363 301 1419 idem
351 1363 641 1434 Propheta,
687 1362 904 1430 Iudico,
954 1364 1155 1434 inquit,
1211 1366 1454 1432 Domine,
1508 1373 1745 1420 nocentes

154 1472 276 1523 me;
312 1472 554 1529 expugna
579 1457 946 1529 impugnantes
984 1474 1104 1524 me;
1133 1457 1465 1530 apprehende
1506 1474 1653 1513 arma
1701 1468 1749 1513 et

156 1559 371 1616 scutum,
422 1559 472 1603 et
501 1566 720 1621 exsurge
750 1552 803 1604 in
842 1551 1165 1623 adjutorium
1203 1550 1351 1620 mihi,
1401 1550 1613 1620 effunde
1636 1553 1745 1624 fra—

155 1658 341 1711 meam,
368 1652 415 1697 et
442 1644 697 1699 conclude
724 1644 975 1699 adversus
1015 1660 1103 1700 eos
1118 1647 1210 1717 qui
1237 1652 1612 1718 persequuntur
1637 1664 1735 1716 me,

1857 544 1923 587 ac
1971 534 2225 588 noctibus
2278 535 2650 605 acceperimus
2706 537 2876 594 fuisse
2926 541 3268 612 conscripta,
3333 559 3441 602 non

1855 621 2018 678 modo
2038 638 2105 680 ex
2136 623 2217 680 eis
2245 624 2661 683 aediﬁcationem
2690 628 2853 684 ullam
2881 629 3124 689 lenitatis
3146 641 3201 688 et
3227 635 3442 704 patien-

1858 714 1944 769 tiae
1971 730 2399 787 consequemur,
2435 719 2529 773 sed
2557 718 2721 774 etiam
2754 720 2933 777 dirum
2960 723 3251 793 quemdam
3277 735 3447 798 atque

1857 809 2189 865 contrarium
2215 811 2545 881 evangelicae
2574 813 2888 882 perlectioni
2910 816 3285 887 concipiemus
3306 819 3441 875 alre-

1855 909 2022 958 ctum.
2061 901 2178 958 Non
2217 903 2395 961 solum
2443 904 2591 961 enim
2622 904 2941 963 docebimur
2982 922 3090 965 non
3137 923 3300 968 orare
3339 926 3440 983 pro

1856 993 2091 1051 inimicis
2136 996 2361 1063 nostris,
2404 1011 2509 1053 nec
2550 997 2777 1069 diligere
2804 1014 2924 1067 eos,
2968 1000 3064 1058 sed
3092 1002 3258 1059 etiam
3285 1003 3439 1061 dete-

1854 1088 1982 1142 stari
2017 1086 2140 1144 illos
2165 1087 2494 1160 implacabili
2522 1088 2648 1146 odio
2679 1092 3118 1161 provocabitnur,
3149 1091 3180 1133 δ
3207 1094 3439 1153 maledi-

1852 1194 1978 1235 cere
2007 1180 2089 1235 eis
2115 1187 2277 1251 atque
2302 1181 2603 1238 orationem
2641 1181 2905 1238 adversus
2941 1198 3038 1239 eos
3065 1182 3440 1244 indesinenter

1850 1269 2151 1328 etTundere.
2189 1282 2211 1312 ε
2242 1272 2373 1341 Quae
2412 1273 2504 1329 tali
2538 1273 2730 1345 spiritu
2762 1275 3071 1345 prolocutus
3097 1274 3267 1334 fuisse
3290 1276 3437 1337 viros
3474 1316 3477 1317 ν

1850 1374 2067 1420 sanctos
2092 1376 2146 1421 et
2177 1365 2386 1422 amicos
2407 1365 2501 1421 Dei
2527 1365 2829 1438 intelligere
2851 1382 3109 1438 perquam
3139 1368 3429 1426 scelestum

1849 1465 1933 1512 est
1958 1472 2022 1512 ac
2053 1456 2357 1528 prolanum,
2390 1459 2586 1529 quibus
2624 1466 2752 1514 ante
2779 1457 3073 1515 adventum
3117 1456 3321 1516 Christi
3350 1460 3433 1517 id-

1846 1549 1995 1605 circo
2040 1564 2150 1605 non
2181 1556 2268 1605 est
2314 1548 2401 1606 lex
2447 1551 2647 1622 posita,
2690 1565 2757 1608 eo
2797 1551 2943 1624 quod
2985 1553 3434 1611 transcendentes

1845 1642 2097 1699 mandata
2128 1642 2267 1711 ejus,
2301 1644 2633 1714 evangelicis
2661 1658 2854 1714 parere
2880 1646 3170 1717 praeceptis
3208 1654 3262 1702 et
3302 1660 3433 1718 apo-

153 1733 239 1788 dic
276 1734 468 1788 anima:
505 1749 633 1789 mete
674 1750 693 1789 :
725 1734 882 1791 Salus
912 1744 1001 1790 tua
1042 1753 1136 1808 ego
1175 1754 1287 1792 sum
1314 1736 1489 1811 (Psal.
1524 1737 1735 1811 xxxiv).
1769 1719 1817 1781 Β
1844 1734 2051 1791 stolicm
2081 1733 2402 1805 perfectioni
2443 1735 2683 1805 studere,
2716 1736 3114 1808 pmvenientes
3146 1738 3432 1811 dispensa-
3482 1740 3483 1743 “

151 1827 304 1894 Quos
335 1840 482 1893 cum,
515 1826 752 1883 subditis
777 1836 832 1883 et
867 1829 1149 1886 exstinctis
1170 1831 1435 1886 universis
1474 1831 1737 1901 passionio

150 1918 278 1989 bus,
307 1919 624 1986 vicerimus,
657 1921 989 1977 merebimur
1016 1922 1163 1977 illam
1200 1921 1601 1979 benedictionis
1640 1938 1735 1980 vo-

149 2027 269 2069 cem
289 2022 692 2085 consequenter
712 2015 918 2081 audire,
947 2014 1217 2071 Exattetur
1252 2033 1434 2073 manus
1456 2029 1547 2073 tua
1576 2035 1734 2089 super

150 2103 320 2160 hostes
350 2114 486 2171 tuos,
510 2115 564 2159 et
593 2122 768 2161 omnes
812 2107 1005 2162 inimici
1050 2110 1126 2162 tui
1152 2108 1389 2181 peribunt
1432 2108 1623 2179 (Mich.
1651 2107 1728 2181 v).

150 2195 279 2252 Haec
306 2196 473 2272 igitur
497 2196 676 2253 omnia
704 2206 760 2255 et
792 2197 875 2255 his
914 2199 1109 2254 similia
1140 2201 1310 2256 sacris
1333 2199 1540 2256 inserta
1575 2201 1735 2256 volu-

1846 1828 2049 1886 tionem
2080 1828 2363 1900 temporis,
2394 1829 2723 1887 maluerunt.

2405 1942 2632 2001 CAPUT
2672 1941 2839 2000 XXII.

1844 2037 1996 2105 Qubd
2025 2054 2129 2094 non
2160 2037 2225 2093 sit
2267 2046 2490 2110 potestas
2534 2038 2755 2164 uacentlli
2780 2038 2836 2093 in
2879 2037 3096 2095 arbitrio
3137 2039 3432 2101 dmonitus

2501 2125 2561 2164 co
2607 2125 2700 2164 oca
2723 2126 2777 2164 a.

2501 2125 2777 2164 couocata.

1912 2199 1939 2239 ἀ
1962 2198 2078 2256 Non
2132 2199 2332 2258 habere
2375 2208 2557 2256 autem
2601 2213 2697 2256 eos
2743 2206 3066 2272 potestatem
3104 2215 3432 2275 quemquam

1220 2313 1480 2370 ALARDI
1518 2312 1747 2372 ΟΑΖιιΕΙ
1784 2312 2348 2372 COMMENTARIUS.

218 2404 453 2463 'Potest
482 2405 582 2478 hoc
620 2416 675 2463 et
701 2406 933 2463 alterum
977 2406 1135 2476 hujus
1165 2407 1377 2463 abbatis
1408 2409 1729 2478 paradoxon

145 2477 383 2541 censeri,
419 2476 563 2549 quod
593 2493 782 2549 omnes
819 2477 938 2533 illas
982 2479 1300 2541 sententias.
1333 2476 1439 2533 tam
1486 2493 1552 2534 ex
1579 2479 1729 2534 Psal-

148 2549 253 2621 mis
291 2548 459 2621 quam
499 2564 569 2604 ex
614 2548 900 2621 Prophetis
940 2549 1251 2621 productas,
1295 2556 1447 2619 putet
1496 2550 1728 2621 intelligi

148 2618 351 2676 debere
396 2618 656 2676 adversus
686 2618 983 2685 diemones,
1034 2634 1141 2674 non
1182 2618 1442 2675 adversus
1484 2618 1730 2677 homines

151 2704 275 2748 esse
303 2692 563 2761 prolatas.
594 2691 665 2747 At
682 2706 790 2747 non
820 2700 1030 2746 tantum
1058 2690 1126 2745 de
1151 2690 1513 2761 daemonibus,
1541 2691 1592 2745 id
1622 2700 1728 2759 est,

152 2761 401 2817 hostibus
450 2761 835 2830 invisibilibus,
876 2761 973 2816 sed
1013 2762 1174 2818 etiam
1213 2761 1282 2817 de
1318 2760 1626 2817 visibilibus
1676 2772 1731 2817 et

151 2833 529 2905 corporalibus
566 2834 796 2904 intelligi
838 2847 1019 2903 posse,
1070 2842 1129 2886 ut
1156 2846 1357 2905 omnes
1404 2834 1730 2905 interpretes

151 2902 468 2988 iptelligunt
492 2914 547 2959 et
584 2902 882 2988 exponunt.
913 2904 1112 2988 tuemini
1138 2902 1361 2988 dubium
1382 2917 1514 2988 esse
1543 2903 1726 2988 debet.

148 2974 491 3047 Eequeinde
515 2974 762 3047 sequitur
785 2974 929 3045 quod
957 2975 1058 3029 iste
1098 2974 1271 3047 bonus
1304 2974 1478 3047 abbas
1501 2974 1726 3047 conclu-

146 3044 261 3110 dit,
286 3046 429 3102 unde
464 3044 757 3103 doceamur
784 3044 889 3101 non
927 3059 1086 3101 orare
1113 3060 1211 3115 pro
1242 3045 1473 3100 inimicis
1504 3045 1723 3111 nostris,

146 3131 252 3174 nec
277 3116 502 3187 diligere
528 3132 649 3186 eos,
671 3117 767 3173 sed
795 3115 960 3187 etiam
989 3116 1271 3183 detestari,
1305 3126 1411 3171 etc.
1441 3115 1557 3187 Non
1580 3115 1726 3170 enim

146 3202 215 3245 ex
241 3187 372 3244 odio
388 3186 450 3242 et
480 3186 887 3253 malevolentia,
919 3187 1012 3242 sed
1044 3188 1220 3255 potius
1246 3201 1313 3241 ex
1344 3186 1607 3241 charitate
1635 3197 1727 3242 aut

144 3270 296 3315 certe
325 3273 393 3314 ex
421 3259 537 3314 zelo
564 3259 781 3324 iustitiae
816 3258 1084 3312 voluntati
1131 3258 1324 3313 divina:
1360 3267 1726 3313 consentanea

142 3330 397 3401 prolata-7
435 3330 831 3401 intelliguntur.
888 3329 1023 3385 Sunt
1082 3331 1229 3384 enim
1290 3329 1599 3401 huiusmodi
1650 3330 1729 3384 lo-

143 3398 349 3473 quendi
380 3398 632 3456 formulae
649 3404 701 3456 in
729 3400 1046 3473 Scriptttris,
1082 3400 1387 3473 praesertim
1423 3398 1729 3473 iuPsaImis

143 3469 201 3528 et
244 3472 533 3541 Prophetis
578 3469 1121 3543 perquatn’usitataé,
1166 3470 1546 3543 quibushnihil
1585 3471 1729 3526 aliud

142 3545 327 3615 agitur
360 3540 524 3611 quam
564 3540 622 3597 tit
649 3540 832 3615 a'Deo
868 3540 1226 3615 cohibeantur
1262 3540 1431 3611 impii,
1474 3556 1572 3596 nec
1605 3556 1730 3611 pec-

142 3613 263 3670 cata
292 3615 531 3684 peccatis
566 3613 865 3679 cumulem,
901 3621 995 3667 aut
1039 3614 1090 3667 in
1124 3613 1191 3667 iis
1236 3621 1605 3684 perseverent,
1638 3620 1730 3666 aut

141 3681 322 3741 bonos
362 3685 587 3740 ulterius
628 3694 1042 3755 persequantur,
1078 3684 1159 3739 vel
1203 3693 1258 3738 ut
1303 3681 1476 3752 pmnis
1523 3692 1729 3752 tempo-

141 3755 354 3812 ralibus
404 3755 716 3827 puniantur,
756 3771 825 3810 ne
866 3759 935 3827 in
958 3764 1218 3827 aeternum
1258 3762 1510 3827 pereant;
1551 3768 1731 3827 quem-

140 3824 443 3898 admodum
483 3829 553 3882 ait
594 3829 887 3898 Apostolus
922 3825 938 3879 Ι
975 3826 1224 3880 Corinth.
1258 3840 1290 3878 ι
1325 3842 1337 3877 :
1378 3824 1439 3880 Si
1468 3838 1563 3898 nos
1591 3824 1730 3898 ipsos

141 3897 575 3968 diiudicaremus,
615 3895 722 3951 non
748 3898 926 3967 utique
944 3897 1343 3969 judicaremur;
1372 3910 1489 3947 cum
1527 3895 1733 3969 iudica-

138 3966 266 4023 mur
314 3980 509 4035 autem,
553 3985 588 4023 α
618 3966 847 4023 Domino
882 3966 1210 4037 corripimur,
1250 3976 1307 4020 ut
1334 3981 1436 4019 non
1474 3980 1590 4018 cum
1636 3966 1731 4017 hoc

139 4039 343 4094 mundo
368 4040 695 4094 damnentur.
726 4038 822 4094 Vel
845 4049 991 4093 certe
1018 4053 1126 4092 non
1156 4050 1263 4091 tam
1290 4037 1730 4107 imprecationes,

182 4124 307 4165 nam
345 4110 816 4173 comminationes,
858 4122 950 4164 aut
979 4105 1377 4179 praedictiones
1406 4115 1532 4161 sunt
1559 4105 1729 4162 divini

136 4125 307 4235 gnam
345 4125 816 4173 commrnanones,
858 4125 950 4164 aut
979 4125 1363 4179 praedictiones
1406 4125 1532 4161 sunt
1559 4125 1729 4162 amnt

168 4182 386 4253 Apiritus
414 4195 514 4251 per
558 4197 619 4236 os
653 4182 1037 4253 pr0phetarutn
1073 4180 1342 4248 loquentis
1371 4187 1429 4233 et
1472 4192 1729 4247 prmnun-

138 4250 342 4306 dantis
368 4250 556 4319 pcenas
585 4250 844 4319 improbis
878 4252 1193 4306 destinatas.

217 4320 252 4360 ι’
279 4318 602 4377 Maledicere
621 4318 761 4379 idem
790 4333 874 4377 est
898 4322 1040 4393 quod
1079 4322 1277 4376 malum
1313 4321 1516 4376 dicere.
1549 4318 1606 4393 Id
1638 4334 1733 4374 au-

139 4402 261 4450 tem
310 4394 371 4447 lit
399 4393 717 4464 tripliciter:
747 4390 931 4464 primo
970 4393 1303 4464 enuntiative
1348 4390 1637 4446 indicando
1678 4400 1731 4445 et

139 4463 479 4535 exponendo
522 4466 718 4521 malum
752 4462 1008 4531 alterius,
1048 4464 1191 4534 quod
1222 4462 1281 4517 tit
1310 4477 1408 4535 per
1445 4469 1727 4535 contume-

138 4531 303 4603 liam,
356 4536 686 4601 irrisionem,
730 4531 1150 4599 detractionem;
1200 4531 1441 4588 secundo
1490 4533 1727 4603 impera—

140 4601 547 4676 tive,'jnbendo
576 4604 738 4662 alteri
768 4606 967 4660 malum
990 4605 1250 4675 irrogari;
1280 4603 1441 4657 tertio
1470 4602 1725 4676 optative,
1755 4613 1810 4674 ι)
1827 4601 2100 4676 joculatur
2142 4602 2194 4676 in

141 4672 416 4746 optando,
447 4678 678 4745 scilicet,
717 4685 811 4730 aut
844 4672 1196 4744 imprecatido
1226 4676 1424 4746 malum
1445 4674 1599 4727 alteri
1627 4672 1730 4746 {In

139 4742 263 4803 istis
291 4760 464 4801 autem
491 4742 690 4802 duobus
722 4747 910 4817 modis,
928 4742 937 4744 ἡ
956 4748 1128 4818 inquit
1153 4746 1219 4818 S.
1259 4744 1521 4818 Thomas,
1552 4742 1734 4818 quibus

140 4819 348 4872 malum
376 4820 568 4873 dicitur
596 4835 687 4889 per
712 4815 922 4872 modum
950 4815 1272 4887 imperantis,
1300 4816 1378 4869 vel
1404 4815 1733 4889 perorandum

144 4892 403 4958 optantis,
433 4886 609 4944 eadem
629 4890 833 4943 ratione
859 4886 1149 4958 estaliquid
1172 4889 1369 4941 licitum
1395 4895 1442 4940 et
1468 4886 1731 4940 illicitum.

194 4961 214 5015 ἱ
253 4961 393 5014 enim
419 4962 613 5032 aliquis
639 4962 875 5032 imperet,
909 4958 985 5032 vel
1012 4957 1153 5025 optet
1197 4957 1392 5032 malum
1416 4958 1649 5032 alterius,
1680 4958 1736 5011 in

142 5042 401 5100 quantum
448 5029 522 5085 est
562 5031 777 5093 malum,
816 5030 965 5102 quasi
999 5032 1169 5102 ipsum
1196 5030 1397 5102 malum
1440 5029 1730 5102 intendens,

144 5099 220 5155 sic
253 5102 561 5156 maledicere
591 5111 805 5173 utroque
830 5099 995 5173 modo
1010 5101 1119 5173 erit
1144 5101 1419 5173 illicitum;
1446 5099 1622 5173 ethoc
1663 5108 1737 5153 est

143 5172 464 5227 maledicere
494 5189 586 5242 per
611 5187 663 5226 se
693 5171 966 5243 loquendo.
998 5171 1059 5227 Si
1090 5178 1275 5243 autem,
1293 5172 1480 5240 aliquis
1498 5171 1733 5243 imperet,

143 5244 225 5296 rel
254 5252 397 5311 aptet
423 5241 619 5298 malum
647 5241 863 5297 alterius
889 5243 982 5296 sub
1025 5244 1225 5296 ratione
1261 5242 1395 5305 boni,
1428 5243 1499 5294 sic
1525 5250 1596 5293 est
1623 5241 1738 5293 lici-

149 5327 284 5384 tum,
319 5330 413 5368 nec
437 5316 531 5369 erit
562 5314 857 5368 maledictio
893 5330 987 5383 per
1011 5330 1067 5368 se
1100 5313 1374 5384 loquendo,
1404 5311 1493 5363 sed
1526 5326 1615 5378 per
1644 5326 1734 5364 ac-

147 5382 350 5455 cidens.
370 5387 492 5455 quia
521 5386 829 5455 principalis
855 5385 1071 5455 intentio
1096 5382 1313 5437 dicentis
1344 5397 1444 5434 non
1473 5384 1638 5455 fertur
1665 5385 1734 5435 ad

148 5453 391 5521 malum,‘
418 5453 615 5510 sed-ad
654 5456 860 5509 bonum.
902 5454 1161 5525 Contingit
1195 5463 1366 5525 autem
1398 5453 1592 5525 malum
1635 5454 1736 5525 alio

147 5530 292 5598 quod
323 5527 430 5580 dici
456 5527 782 5596 imperando,
818 5524 893 5598 vel
932 5522 1180 5598 optando,
1209 5524 1300 5598 sub
1323 5523 1527 5598 ratione
1558 5522 1736 5598 dupli.

144 5594 225 5651 cis
251 5598 394 5663 boni,
427 5594 741 5668 quandoque
777 5594 979 5668 quidem
1019 5596 1113 5650 sub
1162 5595 1362 5668 ratione
1398 5594 1547 5668 justi,
1576 5602 1626 5647 et
1661 5596 1735 5647 sic

141 5670 321 5747 iudeat
342 5666 492 5747 li_cite_
522 5666 981 5747 m__aledicit_illum‘
1012 5669 1096 5747 cui
1121 5667 1379 5747 prtecipit_
1388 5666 1590 5747 justam
1627 5680 1734 5747 pae-

144 5736 272 5794 imn
301 5741 511 5807 inferri.
547 5737 614 5794 Et
640 5741 714 5793 sic
742 5739 893 5793 etiam
937 5736 1166 5793 Ecclesia
1211 5737 1471 5794 maledicit
1514 5736 1735 5791 anathe-

1837 2408 2167 2494 matizando;
2194 2409 2331 2494 sicut
2357 2415 2403 2462 et
2430 2407 2692 2494 propheta:
2720 2410 2771 2463 in
2800 2408 3085 2494 Scripturis
3108 2410 3418 2494 quandoque

1836 2478 2187 2562 imprecantur
2210 2480 2347 2562 malo
2371 2478 2747 2562 peccatoribus,
2773 2478 3430 2562 quasi-conformantes’vo-

1835 2547 2087 2623 luntatem
2110 2566 2255 2605 suam
2281 2547 2467 2606 divina
2492 2551 2741 2623 justitite,
2782 2547 2897 2606 licet
2921 2551 3005 2607 lue
3030 2547 3423 2623 imprecationes

1836 2621 2031 2694 possint
2070 2626 2224 2674 etiam
2267 2637 2357 2693 per
2378 2621 2643 2694 “modum
2675 2621 3130 2694 prwnuntiationis
3157 2621 3418 2694 intelligi.

1838 2690 2159 2763 Quandoque
2194 2690 2313 2745 vero
2353 2691 2548 2745 dicitur
2590 2690 2805 2763 aliquod
2855 2692 3047 2747 malum
3084 2692 3177 2748 sub
3225 2690 3431 2749 ratione

1836 2761 2002 2835 utilis,
2028 2772 2153 2832 puta
2183 2762 2514 2835 cumuliquis
2545 2761 2695 2835 optati
2717 2765 2943 2834 aliquem
2972 2775 3291 2834 peccatorem
3317 2766 3429 2835 pati

1835 2830 2066 2901 aliquam
2088 2830 2471 2903 a'gritudinem,
2501 2830 2591 2885 aut
2627 2830 2840 2903 aliquod
2869 2830 3427 2903 impedimentum,'vel

1834 2913 1889 2957 ut
1923 2904 2030 2973 ipse
2055 2903 2239 2956 melior
2266 2902 2538 2973 efﬁciatur,
2580 2905 2660 2958 vel
2699 2902 2754 2957 ut
2775 2902 2958 2959 saltent
2987 2905 3050 2960 ab
3078 2902 3305 2960 aliorum
3330 2921 3429 2962 no-

1833 2981 2072 3044 cumento
2099 2981 2281 3027 cesset.
2322 2973 2448 3029 litec
2486 2978 2704 3028 sanctus
2728 2973 2964 3031 Thomas
2993 2992 3114 3044 qua:
3139 2977 3205 3031 ad
3247 2976 3425 3035 locum

1832 3040 1978 3099 hunc
1999 3044 2380 3099 elucidandum
2411 3044 2629 3100 abunde
2652 3044 2945 3101 sufficiunt.
2972 3040 3171 3103 Verum
3206 3046 3295 3103 hic
3322 3061 3422 3103 au-

1832 3114 1989 3189 ctarii
2040 3115 2164 3189 loco
2206 3115 2446 3189 occurrit
2496 3115 2642 3189 quod
2692 3128 2875 3189 narrat
2913 3117 3077 3173 divus
3128 3116 3425 3189 Gregorius

1831 3183 1926 3241 lib.
1969 3201 2027 3240 nt
2058 3186 2261 3256 Dialog.
2296 3183 2604 3262 (Cap._i§_v),
2655 3186 2899 3262 terribile
2935 3183 3265 3262 cgemplum'
3293 3204 3429 3262 qua-

1836 3266 1961 3312 tuor
1980 3262 2372 3313 monachorum
2391 3259 2482 3327 qui
2501 3258 2696 3315 Ursum
2719 3259 2931 3315 cuidam
2962 3260 3239 3315 Florentio
3262 3258 3423 3317 servo

1834 3327 1929 3383 Dei
1960 3327 2310 3384 famulantem
2346 3330 2711 3401 occiderant:
2744 3345 2904 3400 quam
2934 3331 3005 3386 ob
3034 3346 3252 3386 causam
3303 3332 3425 3401 ejus

1832 3408 2016 3471 secuta
2076 3400 2491 3469 imprecatione,
2543 3400 2736 3456 morbo
2789 3400 3424 3471 elepltautinoicorrepti

1833 3469 2161 3526 interierunt
2194 3486 2209 3523 :
2247 3470 2398 3536 Quod
2421 3472 2635 3541 factum,
2670 3473 2865 3542 inquit,
2879 3473 2956 3526 vir
2993 3471 3093 3526 Dei
3122 3469 3422 3528 Florentius

1832 3541 2036 3613 seponit
2063 3585 2076 3610 ,
2128 3558 2280 3610 seque
2325 3542 2397 3595 ita
2436 3541 2686 3608 fratribus
2744 3541 3083 3613 maledixisse
3130 3542 3421 3613 pertimuit.

1836 3610 1993 3663 Omni
2038 3613 2177 3665 enim
2216 3613 2335 3662 vita:
2376 3626 2485 3664 sum
2521 3621 2746 3681 tempore
2774 3611 2951 3680 ﬂebat,
2998 3610 3422 3681 quia'exauditus

1836 3683 2028 3751 fuerat,
2059 3697 2112 3734 se
2149 3680 2431 3751 crudelem,
2462 3696 2517 3733 se
2545 3680 2599 3733 in
2637 3679 2819 3751 eorum
2846 3679 3020 3733 morte
3038 3679 3292 3751 clamabat
3330 3682 3421 3734 Ito-

1832 3748 2115 3821 micidam,
2146 3750 2298 3812 Quod
2336 3749 2535 3803 idcirco
2586 3750 2980 3821 omnipotentem
3028 3748 3317 3821 Dominum,
3344 3752 3421 3821 fe-

1833 3822 1960 3874 cisse
1997 3820 2276 3885 credimus,
2314 3835 2378 3874 ne
2420 3824 2497 3874 vir
2540 3818 2689 3873 mirte
2733 3820 3081 3885 simplicitatis
3107 3818 3421 3888 quantolibet

1834 3890 2013 3963 dolore
2045 3899 2353 3963 commotus,
2393 3891 2684 3963 intorquere
2723 3892 2869 3963 ultra
2910 3901 3243 3963 praesumeret
3261 3894 3419 3963 jacu-

1834 3961 1943 4017 lum
1967 3961 2365 4016 maledictionis.
2395 3958 2558 4016 Petro
2598 3960 2796 4015 deinde
2834 3958 3185 4031 interroganti
3226 3958 3420 4019 :‘Num

1832 4034 2081 4101 quidnam
2120 4032 2269 4086 ualde
2297 4047 2451 4105 grave
2476 4048 2588 4105 esse
2625 4031 2901 4105 credimus,
2932 4035 2977 4087 si
3015 4038 3239 4104 fortasse
3263 4032 3419 4105 cuili-

1835 4105 1951 4172 bet,
1975 4107 2271 4176 exagitante
2302 4104 2621 4167 iracundia,
2652 4104 3069 4158 maledicamus?
3124 4104 3423 4173 respondet

1834 4174 2164 4245 Gregorius:
2200 4174 2420 4246 Devhoc
2452 4184 2658 4246 peccato
2707 4192 2799 4246 cur
2838 4192 2916 4230 me
2954 4176 3310 4246 percunctaris
3349 4191 3418 4231 an

1833 4244 1986 4318 grave
2010 4248 2096 4312 sit,
2126 4264 2238 4300 cum
2279 4244 2481 4318 Paulus
2508 4248 2648 4299 dicat
2678 4264 2696 4301 :
2726 4245 2907 4318 Neque
2932 4244 3173 4299 maledici
3210 4263 3422 4318 regnum

1837 4317 1936 4373 Dei
1966 4319 2295 4391 possidebunt
2323 4321 2363 4389 (l
2394 4317 2570 4371 Coriu.
2606 4319 2685 4387 v).
2720 4317 2891 4371 Pensa
2927 4318 3088 4391 igitur
3112 4317 3287 4391 quam;
3303 4334 3427 4391 gra-

1834 4391 1911 4443 uis
1936 4388 2088 4471 culpu
2118 4397 2215 4457 est,
2251 4387 2368 4459 qua:
2396 4398 2658 4472 separata
2678 4404 2837 4472 regno
2868 4387 3083 4443 caelestis
3106 4389 3242 4472 uitae.
3262 4387 3425 4445 Pétro

1836 4474 2024 4531 rursus
2054 4457 2423 4528 interrogante
2455 4457 2470 4512 ὲ
2510 4457 2647 4531 Quid
2696 4457 2752 4514 si
2769 4457 2922 4531 homo
2968 4476 3073 4531 non
3098 4459 3323 4531 fortasse
3362 4476 3426 4516 ea:

1834 4530 2059 4596 malitia,
2099 4532 2190 4583 sed
2230 4547 2292 4584 ea:
2329 4531 2518 4601 lingua:
2553 4530 2755 4583 incuria
2797 4530 3171 4601 maledictionis
3216 4530 3426 4585 verbum

2244 4600 2577 4669 proximum?
2629 4600 2923 4670 respondet
2972 4601 3323 4671 Gregorius:
3357 4601 3421 4658 Si

1841 4674 1983 4744 apud
2010 4672 2305 4744 districtum
2333 4671 2787 4744 Iudicemotiosus
2812 4686 2978 4727 sermo
3003 4670 3425 4744 reprehenditur,

1839 4740 2036 4828 quanto
2062 4743 2223 4824 magis
2248 4753 2294 4795 et
2312 4743 2499 4828 uanius
2522 4742 2542 4795 !
2571 4740 2744 4796 Pensa
2764 4758 2885 4828 ergo
2910 4740 3158 4828 quuntum
3184 4744 3249 4796 sit
3275 4742 3425 4797 dam-

1842 4815 2030 4867 nabilis
2049 4814 2135 4885 qui
2160 4830 2193 4865 α
2218 4814 2420 4885 malitia
2445 4823 2745 4885 nonracat,
2786 4814 2831 4867 si
2856 4822 2902 4865 et
2930 4814 3021 4869 ille
3048 4828 3216 4869 sermo
3242 4829 3426 4885 pana-

1843 4885 1908 4938 lis
1932 4895 2006 4938 est
2034 4884 2122 4953 qui
2151 4900 2183 4936 a
2204 4884 2432 4938 bonitate
2455 4884 2695 4937 utilitatis
2722 4893 2890 4939 vacat.

1919 4965 1942 4995 ο
1971 4954 2047 5010 Ex
2077 4954 2237 5009 dictis
2283 4956 2416 5009 satis
2460 4953 2689 5024 intelligi
2729 4962 2906 5025 potest
2950 4967 3073 5025 quo,
3109 4952 3329 5025 spiritu,
3374 4952 3429 5008 id

1843 5035 1949 5095 est,
1993 5034 2194 5091 mente,
2227 5039 2321 5080 seu
2355 5020 2662 5095 intentiuné
2705 5020 2765 5080 et
2799 5020 2993 5079 an‘ectu
3025 5020 3331 5095 viri'ssncti
3373 5032 3429 5095 et

1843 5091 2003 5152 amici
2024 5096 2143 5160 Dei,
2173 5110 2368 5165 nempe
2395 5094 2697 5166 prophetae,
2725 5095 3022 5166 sententias
3048 5094 3170 5149 illas
3194 5100 3249 5148 et
3276 5091 3429 5148 simi-

1842 5166 2226 5239 lesprolocuti
2254 5164 2475 5239 fuerint.
2509 5165 2616 5221 Sed
2656 5166 2818 5239 hujus
2863 5164 2945 5222 rei
2971 5165 3226 5220 tractatio
3263 5175 3428 5219 accu-

1840 5237 2015 5308 ratior
2037 5237 2106 5291 ab
2135 5237 2530 5307 interpretibus
2565 5238 2815 5308 petenda.

1913 5306 1941 5346 ἀ
1986 5308 2175 5363 Docuit
2212 5306 2314 5361 hoc
2343 5307 2402 5363 S.
2440 5306 2700 5363 Antonius
2730 5307 3013 5378 multiplici
3054 5306 3430 5379 experimento

1882 5381 1992 5435 rius
2042 5380 2283 5441 edoctus,
2325 5380 2581 5434 audacter
2625 5391 2679 5434 et
2725 5384 2919 5449 saepius
2968 5380 3109 5448 ipsos
3138 5378 3432 5434 daemones

1840 5395 1929 5506 Εἰς
1972 5461 2064 5504 aut
2106 5451 2371 5505 similibus
2411 5450 2592 5505 verbis
2622 5462 2953 5506 provocans.
2984 5458 3038 5506 et
3082 5450 3319 5506 seinsum
3350 5452 3430 5506 eis

1886 5455 1929 5505 is
1972 5461 2064 5504 aut
2106 5451 2371 5505 similibus
2411 5450 2592 5505 verbis
2622 5462 2953 5521 provocans,
2984 5458 3038 5506 et
3082 5450 3319 5519 seipsum
3350 5452 3430 5506 eis

1840 5522 2102 5595 objiciens
2142 5540 2154 5575 :
2203 5521 2336 5595 Ecce
2380 5536 2471 5595 ego
2522 5522 2603 5595 hic
2655 5538 2770 5576 sum
2821 5523 3258 5595 Αηιοηὶιητηοῃ⁸
3290 5522 3434 5592 fugio

1839 5592 2005 5648 vestra
2035 5594 2351 5669 certamina,
2382 5592 2607 5669 etiamsi
2627 5596 2829 5669 majora
2853 5593 3104 5669 faciatis,
3146 5592 3320 5669 nullus
3358 5608 3435 5669 me

1841 5664 2097 5737 separabit
2135 5681 2167 5717 a
2207 5665 2458 5737 charitate
2485 5662 3098 5737 Christi.'Psallebatque
3126 5665 3300 5719 dicens
3328 5678 3348 5719 :
3377 5663 3436 5719 Si

1842 5736 2122 5795 consistant
2149 5735 2414 5792 adversum
2446 5751 2523 5793 me
2564 5745 2755 5807 castra,
2785 5751 2888 5795 non
2926 5735 3117 5794 timebit
3144 5752 3230 5794 cor
3268 5750 3435 5793 meum
