4026 6204
495 251 602 317 705

1554 255 1838 314 JOANNIS
1875 254 2186 316 CASSIANI
2220 254 2701 318 COLLATIONES

3667 253 3769 314 Μ

490 384 794 456 quibusque
819 377 1058 448 delictis,
1082 393 1206 436 cum
1245 379 1298 434 in
1331 379 1434 434 illis
1460 393 1528 433 ne
1559 377 1932 434 tenuissimum
1963 378 2081 449 qui-
2107 383 2161 444 Α
2183 378 2326 433 diens
2347 379 2447 448 fuit
2466 378 2543 432 ori
2564 375 2872 447 Domtm,-et
2901 385 2924 416 ⁸
2943 377 3162 433 tradidit
3186 391 3305 433 eum
3331 373 3594 432 Dominus
3611 371 3769 443 leoni,

489 476 614 534 dem
645 491 856 530 naevum
886 484 980 529 aut
1007 473 1278 530 maculam
1319 472 1372 528 in
1416 471 1508 528 illo
1535 471 1721 542 judicii
1757 470 1846 528 die
1882 473 2082 542 patitur

491 567 737 623 invenire
793 565 974 622 divina
1031 566 1351 629 clementia,
1402 579 1618 621 omnem
1665 563 1847 620 cordis
1892 577 2080 618 eorum

491 661 746 723 scoriam,
775 658 1074 716 secundum
1098 655 1395 728 prophetae,
1419 655 1586 712 immo
1610 655 1706 712 Dei
1731 655 2076 723 sententiam,

493 768 805 824 excoquens
834 752 886 807 in
919 753 1197 823 praesenti,
1236 757 1294 805 ut
1334 766 1430 806 eos
1459 760 1731 820 tamquam
1761 764 1950 804 aurum
1991 747 2080 804 vel

493 852 776 914 argentum
809 844 1032 914 ignitum
1064 842 1130 897 ad
1164 842 1310 897 illam
1351 842 1789 912 perpetuitatem,
1823 840 1968 895 nulla
1999 839 2080 895 in-

490 938 739 1008 digentes
787 937 982 1005 poenali
1031 937 1372 1007 purgatione,
1422 936 1751 991 transmittat
1781 954 1792 988 :
1821 935 1883 988 Et
1925 951 2080 989 επο-

489 1047 666 1102 quant,
708 1029 902 1099 inquit,
951 1029 1020 1082 ad
1059 1045 1249 1099 parum
1287 1029 1506 1082 scoriant
1551 1037 1714 1097 tuam,
1755 1039 1802 1082 et
1846 1030 2081 1098 auferam

489 1138 638 1178 omne
659 1131 899 1176 stannunt
925 1132 1091 1188 tuum,
1115 1129 1164 1175 et
1189 1131 1304 1193 post
1327 1122 1420 1176 hoc
1446 1121 1705 1175 vocaberis
1735 1120 1910 1174 civitas
1922 1120 2076 1192 justi,

488 1217 610 1272 urbs
650 1217 820 1286 ﬁdelis
852 1216 1038 1287 (Isaia:
1066 1214 1127 1286 t).
1159 1216 1228 1272 Et
1256 1217 1448 1271 iterum
1474 1232 1488 1270 :
1523 1213 1675 1270 Sicut
1714 1214 1963 1284 probatur
1993 1230 2081 1268 ur-

489 1319 700 1382 gentum
732 1319 778 1364 et
806 1324 991 1363 aurum
1021 1308 1075 1362 in
1105 1307 1337 1372 camino,
1366 1308 1441 1360 ita
1467 1305 1611 1376 eligit
1639 1306 1798 1360 corda
1828 1304 2082 1361 Dominus

489 1401 730 1474 (Proper.
759 1399 955 1471 xxvn).
990 1399 1055 1455 Et
1099 1403 1289 1454 iterum
1316 1416 1327 1452 :
1359 1397 1558 1453 Aurum
1585 1405 1638 1452 et
1662 1407 1932 1468 argentum
1955 1412 2079 1467 pro-

489 1493 576 1548 bat
600 1495 758 1565 ignis,
780 1494 857 1546 vir
879 1503 1048 1546 autem
1089 1492 1338 1563 probatur
1374 1491 1428 1545 in
1467 1491 1677 1560 fornace
1706 1489 2083 1545 humiliationis

490 1586 717 1657 (Eccles.
746 1589 827 1657 ιι).
860 1586 926 1641 Et
957 1585 1088 1640 illud
1114 1600 1331 1656 quoque
1359 1601 1374 1640 :
1409 1585 1575 1652 Quem
1605 1584 1745 1638 enim
1771 1585 1944 1656 diligit
1975 1583 2084 1638 Do—

490 1681 683 1745 minus,
730 1678 980 1748 corripit;
1019 1677 1252 1747 ﬂagellat
1293 1687 1463 1732 autem
1499 1692 1698 1732 omnem
1729 1675 1896 1745 ﬁlium
1933 1692 2082 1746 quem

489 1773 667 1843 recipit
700 1769 886 1841 (Hebr.
915 1769 1036 1840 stt).

1051 1882 1284 1941 CAPUT
1315 1883 1505 1940 XXVI.

495 1975 571 2030 De
600 1993 718 2031 nece
746 1976 1009 2047 propheta:
1027 1977 1242 2045 seducti,
1271 1975 1645 2049 etin/imitate
1671 1976 1866 2032 abbatis
1897 1976 2074 2049 Pauli,

727 2063 881 2117 quam
909 2064 1004 2116 pro
1030 2065 1126 2102 sua
1152 2048 1506 2103 emendatione
1526 2050 1830 2119 promeruit.

560 2139 716 2208 Quod
755 2139 809 2195 in
849 2139 944 2196 illo
973 2141 1237 2212 propheta
1275 2149 1438 2211 atque
1465 2140 1688 2198 homine
1715 2140 1809 2198 Dei
1839 2144 1895 2199 in
1917 2144 2079 2200 tertio

489 2231 698 2302 Regum
727 2231 867 2288 libro
914 2233 1199 2289 manifeste
1230 2234 1476 2301 videmus
1505 2238 1810 2308 impletum,
1853 2238 1945 2309 qui
1979 2253 2076 2317 pro

489 2326 647 2394 culpa
675 2326 836 2382 unius
863 2325 1245 2383 inobedientite
1287 2343 1451 2399 quam
1479 2338 1660 2387 tamen
1693 2346 1801 2386 non
1825 2331 1894 2386 de
1917 2330 2075 2386 indu-

489 2421 623 2475 stria
654 2434 754 2475 nec
796 2419 926 2476 vitio
978 2422 1212 2492 propria:
1243 2423 1558 2492 voluntatis,
1589 2424 1687 2482 sed
1717 2425 1937 2482 alterius
1966 2428 2076 2483 cir-

489 2511 870 2569 cumventione
897 2513 1188 2581 contraxit,
1210 2515 1497 2572 confestim
1520 2532 1548 2572 a
1568 2517 1722 2576 leone
1749 2521 2070 2589 conteritur,

489 2607 564 2662 ita
594 2605 662 2663 de
679 2621 750 2664 eo
779 2607 1061 2678 Scriptura
1083 2617 1340 2666 narrante
1369 2628 1381 2665 :
1414 2609 1508 2665 Vir
1535 2610 1631 2666 Dei
1659 2621 1756 2679 est,
1781 2614 1872 2682 qui
1894 2613 2074 2670 inobo-

2182 482 2229 527 et
2267 475 2515 544 confregit
2545 488 2662 526 eum
2699 476 2863 545 juxta
2898 473 3108 527 uerbum
3137 470 3376 539 Domini,
3404 469 3546 541 quod
3575 467 3774 525 locutus

2183 575 2255 621 est
2284 565 2375 639 (Ill
2400 564 2529 637 Reg.
2559 564 2676 636 xv).
2719 565 2774 620 In
2805 580 2913 636 quo
2941 565 3083 621 facto
3124 575 3181 621 et
3209 564 3545 620 solutionem
3591 562 3774 618 delicti

2183 661 2466 730 praesentis
2510 668 2672 729 atque
2721 662 2927 715 erroris
2956 660 3179 728 incauti,
3220 668 3277 715 et
3299 656 3528 729 justitim
3581 656 3774 712 merita

2183 767 2283 823 pro
2329 753 2524 823 quibus
2568 753 2889 824 prophetam
2919 768 3078 809 suum
3110 753 3372 810 Dominus
3399 750 3776 822 temporaliter

2183 844 2404 900 tradidit
2433 845 2713 910 vexatori,
2752 845 2987 916 parcitas
3030 846 3146 916 ipsa
3191 855 3246 901 et
3273 843 3614 901 continentia
3648 857 3778 913 prm-

2181 936 2388 993 datoris
2413 937 2673 1004 ostendit,
2702 939 2828 1009 quia
2879 939 3017 994 nihil
3068 940 3285 1009 penitus
3322 938 3488 993 audet
3533 936 3779 992 voracis-

2181 1029 2317 1086 sima
2347 1029 2514 1086 bestia
2540 1030 2609 1085 de
2638 1029 2834 1086 tradito
2859 1030 2960 1088 sibi
2982 1031 3250 1087 cadavere
3274 1030 3583 1103 degustare.
3609 1028 3780 1098 Cujus

2183 1123 2259 1178 rei
2305 1123 2507 1178 nostris
2564 1138 2781 1194 quoque
2814 1123 3149 1194 temporibus
3179 1125 3312 1178 satis
3339 1121 3567 1178 evidens
3600 1123 3777 1177 couti-

2180 1220 2258 1289 git
2303 1228 2359 1274 ct
2387 1228 2576 1289 aperta
2610 1219 2861 1290 probatio
2892 1219 2945 1274 in
2972 1216 3001 1258 ιδ
3029 1219 3224 1274 abbate
3273 1217 3440 1273 Paulo
3484 1225 3543 1272 et
3589 1215 3778 1286 Moyse

2181 1314 2273 1384 qui
2305 1312 2566 1369 habitavit
2596 1324 2618 1352 ε
2653 1313 2829 1368 locum
2860 1312 3023 1383 huius
3046 1311 3374 1377 solitudinis,
3403 1310 3497 1380 qui
3519 1308 3780 1365 Calamus

2182 1413 2550 1474 nuncupatur.
2593 1403 2728 1459 Nam
2777 1405 2925 1474 prior
2961 1413 3337 1460 commoratus
3383 1411 3468 1459 est
3496 1402 3550 1458 iu
3591 1415 3780 1457 eremo

2185 1515 2306 1568 qua:
2331 1499 2546 1569 adjacet
2585 1495 2610 1534 ά
2634 1497 2939 1569 Panephysi
2972 1497 3204 1552 civitati:
3233 1512 3396 1567 quam
3423 1495 3780 1551 solitudinem

2182 1591 2310 1646 olim
2341 1592 2535 1646 factam
2566 1606 2721 1662 aqua:
2753 1589 3072 1646 salsissime
3119 1588 3472 1644 inundatione
3512 1585 3783 1657 cognovia

2185 1699 2327 1751 mus,
2358 1700 2479 1756 qum
2507 1685 2758 1755 quotiens
2805 1682 3018 1738 ﬂaverit
3066 1681 3294 1753 Spiritus
3344 1679 3658 1751 aquilonis,
3708 1679 3781 1735 de

2109 1781 2158 1843 Β
2183 1776 2389 1845 Stagnis
2407 1776 2639 1846 impulsa
2663 1788 2728 1830 ac
2751 1774 3042 1845 superfusa
3062 1773 3436 1843 adjacentibus
3459 1773 3649 1840 terris,
3705 1772 3782 1827 ita

2183 1884 2402 1925 omnem
2433 1868 2579 1923 illius
2611 1867 2953 1939 superﬁciem
2987 1865 3226 1936 regionis
3253 1863 3518 1935 contegit,
3553 1873 3612 1918 ut
3637 1862 3785 1919 anti-

2181 1978 2318 2036 quos
2346 1962 2546 2018 ibidem
2579 1960 2750 2026 vicos,
2777 1958 2869 2031 qui
2888 1959 3016 2016 olim
3047 1957 3149 2014 hac
3176 1959 3289 2029 ipsa
3329 1957 3397 2013 de
3431 1971 3601 2012 causa
3629 1956 3784 2013 omni

2180 2066 2308 2114 sunt
2328 2054 2635 2112 habitatore
2656 2054 2888 2121 deserti,
2909 2052 3073 2110 faciat
3093 2051 3238 2110 velut
3255 2050 3462 2107 insulas
3483 2065 3778 2121 apparere.

2181 2151 2280 2208 Hic
2307 2151 2468 2223 igitur
2495 2149 2664 2205 abbas
2690 2147 2897 2204 Paulus
2926 2145 2980 2202 in
3021 2156 3225 2202 tantam
3265 2144 3448 2200 cordis
3480 2144 3781 2215 puritatem

2183 2244 2365 2315 quiete
2390 2242 2696 2298 solitudinis
2730 2241 3060 2308 silentioque
3084 2236 3409 2310 profecerat,
3442 2247 3502 2292 ut
3545 2251 3652 2291 non
3695 2235 3783 2291 di-

2184 2351 2304 2393 cam
2346 2335 2550 2390 vultum
2601 2334 2925 2401 lemineum,
2957 2331 3053 2388 sed
3080 2345 3149 2387 ne
3191 2329 3514 2385 vestimenta
3552 2328 3782 2399 quidem

2184 2443 2346 2484 sexus
2374 2427 2517 2483 illius
2556 2426 2868 2495 conspectui
2907 2437 3007 2480 suo
3060 2430 3336 2494 pateretur
3382 2420 3592 2475 oﬂ‘erri.
3640 2419 3780 2475 Nam

2183 2536 2304 2576 cum
2333 2519 2507 2576 eidem
2527 2519 2771 2590 pergenti
2801 2517 2866 2572 ad
2889 2515 3169 2586 cujusdam
3193 2511 3427 2570 senioris
3451 2512 3640 2567 cellam
3667 2525 3780 2565 una

2186 2623 2209 2651 °
2257 2628 2379 2670 cum
2419 2614 2616 2670 abbate
2647 2611 2914 2668 Archebio
2936 2609 3179 2681 ejusdem
3227 2606 3540 2666 solitudinis
3560 2605 3774 2674 accola,

1548 2746 1808 2803 ALARDI
1848 2746 2081 2805 GAZAEI
2116 2746 2683 2805 COMMENTARIUS.

489 2838 698 2901 abbatis
717 2838 918 2912 Moysis
948 2838 1208 2912 probatur
1236 2854 1356 2910 cap.
1387 2855 1534 2912 seq.,
1564 2843 1654 2912 qui
1693 2841 1763 2897 ob
1793 2841 2081 2912 impatien-

489 2915 618 2966 tiam
641 2910 948 2981 etverbum
977 2910 1165 2966 durius
1203 2910 1482 2981 prolatum‘
1509 2927 1538 2967 a
1568 2910 1816 2968 daemone
1856 2910 2074 2969 invasus

489 2991 542 3037 et
563 2980 804 3051 graviter
828 2991 1054 3037 vexatus
1084 2980 1321 3054 fuit.’Cui
1352 2984 1526 3038 simile
1555 2985 1794 3048 videtur,
1831 2986 1975 3054 quod
2008 2985 2076 3039 de

488 3055 718 3123 quatiam
749 3054 970 3108 muniali
1009 3055 1081 3106 ob
1109 3053 1366 3108 leviorem
1396 3056 1574 3124 gulam
1617 3053 1871 3110 similiter
1905 3070 1935 3109 a
1965 3055 2078 3109 da:-

491 3139 658 3196 mone,
680 3134 941 3192 occupata
989 3137 1172 3196 narrat
1223 3124 1296 3196 D.
1318 3124 1612 3192 Gregorius
1667 3126 1810 3182 lih.t
1863 3126 2074 3196 Dialog.

489 3209 608 3265 cap.
635 3195 700 3248 4:
735 3195 971 3261 Quadam
1016 3196 1120 3259 die,
1151 3194 1348 3264 inquit,
1378 3211 1485 3248 una
1515 3196 1607 3249 Dei
1637 3198 1838 3266 famula
1867 3194 2077 3251 hortum

490 3267 716 3337 ingressa
743 3269 999 3320 lactucam
1030 3267 1368 3332 conspiciens,
1409 3267 1714 3337 concupivit,
1748 3282 1961 3334 eamque
2002 3268 2076 3319 si-

2189 2850 2280 2897 aut
2302 2844 2663 2910 devoraverit,
2692 2841 2786 2897 sed
2828 2840 2914 2896 vel
2944 2837 3190 2902 faucibus
3216 2837 3544 2910 compressis
3572 2837 3655 2893 vel
3686 2851 3784 2894 os-

2186 2915 2356 2978 sibus,
2398 2923 2492 2969 aut
2517 2908 2731 2969 cervice
2784 2912 3082 2974 confracta,
3134 2919 3194 2964 ut
3240 2908 3452 2964 videtur
3497 2909 3784 2978 Scriptura

2184 2985 2427 3046 innuero.
2453 2986 2658 3054 absque
2679 2985 2779 3038 alia
2814 2983 3036 3037 ltcsione
3060 2979 3352 3054 occiderit;
3384 2979 3449 3054 4f
3503 2982 3648 3048 quod
3679 2994 3784 3054 ea:

2183 3055 2306 3110 dem
2339 3049 2688 3111 voracissima
2718 3054 2898 3108 bellua
2930 3055 2999 3106 ita
3040 3067 3101 3106 se
3146 3049 3500 3117 continuerit,
3533 3060 3593 3104 ut
3643 3049 3784 3106 nihil

2185 3126 2400 3196 penitus
2431 3127 2497 3184 de
2528 3126 2735 3196 tradito
2755 3125 2859 3180 sibi
2882 3123 3146 3196 cadavere
3167 3124 3498 3196 degustaret,
3523 3136 3786 3196 necsan-

2185 3193 2402 3266 guinem
2446 3199 2563 3268 ejus
2614 3195 2867 3250 funderet
2904 3203 2998 3268 aut
3027 3194 3312 3268 sorberet;
3343 3193 3408 3268 5f
3436 3193 3581 3268 quod
3623 3193 3786 3268 juxta

2185 3261 2380 3338 corpus
2410 3261 2559 3323 stans
2585 3283 2709 3323 cum
2738 3268 2913 3338 asino,
2937 3265 3066 3338 illud
3097 3262 3434 3338 custodierit,
3454 3261 3785 3338 donecinde

490 3333 588 3407 grio
616 3338 779 3391 crucis
805 3337 1097 3392 benedicere
1113 3336 1288 3403 oblita,
1317 3336 1465 3389 avide
1494 3333 1789 3408 momordit,
1835 3333 1923 3390 sed
1968 3353 2084 3392 cor-
2109 3334 2155 3398 C
2187 3333 2562 3408 asportaretur
2590 3356 2604 3404 ;
2637 3338 2693 3394 6°
2723 3336 2865 3408 quod
2890 3351 2990 3391 nec
3017 3335 3199 3408 ipsum
3217 3336 3426 3408 asinum
3461 3333 3662 3389 laeserit
3681 3341 3784 3389 aut

491 3405 636 3478 repta
680 3425 712 3460 a
760 3408 966 3478 diabolo
1010 3408 1243 3478 protinus
1289 3407 1493 3461 cecidit.
1533 3405 1760 3476 Cumque
1789 3419 2080 3471 vexaretur,

491 3477 652 3531 eidem
682 3479 818 3548 patri
863 3477 1072 3549 Equitio
1120 3481 1213 3532 sub
1254 3479 1511 3531 celeritate
1552 3479 1840 3549 nuntiatum
1887 3488 1983 3545 est,
2026 3489 2084 3533 ut

492 3547 689 3602 veniret
710 3547 961 3614 concitus,
987 3558 1034 3603 et
1061 3551 1258 3603 orando
1283 3559 1618 3602 succurreret.
1646 3547 1868 3616 Moxque
1888 3558 1944 3601 ut
1964 3551 2086 3602 hor-

492 3629 599 3704 tans
624 3618 759 3704 idem
787 3618 945 3703 Pater
990 3621 1246 3704 ingressus
1273 3630 1365 3702 est,
1397 3621 1546 3689 coepit
1571 3621 1772 3704 eoiejus.
1805 3636 1911 3704 ore2
1935 3622 2085 3689 quasi

492 3692 813 3764 satisfaciens
837 3693 947 3760 ipse
966 3689 1057 3764 qui
1078 3692 1223 3764 hanc,
1237 3694 1548 3764 arripuerat,
1597 3689 1833 3764 diabolus
1861 3692 2086 3746 clamare

493 3763 700 3817 dicens:
725 3761 840 3833 Ego
859 3761 985 3833 quid
1013 3763 1147 3832 ieci?
1190 3761 1442 3818 Sedebam
1481 3763 1552 3815 ibi
1598 3779 1753 3830 super
1799 3761 2082 3819 lactucam:

491 3834 624 3886 venit
647 3833 757 3898 illa,
782 3844 834 3888 et
861 3835 1135 3887 momordit
1163 3851 1260 3886 me.
1299 3835 1393 3886 (.‘ui
1417 3849 1532 3886 cum
1557 3836 1696 3903 gravi
1737 3834 2086 3902 indignatione

492 3906 567 3977 vir
584 3904 690 3977 Dei
711 3905 950 3977 prmcepit
980 3914 1044 3977 ut
1061 3906 1360 3977 discederet,
1385 3917 1432 3959 et
1455 3905 1624 3977 locum
1645 3906 1700 3957 in
1721 3906 2082 3972 omnipotentis

495 3973 592 4029 Dei
616 3973 997 4045 {amulam’non
1025 3975 1260 4040 haberet,
1293 3976 1529 4046 protinus
1542 3976 1818 4046 abscessit,
1852 3992 1943 4046 nec
1971 3991 2083 4028 eam

494 4043 632 4120 ultra
678 4049 978 4120 contingere
1004 4043 1302 4120 prteraluit.‘
1361 4043 1844 4120 llmcgregorius.
1899 4044 2083 4110 Neque

499 4115 623 4171 huic
652 4114 899 4172 altsimile
931 4117 1142 4170 videtur
1167 4117 1473 4183 exemplum
1506 4114 1651 4167 illius
1677 4114 1889 4168 femina:
1919 4130 2079 4182 quatn

496 4201 616 4240 cum
649 4190 1011 4258 praestigiator
1038 4185 1399 4258 quidamsuis
1422 4185 1713 4258 prfstigiis
1743 4193 1797 4237 et
1820 4186 2082 4239 daemonis

495 4255 810 4324 operatione
839 4255 1041 4312 mutam
1063 4255 1421 4320 reddidisset,
1442 4255 1822 4324 ellecissetque
1841 4267 1898 4308 ut
1919 4270 2078 4324 equa,

497 4340 604 4380 non
655 4326 876 4393 femina,
925 4329 1174 4382 omnibus
1215 4343 1332 4381 eam
1391 4325 1721 4380 intuentibus
1769 4339 2076 4394 appareret,

496 4404 718 4468 sanctus
747 4398 1012 4452 Macarius
1027 4398 1312 4468 .‘Egyptius
1341 4396 1656 4468 aspersione
1684 4411 1836 4466 aqua:
1858 4397 2080 4452 benedi-

497 4479 597 4521 ctm
623 4478 678 4523 et
700 4467 836 4523 facta
859 4466 1359 4534 oratione'curavit,
1393 4480 1554 4536 atque
1577 4466 1631 4521 in
1656 4469 1942 4534 pristinum
1972 4483 2080 4522 Sta-

502 4547 614 4591 tum
646 4540 899 4592 restituit.
933 4539 1064 4593 Eam
1097 4549 1278 4593 autem
1305 4539 1587 4593 admonuit
1634 4537 1716 4592 vir
1760 4538 1850 4592 Dei
1883 4540 1963 4593 sic
2005 4540 2081 4594 di-

500 4623 657 4663 cens:
687 4607 988 4681 Numquam
1030 4609 1314 4681 Ecclesium
1351 4611 1574 4673 deseras,
1625 4624 1898 4681 numquam
1923 4611 2080 4663 absti-

2189 3405 2416 3479 fugarit;
2447 3409 2509 3464 7°
2532 3409 2671 3479 quod
2709 3405 2988 3463 venientes
3015 3405 3083 3460 ad
3102 3405 3407 3479 tollendum
3433 3418 3778 3479 corpus‘nqn

2189 3474 2464 3546 terruerit,
2496 3474 2584 3534 aut
2627 3479 2984 3550 impedierit;
3020 3477 3114 3550 sed
3145 3487 3331 3550 amoto
3375 3489 3604 3550 corpore
3646 3474 3778 3531 inde

2188 3552 2516 3607 discesserit.
2551 3551 2658 3607 Sed
2682 3546 2838 3620 juvat
2863 3550 2952 3604 hic
2973 3549 3034 3604 Β.
3065 3546 3388 3615 Gregorium
3411 3547 3476 3602 de
3505 3546 3602 3598 hac
3635 3559 3776 3620 pro.

2189 3621 2364 3688 pheta:
2389 3624 2546 3692 culpa
2588 3614 2750 3677 simul
2789 3632 2844 3675 et
2873 3635 3032 3692 poena
3072 3614 3262 3692 audire
3291 3620 3672 3692 disputantem.
3721 3614 3779 3670 Is

2187 3687 2326 3764 libro
2348 3710 2399 3748 tv
2425 3687 2768 3764 Dialogorum
2797 3687 2916 3760 cap.
2949 3690 3019 3746 24
3047 3687 3191 3764 :AVir
3221 3688 3340 3764 Dei,
3372 3689 3567 3764 inquit,
3590 3695 3778 3764 contra

2189 3762 2481 3818 Samariam
2512 3758 2720 3830 missus,
2766 3758 2889 3832 quia
2935 3777 3026 3833 per
3070 3758 3577 3833 inobedientiam_in_
3595 3759 3780 3833 itinere

2186 3838 2425 3897 comedit.
2449 3835 2588 3889 hunc
2610 3836 2690 3889 leo
2709 3828 2789 3888 in‘
2806 3828 2986 3887 eodem
3013 3833 3196 3885 itinere
3216 3832 3426 3886 occidit.
3469 3829 3578 3885 Sed
3607 3828 3776 3881 statim

2185 3904 2299 3958 illic
2327 3910 2579 3977 scriptum
2603 3917 2678 3959 est
2707 3905 2826 3977 quia
2860 3904 3105 3977 stetit__leo
3135 3904 3296 3971 juxta
3323 3901 3552 3977 asinum,
3585 3911 3633 3952 et
3671 3915 3777 3977 non

2185 3977 2402 4031 comedit
2431 3970 2518 4030 'leo
2557 3978 2620 4031 de
2663 3970 2929 4029 cadavere.
2979 3974 3064 4028 Ex
3090 3970 3195 4043 qua
3241 3990 3297 4027 re
3325 3975 3615 4026 ostenditur
3639 3970 3779 4036 quod

2187 4059 2455 4114 peccatum
2485 4047 2840 4101 inobedientite
2868 4047 2922 4098 in
2963 4045 3078 4112 ipsa
3126 4044 3279 4114 fuerit
3311 4057 3472 4097 morte
3513 4043 3779 4105 laxatum;

2183 4119 2306 4186 quia
2332 4119 2466 4170 idem
2483 4119 2560 4171 leo
2587 4134 2739 4187 quem
2767 4118 3006 4169 viventem
3037 4116 3359 4187 praesumpsit
3381 4115 3778 4187 occidere,_con_-:

2185 4182 2382 4260 tingere
2406 4204 2506 4260 non
2535 4182 3134 4260 priesumpsitgoccisum.
3188 4182 3286 4249 Qui
3326 4186 3481 4260 enim
3507 4182 3780 4260 occidendi

2184 4255 2367 4312 ausum
2394 4255 2597 4324 habuit,
2629 4258 2693 4312 de
2730 4255 2882 4310 occisi
2909 4257 3154 4311 cadavere
3180 4255 3481 4310 comedendi
3513 4255 3776 4308 licentiam

2184 4345 2286 4381 non
2306 4330 2498 4399 accepit
2519 4346 2537 4394 ;
2561 4330 2681 4398 quia
2705 4329 2750 4381 is
2771 4331 2857 4397 qui
2879 4328 3148 4394 culpabilis
3170 4328 3223 4380 in.
3242 4327 3343 4380 vita
3367 4325 3560 4399 fuerat,
3595 4324 3778 4399 punita

2183 4394 2525 4481 inobedientia
2569 4394 2676 4482 erat
2697 4394 2813 4482 jam
2854 4401 3029 4470 justus
3055 4414 3118 4452 ea:
3154 4394 3483 4482 γηονιελρεο
3535 4396 3778 4482 ergojtnti

2184 4471 2328 4539 prius
2356 4474 2637 4539 peccatoris
2662 4465 2816 4524 vitam
2845 4465 3131 4535 necaverat,
3159 4469 3425 4523 custodiuit
3442 4465 3776 4536 postmodum

2183 4541 2404 4615 cadaver
2418 4544 2571 4615 justi.
2597 4543 2722 4615 limo
2737 4539 3052 4615 Gregorius.

2255 4611 2284 4650 ι’
2311 4613 2384 4667 De
2411 4605 2607 4669 abbate
2633 4613 2800 4667 Paulo
2829 4605 3006 4665 actum
3041 4619 3123 4665 est
3153 4610 3249 4668 lib.
3273 4626 3309 4666 ι
3329 4621 3446 4678 cap.
3473 4605 3544 4659 ει
3573 4614 3632 4660 et
3667 4605 3770 4662 25.

499 4679 2078 4776 τξίιξεέξξξυῑιξῖξξξτιίφξεΕξτῐξξίὲξςῑξξῑηειηξίλεειιξ,έέαῐίξηέίη
2106 4716 2157 4776 ι)
2185 4683 2734 4776 Ρεζὲἒεῖνξςηίὲιάεη]
2755 4692 2845 4776 ,ξι
2891 4681 3182 4738 οοιιειίοηθ
3230 4684 3257 4737 ί
3289 4691 3345 4737 ει
3370 4680 3426 4748 εν
3478 4693 3602 4749 (ιιιπ
3648 4680 3776 4747 ei“

499 4750 587 4802 tibi
608 4752 919 4823 acciderunt.
952 4753 1091 4823 quod
1111 4753 1226 4821 jam
1252 4754 1486 4823 quinque
1511 4751 1840 4823 hebdomadis
1867 4768 1966 4804 non
1990 4768 2078 4804 ac-

498 4822 691 4875 cessisti
728 4823 799 4876 ad
842 4821 1144 4877 intemerata
1180 4824 1340 4876 nostri
1392 4821 1676 4876 Saluatoris
1718 4821 2075 4876 Sacramenta.

499 4891 572 4964 Ita
603 4893 865 4948 Palladius
895 4893 1196 4964 (Palladius
1227 4891 1435 4947 Lausia.
1480 4892 1546 4946 19
1574 4902 1622 4946 et
1650 4891 1765 4960 ΞΟ).
1822 4894 1919 4948 Uhi
1968 4909 2074 4948 nou

500 4963 601 5016 aha
648 4963 1097 5020 redditur'causa
1128 4967 1281 5019 istius
1316 4965 1624 5018 al'llictionis
1675 4973 1730 5017 et
1776 4966 2076 5019 vexationis

498 5034 801 5105 diabolicae,
828 5051 990 5105 quam
1031 5036 1339 5091 intermissa
1371 5036 1437 5090 ad
1467 5042 1681 5104 tempus
1725 5050 1877 5089 sacra
1926 5050 2075 5091 com-

500 5109 682 5162 munio
705 5123 803 5178 per
830 5107 1207 5178 negligentiam
1236 5123 1359 5178 quae
1388 5123 1492 5161 non
1533 5107 1746 5178 videtur
1782 5122 1908 5178 esse
1956 5109 2077 5176 plus

499 5192 656 5247 quam
688 5177 918 5236 veniali:
940 5180 1098 5250 culpa
1124 5220 1138 5246 ,
1169 5177 1326 5234 sicuti
1357 5193 1456 5235 nec
1491 5192 1706 5233 morsus
1735 5177 1827 5233 ille
1856 5178 2075 5234 lactucae

500 5252 742 5320 neglecto
767 5251 946 5308 crucis
967 5251 1142 5321 signo.

575 5335 596 5356 ι·
621 5322 778 5376 Multa
809 5324 896 5378 hic
918 5320 1172 5377 miracula
1203 5331 1258 5376 et
1289 5321 1691 5377 evidentissima
1718 5320 1916 5374 divina:
1960 5335 2078 5385 pro-

501 5392 750 5464 videntia:
777 5396 927 5464 signa
974 5393 1242 5458 etl‘ulsert',
1289 5393 1342 5445 l”
1391 5393 1532 5462 quod
1579 5392 1894 5464 prophetam
1936 5391 2077 5446 Deus

501 5463 674 5516 Occidi
731 5461 958 5519 voluerit
1002 5481 1032 5518 ιι
1086 5465 1241 5520 leone
1287 5461 1506 5533 propter
1560 5461 2077 5533 inobedientiamget

505 5536 987 5602 transgressionem
1015 5535 1180 5588 divini
1211 5531 1486 5604 praecepti,
1514 5542 1841 5588 cumtamen
1871 5532 1940 5583 ab
1969 5531 2077 5586 alio

504 5603 761 5672 propheta
777 5604 1194 5661 luissetdelusus
1205 5603 1252 5660 et
1267 5603 1524 5674 deceptus
1537 5622 1552 5670 ;
1565 5606 1630 5659 2°
1644 5604 1786 5674 quod
1801 5604 1899 5674 hac
1917 5615 2075 5671 pmna

509 5676 793 5746 temporali
822 5677 1049 5730 voluerit
1076 5677 1197 5745 ejus
1225 5673 1436 5746 culpam
1476 5673 1688 5743 punire,
1724 5689 1792 5746 ne
1823 5673 1875 5727 in
1919 5682 2075 5746 mter-

507 5753 638 5797 nunt
660 5744 876 5808 puniret
892 5763 905 5806 :
921 5746 979 5802 3'
998 5744 1140 5816 quod
1162 5747 1244 5801 leo
1269 5744 1583 5816 prophetam
1607 5760 1712 5802 non
1733 5745 2079 5814 discerpserit

2184 4755 2403 4809 nomine
2434 4756 2820 4810 inscribuntur.

2257 4836 2280 4864 ε
2309 4826 2547 4881 Meminit
2564 4826 2804 4896 ejusdem
2828 4825 2934 4896 loci
2961 4824 3254 4896 Cassianus
3279 4818 3627 4896 collatione?)
3645 4835 3770 4896 cap.

2185 4897 2236 4952 ὅ.
2285 4898 2352 4951 Ει
2381 4913 2567 4953 rursus
2595 4891 2780 4951 collat.
2810 4895 2882 4950 24
2909 4911 3032 4965 cap.
3062 4891 3097 4948 4
3132 4913 3144 4947 :
3185 4895 3286 4962 Qui
3331 4895 3384 4948 in
3425 4893 3542 4955 illa,
3578 4894 3772 4965 inquit,

2185 4966 2407 5034 Calami,
2438 4970 2541 5038 sive
2573 4967 2947 5038 Porphyrionis
2969 4962 3155 5038 eremo,
3179 4973 3585 5038 commorantur.
3617 4962 3775 5018 Unde

2185 5049 2409 5107 apparet
2433 5034 2711 5093 Calamum
2733 5034 2868 5093 alias
2891 5037 3323 5109 Porphyrion‘em
3357 5034 3525 5090 fuisse
3562 5048 3776 5088 nuncuo

2217 5120 2385 5164 atum.

2178 5123 2385 5235 mihi:
2410 5181 2710 5250 Panethsi
2739 5180 3034 5235 Cassianus
3067 5179 3166 5234 lib.
3197 5194 3246 5236 tv
3269 5193 3391 5250 εει).
3414 5176 3505 5233 30-

2257 5262 2281 5288 °
2317 5252 2388 5306 De
2425 5248 2614 5308 eodem
2631 5248 2852 5321 egimus
2882 5251 2974 5305 lib.
2997 5265 3028 5304 v
3059 5265 3180 5320 cap.
3206 5250 3296 5305 57.
3337 5248 3416 5304 De
3443 5263 3555 5316 quo
3582 5258 3776 5321 rursus

2187 5322 2368 5376 collat.
2400 5322 2460 5376 ll
2492 5338 2612 5391 cap.
2653 5320 2692 5376 Ξῖ
2707 5323 3022 5392 praeclarum
3071 5322 3173 5376 hoc
3202 5330 3378 5392 exstat
3422 5320 3773 5392 encomium;

2185 5392 2480 5447 Beatissimi
2520 5389 2676 5464 atque
2712 5389 2968 5464 'prtecipui
2997 5393 3091 5446 viri
3120 5391 3354 5445 Archebii
3389 5389 3776 5464 epist-aptant:

2184 5473 2363 5533 raptus
2389 5467 2452 5518 de
2481 5458 2915 5518 Anarhoretarum
2935 5473 3146 5530 cmtu,et
3170 5465 3438 5533 episc0pus
3473 5458 3778 5530 Puuephgsi

2183 5536 2371 5617 Oppido
2404 5536 2576 5599 datus,
2609 5543 2754 5588 tanta
2803 5536 3118 5589 districtione
3147 5536 3284 5587 omni
3318 5547 3427 5586 aevo
3455 5547 3552 5611 suo
3580 5543 3777 5600 prapo-

2179 5615 2337 5659 sttum
2362 5606 2657 5660 solitudinis
2685 5607 2978 5672 custodiuit,
3005 5615 3060 5660 ut
3090 5605 3219 5658 nihil
3245 5603 3309 5658 de
3351 5609 3626 5674 presteras:
3666 5603 3778 5654 hl-

2182 5675 2424 5732 nu‘litatis
2459 5687 2630 5733 tenore
2671 5679 2942 5747 latraverit,
2968 5671 3082 5731 aut
3111 5676 3174 5730 de
3217 5671 3420 5747 adjecto
3448 5671 3547 5728 sibi
3575 5671 3780 5728 honoris

2177 5747 2438 5801 blanditus
2466 5750 2552 5801 sit.

2231 5749 2438 5801 ‘anditus
2466 5750 2552 5802 sit.
