4026 6204
248 253 355 314 705

642 250 985 311 COLLA‘I'IO
1023 252 1137 310 VII.
1164 251 1344 310 -ΒΕ
1386 250 1635 310 ΔΝΙΜιΕ
1676 249 1845 310 ΜοΒιγ

1959 248 2101 309 ΑΤΕ
2137 250 2230 311 ΕΤ
2271 251 2745 313 SPIRITALIBUS
2784 252 3156 323 NEQUITIIS.

3428 265 3548 326 στοϐ

240 387 374 430 casu
424 369 626 427 mulier
652 370 948 436 obviasset,
970 368 1209 425 offensus
1256 350 1491 424 occursu
1522 381 1659 437 ejus,
1692 374 1838 421 tanta
1868 370 1920 431 Α
1945 366 2128 421 delato
2153 376 2222 422 ad
2264 378 2576 424 cmnotnum
2598 374 2908 424 sanctarum
2940 372 3233 441 virginum,
3277 372 3435 430 cibus
3479 390 3546 438 ac

244 465 370 537 fuga
430 466 498 519 ad
550 478 708 519 suum
740 476 930 518 rursus
986 459 1374 516 monasterium
1421 457 1836 530 (praetermisso,

247 558 395 627 quod
426 555 765 624 arripuerat,
813 555 918 625 piae
968 551 1294 609 visitationis
1337 547 1538 622 officio)
1583 548 1835 622 recurrit,

250 657 458 721 quanta
488 649 671 704 nullus
696 663 727 703 a
758 646 894 704 facie
921 646 1098 704 leunis
1120 646 1207 701 vel
1236 644 1609 701 immanissimi
1646 643 1841 701 draco-

254 744 342 800 nis
383 743 687 814 aufugeret,
736 740 813 797 ita
858 749 917 795 ut
963 754 1034 796 ne
1062 738 1350 796 memorati
1378 737 1596 810 quidem
1631 736 1843 794 abbatis

252 835 518 893 Archebii
538 834 848 892 revocantis
870 846 994 890 eum
1018 832 1262 889 clamore
1288 846 1353 889 ac
1374 830 1627 903 precibus
1654 830 1840 888 flecte-

255 940 433 995 retur,
472 937 532 986 ut
581 928 649 986 ad
693 926 1079 999 requirendum
1129 941 1337 993 senem,
1380 924 1841 996 quemadmodum

256 1033 688 1098 proposuerant,
744 1031 925 1093 empto
976 1020 1173 1077 itinere
1226 1020 1631 1091 pertenderent.
1688 1017 1845 1089 Quod

254 1121 382 1177 licet
411 1120 531 1177 zelo
556 1119 820 1177 castitatis
847 1125 905 1174 et
947 1116 1200 1188 puritatis
1250 1116 1451 1173 ardore
1497 1118 1569 1173 sit
1616 1115 1842 1182 factum,

256 1222 437 1269 tamen
464 1212 585 1283 quia
625 1225 728 1266 non
769 1210 1068 1267 secundum
1120 1208 1405 1265 scientiam
1452 1213 1844 1279 praesumptum

257 1315 360 1375 est,
386 1304 481 1363 sed
510 1303 849 1362 observantia
870 1302 1174 1373 disciplinae
1197 1301 1469 1372 justeque
1500 1299 1849 1357 discretionis

254 1412 506 1456 excessus
542 1386 646 1453 est
684 1395 881 1452 modus
916 1397 1061 1466 (non
1104 1393 1251 1450 enim
1296 1393 1473 1450 solam
1520 1391 1849 1449 familiarita-

251 1502 381 1559 tem,
409 1508 531 1564 qua:
578 1507 713 1549 vere
757 1500 842 1547 est
894 1491 1079 1556 noxia,
1130 1489 1479 1556 feminarum,
1528 1488 1624 1545 sed
1674 1489 1846 1561 ipsam

249 1601 467 1660 quoque
515 1585 745 1657 ﬁgurant
777 1598 943 1639 sexus
969 1581 1115 1638 illius
1142 1580 1379 1637 credidit
1403 1580 1841 1653 exsecrandum),

250 1679 347 1735 tali
398 1678 688 1734 confestim
722 1673 1071 1745 correptione
1121 1688 1414 1744 percussus
1460 1680 1566 1739 est,
1622 1682 1680 1728 ut
1728 1673 1846 1744 ejus

1946 466 2125 530 potus,
2154 475 2317 532 quem
2349 476 2417 519 ne
2438 471 2571 519 nutu
2593 460 2812 534 quidem
2838 472 3026 535 petere
3053 472 3283 533 poterat,
3307 467 3544 527 femineo

1944 553 2296 624 ingerebatur
2325 555 2609 627 obsequio,
2634 557 3024 631 explendisque
3053 559 3305 617 omnibus
3334 570 3541 619 natura

1943 646 2387 717 necessitatibus,
2415 650 2607 707 eadem
2633 650 2711 707 illi
2732 650 3014 723 diligentia
3041 667 3140 724 per
3161 667 3338 709 annos
3366 651 3542 729 ferme

1944 747 2199 810 quatuor,
2226 738 2280 796 id
2308 748 2414 811 est,
2442 756 2615 814 usque
2633 741 2702 798 ad
2730 743 2857 800 vitae
2877 758 2991 801 sua:
3020 745 3316 802 terminum
3338 748 3542 803 servie-

1944 830 2057 887 bat.
2080 832 2323 900 Quicum
2347 841 2498 890 tanta
2521 842 2672 891 esset
2691 836 2935 893 omnium
2960 836 3328 895 membrorum
3344 837 3542 895 debili-

1948 933 2057 983 tate
2082 927 2435 994 constrictus,
2463 936 2520 981 ut
2546 927 2679 983 nulli
2715 928 2770 985 in
2790 943 2858 986 eo
2885 937 3036 986 artus
3065 931 3303 988 vivacem
3332 939 3542 989 motum

1947 1033 2013 1076 ac
2040 1018 2356 1076 sensibilem
2387 1028 2747 1088 retentarent,
2792 1021 3151 1079 nihilominus
3197 1032 3347 1079 tanta
3377 1037 3443 1079 ex
3473 1037 3544 1079 eo

1946 1111 2207 1168 virtutum
2249 1112 2419 1184 gratia
2451 1113 2811 1183 procedebat,
2844 1124 2900 1171 ut
2930 1129 3053 1171 cum
3080 1115 3151 1172 de
3183 1124 3209 1155 ι
3237 1116 3359 1171 oleo
3396 1114 3540 1185 quod

1948 1204 1979 1247 δ
1994 1207 2259 1264 cadavere
2275 1221 2374 1262 suo
2395 1208 2578 1277 potius
2597 1223 2757 1279 quam
2777 1223 3011 1279 corpore
3032 1210 3352 1280 contigisset
3371 1224 3542 1281 unge-

1948 1307 2141 1357 rentur
2168 1298 2389 1367 infirmi,
2409 1299 2700 1357 confestim
2729 1302 2939 1357 cunctis
2963 1312 2986 1341 ε
3014 1301 3413 1358 valetudinibus
3442 1318 3543 1360 cu-

1950 1401 2233 1459 rarentur;
2268 1396 2340 1448 ita
2373 1401 2431 1449 ut
2480 1409 2646 1464 super
2701 1393 2802 1450 bac
2852 1394 2973 1465 ejus
3020 1394 3332 1452 valetudine
3374 1394 3537 1452 etiam

1950 1484 2082 1557 ipsis
2125 1486 2433 1543 infidelibus
2477 1485 2760 1544 evidenter
2786 1497 3081 1560 aperteque
3128 1488 3460 1547 claresceret
3485 1497 3542 1545 et

1950 1578 2285 1637 debilitatem
2317 1580 2687 1638 membrorum
2729 1582 2970 1639 omnium
3001 1582 3409 1655 dispensatione
3451 1591 3540 1640 at-

1950 1688 2056 1743 que
2082 1688 2265 1729 amore
2286 1674 2501 1731 Domini
2520 1674 2905 1742 contributam,
2919 1686 2977 1733 et
2995 1677 3288 1736 sanitatum
3308 1677 3541 1751 gratiam

250 1770 568 1826 universum
598 1782 796 1839 corpus
829 1767 1145 1837 paralyseos
1181 1765 1490 1821 valetudine
1519 1766 1839 1836 solveretur,
1874 1769 1922 1833 Β
1951 1782 2051 1839 pro
2078 1768 2394 1825 testimonio
2436 1768 2686 1841 puritatis
2728 1785 2792 1827 ac
2834 1770 3276 1830 manifestatione
3315 1773 3542 1832 merito-

251 1862 566 1933 nullumque
610 1860 666 1917 in
721 1875 789 1917 eo
828 1859 1130 1916 membrum
1176 1859 1389 1929 penitus
1418 1858 1640 1927 explere
1679 1873 1840 1915 suum

252 1952 573 2024 praevaleret
601 1951 861 2008 ofﬁcium.
910 1950 1187 2022 Siquidem
1225 1965 1331 2006 non
1356 1950 1529 2006 solum
1578 1950 1745 2022 pedes
1776 1966 1842 2008 ac

249 2060 469 2111 manus,
498 2044 595 2102 sed
624 2047 790 2101 etiam
839 2044 1034 2115 lingua:
1074 2052 1273 2110 motus,
1298 2059 1406 2114 quo
1431 2044 1663 2100 elocutio
1692 2044 1841 2101 vocis

248 2138 598 2210 exprimitur,
630 2139 869 2208 ipsasque
897 2151 1055 2193 aures
1099 2137 1173 2193 ita
1204 2139 1418 2194 auditus
1458 2138 1668 2210 proprii
1698 2137 1841 2194 ami-

248 2241 444 2289 serunt
485 2246 723 2299 sensum,
760 2240 816 2285 ut
848 2231 901 2286 in
941 2244 1008 2286 eo
1038 2229 1173 2286 nihil
1227 2230 1458 2301 amplius
1502 2246 1572 2287 ex
1625 2230 1842 2287 homine

250 2341 419 2398 quam
448 2324 737 2381 immobilis
764 2333 970 2379 tantum
1000 2332 1164 2395 atque
1194 2323 1524 2380 insensibilis
1551 2323 1721 2396 figura
1748 2341 1840 2381 re-

249 2425 523 2473 maneret.
554 2416 629 2472 Eo
652 2424 832 2471 autem
862 2414 1116 2473 redactus
1142 2424 1251 2483 est,
1285 2424 1345 2471 ut
1386 2416 1684 2473 infirmitati
1724 2417 1842 2488 ejus

248 2512 404 2569 nullo
432 2512 594 2569 modo
623 2513 861 2569 virorum
894 2509 1177 2583 diligentia
1213 2510 1496 2569 deservire
1541 2510 1840 2580 sufﬁceret,

248 2608 350 2664 nisi
397 2607 510 2664 sola
557 2608 607 2663 ei
653 2605 939 2662 muliebris
980 2604 1241 2663 sedulitas
1270 2604 1651 2661 ministrasset.
1704 2603 1840 2661 Nam

1948 1876 2068 1918 rum
2096 1862 2147 1918 ei
2171 1860 2403 1931 Spiritus
2428 1862 2600 1919 sancti
2634 1864 2838 1920 virtute
2868 1868 3136 1935 praestari.

2504 1977 2737 2036 CAPUT
2774 1977 2992 2035 XXVII.

2304 2049 2384 2107 De
2412 2051 2689 2106 tentatione
2722 2049 2922 2105 abbatis
2964 2048 3183 2122 Moysis.

1968 2156 1971 2161 ‘
2021 2141 2303 2201 Secundus
2333 2157 2483 2209 vero,
2515 2157 2678 2212 quem
2703 2141 2941 2197 diximus
2968 2140 3023 2197 in
3053 2142 3154 2199 bac
3181 2157 3367 2201 eremo
3394 2158 3545 2203 com-

1950 2243 2246 2300 moratum,
2270 2247 2396 2289 cum
2429 2234 2547 2305 ipse
2592 2247 2810 2303 quoque
2839 2231 3129 2302 singularis
3169 2242 3224 2288 et
3262 2232 3544 2306 incompa-

1945 2326 2131 2383 rabilis
2159 2326 2244 2381 vir
2270 2332 2439 2392 esset,
2467 2324 2538 2381 ob
2566 2321 3047 2395 reprehensionem
3068 2324 3228 2380 unius
3245 2326 3539 2397 sermonis,

1945 2433 2107 2490 quem
2163 2426 2359 2475 contra
2387 2416 2640 2474 abbatem
2668 2412 2694 2455 ἀ
2723 2414 3014 2473 Macariuut
3058 2416 3342 2488 disputans
3378 2419 3545 2490 paulo

1945 2511 2135 2569 durius
2162 2510 2408 2582 protulit,
2433 2511 2665 2582 quadam
2693 2509 2905 2568 scilicet
2927 2510 3186 2583 Opinione
3207 2523 3544 2584 praventus,

1948 2613 1973 2642 ⁸
2004 2612 2113 2660 tam
2140 2602 2261 2660 diro
2280 2602 2564 2660 confestim
2586 2612 2670 2660 est
2696 2602 2933 2660 traditus
2955 2603 3213 2676 daemoni,
3241 2615 3305 2663 ut
3351 2589 3545 2664 buma-

1310 2740 1571 2798 ALARDI
1608 2740 1841 2799 GAZIEI
1879 2738 2454 2799 COMMENTARIUS.

328 2868 354 2898 ι
384 2859 519 2915 Oleo
548 2874 579 2914 a
609 2872 668 2914 se
705 2856 1016 2923 benedicto,
1061 2865 1153 2927 aut
1191 2863 1442 2912 contacto
1477 2865 1532 2912 et
1576 2856 1847 2927 praestito,

251 2931 358 2987 viri
394 2931 562 2985 sancti
593 2942 970 2999 saepenumero
1007 2925 1255 2999 infirmos
1281 2925 1691 2999 curaruntQSic
1716 2942 1843 2983 san-

249 3011 375 3057 ctus
406 3000 643 3055 Hilarion
678 2998 843 3055 laesos
866 3014 899 3054 a
926 2998 1268 3071 serpentibus
1289 2999 1413 3055 oleo
1435 2998 1707 3071 sanabat;
1753 3014 1848 3056 eo-

249 3073 485 3144 demque
511 3072 649 3144 duos
668 3086 701 3144 a
720 3069 1401 3144 morte‘sus'citavitlteste
1431 3069 1498 3144 D.
1514 3069 1848 3144 llierongmo

282 3142 349 3198 In
376 3139 479 3198 vita
524 3139 862 3211 Hilarionis).
901 3141 995 3197 Sic
1023 3141 1192 3197 abbas
1216 3141 1506 3211 Benjamin
1537 3140 1695 3212 apud
1721 3139 1845 3197 Pal-

276 3214 458 3271 adium
489 3213 743 3286 (Lausia.
760 3212 870 3283 l5),
900 3211 1227 3286 cuicumque
1239 3227 1445 3286 manus
1456 3213 1541 3286 uim
1550 3211 1821 3286 posuisset

252 3258 1759 3357 ἑιῖιῖξίίοὶιῗὲἧῖιὶίὶἔίέιῐόιῖιῖῶὖέἷιίὲὲέἶξῇιὶἔὲὲὖῖιῖἐιῗ
1767 3258 1843 3341 ΞΒ
1872 3266 1920 3333 C

253 3354 417 3412 omni
436 3355 756 3427 aegritudine
786 3374 798 3408 :
831 3354 897 3410 Et
925 3365 1093 3410 tamen
1120 3355 1229 3427 hic,
1255 3355 1344 3425 qui
1382 3363 1524 3410 tanta
1554 3357 1736 3427 (gratia
1763 3356 1843 3410 di-

255 3444 391 3498 gnus
411 3425 616 3481 habitus
648 3426 841 3497 fuerat,
886 3436 997 3481 octo
1047 3425 1303 3481 mensibus
1354 3435 1473 3499 ante
1511 3425 1703 3481 obitum
1743 3427 1843 3499 fuit

259 3499 597 3571 hydropicus,
648 3508 694 3552 et
738 3501 849 3571 ejus
893 3513 1077 3571 corpus
1126 3513 1291 3571 usque
1310 3498 1444 3571 adeo
1480 3498 1747 3562 intumuit,
1772 3507 1844 3571 ‘ut

257 3565 469 3641 propter
499 3569 712 3641 dolores
741 3565 1056 3641 inveniretur
1092 3568 1227 3641 alius
1255 3565 1376 3641 Job.
1405 3566 1533 3641 Cum
1562 3579 1733 3641 autem
1764 3566 1844 3641 las

259 3638 461 3694 b'oraret
491 3638 586 3693 hoc
620 3638 799 3693 morbo
829 3638 1211 3710 immedicabili,
1259 3638 1551 3695 medebatur
1595 3640 1715 3695 aliis
1755 3640 1844 3710 qui

260 3711 561 3766 tenebantur
580 3710 843 3782 quibusuis
880 3709 1289 3782 «egritudinibus.
1320 3710 1474 3779 Quod
1509 3710 1664 3782 plane
1707 3724 1839 3782 con-

257 3783 407 3852 gruit
430 3797 553 3837 cum
583 3780 836 3853 exemplo
868 3782 1077 3837 abbatis
1121 3780 1269 3835 Pauli
1297 3781 1363 3835 de
1390 3796 1497 3853 quo
1528 3780 1615 3837 hic
1646 3780 1839 3850 agitur.

258 3850 397 3910 Oleo
418 3854 579 3908 etiam
602 3868 629 3907 a
661 3853 727 3911 S.
748 3850 979 3908 Macario
1003 3861 1186 3907 curata
1215 3850 1421 3922 legitur
1436 3853 1762 3922 paralytica,
1789 3859 1847 3905 et

259 3924 626 3980 dtemoniacus
674 3938 705 3978 a
763 3920 1350 3993 daemoneiliberatus,
1400 3923 1539 3993 apud
1592 3920 1843 3993 eumdem

260 3996 581 4053 Palladium.
626 3992 762 4050 Oleo
803 3994 990 4049 itidem
1036 3992 1323 4049 benedicto
1378 3992 1578 4049 multos
1632 3992 1847 4048 sanavit

260 4066 434 4123 abbas
484 4067 745 4122 Joannes.
801 4063 945 4119 Idem
1003 4065 1071 4118 de
1117 4064 1311 4119 abbate
1358 4064 1630 4134 Aphraate
1678 4072 1735 4118 et
1778 4062 1848 4117 de

260 4138 526 4195 Simeone
546 4135 719 4192 refert
747 4135 1118 4194 Theodoretus
1156 4136 1208 4189 in
1255 4136 1455 4190 Histor.
1495 4134 1591 4191 SS.
1625 4134 1848 4190 Patrum

259 4226 390 4276 cap.
419 4210 453 4265 8
474 4219 527 4264 et
548 4208 619 4278 26
652 4205 889 4278 (Lausia.
917 4206 987 4262 20
1012 4218 1059 4261 et
1086 4206 1200 4276 45).
1226 4205 1345 4262 Olei
1386 4207 1547 4262 etiam
1572 4206 1848 4278 iunctione

259 4280 516 4338 monachi
557 4277 789 4351 Egyptii
836 4280 1188 4351 paralyticum
1234 4288 1531 4351 curarunt,
1569 4277 1762 4351 Rufino
1794 4285 1851 4331 et

260 4294 516 4338 monactn
557 4294 789 4351 mgyptn
836 4294 978 4347 parat
1025 4294 1188 4331 neum
1234 4294 1516 4342 curarunt,
1570 4294 1762 4333 nunno
1794 4294 1847 4331 et

260 4353 584 4431 Sozomeng
604 4352 825 4431 testibus
848 4294 1171 4431 (lingu-lib:
1196 4363 1233 4431 n
1263 4364 1378 4415 cap.
1411 4347 1703 4431 4,_ngont.
1728 4348 1766 4401 l.
1796 4361 1847 4401 Vl

260 4440 383 4492 cap.
407 4420 521 4491 21).
544 4419 792 4504 [lenique
820 4421 986 4474 abbas
1026 4418 1299 4502 Machetes
1344 4419 1496 4501 apud.
1529 4417 1847 4475 Cassianum

263 4495 385 4550 hare
398 4492 465 4547 de
480 4508 540 4546 se
562 4506 678 4562 ipso
707 4490 901 4562 refert;
934 4488 1118 4544 Oleum
1143 4500 1295 4562 etiam
1319 4488 1633 4562 benedicere,
1650 4506 1711 4543 ac
1723 4506 1848 4558 sup-

262 4559 738 4636 plicantibus—dure,
768 4561 904 4632 quod
930 4576 1035 4631 pra:
1054 4559 1289 4636 omnibus
1322 4560 1641 4636 exsecrabor,
1660 4571 1851 4636 Διιιροιε

1951 2854 2390 2930 consequendam
2418 2853 2950 2930 -fueritinstitutum,
2973 2865 3030 2914 et
3060 2871 3091 2914 a
3121 2858 3361 2930 quolibet
3384 2859 3543 2919 Chri-

1951 2926 2229 3012 stianonin
2282 2926 2505 3012 nomine
2556 2925 2787 3012 Qbristi,
2813 2937 2868 2983 et
2898 2928 2953 2984 in
2984 2925 3281 3012 quemlibet
3317 2932 3483 3012 etiam
3498 2949 3543 3012 _a

1950 2996 2059 3069 fide
2088 2996 2354 3060 alienum,
2384 2998 2451 3052 ad
2478 3002 2765 3054 sanitatem
2803 2996 3051 3069 corporis
3094 3002 3435 3059 tribuendam
3464 3008 3541 3061 sit

1950 3068 2176 3143 solitum
2197 3069 2468 3143 adhiberi.
2499 3069 2775 3143 Eju_smodi
2808 3068 2973 3143 plane
3002 3080 3142 3143 erat,
3165 3073 3308 3143 quod
3348 3074 3416 3130 ad
3447 3091 3544 3131 cu-

1950 3140 2151 3196 randos
2197 3141 2419 3196 morbos
2460 3156 2558 3212 per
2585 3140 2875 3198 Proeulum
2918 3140 3284 3199 Christianum
3314 3145 3545 3203 admini-

1950 3212 2358 3286 strari_soljtum
2386 3212 2963 3286 scribit'l’ertullianus
3012 3214 3154 3285 (Lib.
3201 3216 3272 3270 ad
3318 3214 3539 3286 Scapul.

1948 3301 2068 3357 cap.
2082 3279 2321 3357 4)._Ha:c
2342 3292 2401 3340 et
2425 3284 2531 3340 alia
2562 3284 2846 3357 Baronius,
2865 3279 3123 3355 additum
3142 3286 3367 3344 solitum
3398 3279 3545 3357 ejus-

1948 3354 2112 3419 modi,
2144 3355 2444 3430 sicut__alias
2463 3355 2677 3430 species
2705 3357 2772 3430 ad
2806 3354 3110 3430 humanum
3131 3372 3288 3430 usum
3317 3354 3544 3430 compa-

1946 3436 2116 3500 natas.
2146 3426 2397 3500 precibus
2426 3428 2758 3500 praescriptis
2786 3428 3114 3500 sancrtilicari
3147 3428 3297 3500 (nam
3319 3437 3379 3500 et
3396 3426 3540 3500 apud

1946 3496 2280 3569 Clementem
2313 3496 2781 3569 (Constit._l.__’vnt,
2814 3513 2861 3550 c.
2913 3496 3005 3569 '55)
3052 3496 3252 3567 scripta
3312 3496 3543 3558 habetur

1944 3567 2252 3623 benedictio
2278 3565 2433 3635 aqua;
2458 3577 2513 3622 et
2538 3565 2690 3634 olei),
2724 3568 2803 3621 sic
2822 3575 2881 3621 ut
2904 3567 3064 3636 signo
3103 3565 3313 3622 tantum
3358 3571 3541 3626 crucis

1945 3638 2077 3692 illud
2106 3637 2471 3701 lienedixisse,
2501 3637 2627 3692 etin
2654 3635 3238 3692 nominesanctissima
3253 3637 3541 3695 Trinitatis

1946 3708 2311 3762 sanctificasse
2326 3717 2487 3772 atque
2504 3706 2888 3775 aegrotantibus
2908 3706 3218 3762 admovisse
3243 3707 3538 3765 sufficeret.

2017 3776 2045 3814 ι»
2074 3777 2234 3847 Quasi
2267 3777 2413 3847 dicat
2437 3792 2541 3831 non
2579 3775 2746 3830 fuisse
2775 3776 2991 3843 quidem
3023 3775 3253 3831 cadaver
3296 3777 3541 3847 (vivebat

1945 3850 2091 3903 enim
2124 3844 2368 3917 Paulus),
2399 3847 2497 3901 sed
2518 3848 2691 3917 instar
2715 3846 3021 3912 cadaveris,
3047 3847 3150 3917 hoc
3189 3844 3311 3913 est,
3347 3851 3540 3908 morbo

1949 3934 2086 3988 pene
2106 3914 2416 3973 emortuum
2449 3916 2715 3974 :Cadtwer
2743 3917 2914 3981 enim,
2961 3919 3036 3973 ait
3081 3914 3338 3983 Isidorus,
3387 3938 3420 3974 α
3448 3939 3540 3976 ca-

1948 3990 2112 4115 ;ltzndo
2132 3989 2468 4129 nomint‘tgtqtm,
2497 3992 2616 4059 quia
2635 3989 2752 4059 jam
2773 3998 2909 4044 stare
2949 4005 3051 4044 non
3090 3998 3252 4057 potest
3273 3990 3540 4062 (Etymol.

1974 4080 1987 4115 t
2030 4101 2041 4113 .
2077 4078 2151 4127 ιι,
2176 4077 2291 4129 cap.
2380 4098 2394 4114 .

1974 4077 2041 4115 to.
2077 4078 2151 4127 ιι,
2176 4077 2291 4127 cap.
2314 4077 2394 4127 2).

2026 4078 2587 4205 έῖνιᾶιέῗδᾶἓὶῇεςβίω
2634 4131 2775 4201 apud
2817 4130 3137 4188 Cassianum
3173 4134 3394 4199 ponitur
3438 4151 3539 4205 pro

1950 4202 2333 4270 invaletudine,
2366 4218 2462 4257 seu
2487 4202 2829 4271 infirmitate,
2860 4212 2917 4259 ut
2945 4205 3074 4260 alibi
3106 4213 3370 4261 notatum.

2022 4271 2071 4347 '1_
2100 4272 2247 4347 Vide,
2286 4273 2566 4347 qnzealias
2592 4274 2730 4347 (Lib.
2768 4292 2945 4347 vcap.
2997 4276 3106 4346 xu)
3133 4277 3441 4347 notavimus
3469 4278 3541 4336 de

1950 4342 2159 4401 duobus
2206 4342 2451 4401 Maeariis
2501 4342 2711 4401 sanctis
2752 4342 3101 4416 ianac'liorctis
3155 4345 3428 4416 Egyptiis
3484 4360 3541 4407 et

1951 4417 2260 4485 coaetaneis,
2278 4430 2507 4487 quorum
2532 4418 2672 4473 alter
2702 4415 3009 4487 IEgyptius,
3042 4419 3180 4473 alter
3208 4415 3536 4475 Alexandri-

1952 4503 2053 4561 nus
2074 4486 2482 4561 cognominatus
2531 4498 2637 4561 est.
2679 4488 3168 4561 Eidenlurautem
3201 4505 3324 4561 qum
3350 4490 3438 4546 hic
3466 4491 3539 4549 de

1952 4557 2187 4632 uincario
2209 4558 2515 4632 traduntur.
2542 4558 2615 4632 de
2656 4557 2917 4632 Egyptio
2974 4557 3343 4632 intelligenda,
3375 4578 3535 4632 quem

254 4628 510 4708 judicans
531 4632 663 4708 illud
690 4628 965 4708 emptagna
989 4631 1156 4686 cordis
1198 4632 1598 4708 prwsumptione
1636 4630 1846 4708 descen-
1874 4645 1930 4708 ι)
1954 4629 2223 4708 Palladius
2251 4639 2304 4708 et
2331 4628 2425 4683 alii
2450 4628 2977 4708 scribuntsingulari
3009 4628 3169 4687 dono,
3182 4640 3238 4687 et
3264 4628 3541 4702 potestate

260 4699 408 4770 dere,
438 4699 882 4758 circumdantibus'
914 4719 994 4756 me
1031 4711 1243 4773 repente
1280 4701 1611 4773 stecnlaribus
1651 4699 1846 4767 multis,

260 4778 344 4831 ira
364 4774 665 4828 constrictus
687 4789 821 4840 sum,
837 4782 890 4827 ut
910 4775 1064 4830 aliter
1077 4772 1166 4829 eos
1187 4772 1480 4827 nullatenus
1501 4773 1713 4827 evadere
1730 4788 1850 4841 pos-

261 4862 392 4911 sem,
422 4845 521 4899 nisi
541 4860 573 4897 a
604 4859 683 4898 me
707 4860 905 4898 summa
932 4848 979 4898 ri
1002 4855 1048 4899 et
1076 4844 1408 4900 obtestatione
1436 4844 1766 4899 extorsissent
1793 4851 1849 4897 ut

261 4916 438 4973 oblato
467 4914 529 4972 ab
559 4916 633 4970 eis
659 4914 868 4969 vasculo
922 4931 1131 4969 manum
1178 4930 1341 4968 meam
1386 4914 1629 4985 impresso
1680 4916 1847 4968 crucis

261 4987 532 5058 signaculo
574 5002 1009 5055 superponerem;
1038 4988 1209 5058 itaque
1248 5001 1302 5039 se
1338 4986 1599 5058 credentes
1642 4985 1851 5058 benedi-

261 5055 450 5112 ctionis
491 5058 657 5113 oleum
683 5066 997 5124 consecutos,
1032 5055 1249 5128 tandem
1294 5055 1684 5128 mealiquando
1712 5056 1852 5110 rela-

258 5139 477 5184 a'arunt.
509 5129 605 5184 Sic
626 5129 733 5183 ille.
761 5128 840 5183 De
869 5128 1058 5183 eadem
1090 5125 1197 5183 olei
1220 5125 1648 5182 sanctificatione
1670 5135 1725 5181 et
1747 5141 1848 5181 usu

259 5201 332 5253 ωσι
368 5200 751 5271 impnrtiendas
783 5200 1040 5254 sanitates
1088 5196 1322 5254 Severus
1361 5196 1416 5251 in
1448 5196 1661 5271 Vita_S.
1703 5197 1848 5252 Mar-

259 5271 385 5337 tini,
435 5267 491 5327 et
534 5272 645 5338 alii,
675 5271 878 5342 quires
923 5280 1104 5342 gestas
1147 5276 1455 5342 sanctorum
1488 5267 1846 5342 scripserunt,

260 5337 710 5412 frequentissime
732 5337 1053 5396 memin'ere.
1088 5338 1378 5412 Sciendum
1425 5353 1555 5412 vero
1581 5337 1848 5412 ejusmodi

258 5408 446 5469 oleum
472 5422 528 5469 et
553 5412 824 5468 unctionis
844 5426 1038 5481 genus,
1085 5411 1211 5466 licet
1239 5410 1416 5479 aliqua
1464 5408 1848 5481 benedictione

256 5485 686 5549 sanctificatum,
714 5499 741 5535 a
774 5480 1127 5538 Sueramento
1152 5490 1329 5536 tamen
1358 5490 1615 5535 extrema:
1638 5480 1844 5535 unctiu-

256 5560 367 5615 υἱέ,
392 5555 534 5624 quod
569 5559 623 5609 in
656 5555 895 5610 Ecclesia
928 5553 1192 5609 catholica
1212 5551 1444 5624 infirmis
1465 5551 1644 5624 datur,
1676 5550 1845 5624 fuisse

250 5620 421 5693 longe
442 5627 739 5685 diversum.
763 5635 816 5679 ut
841 5625 973 5693 scite
996 5633 1175 5678 monet
1207 5622 1468 5678 Baronius
1498 5623 1559 5692 (ν
1577 5622 1659 5676 ide
1682 5620 1842 5677 Baro.

249 5702 297 5757 l.
323 5692 559 5755 tlnnal.
593 5714 683 5751 an.
708 5693 777 5748 D.
804 5692 932 5767 765);
981 5693 1414 5767 quandoquidem
1446 5709 1551 5748 non
1602 5693 1667 5748 ad
1700 5694 1844 5758 infir-

249 5786 475 5830 morum
524 5766 849 5825 dimittenda
898 5765 1120 5833 peccata
1159 5774 1215 5823 et
1240 5765 1562 5827 invisibilcm
1612 5767 1846 5838 gratiam

1952 4699 2215 4756 adversus
2239 4699 2512 4756 daemones
2537 4699 2821 4758 claruisse.

2026 4780 2050 4810 ε
2103 4770 2349 4826 Mirabile
2379 4770 2596 4840 quidem
2656 4771 2888 4837 videtur,
2936 4770 3109 4827 virum
3169 4783 3421 4831 sanctum
3463 4775 3539 4831 ob

1953 4842 2124 4897 levem
2155 4842 2366 4911 culpam
2396 4843 2470 4897 ita
2512 4841 2633 4897 diro
2670 4841 2905 4897 daemoni
2940 4842 3106 4899 fuisse
3145 4844 3429 4906 traditum.
3483 4853 3543 4900 et

1954 4912 2023 4967 ab
2048 4928 2115 4967 eo
2143 4922 2451 4982 correptum
2507 4921 2564 4969 et
2614 4921 2793 4968 mente
2840 4913 3229 4980 abalienatum,
3274 4927 3332 4970 ut
3370 4916 3537 4969 etiam

1954 4983 2186 5038 humana
2228 4993 2471 5039 stercora
2498 4984 2580 5038 ori
2629 4998 2730 5039 suo
2758 4982 2987 5052 turpiter
3011 4984 3299 5053 ingereret.
3334 4984 3405 5038 At
3430 5000 3537 5041 non

1954 5055 2090 5113 adeo
2139 5054 2332 5109 mirum
2379 5054 2668 5119 videbitur,
2715 5055 2760 5109 si
2812 5053 3222 5110 consideremus
3266 5053 3537 5110 interdum

1956 5124 2073 5196 fieri
2096 5134 2154 5181 ut
2178 5124 2448 5196 homines,
2484 5125 2686 5196 absque
2714 5126 2821 5184 ulla
2849 5139 2941 5196 sua
2986 5125 3166 5196 culpa,
3211 5140 3320 5179 non
3353 5134 3533 5196 tamen

1954 5195 2072 5251 sine
2102 5195 2310 5265 magnis
2338 5195 2533 5252 divinae
2560 5194 2909 5265 providentiae
2938 5194 3240 5265 rationibus
3264 5209 3295 5249 a
3333 5194 3541 5251 diento-
3573 5200 3595 5255 ἲ

1955 5268 2115 5322 nibus
2144 5263 2504 5338 corripiantur
2543 5263 2598 5322 et
2650 5263 3276 5338 possideantur_(.loann.
3307 5265 3538 5338 Chryso-
3592 5290 3596 5295 ·

1951 5347 2106 5392 stam.
2131 5337 2223 5392 lib.
2260 5336 2323 5392 de
2355 5336 2685 5393 Providentia
2730 5337 2867 5407 Dei).
2902 5336 3058 5402 Quod
3090 5337 3334 5406 pluribus
3355 5336 3541 5397 exem-

1954 5410 2056 5475 piis
2077 5418 2133 5465 et
2157 5410 2479 5464 testimoniis
2505 5417 2837 5474 compertum
2871 5409 3123 5475 habet)".
3174 5407 3413 5463 Primum
3466 5408 3531 5463 D.

1952 5480 2309 5552 Hieronymus
2328 5481 2489 5547 epist.
2512 5479 2585 5552 23
2615 5480 2684 5535 de
2717 5478 2869 5552 obitu
2890 5476 3158 5552 BhrSilIan:
3193 5478 3333 5552 Quid
3363 5494 3538 5533 came

1950 5560 2050 5617 est,
2076 5550 2267 5621 inquit,
2311 5560 2365 5605 ut
2404 5566 2540 5620 saepe
2565 5550 2764 5615 bimuli,
2800 5551 3117 5615 trimuliqtte,
3148 5560 3207 5604 ut
3235 5550 3393 5605 ubera
3421 5566 3536 5604 ma-

1954 5633 2101 5677 terna
2145 5620 2404 5689 lactentes,
2455 5638 2489 5675 a
2533 5621 2763 5676 daemone
2817 5620 3186 5693 corripiantur,
3239 5622 3538 5693 repleantur

1954 5693 2119 5764 lepra,
2140 5693 2313 5764 morbo
2337 5693 2476 5764 regio
2498 5693 2850 5749 decorentur?
2880 5692 2947 5748 Et
2976 5690 3130 5764 addit
3158 5690 3534 5761 postmodum:

1952 5763 2243 5821 lnvisibslia
2271 5763 2729 5821 hcec'inscrutabili
2762 5763 3010 5820 Altissims'
3045 5765 3253 5838 judicio
3298 5774 3421 5822 sunt
3444 5780 3538 5822 οη-
