4026 6204
493 336 525 361 η
563 276 694 336 ιτη

1659 275 1929 336 IJANNIS
1965 277 2274 336 CASSIANI
2310 275 2796 336 CULLATIONES.

3756 277 3864 336 712

523 356 534 383 ³
596 391 834 461 dicendi,
866 392 1098 464 quicum
1127 406 1186 448 se
1213 392 1478 449 universis
1495 391 1813 449 criminibus
1841 392 2165 464 ﬂagitiisque
2193 397 2244 458 Α
2268 394 2522 462 disputem
2550 404 2713 448 tecum
2735 392 2950 464 (Jerem.
2969 388 3070 461 xu)
3092 408 3106 457 ;
3131 404 3324 448 causas
3349 399 3526 446 tamen
3557 356 3862 462 hujus‘lan.

589 487 978 555 contaminent,
1003 502 1108 542 non
1137 487 1311 541 solum
1344 487 1545 541 nullum
1576 486 1863 543 visibiliter
1886 486 1944 542 in
1974 487 2056 543 eis
2096 488 2168 544 si-

586 592 750 649 gnum
777 587 802 614 ει
829 577 1106 632 diabolica:
1135 576 1496 648 suppletionis
1533 578 1860 647 ostenditur,
1911 581 2008 637 sed
2068 597 2166 638 nec

586 670 762 740 aliqua
784 669 999 740 quidem
1023 669 1273 739 operibus
1293 684 1482 725 corum
1505 671 1772 742 condigna
1792 673 2038 740 tentatio,
2066 689 2165 730 nec

543 828 562 841 .
585 761 754 816 ullum
781 761 1048 830 ﬂagellum
1079 762 1441 830 correptionis
1471 761 1722 818 infertur.
1750 762 1865 818 Non
1892 766 2034 820 enim
2059 780 2165 821 me-

583 862 772 909 rentur
796 853 1028 909 celerem
1058 854 1321 922 temporis
1367 855 1519 908 istius
1549 855 1962 926 expeditamque
1993 857 2162 912 medi-

579 944 777 1006 cinam,
800 957 1028 1013 quorum
1056 944 1251 998 duritia
1270 953 1317 997 et
1343 944 1656 1016 impaenitens
1689 962 1771 1002 cur
1802 961 2013 1016 pmnam
2038 947 2162 1000 vita:

579 1035 860 1106 prtesentis
883 1034 1172 1104 excedens,
1207 1033 1519 1089 tltesaurizat
1540 1035 1636 1089 sibi
1658 1038 1759 1106 ipsi
1775 1038 1906 1090 iram
1933 1048 1980 1091 et
2019 1039 2160 1092 indi-

576 1130 868 1202 gnationem
906 1129 961 1182 in
1012 1128 1093 1182 die
1139 1128 1231 1182 ira:
1276 1138 1324 1183 et
1343 1129 1662 1183 reuelationis
1699 1130 1834 1200 justi
1845 1130 2035 1201 judicii
2065 1130 2160 1185 Dei

576 1223 755 1295 (Rom.
781 1222 860 1294 Il),
890 1223 942 1277 in
968 1237 1075 1293 quo
1099 1223 1280 1276 vermis
1309 1236 1484 1276 eorum
1518 1238 1621 1277 non
1653 1223 1917 1291 morietur,
1949 1234 1999 1277 et
2025 1223 2159 1294 ignis

573 1332 751 1372 eorum
772 1333 872 1370 non
901 1316 1249 1388 exstinguetur
1277 1313 1412 1388 (Isa.
1443 1315 1610 1388 nam).
1640 1315 1838 1372 Contra
1867 1332 2001 1387 quos
2031 1333 2158 1388 pro-

574 1407 757 1478 pheta,
782 1408 1132 1463 velutanxius
1160 1421 1260 1478 pro
1289 1406 1590 1464 afﬂictione
1607 1417 1941 1474 sanctorum,
1966 1409 2156 1465 videns

571 1513 666 1555 eos
713 1499 969 1554 arumnis
1014 1497 1179 1552 variis
1229 1512 1294 1552 ac
1322 1499 1709 1554 tentationibus
1746 1501 2048 1569 subiacere,
2101 1509 2158 1557 et

576 1600 796 1648 econtra
829 1597 1146 1660 peccatores
1173 1603 1280 1644 non
1329 1590 1505 1646 solum
1532 1591 1735 1662 absque
1762 1593 1870 1647 ullo
1902 1593 2152 1649 humilia-

571 1684 731 1740 tlonis
779 1681 991 1752 ﬂagello
1016 1696 1234 1737 cursum
1267 1682 1451 1737 mundi
1481 1684 1634 1740 istius
1665 1685 2018 1754 pertransire,
2050 1687 2148 1742 sed

2273 497 2340 542 ta:
2369 487 2750 558 ianualitatis
2781 485 3084 556 inquirens,
3128 485 3408 556 subjungit
3466 494 3522 542 et
3551 485 3726 541 dicit:
3765 488 3861 544 Ve-

2271 589 2553 634 rumtamen
2571 581 2715 650 justa
2745 577 2929 648 loquar
2953 578 3020 631 ad
3053 589 3118 632 te.
3141 579 3312 644 Quare
3334 581 3415 631 via
3437 577 3718 648 impiorum
3749 595 3859 648 pro-

2268 671 2547 742 speratur?
2567 670 2689 724 bene
2712 678 2783 723 est
2814 670 3044 723 onmibus
3072 670 3160 741 qui
3190 673 3602 740 praevaricantur
3618 681 3666 724 et
3694 672 3855 741 inique

2269 770 2449 832 agunt.
2490 760 2748 815 Plantasti
2773 770 2941 825 eos,e‘t
2967 762 3196 814 radicem
3219 761 3486 827 miserunt,
3513 763 3791 830 proﬁciunt
3811 773 3854 818 et

2266 853 2459 922 faciunt
2491 855 2715 923 fructum
2740 868 2758 906 :
2784 868 2944 923 prope
2991 869 3043 907 es
3069 862 3122 907 tu
3145 853 3221 907 ori
3259 868 3437 908 eorum
3467 864 3515 908 et
3539 852 3700 927 longe
3723 871 3753 907 a
3778 872 3854 909 re—

2265 945 2412 998 nibus
2436 960 2608 998 eorum
2635 943 2849 1013 (Jerent.
2888 944 3012 1013 xu).
3052 943 3292 1010 Quorum
3345 945 3560 999 ruinam
3613 944 3844 1002 deﬂente

2264 1034 2496 1089 Domino
2547 1050 2642 1103 per
2698 1034 3039 1106 pmpbetam,
3084 1045 3141 1092 et
3189 1036 3255 1090 ad
3281 1050 3469 1091 eorum
3510 1039 3849 1096 curationem

2264 1125 2505 1180 medicos
2527 1134 2688 1195 atque
2713 1125 2966 1181 doctores
2998 1127 3231 1184 sollicite
3273 1127 3558 1197 dirigente,
3611 1141 3665 1185 et
3718 1145 3853 1203 quo-

2263 1217 2552 1273 dammodo
2578 1233 2673 1273 eos
2722 1218 2790 1273 ad
2816 1219 3087 1288 planctum
3119 1220 3348 1276 similem
3408 1232 3744 1288 provocante
3791 1238 3852 1279 ac

2260 1309 2472 1366 dicente
2503 1327 2516 1364 :
2551 1310 2733 1365 Subito
2761 1310 2942 1365 cecidit
2988 1310 3242 1381 Babylon,
3273 1313 3495 1365 contrita
3520 1321 3622 1376 est,
3654 1313 3849 1370 ululate

2258 1418 2409 1472 super
2435 1418 2564 1466 eam,
2600 1401 2761 1456 tollite
2788 1402 3007 1457 resinam
3032 1403 3100 1455 ad
3126 1403 3355 1457 dolorem
3377 1406 3512 1474 ejus,
3537 1405 3586 1458 si
3608 1405 3747 1474 forte
3764 1423 3848 1460 sa-

2259 1503 2407 1548 netur
2437 1493 2648 1566 (Jerem.
2707 1493 2803 1565 ιι).
2861 1493 3209 1563 Respondent
3255 1494 3614 1565 desperantes
3648 1498 3845 1569 angeli,

2259 1585 2454 1657 quibus
2483 1587 2675 1642 salutis
2703 1586 2951 1642 humanae
2977 1601 3105 1641 cura
3131 1587 3417 1642 commissa
3449 1597 3555 1655 est,
3585 1589 3676 1645 vel
3700 1599 3847 1647 certe

2258 1678 2517 1748 prOpheta
2563 1693 2626 1733 ex
2684 1692 2913 1748 persona
2943 1678 3310 1748 apostolorum
3356 1693 3448 1732 seu
3479 1679 3843 1748 spiritualium

568 1774 730 1830 etiam
783 1772 1058 1827 afﬂuentia
1095 1773 1400 1828 divitiarum
1447 1789 1512 1830 ac
1556 1790 1768 1831 summa
1825 1791 2006 1832 rerum
2037 1792 2145 1833 om.
2174 1776 2221 1836 Β
2250 1771 2486 1827 virorum
2527 1780 2688 1842 atque
2717 1770 2999 1826 doctorum
3029 1770 3326 1828 videntium
3355 1770 3610 1827 duritiam
3643 1775 3839 1828 mentis

567 1867 715 1922 nium
747 1866 1104 1938 prosperitate
1140 1867 1396 1937 gaudere,
1425 1867 1754 1924 intolerabili
1784 1869 1903 1925 zelo
1943 1885 2008 1925 ac
2033 1872 2147 1940 spi-

566 1956 702 2014 ritus
752 1956 832 2011 sui
888 1956 1100 2013 fervore
1127 1971 1442 2023 succensus,
1489 1959 1798 2015 exclamat:
1833 1958 1940 2014 Mei
1970 1969 2145 2015 autem

562 2066 690 2122 pene
716 2050 842 2103 moti
860 2059 981 2103 sunt
1021 2050 1191 2118 pedes,
1240 2051 1395 2117 paulo
1421 2052 1588 2104 minus
1615 2051 1765 2118 e/I'usi
1803 2062 1921 2107 sunt
1945 2068 2148 2124 gressus

561 2145 683 2212 mei,
705 2144 828 2217 quia
854 2145 1015 2199 selavi
1043 2161 1194 2217 super
1217 2145 1440 2216 iniquos,
1483 2160 1658 2215 pacem
1703 2155 2024 2217 peccatorum
2073 2147 2147 2200 vi-

560 2237 705 2305 dens,
753 2237 875 2309 quia
930 2254 1031 2292 non
1082 2246 1155 2292 est
1184 2247 1440 2310 respectus
1470 2238 1622 2292 morti
1664 2254 1860 2304 eorum,
1888 2250 1935 2293 et
1963 2239 2143 2307 ﬁrma-

559 2339 783 2384 mentum
812 2329 863 2383 in
886 2330 1039 2400 plaga
1064 2345 1260 2396 eorum,
1293 2331 1348 2382 in
1383 2329 1554 2384 labore
1579 2329 1844 2383 hominum
1873 2346 1974 2384 non
2002 2338 2140 2396 sunt,

559 2433 606 2479 et
632 2441 746 2477 cum
790 2422 1077 2478 hominibus
1130 2440 1231 2477 non
1285 2423 1686 2496 flagellabantur
1716 2421 1885 2493 (Psal.
1919 2422 2090 2495 Lxxn)
2125 2441 2139 2477 :

558 2514 769 2570 scilicet
805 2513 860 2569 in
907 2515 1087 2568 futuro
1117 2527 1238 2568 cum
1284 2513 1618 2568 daemonibus
1644 2515 1923 2585 puniendi,
1964 2517 2055 2586 qui
2085 2516 2139 2573 in

558 2605 808 2675 praesenti
837 2619 944 2659 non
975 2612 1291 2660 meruerunt
1325 2604 1379 2660 in
1405 2614 1554 2661 sorte
1581 2621 1646 2662 ac
1673 2606 1957 2682 disciplina
2001 2609 2140 2665 ﬁlio-

556 2711 672 2754 rum
724 2711 847 2752 cum
901 2696 1213 2753 hominibus
1260 2698 1544 2768 ﬂagellari.
1599 2698 1861 2757 Jeremias
1915 2718 2133 2774 quoque

556 2800 674 2845 cum
723 2787 836 2843 Deo
865 2803 1028 2858 super
1065 2788 1166 2843 hac
1211 2789 1495 2859 impiorum
1528 2792 1892 2861 prosperitate
1919 2793 2133 2866 discep-

557 2889 698 2948 tans,
724 2879 848 2935 licet
869 2895 1209 2951 nequaquam
1231 2881 1481 2938 dubitare
1509 2897 1571 2938 se
1597 2883 1664 2939 de
1684 2884 1892 2954 justitia
1920 2886 2131 2943 Domini

556 2971 895 3043 proﬁteatur,
919 2971 1109 3028 dicens
1141 2990 1153 3028 :
1184 2972 1369 3029 Justus
1402 2975 1606 3046 quidem
1635 2985 1689 3030 tu
1710 2993 1784 3045 es,
1817 2976 2056 3046 Domine,
2086 2979 2131 3033 si

2248 1879 2438 1920 eorum
2463 1873 2516 1919 et
2543 1862 2889 1932 impmnitens
2911 1877 3007 1918 cor
3040 1881 3052 1915 :
3085 1860 3390 1917 Curavimus
3419 1861 3768 1934 Babylonem,
3792 1875 3839 1918 et

2249 1975 2351 2012 non
2374 1966 2450 2011 est
2476 1967 2658 2011 sanata
2689 1975 2708 2024 ;
2734 1957 3086 2026 relinquamus
3115 1972 3248 2026 eam,
3273 1966 3323 2012 et
3361 1973 3538 2012 eamus
3561 1959 3836 2028 unusquis-

2247 2067 2347 2119 que
2372 2050 2424 2103 in
2453 2062 2638 2106 terram
2669 2065 2834 2118 suam,
2866 2049 3108 2118 quoniam
3136 2050 3367 2118 pervenit
3398 2066 3557 2120 usque
3583 2050 3655 2104 ad
3681 2053 3834 2106 calas

2236 2140 2497 2210 judicium
2532 2143 2664 2212 ejus,
2693 2147 2740 2192 et
2767 2137 3019 2195 eleuatum
3042 2148 3115 2194 est
3141 2155 3301 2210 usque
3320 2141 3390 2193 ad
3419 2140 3578 2195 nubes
3608 2138 3832 2210 (υἱώ).

2251 2233 2328 2288 De
2373 2233 2597 2287 istorum
2644 2231 2808 2301 igitur
2859 2230 3147 2301 desperato
3189 2230 3448 2301 languore
3474 2247 3542 2287 ex
3597 2246 3830 2300 persona

2249 2325 2341 2381 Dei
2369 2325 2608 2396 loquitur
2633 2325 2798 2381 Isaias
2823 2325 2888 2380 ad
2916 2325 3218 2381 Jerusalem
3242 2341 3257 2378 :
3288 2327 3332 2379 A
3355 2324 3538 2395 planta
3568 2326 3715 2395 pedis
3746 2343 3829 2382 us-

2242 2435 2340 2488 que
2364 2419 2432 2472 ad
2454 2419 2687 2474 verticem
2714 2435 2818 2473 non
2844 2427 2917 2473 est
2945 2419 2998 2472 in
3030 2435 3090 2472 ea
3109 2420 3308 2474 sanitas
3335 2435 3352 2484 ;
3374 2420 3554 2473 vulnus
3593 2429 3641 2473 et
3673 2421 3826 2486 livor,

2243 2522 2290 2568 et
2318 2514 2474 2586 plaga
2503 2523 2698 2568 tumens
2729 2529 2829 2566 non
2851 2521 2926 2567 est
2964 2511 3346 2585 circumligata,
3384 2528 3477 2567 nec
3503 2521 3685 2569 curata
3715 2530 3828 2568 me-

2242 2607 2514 2671 dicamine,
2546 2622 2702 2676 neque
2728 2606 2837 2675 fota
2866 2605 2976 2660 oleo
3005 2603 3144 2676 (lsa.
3170 2603 3233 2675 ι).

2788 2719 3022 2776 CAPUT
3063 2718 3277 2776 XXXII.

2242 2811 2322 2867 De
2343 2813 2635 2867 diversitate
2658 2811 2949 2884 studiorum
2982 2828 3044 2865 ac
3068 2812 3392 2866 voluntatum
3422 2828 3541 2884 qut:
3565 2813 3618 2869 in
3661 2816 3824 2870 aereis

2684 2883 3024 2954 potestatibus
3050 2894 3372 2937 exercentur.

2311 2977 2337 3017 ιι
2369 2977 2472 3034 Tot
2498 2985 2678 3033 autem
2705 2992 2828 3034 esse
2874 2975 2927 3032 in
2956 2977 3252 3034 immundis
3291 2977 3575 3049 spiritibus
3609 2988 3749 3049 quot
3776 2981 3826 3036 in

1612 3111 1872 3167 ALARDI
1908 3110 2138 3168 GAZAEI
2175 3109 2741 3168 COMMENTARIUS.

553 3241 638 3282 eos
674 3223 760 3296 qui
782 3223 966 3279 librum
995 3223 1127 3277 hunc
1150 3223 1330 3296 lecturi
1356 3231 1473 3277 sunt
1507 3241 1569 3278 ne
1597 3224 1962 3296 abhorrescant
1991 3241 2119 3294 pro-
2149 3222 2195 3286 υ
2223 3223 2449 3296 iustitiae
2487 3239 2642 3293 paena
2665 3230 2945 3288 coerceat;
2976 3232 3033 3279 et
3078 3234 3263 3279 contra
3291 3226 3462 3282 multo
3490 3241 3615 3284 esse
3645 3229 3823 3287 infeli-

554 3309 666 3370 pter
688 3294 935 3370 adversos
957 3294 1250 3370 casus;se_d
1277 3302 1507 3370 rgputent
1549 3310 1610 3370 ea
1653 3310 1768 3366 qua:
1807 3295 2122 3370 acciderunt,

556 3364 658 3422 non
678 3365 746 3421 ad
785 3366 1077 3435 interitum,
1125 3364 1215 3418 sed
1254 3364 1322 3418 ad
1361 3364 1736 3433 correptionem
1776 3381 1883 3419 esse
1922 3367 2126 3435 generis

553 3438 735 3494 nostri.
769 3434 966 3491 Etenim
1006 3435 1164 3490 multo
1201 3443 1425 3502 tempore
1452 3451 1555 3506 non
1583 3436 1750 3489 sinere
1776 3434 2124 3506 peccatoribus

553 3525 618 3580 ea:
643 3508 894 3580 sententia
914 3522 1082 3580 agere,
1105 3505 1193 3560 sed
1215 3507 1388 3560 statim
1417 3504 1635 3580 ultiones
1663 3504 1925 3580 adhibere,
1951 3509 2125 3580 magni

554 3578 786 3647 beneﬁcii
812 3587 882 3632 est
911 3576 1193 3642 indicium;
1222 3591 1326 3631 non
1360 3577 1495 3630 enim
1528 3578 1658 3631 sicut
1684 3577 1736 3631 in
1757 3578 1873 3631 aliis
1896 3576 2121 3632 nationi-

554 3652 646 3706 bus
677 3650 927 3704 Dominus
965 3650 1216 3714 patienter
1253 3656 1535 3716 exspectat,
1567 3657 1620 3701 ut
1649 3665 1756 3714 eas,
1799 3665 1912 3702 cum
1933 3650 2125 3718 judicii

557 3722 665 3776 dies
693 3721 971 3792 advenerit,
1004 3718 1056 3792 in
1101 3719 1415 3792 plenitudine
1454 3730 1782 3790 peccatorum
1808 3721 1986 3792 puniat
2011 3736 2029 3774 :
2051 3721 2126 3774 ita

553 3802 601 3846 et
628 3793 680 3845 in
701 3791 843 3845 nobis
871 3789 1068 3862 statuit,
1102 3789 1156 3843 ut
1183 3791 1404 3862 peccatis
1431 3789 1617 3862 n'_ostris
1641 3792 1695 3844 in
1721 3789 1878 3862 ﬁnem
1908 3790 2119 3846 devolu-

553 3863 637 3927 tis,
661 3862 731 3914 ita
750 3863 953 3933 demum
977 3861 1031 3913 in
1051 3859 1410 3933 nosvintlicet.
1442 3859 1664 3933 Propter
1683 3859 1818 3931 quod
1843 3878 2122 3933 numquam

551 3933 753 4003 quidem
780 3950 810 3986 a
831 3932 974 4003 nobis
994 3931 1398 4003 misericordiam
1419 3931 1564 3985 suam
1593 3945 1819 3999 amovet;
1840 3931 2122 3996 corripiens

551 4000 666 4056 vero
695 4003 748 4073 in
781 4002 1002 4056 adversis
1027 4000 1277 4070 populum
1308 4018 1475 4064 suunt,
1509 4019 1611 4055 non
1639 4003 1964 4073 derelinquit.
1997 4003 2122 4058 llmc

556 4073 665 4128 ille.
694 4071 752 4128 In
781 4073 1023 4143 eamdem
1055 4073 1379 4143 sententiam
1401 4075 1616 4143 egregie
1641 4071 1948 4128 Lactantius
1980 4075 2122 4127 lib.v

555 4143 733 4198 Divin.
779 4142 953 4214 Instit.
994 4155 1112 4214 cap.
1151 4141 1253 4214 25,
1287 4141 1553 4214 Senecam
1604 4152 1844 4207 secutus,
1890 4159 2122 4214 eumque

553 4214 791 4280 allegans
819 4230 830 4261 :
861 4212 918 4266 Si
946 4211 1080 4280 quis,
1115 4211 1211 4276 ait,
1246 4212 1378 4265 scire
1416 4211 1549 4265 volet
1593 4213 1798 4279 plenius
1843 4229 1935 4267 cur
1963 4211 2123 4270 malos

553 4291 603 4338 ct
628 4279 844 4353 injustas
869 4279 1003 4353 Deus
1028 4290 1275 4353 potentes,
1305 4282 1476 4335 beatos
1503 4290 1551 4336 et
1577 4282 1755 4337 divites
1800 4285 1928 4351 ﬁeri
1952 4286 2121 4349 sinat;

552 4351 915 4421 pios'contra,
950 4351 1185 4413 humiles,
1233 4353 1466 4417 miseros,
1492 4353 1666 4418 inopes
1715 4370 1820 4408 esse
1866 4355 2116 4421 patiatur,

550 4433 716 4478 sumat
742 4439 856 4476 eum
885 4420 1101 4475 Seneca:
1129 4422 1333 4485 librum,
1364 4422 1445 4474 cui
1476 4421 1654 4476 titulus
1683 4432 1758 4477 est
1790 4440 1808 4477 :
1841 4420 2012 4485 Quare
2033 4420 2121 4480 bo?-

551 4494 633 4548 nis
664 4494 783 4564 viris
808 4492 970 4564 multa
999 4491 1134 4543 mala
1155 4491 1412 4564 accidant,
1435 4508 1550 4545 cum
1589 4494 1653 4546 sit
1683 4495 2040 4564 providentia?
2067 4498 2120 4551 in

547 4579 648 4634 quo
692 4562 1006 4636 ille_mttlta,
1034 4577 1134 4636 non
1173 4563 1432 4636 imperitiu
1461 4562 1724 4636 simulari,
1751 4567 1838 4619 sed
1865 4568 2121 4636 sapienter

548 4607 609 4708 ᾇς
626 4607 1012 4708 pe_ne_divinitu;
1027 4607 1337 4708 elocutusrest
1352 4607 1744 4708 :Deus,inquii,
1768 4607 1995 4691 homian
2145 4607 2197 4668 θ

548 4703 722 4759 liberis
749 4703 943 4757 habet:
974 4703 1061 4756 sed
1098 4717 1363 4770 corruptos
1408 4713 1457 4757 et
1502 4703 1709 4762 vitiosos
1751 4703 2032 4762 luxuriose
2055 4726 2116 4763 ac

549 4770 763 4828 delicate
783 4773 976 4846 patitur
1003 4774 1182 4839 vivere,
1207 4775 1327 4843 quia
1353 4791 1453 4846 non
1480 4785 1623 4842 putat
1644 4777 1996 4831 emendatione
2021 4795 2116 4833 sua

546 4846 749 4918 dignas.
785 4844 1164 4918 'Bonosautem
1189 4861 1316 4915 quos
1356 4844 1546 4918 diligit,
1575 4849 1790 4918 castigat
1836 4849 2026 4918 saepius
2069 4859 2116 4904 et

546 4913 772 4970 assiduis
798 4913 1056 4969 laboribus
1092 4917 1159 4968 ad
1196 4913 1345 4968 usum
1391 4913 1590 4971 virtutis
1641 4913 1860 4984 excrcet,
1892 4913 1985 4973 nec
2031 4936 2116 4974 eos

543 4987 753 5059 caducis
773 5003 833 5059 ac
865 4985 1164 5059 mortalibus
1193 4985 1635 5059 boniscorrumpi
1656 5005 1714 5043 ac
1743 4989 2017 5058 depravari
2045 4991 2116 5044 si-

547 5058 644 5110 nit.
678 5055 827 5131 Unde
857 5058 1045 5131 nemiui
1085 5057 1268 5131 mirum
1310 5055 1678 5131 videridebet,
1706 5061 1749 5113 si
1790 5055 1883 5131 pro
1925 5062 2114 5114 nostris

544 5144 680 5193 ηερε
699 5128 897 5182 delictis
921 5144 951 5202 a
980 5125 1088 5182 Deo
1109 5127 1454 5202 castigantur;
1475 5128 1631 5202 immo
1653 5125 1770 5184 vero
1790 5125 1918 5184 cum
1939 5133 2114 5202 jacta-

544 5214 753 5271 murac
787 5199 1086 5271 premimur,
1111 5207 1225 5271 tum
1251 5199 1471 5271 maxime
1494 5201 1687 5271 gratias
1716 5202 1916 5270 agimus
1939 5199 2116 5256 indul-

541 5268 836 5350 gentissimo
857 5268 1021 5350 Patri,
1043 5268 1542 5350 quod-couruptelam
1562 5268 1789 5350 nostratis
1810 5289 1909 5325 non
1924 5274 2115 5350 patitur

543 5340 747 5410 lgngius
793 5338 1083 5408 procedere,
1107 5339 1196 5393 sed
1225 5338 1393 5410 plagis
1436 5356 1496 5410 ac
1533 5341 1818 5396 verberibus
1860 5338 2110 5396 emendat.

546 5407 764 5478 Ecqua
796 5407 1139 5481 intelligimus
1172 5426 1280 5482 esse
1315 5407 1416 5482 ᾖσε
1438 5409 1546 5465 Deo
1573 5426 1732 5478 cura,
1761 5414 1964 5482 quibus,
1994 5415 2118 5480 quia

542 5496 849 5546 peccamus,
907 5479 1169 5534 irascitur.
1227 5480 1352 5534 Haec
1394 5479 1706 5542 Lactantius
1765 5479 1830 5537 ex
1883 5479 2111 5537 Seneca.

540 5549 744 5617 Quibus
777 5552 988 5622 accedit
1026 5552 1366 5622 clarissimus
1395 5551 1486 5605 ille
1536 5559 1755 5606 senator
1794 5562 1848 5606 et
1878 5553 2116 5622 philoso-

541 5623 680 5744 phus
705 5620 999 5700 Severinus
1024 5621 1403 5702 Boetitts'libro
1426 5633 1618 5690 quarto
1641 5622 1708 5677 de
1735 5620 2115 5704 Consolatione

589 5690 932 5744 htlosonhttr.
964 5691 1052 5744 llbl
1082 5706 1294 5744 eareme
1323 5692 1486 5744 docet
1533 5702 1590 5744 et
1618 5693 1809 5744 nrobat
1837 5692 2112 5744 feliciores

589 5690 932 5763 hilosophiag,
964 5691 1052 5745 ubi
1082 5692 1486 5763 egregiedocet
1533 5702 1590 5747 et
1618 5693 1809 5763 probat
1837 5692 2112 5750 feliciores

543 5773 666 5814 esse
705 5759 982 5814 imorobos
1010 5759 1274 5830 supplicia
1305 5762 1538 5839 luentes,
1569 5759 1728 5835 quam
1765 5763 1813 5822 si
1842 5778 1935 5823 eos
1965 5763 2108 5821 nulla

2228 3295 2405 3372 ciores
2450 3296 2771 3372 siAitupnne
2804 3303 2986 3372 agant,
3011 3310 3171 3372 quam
3212 3296 3257 3349 si
3293 3296 3439 3372 justa
3485 3299 3694 3356 ultione
3724 3317 3822 3372 pu-

2229 3368 2465 3421 niantur.
2496 3365 2653 3433 Quod
2685 3366 2809 3421 huic
2841 3366 2960 3420 loco
2988 3365 3194 3436 optime
3215 3367 3468 3436 quadrat.

2302 3446 2328 3473 τι
2356 3436 2412 3490 ld
2458 3445 2561 3499 est,
2595 3437 2908 3502 invasionis,
2941 3439 3319 3505 possessionis,
3364 3439 3683 3496 vexationis.
3733 3442 3815 3498 Ita

2226 3506 2429 3580 passim
2456 3523 2486 3561 a
2533 3506 2798 3580 Cassiano
2842 3517 3183 3580 usurpatum,
3226 3517 3283 3563 ut
3325 3521 3518 3566 caetera
3565 3511 3813 3580 ejusdem

2226 3578 2578 3649 derigationis
2601 3619 2615 3644 ,
2648 3579 2899 3649 suppleri,
2931 3578 3219 3645 suppletus.

2297 3647 2322 3686 ι’
2356 3648 2569 3723 Repetit
2614 3647 2757 3723 quod
2785 3649 3040 3723 superius
3069 3651 3191 3706 aliis
3218 3649 3400 3706 verbis
3423 3650 3805 3723 docuit(Cap.

2227 3718 2293 3788 17
2323 3718 2550 3786 ejusdem
2600 3720 2825 3788 collat.),
2854 3719 2974 3773 Non
3017 3735 3190 3775 omnes
3226 3723 3483 3777 dtemones
3537 3718 3809 3780 universus

2223 3787 2514 3862 hominibus
2539 3792 2728 3861 inferre
2757 3787 3046 3862 passiones,
3066 3793 3155 3846 sed
3187 3794 3459 3862 unicuique
3484 3795 3613 3848 vitio
3645 3806 3808 3851 certos

2224 3861 2434 3930 spiritus
2464 3863 2704 3915 incubare
2733 3876 2752 3914 :
2781 3869 2826 3914 et
2847 3861 2980 3914 alios
3001 3862 3204 3930 quidem
3233 3861 3568 3918 immunditia
3597 3881 3660 3919 ac
3689 3866 3803 3920 libi-

2224 3929 2406 3984 dinum
2432 3933 2666 3987 sordibus
2711 3931 2971 3994 oblectari,
3005 3929 3136 3985 alios
3168 3932 3524 4000 blasphemiis,
3549 3937 3683 3991 alios
3709 3939 3800 3992 ira:

2224 4001 2490 4073 furorique
2529 4003 2842 4073 peculiarius
2879 4002 3162 4073 imminere,
3195 4004 3324 4058 alios
3373 4007 3517 4070 pasci
3567 4008 3802 4073 tristitia,

2223 4072 2355 4148 alios
2391 4072 2670 4148 cenodoaia
2694 4073 3026 4148 superbiaque
3054 4072 3300 4148 mulceri;
3323 4086 3371 4128 et
3394 4072 3803 4148 unumquemque

2221 4142 2355 4216 illud
2379 4144 2557 4216 vitium
2578 4144 2817 4216 humanis
2830 4144 3073 4216 cordibus
3086 4161 3184 4208 quo
3207 4146 3318 4213 ipso
3333 4148 3526 4216 gaudet
3547 4142 3798 4204 inserere.

2224 4215 2397 4279 Atque
2428 4213 2556 4268 hinc
2581 4215 2787 4284 colligit
2811 4213 3141 4280 daemonum,
3169 4225 3229 4269 ut
3248 4213 3430 4271 varias
3451 4221 3801 4284 Operationes

2223 4284 2688 4354 atquelibidines,
2723 4286 2791 4338 ita
2841 4286 2987 4339 varia
3036 4300 3161 4340 esse
3191 4302 3412 4354 genera.
3447 4287 3549 4345 Ubi
3603 4300 3802 4346 notan-

2221 4353 2349 4408 dum
2378 4353 2512 4428 duas
2540 4354 2920 4428 distinctiones
2957 4353 3260 4411 daemonum
3303 4360 3566 4428 assignari
3598 4363 3800 4428 solere,

2225 4440 2381 4499 unam
2412 4439 2441 4479 a
2480 4426 2610 4499 locis
2639 4426 2840 4496 quibus
2873 4426 3224 4499 immorantur
3263 4426 3681 4499 hominibusque
3716 4426 3802 4491 in;

2221 4495 2506 4570 sidiantur,
2535 4495 2756 4551 alteram
2803 4511 2832 4550 a
2863 4496 3008 4570 vitiis
3051 4496 3118 4551 ad
3159 4514 3281 4570 quae
3317 4495 3654 4570 potissimum
3686 4500 3798 4557 ἕως

2225 4566 2425 4634 pellere
2467 4576 2522 4621 et
2572 4571 2812 4623 excitare
2857 4567 3120 4623 nituntur.
3163 4566 3336 4624 Priori
3382 4567 3540 4624 modo
3569 4577 3794 4632 veteres

2222 4637 2478 4691 dixerunt
2514 4638 2776 4706 quosdam
2806 4638 3083 4710 daemones
3124 4641 3398 4702 caelestes.
3423 4641 3542 4695 sive
3570 4655 3789 4710 aereos,

2220 4720 2453 4785 aqueos._
2479 4717 2770 4762 terrestres
2794 4749 2811 4774 ,
2841 4709 3224 4785 subterguneos
3256 4710 3670 4785 (COELURhOdlg.
3704 4709 3794 4785 lib.

2219 4791 2257 4850 t_l
2288 4794 2404 4850 cap.
2427 4779 2462 4832 4
2491 4788 2540 4850 et
2567 4787 2822 4850 sequent.;
2867 4778 3000 4832 Lud.
3036 4778 3232 4850 Yives).
3264 4778 3355 4838 Sic
3399 4778 3639 4838 Marcus'
3657 4784 3794 4850 apud

2219 4847 2454 4924 Psellum
2487 4849 2582 4924 lib.
2614 4852 2680 4903 de
2703 4848 3008 4924 daemonum
3036 4847 3232 4905 Natura
3260 4851 3352 4924 (In
3383 4869 3498 4924 cap.
3529 4853 3611 4920 9).
3644 4847 3792 4908 Thu-

2218 4934 2333 4972 tnas
2359 4919 2789 4994 quntipratensis
2813 4931 3047 4994 quatuor
3063 4919 3578 4994 genera'distin'guit
3592 4924 3704 4994 (lib.
3733 4940 3792 4985 tt.

2217 5005 2332 5057 cap.
2364 4987 2479 5058 57).
2520 4987 2667 5064 ‘Sunt
2707 4987 3093 5064 enint,__iuquit',
3126 4990 3386 5046 daemones
3425 4987 3515 5064 qui
3561 4987 3614 5047 in
3648 4997 3794 5063 aquis

2217 5070 2440 5122 manent,
2470 5069 2517 5114 et
2533 5059 2628 5136 [tos
2654 5069 2817 5136 poeta:
2857 5059 3127 5136 Neptunos
3159 5074 3372 5128 vocant;
3407 5059 3499 5118 alii
3518 5065 3609 5134 qui
3639 5059 3795 5136 super

2219 5139 2425 5206 terram,
2449 5140 2496 5183 et
2525 5130 2889 5206 hosincubos;
2911 5132 3006 5206 alii
3024 5133 3257 5206 inmterra,
3291 5137 3422 5189 sicut
3450 5136 3508 5206 in
3531 5130 3794 5206 speluncis

2219 5202 2600 5275 montium,uaut
2619 5203 2670 5275 in
2697 5203 2934 5275 s_t'lvis_,e_t
2958 5201 3051 5256 hos
3068 5202 3282 5258 Drusios
3308 5215 3452 5259 vocat
3477 5201 3793 5275 Augustinus

2220 5270 2357 5340 (Lib.
2402 5287 2432 5325 χ
2474 5273 2536 5325 de
2561 5271 2762 5341 Civit.);
2790 5271 2882 5325 alii
2911 5273 2962 5325 in
2992 5288 3128 5337 aere,
3161 5283 3208 5326 et
3251 5275 3345 5330 ltos
3368 5270 3673 5342 spiritualia
3707 5292 3794 5328 ne-

2218 5343 2407 5417 quitite_
2428 5344 2482 5396 in
2519 5344 2796 5417 caelestibus
2836 5342 3108 5417 Apostolus
3146 5355 3288 5417 vocat
3315 5346 3532 5415 (Ephes.
3573 5345 3676 5417 vt).
3706 5346 3794 5402 Sic

2219 5410 2684 5486 illeaposteriore
2741 5410 2921 5486 autem
2984 5413 3147 5468 modo
3196 5410 3792 5486 distinguuntur'apud

2220 5483 2672 5556 Cassianumlib.
2706 5500 2735 5537 v
2780 5483 3012 5556 lnstitnt.
3059 5493 3113 5556 et
3151 5483 3527 5556 sequentibus,
3554 5483 3795 5556 itemque

2221 5553 2416 5635 collata
2435 5555 2467 5608 5
2488 5553 2723 5635 spiritus.
2754 5554 3144 5635 gastrimargiaa
3174 5595 3190 5621 ,
3233 5553 3631 5635 fornicationis,
3679 5553 3795 5626 pltiv

2219 5623 2490 5705 εἰρωνεῖαι,
2519 5623 2632 5687 irae,
2659 5625 2913 5705 tristitia,
2941 5623 3506 5705 acedim,_cenodoxias
3526 5637 3584 5705 e_t
3601 5623 3793 5705 subet}-

2189 5694 2349 5768 .biae.
2373 5695 2601 5751 Possunt
2631 5695 2771 5768 enim
2807 5695 2890 5751 hae
2940 5697 3361 5768 nomenclaturae
3390 5706 3498 5752 tam
3538 5696 3623 5768 de
3660 5694 3792 5768 ipsis

2219 5764 2364 5822 vitiis
2410 5781 2568 5837 quant
2621 5768 2688 5822 de
2739 5765 3074 5824 daemonibus
3121 5767 3372 5828 vitiorum
3393 5764 3791 5828 auctoribqu
