4036 6216
162 340 165 341 ν
208 287 305 345 715

580 282 920 342 COLLATIO
956 283 1068 340 VII.
1098 312 1169 325 -—
1197 282 1287 338 DE
1325 279 1568 338 ΑΝΙΜΕ
1608 280 2025 339 MOBILITATE
2063 280 2151 339 ΕΤ
2191 282 2663 345 SPIRITALIBUS
2701 287 3067 360 NEQUITIIS.

3307 366 3315 385 .
3361 296 3466 385 πει

204 407 509 462 hominibus
553 406 759 472 studia,
799 422 907 462 non
972 406 1137 464 dubie
1184 406 1588 475 comprobatur.
1648 403 1783 459 Nam
1810 405 1861 466 Α
1888 401 2128 459 contenti
2167 403 2383 459 illorum
2423 407 2793 462 tantummodo
2831 424 3057 485 corpora
3079 427 3217 484 quos
3247 384 3467 487 supple-

204 498 485 554 nonnullos
512 512 723 566 eorum,
757 512 894 566 quos
921 498 1086 552 etiam
1134 505 1159 533 ⁸
1190 495 1408 551 Faunos
1449 496 1643 565 vulgus
1687 512 1784 566 ap-

205 590 383 659 pellat,
415 589 486 643 ita
511 588 829 644 seductores
857 598 909 643 et
932 587 1265 657 iaculatores
1294 601 1413 641 esse
1432 587 1779 642 manifestum

202 689 301 746 est,
335 691 392 736 ut
418 691 567 736 certa
599 695 827 750 quaeque
858 680 977 735 loca
1006 694 1103 734 seu
1136 678 1255 732 vias
1277 678 1480 748 jugiter
1520 678 1777 734 obsiden-

203 783 301 838 tes,
334 786 681 842 nequaquam
733 768 759 809 δ
792 770 1074 825 tormentis
1130 783 1319 825 eorum
1365 783 1501 838 quos
1557 778 1780 837 [ιι-αξιοι·-

202 874 393 919 euntes
421 862 697 935 potuerint
725 861 976 931 decipere
1010 860 1379 926 delectentur,
1409 859 1504 914 sed
1546 858 1614 916 de
1667 860 1778 915 risu

204 956 571 1011 tantummodo
591 963 647 1011 et
671 955 917 1010 illusione
936 954 1201 1021 contenti,
1228 952 1442 1024 fatigari
1472 966 1571 1008 eos
1598 953 1779 1023 potius

202 1047 454 1103 studeant
492 1061 656 1117 quam
686 1060 915 1113 nocere;
949 1043 1211 1115 quosdam
1254 1042 1597 1099 solummodo
1628 1054 1651 1083 ο
1696 1044 1777 1097 ἰη-

204 1138 393 1193 nocuis
418 1135 857 1192 incubationibus
884 1134 1165 1191 hominum
1201 1142 1549 1203 pernoctare;
1582 1130 1610 1170 ἀ
1639 1134 1775 1191 alios

203 1229 271 1284 ita
298 1242 419 1284 esse
448 1227 616 1284 furori
663 1242 728 1284 ac
776 1225 1115 1284 truculentiae
1161 1226 1395 1291 deditos,
1424 1234 1485 1280 ut
1532 1241 1637 1281 non
1666 1227 1778 1281 sint

1890 494 2068 551 verint
2089 495 2257 551 atroci
2280 495 2666 552 dilaceratione
2694 503 3028 570 vexare,sed
3052 505 3215 561 etiam
3250 507 3463 565 irruere

1887 601 2051 655 super
2076 587 2289 642 eminus
2321 596 2682 654 transeuntes,
2712 600 2869 660 atque
2897 594 3111 651 afﬁcere
3131 598 3254 657 illos
3276 602 3466 656 saevis-

1886 678 2022 733 sima
2060 678 2207 733 (laede
2249 679 2525 743 l'es1inent,
2562 690 2586 718 θ
2611 681 2801 750 quales
2833 682 2910 737 illi
2942 686 2994 737 in
3024 686 3317 759 Evangelia
3365 692 3464 748 de-

1884 769 2424 838 scribuntur-(Matth.
2455 770 2597 841 vni),
2618 772 2686 827 ob
2708 788 2934 843 quorum
2964 784 3162 831 metum
3200 794 3296 847 per
3317 783 3458 840 viam

1885 860 2033 917 illam
2073 863 2308 917 transire
2349 861 2460 931 jam
2495 862 2675 916 nullus
2707 862 2963 933 audebat,
2997 880 3132 936 quos
3164 882 3461 943 eorumque

1884 954 2195 1008 consimiles
2227 952 2385 1008 bellis
2424 968 2640 1024 quoque
2680 965 2734 1009 et
2772 955 3048 1023 sanguinis
3079 958 3340 1017 etTusione
3362 978 3461 1032 pro

1888 1045 2180 1100 insatiabili
2214 1044 2496 1101 ferocitate
2521 1047 2757 1116 gaudere
2780 1062 2885 1102 non
2914 1048 3138 1105 dubiutn
3172 1061 3274 1107 est.
3307 1054 3460 1111 Alios

1886 1138 1958 1191 ita
1988 1153 2172 1190 eorum
2206 1136 2372 1191 corda
2395 1152 2528 1206 quos
2556 1148 2815 1207 ceperant
2838 1148 2891 1193 et
2920 1139 3065 1194 inani
3107 1143 3342 1213 quodam
3376 1155 3460 1202 tu-

1886 1242 2036 1282 more
2060 1227 2306 1282 videmus
2330 1228 2598 1297 inlecisse,
2623 1245 2759 1299 quos
2789 1230 2948 1286 etiam
2983 1230 3002 1269 τ
3037 1232 3312 1292 Bacuceos
3339 1216 3459 1317 vul-

1261 1361 1518 1418 ALAliDl
1557 1363 1789 1419 GAZIEI
1826 1363 2387 1421 COMMENTARIUS.

200 1456 569 1512 incentoribns
596 1456 791 1525 accipi,
825 1465 882 1510 ut
910 1456 1043 1511 alias
1069 1455 1273 1510 dictum
1299 1465 1403 1511 est.
1434 1456 1609 1526 Atque
1634 1458 1773 1512 hanc

199 1526 603 1582 distinctionem
655 1528 895 1597 explicat
954 1526 1305 1597 Auctor_hoc
1379 1541 1499 1597 cap.
1547 1528 1621 1581 De
1670 1545 1772 1595 qua

202 1598 362 1652 etiam
411 1598 578 1653 multa
619 1596 808 1652 videre
852 1607 933 1652 est
976 1597 1117 1665 apud
1166 1595 1773 1653 Joannetn‘Climacum

222 1668 378 1791 gradi:1
382 1667 489 1750 "i5
540 1678 597 1724 et
640 1668 734 1721 21.
791 1667 923 1723 Vide
968 1666 1313 1722 undecimam
1362 1668 1772 1724 annotationem

222 1754 341 1791 .uve
383 1754 441 1791 ιι.

242 1754 441 1792 υγειιιι.

269 1765 271 1787 .
427 1775 441 1790 .

269 1754 501 1880 ECFI‘lzitluni
547 1807 660 1861 sive
711 1806 921 1880 Satyri,
974 1806 1409 1880 apudethnieos
1442 1808 1769 1880 scriptores,

194 1878 438 1933 maxime
487 1884 698 1947 poetas,
734 1878 1147 1932 nominatissimi
1187 1894 1200 1930 :

194 1948 447 2003 meminit
499 1949 930 2018 D.AAugu3tinus
961 1948 1051 2002 lib.
1096 1962 1166 2001 xv
1212 1948 1280 2002 de
1331 1946 1487 2002 Cit-it.
1523 1948 1616 2002 Dei
1649 1964 1769 2017 cap.

192 2020 289 2081 33,
323 2033 459 2087 quos
486 2030 539 2073 et
567 2016 816 2074 Silvanos
853 2029 1070 2073 vocatos
1101 2019 1194 2089 ait,
1226 2020 1366 2089 quod
1407 2019 1460 2071 in
1488 2019 1639 2073 silvis
1664 2016 1766 2075 ne.

191 2092 451 2162 quentius
494 2090 835 2162 viserentur,
885 2100 938 2162 et
985 2104 1084 2162 pro
1130 2088 1626 2162 di_is’__s_ilvestribus
1676 2105 1774 2162 seu

192 2158 499 2227 agrestibus
534 2160 862 2214 colerentur.
910 2159 1112 2215 Scribit
1162 2159 1217 2213 S.
1242 2158 1616 2229 Hieronymus
1669 2160 1773 2228 (In

198 2230 330 2284 Vita
352 2228 506 2284 Pauli
530 2231 774 2300 eremitce)
801 2232 860 2285 Β.
884 2229 1117 2285 Antonio
1144 2229 1222 2300 ad
1235 2228 1451 2284 Paulum
1468 2228 1771 2286 Fremitum

189 2317 293 2372 per
313 2311 521 2372 vastam
544 2298 886 2355 solitudinem
918 2301 1153 2372 pergenti
1182 2298 1428 2354 Faunum
1447 2303 1767 2367 occurrisse,

190 2371 362 2441 quem
411 2371 494 2424 his
532 2372 672 2424 notis
702 2371 938 2441 depingit
971 2389 984 2425 :
1018 2371 1163 2425 Inter
1209 2387 1450 2424 saxosum
1492 2374 1773 2426 convallem

191 2440 345 2494 haud
387 2440 631 2511 grandem
671 2442 1040 2495 homunculum
1080 2442 1235 2504 ridet,
1279 2441 1496 2495 aduncis
1537 2443 1769 2511 naribus,

192 2512 377 2578 fronte
392 2510 641 2564 cornibus
673 2521 933 2583 asperato,
968 2514 1120 2579 cujus
1146 2523 1372 2583 extrema
1401 2529 1522 2583 pars
1544 2516 1774 2583 corporis

192 2583 249 2635 in
275 2596 560 2649 caprarum
588 2582 741 2649 pedes
762 2582 1022 2637 desinebat
1047 2598 1065 2648 ;
1088 2593 1134 2634 et
1161 2581 1502 2636 nihilominus
1528 2581 1775 2638 memora-

190 2663 305 2705 tum
329 2652 536 2723 animal
545 2652 836 2723 palmarum
858 2652 1057 2720 {ructus
1078 2652 1244 2705 eidem
1265 2654 1329 2705 ad
1349 2654 1611 2717 uiaticum,
1626 2656 1776 2723 quasi

191 2723 346 2794 pacis
383 2721 613 2794 robsides,
649 2721 913 2789 oﬂ'erebat.
948 2725 1061 2788 Quo
1101 2724 1305 2794 cognito
1334 2725 1552 2793 gradum
1588 2721 1774 2789 pressit

189 2792 475 2855 Antonius,
505 2800 553 2844 et
581 2794 819 2861 quisnam
844 2803 995 2854 esset,
1019 2792 1363 2862 interrogans,
1397 2795 1493 2846 hoc
1524 2794 1587 2846 ab
1610 2810 1666 2846 eo
1689 2811 1773 2847 re-

187 2878 445 2933 sponsum
469 2863 660 2932 accepit
685 2880 703 2916 :
728 2863 965 2916 Mortalis
988 2880 1079 2933 ego
1109 2878 1242 2928 sum,
1266 2872 1311 2916 et
1342 2880 1475 2916 unus
1498 2864 1775 2933 ex_accolis

244 2935 404 2996 remi,
427 2948 553 2999 quos
598 2934 744 2986 vario
786 2935 966 2988 delusa
1009 2931 1179 2986 errore
1218 2934 1501 3003 gentilitas,
1536 2931 1771 3000 Faunos,

187 3004 525 3073 Satyrosque
550 3014 596 3056 et
624 3003 839 3057 incubos
865 3020 1072 3067 vocans,
1100 3003 1243 3066 colit,
1271 3013 1376 3059 etc.
1412 3005 1602 3073 subdit
1624 3005 1773 3059 dein-

183 3074 255 3127 de
287 3072 752 3154 tlierottymus‘ad
772 3090 886 3128 rem
914 3074 1335 3154 conﬁrmandam
1372 3090 1384 3125 :
1418 3072 1554 3139 Hoc,
1579 3090 1640 3154 ne
1667 3076 1778 3128 rui-

180 3161 351 3218 q_uam
393 3143 467 3218 ob;
500 3143 912 3218 incredulitatem
953 3145 1249 3218 scrupulum
1287 3152 1502 3218 moveat,
1537 3143 1777 3218 sub_rcg.:

179 3214 557 3300 (inustan‘tino,
591 3214 822 3295 universo
849 3215 1054 3300 lntlundo
1095 3224 1228 3295 teste
1263 3214 1575 3300 defenditur.
1632 3214 1771 3269 Nam
1798 3239 1842 3300 ο

177 3276 574 3338 Alexandriam
590 3285 880 3338 istiusmodi
899 3286 1047 3337 homo
1060 3287 1196 3338 vivus
1215 3276 1509 3352 perductus,
1527 3301 1769 3353 magnum

176 3356 394 3426 populo
436 3353 783 3425 spectaculum
805 3357 1041 3426 prtebuit,
1071 3365 1118 3408 et
1147 3365 1318 3419 postea
1346 3356 1564 3408 cadauer
1593 3357 1771 3410 exani-

179 3443 288 3490 me,
312 3442 386 3480 ne
423 3427 594 3495 calore
634 3426 823 3495 (astatis
852 3426 1206 3493 dissiparetur,
1234 3428 1341 3480 sale
1364 3426 1558 3495 infuso,
1590 3427 1770 3481 Antio-

176 3496 389 3560 chiam,
447 3504 500 3546 ut
540 3494 603 3546 ab
645 3496 953 3560 imperatore
1005 3497 1267 3559 viseretur,
1299 3494 1519 3549 allatum
1565 3506 1655 3550 est.
1696 3496 1769 3551 lla

179 3566 246 3621 D.
282 3566 658 3636 Hieronymus
702 3566 943 3620 Faunum
993 3568 1139 3621 velut
1182 3567 1452 3621 hominem
1479 3576 1557 3636 iet
1589 3567 1771 3621 multis

179 3634 443 3691 hominis
482 3634 621 3707 notis
661 3636 979 3706 depingens,
1028 3651 1185 3707 quem
1230 3646 1411 3691 tamen
1457 3635 1652 3692 ibidem
1681 3651 1774 3703 pe-

178 3709 406 3762 tttlcutn
449 3706 669 3776 animal,
702 3716 1008 3775 portentum
1050 3706 1265 3775 postea,
1312 3707 1643 3776 bestiamque
1673 3722 1772 3776 ap-

176 3780 386 3846 pellat.
447 3775 599 3831 Unde
649 3777 848 3846 colligit
894 3777 1163 3831 Marianus
1192 3776 1299 3839 (In
1346 3775 1588 3845 scholiis’)
1622 3775 1772 3829 mon-

177 3858 479 3904 strttosum
509 3846 718 3918 aliquod
754 3848 916 3902 fuisse
940 3862 1131 3918 gentis,
1162 3847 1460 3918 praesertim
1492 3862 1612 3900 cum
1639 3847 1772 3901 tales

178 3918 388 3985 hodie,
424 3925 535 3970 toto
562 3917 673 3986 jam
709 3919 839 3973 orbe
864 3915 1178 3987 peragrato,
1202 3915 1453 3987 homines
1478 3932 1584 3987 non
1618 3932 1770 3987 repeg

172 3991 439 4043 riantttr.
468 3985 574 4041 Uni
604 3985 909 4043 consentire
955 3985 1166 4042 videtur
1208 3986 1474 4040 Baronins
1500 3985 1672 4055 (Tom.
1707 3986 1772 4041 Ill

174 4060 390 4114 Annal.
421 4075 509 4112 an.
539 4057 687 4128 545),
714 4074 941 4113 censens
972 4058 1113 4113 hanc
1164 4058 1442 4112 historiam
1487 4059 1555 4111 ab
1586 4058 1773 4111 Hiero-

172 4145 362 4197 nymo
408 4139 712 4182 enarratam
755 4130 1012 4184 miraculo
1079 4144 1200 4184 esse
1260 4129 1673 4193 ascribendatn;
1716 4135 1777 4182 ut

168 4203 246 4255 de
271 4200 482 4255 multis
512 4199 633 4253 aliis
659 4200 999 4265 animalibus,
1032 4199 1258 4255 rationis
1288 4200 1415 4253 licet
1435 4198 1770 4268 expertibus,

168 4286 339 4337 saepe
376 4271 598 4337 legitur.
630 4286 689 4325 ea
730 4272 877 4325 velut
918 4271 1124 4325 ratione
1160 4269 1383 4340 praedita
1421 4280 1475 4324 et
1523 4269 1611 4323 Dei
1642 4278 1772 4322 ntttu

167 4342 418 4397 reddita
446 4341 902 4411 penerrationalia,
926 4342 1103 4411 qualia
1134 4340 1307 4411 solent
1333 4340 1775 4411 homines,exhi-

170 4416 389 4467 nuisse
423 4410 627 4464 sanctis
652 4414 778 4465 viris
813 4409 1130 4467 ministeria.
1156 4410 1353 4464 Verum
1396 4410 1655 4480 quidquid
1700 4409 1775 4464 sit

163 4483 240 4536 de
270 4481 482 4536 Fauno
513 4480 604 4535 illo
629 4484 718 4548 qui
746 4482 802 4536 S.
831 4484 1064 4535 Antonio
1102 4481 1289 4534 obvius
1314 4480 1487 4534 factus
1514 4490 1619 4541 est,
1645 4495 1772 4549 pro.

164 4552 441 4609 habilius
482 4560 567 4605 est
619 4552 830 4605 Faunos
862 4553 982 4606 illos
1005 4563 1059 4605 et
1094 4552 1316 4620 Satyros
1340 4551 1405 4603 ab
1428 4550 1680 4607 ethnicis.
1715 4559 1772 4604 ut

1877 1458 2070 1525 quibus
2104 1458 2469 1523 postmodum.
2508 1459 2697 1515 Verius
2722 1462 2868 1516 enim
2898 1472 2983 1516 est
3008 1478 3197 1519 omnes
3228 1469 3454 1524 omnino

1877 1529 2150 1608 dromones
2193 1539 2382 1608 Optare
2416 1545 2577 1608 quam
2616 1531 2934 1608 gravissima
2978 1536 3116 1608 mala
3145 1536 3457 1596 hominibus

1879 1597 2103 1671 inferre,
2132 1609 2185 1671 e_t
2226 1599 2270 1653 si
2319 1597 2463 1671 Deus
2512 1597 2734 1665 sineret,
2763 1602 2944 1671 reipsa
2990 1602 3258 1660 illaturos.
3288 1608 3457 1665 Docet

1876 1667 1939 1721 D.
1967 1668 2255 1730 Antonius.
2288 1670 2430 1735 apud
2461 1667 3080 1737 Athanasinmfcunctis
3116 1675 3454 1735 diemonibus

1878 1737 2075 1792 hostile
2102 1740 2285 1811 0d_int_n
2320 1739 2373 1793 in
2407 1738 2656 1811 homines
2687 1757 2827 1810 esse,
2857 1742 3073 1811 gravius
3102 1743 3155 1799 in
3193 1746 3455 1803 Christia-

1881 1822 2003 1873 nos,
2035 1806 2410 1885 gravissimum
2460 1809 2513 1863 in
2559 1806 2935 1885 monaebos'et
2973 1815 3207 1885 virgines
3237 1817 3346 1873 Deo
3370 1819 3454 1875 di-

1250 1878 1318 1933 de
1338 1867 1587 1957 hqujbu‘s'
1604 1867 1771 1957 etiam
1804 1867 1852 1929 Β
1881 1867 2064 1957 cstas:
2089 1877 2312 1947 singulis
2343 1888 2545 1957 tamen,
2577 1898 2683 1957 non
2718 1883 2820 1938 nisi
2862 1867 3453 1957 quantu‘in'Deits'per-

1877 1949 2063 2026 mittit,
2109 1963 2324 2026 nocere:
2370 1948 2428 2005 Si
2477 1948 2734 2026 amplius
2767 1948 2891 2006 non'
2918 1954 3185 2026 sinantur,
3216 1948 3452 2026 gaudere

1876 2018 2158 2094 hominum
2206 2020 2389 2094 derisu
2422 2030 2490 2094 _et
2528 2018 2865 2094 deceptione,
2899 2034 2952 2078 ut
2986 2023 3072 2079 hie
3111 2018 3334 2094 diciiur;
3359 2025 3451 2084 aut

1876 2088 2107 2158 impulsu
2136 2089 2186 2143 in
2211 2090 2435 2162 aliquod
2468 2088 2893 2162 saltemveniale
2917 2104 3286 2162 peccatum,ut
3311 2088 3453 2155 otio-

1876 2172 1951 2212 sre
1993 2161 2368 2233 spectationis,
2396 2161 2483 2233 vel
2510 2162 2817 2225 locutionis,
2852 2163 2990 2217 risus
3013 2161 3310 2233 solutiOris,
3336 2170 3450 2224 dis-

1876 2230 2156 2303 tractionis
2207 2232 2262 2303 in
2299 2232 2562 2296 oratione,
2595 2232 3011 2297 dormitationis,
3040 2245 3096 2288 et
3138 2230 3449 2303 huiusmodi

1875 2299 2308 2375 delictorum,oin
2336 2317 2460 2375 quin
2490 2303 2654 2375 etiam
2684 2302 2834 2375 valde
2869 2303 3103 2375 perfecti
3127 2299 3282 2375 facile
3326 2324 3450 2375 per--

1877 2370 2185 2448 trahnntur.
2213 2369 2373 2448 (Vide
2396 2369 2540 2448 ἕξειν..
2567 2369 2894 2448 Cluniacens}
2922 2375 3056 2448 lib.)
3081 2374 3239 2448 Mira.
3261 2394 3307 2430 c.
3326 2369 3456 2448 '17.)

1952 2451 1973 2479 ο
2002 2440 2265 2517 innocuas
2293 2441 2666 2497 ineubationes
2700 2453 2825 2517 puto
2870 2444 3095 2517 intelligi
3141 2440 3449 2517 oppressio;

1877 2525 1998 2585 nem
2028 2510 2174 2585 illam
2210 2519 2524 2585 nocturnam
2555 2529 2673 2582 qni-
2705 2515 2818 2568 voci
2845 2510 3445 2585 Aspirituiqne'meatutn

1877 2581 2167 2653 intercipit,
2202 2592 2255 2637 et
2295 2584 2442 2637 velut
2472 2581 2676 2653 ingenti
2721 2581 2959 2652 pondere
2986 2581 3322 2651 quiescentes
3351 2605 3448 2644 seu

1877 2651 2206 2723 dormientes
2236 2655 2499 2723 opprimit
2535 2651 2598 2709 ac
2628 2651 2764 2715 neue
2811 2655 3059 2719 stiliocat,
3086 2672 3244 2723 quam
3272 2658 3449 2715 Graeci

1877 2723 2105 2795 ἐφιάλτην
2135 2721 2352 2791 (Suidas
2376 2738 2423 2776 υ.
2456 2722 2770 2795 Ephialta),
2800 2725 3050 2780 incubunt
3084 2721 3279 2793 Latini,
3306 2728 3447 2785 Galli

1876 2794 2181 2864 concitemur
2228 2804 2540 2864 nuncupant
2588 2812 2599 2845 :
2646 2794 2763 2862 qua:
2811 2795 3023 2863 quidem
3067 2800 3345 2864 oppressio
3395 2811 3452 2856 et

1880 2861 2161 2916 suliocatio
2202 2862 2519 2930 plerumque
2547 2878 2615 2918 ex
2644 2861 2934 2919 voracitate
2976 2875 3030 2920 et
3067 2861 3334 2924 cruditate
3365 2871 3447 2923 ci-

1878 2931 2088 3007 borum.
2121 2943 2180 3007 et
2223 2931 2484 3007 stomachi
2538 2933 2816 3007 indigerie,
2851 2943 2943 2990 aut
2980 2938 3160 3004 Specie
3212 2940 3444 3007 quadam

1878 3003 2050 3055 morbi
2080 3002 2448 3058 melancholici
2478 3002 2742 3069 nascitur;
2779 3002 3044 3060 interdum
3072 3002 3247 3063 tamen
3276 3025 3305 3063 a
3335 3012 3446 3065 daa-

1879 3071 2414 3144 ntonibnsellieitur,
2448 3074 2591 3129 unde
2636 3078 2798 3129 etiam
2844 3076 3043 3144 iucubi,
3076 3079 3188 3133 sive
3218 3080 3443 3136 incubo-

1879 3157 1973 3196 nes
2026 3141 2189 3207 dieti;
2222 3156 2418 3210 praeter
2448 3143 2595 3199 illam
2628 3145 2886 3200 rationem
2935 3141 3185 3203 obscenae.
3222 3150 3444 3206 incuba-

1878 3212 2044 3292 tionis
2071 3222 2128 3292 et
2163 3214 2563 3292 commixtionis
2608 3231 2728 3270 cum
2776 3218 3057 3292 s_trig_ibus,
3088 3221 3341 3292 et‘sagis,
3374 3222 3443 3278 de

1874 3299 1988 3358 qua
2011 3283 2069 3358 D_.
2101 3282 2430 3358 Augustinus
2451 3285 2546 3358 ubi
2575 3299 2758 3358 supra.
2781 3282 3084 3358 Est—itaque
3117 3289 3203 3345 hic
3221 3282 3443 3348 morbus

1873 3353 2101 3424 subinde
2133 3355 2267 3407 mala
2297 3356 2543 3423 corporis
2588 3356 2820 3424 :tfleCtio,
2855 3353 3171 3414 alias'nuda
3198 3373 3251 3416 et
3296 3378 3444 3419 mera

1872 3423 2133 3478 daemonis
2156 3424 2425 3479 infestatio
2453 3434 2545 3479 aut
2572 3425 2768 3481 illusio.

1942 3491 1969 3529 ά
2002 3494 2160 3574 Tales
2188 3494 2263 3548 illi
2293 3496 2381 3574 qui
2402 3495 2609 3574 Graecis
2627 3499 2925 3574 ’Λλὸςστορες
2954 3498 3079 3574 dicti
3115 3499 3201 3553 :in
3221 3516 3446 3574 quorum

1874 3578 2098 3635 numero
2116 3564 2549 3635 Nemesis,quam
2581 3564 2853 3635 liugebani
2873 3569 3119 3622 ultricem
3152 3564 3448 3634 scelerum,

1873 3647 1970 3704 seu
2023 3633 2460 3704 deatnrultionis.
2508 3634 2581 3686 De
2635 3633 2739 3704 qua
2778 3635 3023 3691 Alciatus
3055 3637 3310 3692 emblem.
3354 3633 3446 3695 27.

1874 3702 2037 3774 Talis,
2058 3714 2111 3756 et
2155 3703 2246 3774 ille
2278 3702 2690 3774 exterminator,
2727 3705 2804 3774 de
2839 3720 2944 3773 quo
2976 3706 3028 3758 in
3074 3707 3397 3774 Apocalypsi
3434 3729 3449 3764 :

1876 3771 2099 3843 Angelus
2121 3772 2313 3843 abyssi,
2336 3772 2419 3843 cui
2444 3789 2642 3843 nomen
2689 3771 2942 3827 Hebraice
2976 3771 3247 3841 Abaddon,
3273 3771 3453 3836 Greece

1876 3840 2150 3921 Apollyon,
2168 3840 2552 3921 Latindliabens
2568 3860 2744 3921 nomen
2763 3842 3128 3921 Externtinans
3145 3840 3331 3921 (Apoc.
3351 3851 3448 3921 ix).

1874 3912 2080 3978 Quibus
2096 3913 2342 3982 omnibus
2357 3913 2552 3982 linguis
2572 3914 3122 3982 sigttilicatnrdtemon
3139 3912 3316 3972 omnia
3333 3912 3447 3976 dis-

1875 3984 2109 4057 perdens
2157 3998 2218 4037 ac
2254 3981 2669 4057 destruensslta
2700 3984 2862 4038 etiam
2895 3988 3136 4057 nonnulli
3185 3990 3452 4057 interpre-

1876 4064 2059 4126 tantur
2080 4053 2780 4126 dtemoniuurmeridianum
2798 4056 2930 4124 psal.
2965 4072 3056 4119 xc,
3080 4064 3219 4126 quod
3246 4053 3455 4116 scilicet

1875 4139 1983 4178 non
2045 4124 2273 4177 latenter
2302 4132 2357 4177 et
2395 4123 2595 4179 dolosis
2648 4123 3164 4192 machinationibus,
3208 4130 3354 4185 velut
3400 4133 3452 4185 in

1877 4194 2136 4261 tenebris,
2171 4194 2265 4249 sed
2322 4194 2824 4266 palamnetaperta
2879 4198 2950 4262 vi,
2986 4206 3045 4251 ut
3099 4200 3150 4251 in
3203 4200 3452 4266 meridie,

1879 4266 2125 4319 homines
2152 4264 2483 4335 aggreditur.
2513 4264 2685 4333 Hujus
2710 4266 2925 4335 generis
2954 4269 3232 4324 daemones
3264 4269 3324 4323 Β.
3352 4264 3455 4327 An-

1877 4337 2055 4389 tonius
2088 4335 2301 4409 dicebat
2323 4334 2388 4388 ad
2421 4350 2684 4389 sunnnam
2711 4334 2938 4409 nocendi
2973 4341 3227 4395 verticem
3260 4355 3455 4409 perve-

1877 4409 2043 4470 nisse,
2076 4414 2131 4458 et
2159 4405 2293 4459 alios
2328 4420 2514 4461 eorum
2565 4407 2971 4474 comparatione
3014 4410 3182 4465 videri
3217 4405 3457 4469 leniores

1822 4475 2228 4531 ~acmitiores.
2318 4500 2319 4503 η

1952 4555 1976 4582 θ
2000 4546 2185 4600 Matth.
2218 4560 2343 4598 vni:
2372 4544 2768 4620 Cunt‘venisse‘nt
2797 4551 2852 4601 in
2878 4550 3133 4620 regionem
3166 4548 3458 4605 Geraseno-

162 4625 407 4679 dictum
443 4631 543 4686 est,
581 4635 675 4687 pro
716 4622 975 4675 silvarum
1016 4612 1323 4674 numiu'ibus
1352 4621 1579 4684 habitos,
1612 4620 1773 4675 tuisse
1800 4612 1851 4674 D
1877 4633 2013 4677 rum.
2046 4625 2379 4669 occurrerunt
2407 4617 2453 4670 ei
2476 4616 2578 4669 duo
2626 4616 2863 4672 habentes
2889 4612 3178 4682 άᾶηηοηὶα.
3228 4622 3348 4675 suavi
3379 4624 3460 4675 ni-

162 4694 485 4750 dmmones
535 4692 586 4742 in
613 4688 853 4760 humana
898 4691 1097 4760 efﬁgie,
1121 4689 1219 4744 sed
1251 4700 1608 4754 monstruosa,
1633 4701 1689 4744 et
1717 4692 1769 4744 in

159 4764 489 4835 caprinam
540 4759 621 4835 vel
671 4759 938 4835 asininam
984 4762 1301 4835 desinente,
1341 4771 1690 4835 apparentes,
1720 4769 1775 4815 et

157 4828 522 4889 ho'minibus
553 4828 860 4899 illudentcs,
895 4840 952 4883 ut
983 4831 1068 4883 hic
1102 4835 1302 4884 Auctor
1341 4829 1533 4890 innuit,
1559 4844 1693 4899 quos
1720 4840 1775 4885 et

156 4906 407 4977 pilosos
445 4898 776 4977 haeratione
800 4901 1081 4977 Scriptura
1115 4910 1412 4977 nuncupat.
1438 4898 1590 4977 lsaie
1635 4914 1725 4954 χιιι
1757 4918 1771 4955 :

157 4968 358 5030 Pilosi
391 4970 661 5039 saltabant
684 4968 773 5023 ibi.
800 4969 869 5025 Ut
898 4970 960 5024 D.
986 4971 1342 5039 llieronymus
1382 4970 1577 5023 ibidem
1610 4986 1778 5024 anno-

156 5046 314 5101 tavit
355 5060 371 5093 :
420 5038 651 5101 Pllosos,
696 5041 963 5110 inquiens,
993 5041 1070 5093 vel
1100 5038 1396 5101 incubones,
1427 5040 1501 5093 vel
1533 5040 1773 5110 Strtyros,

155 5119 470 5171 silvestres
504 5108 787 5180 quosquam
830 5110 1084 5173 homines,
1112 5126 1238 5179 quos
1278 5111 1512 5163 nonnulli
1567 5108 1779 5164 Faunos

154 5186 417 5241 sicarios
452 5190 655 5251 vocant,
687 5190 774 5233 aut
793 5182 1087 5235 dwmonum
1108 5197 1293 5251 genera
1315 5180 1628 5251 intelligunt.
1651 5180 1779 5235 Item

154 5273 299 5327 cap.
329 5253 419 5307 54
457 5250 598 5318 apud
628 5250 1230 5327 eutndempmpbe’tam‘
1251 5269 1269 5327 _:
1290 5250 1782 5327 Occurrentdwmo-

153 5322 279 5393 nia,
313 5329 734 5393 onocentaurus
752 5332 798 5375 et
826 5323 1019 5389 pilosus
1042 5322 1281 5376 clamabit
1306 5322 1434 5375 alter
1454 5323 1521 5375 ad
1543 5323 1777 5393 alterum.

152 5391 546 5464 Quamquam
579 5391 744 5464 pilosi
770 5393 874 5464 alia
900 5395 1062 5448 etiam
1108 5394 1327 5464 ratione
1354 5393 1625 5464 daemones
1651 5391 1779 5464 dicti

150 5461 554 5525 autumantur,
604 5461 748 5530 quod
798 5463 911 5517 suis
960 5464 1257 5519 cultoribus
1314 5463 1368 5517 in
1414 5463 1584 5517 l‘orma
1648 5462 1783 5516 hirci

152 5536 388 5592 hirsuti
447 5540 509 5585 et
554 5532 712 5601 pilosi
754 5534 1072 5604 plerumque
1114 5543 1428 5604 appareant.
1461 5534 1568 5590 Sed
1607 5532 1675 5587 de
1704 5531 1788 5587 bis
1830 5552 1833 5555 λ

149 5617 736 5740 5’³ῗδιλςοὶρὶθηόιιιιι
770 5674 821 5728 id
868 5676 1256 5744 comparative,
1282 5674 1334 5744 id
1361 5681 1463 5740 est,
1496 5688 1603 5728 non
1634 5686 1787 5744 atque

150 5744 474 5808 delectari
504 5751 660 5812 atque
684 5745 773 5799 alii
797 5741 1129 5801 crudeliores
1159 5741 1791 5814 truculentioresque,’de

452 5872 463 5875 α
510 5835 785 5898 ΡΑτιιοι.
839 5838 887 5897 Χ
902 5838 1061 5899 LIX.

1877 4688 2005 4759 niis;
2035 4687 2107 4759 ita
2130 4695 2183 4739 ut
2210 4702 2354 4738 nemo
2384 4697 2551 4753 posset
2573 4689 2791 4759 transire
2816 4704 2907 4759 per
2934 4689 3080 4742 illaut
3105 4691 3257 4744 viam.
3294 4690 3461 4745 Addit

1878 4757 2049 4832 Lucas
2078 4756 2279 4832 denuo
2303 4766 2511 4832 tantum
2540 4756 2850 4832 eorumdent
2895 4759 3150 4832 loquens,
3184 4777 3347 4832 neque
3375 4777 3461 4815 ue-

1876 4828 2110 4881 stimento
2139 4826 2447 4899 induebatur
2468 4867 2482 4890 ,
2516 4829 2756 4899 nequein
2784 4828 2935 4881 domo
2963 4826 3229 4899 manebat,
3257 4826 3367 4887 'scd
3406 4833 3461 4885 in

1834 4928 1839 4935 ο
1875 4898 2245 4962 monumentis,
2279 4897 2346 4966 ad
2384 4897 2792 4966 exprimendam
2837 4912 3023 4953 eorum
3064 4897 3322 4956 saevitiam
3344 4942 3358 4965 ,
3387 4902 3461 4955 ob

1878 4981 2037 5035 quam
2068 4981 2226 5021 nemo
2249 4965 2473 5022 auderet
2499 4968 2581 5022 eis
2620 4983 2904 5024 occurrere
2943 4979 3033 5023 aut
3060 4985 3154 5025 eos
3177 4971 3339 5025 domo
3366 4986 3461 5026 ex-

1879 5038 2061 5105 cipere
2088 5079 2103 5104 ,
2156 5036 2295 5091 unde
2323 5038 2524 5092 exclusi
2556 5052 2586 5091 a
2628 5039 2896 5093 communi
2941 5040 3213 5094 hominum
3247 5040 3463 5095 habita-

1885 5107 2030 5177 tione
2058 5108 2109 5160 in
2134 5108 2375 5177 sepulcra
2399 5149 2413 5171 ,
2453 5109 2666 5163 scilicet
2683 5118 2973 5172 camerata,
2997 5124 3116 5164 sese
3135 5111 3457 5176 reciperent.

1958 5176 1977 5215 ί
2024 5176 2313 5242 Bacuceos,
2343 5179 2431 5233 vel
2460 5178 2746 5246 Baeuteos,
2770 5179 2889 5233 sive
2917 5188 2975 5233 ut
3002 5180 3055 5231 in
3086 5192 3216 5233 mss.
3243 5177 3459 5247 legitur,

1886 5247 2149 5312 Bacueos,
2178 5249 2428 5319 intelligit
2450 5249 2694 5305 homines
2726 5259 2876 5305 certo
2893 5248 3132 5319 quodam
3152 5248 3461 5303 daunonum

1882 5333 2081 5388 genere
2101 5317 2398 5389 correptos,
2429 5319 2658 5373 barbara
2686 5334 2817 5373 voce
2839 5335 2869 5372 a
2900 5317 3057 5389 vulgo
3087 5317 3164 5389 eis
3188 5319 3462 5387 imposita.

1884 5390 2139 5456 Quamvis
2181 5387 2361 5445 autem
2391 5389 2460 5443 de
2487 5389 2836 5443 dmmoniacis
2869 5388 3088 5458 proprie
3119 5387 3205 5442 hic
3231 5399 3425 5455 agatur
3446 5432 3463 5456 ,

1892 5471 1949 5513 ut
1978 5460 2135 5513 verba
2166 5470 2383 5521 sonant,
2406 5474 2510 5512 non
2534 5458 2602 5512 de
2623 5459 2954 5513 daemonibus
2972 5471 3214 5528 seorsum
3236 5461 3468 5528 sumptis

1891 5545 2147 5585 eorumve
2175 5528 2594 5600 proprietatibus
2618 5569 2632 5591 ,
2686 5538 2864 5600 tamen
2890 5526 3100 5600 eisdem
3123 5529 3284 5583 etiam
3314 5526 3465 5600 sepa-

1893 5602 2025 5654 ratis
2046 5607 2104 5653 et
2129 5596 2294 5654 extra
2310 5610 2535 5668 corpora
2565 5597 2869 5651 mortalium
2911 5596 3137 5653 subinde
3164 5596 3467 5668 apparenti-

1891 5670 1991 5725 bus
2021 5669 2264 5725 eamdem
2286 5664 2700 5735 appellationem
2733 5668 2894 5723 tribui
2933 5668 3110 5723 solere
3136 5664 3349 5725 nonest
3382 5672 3467 5725 im-

1893 5739 2191 5810 probabile.
2247 5734 2711 5804 Quemadmodum
2740 5738 2805 5796 1).
2842 5740 3170 5809 Augustinus
3215 5739 3359 5808 (Lib.
3406 5753 3469 5799 xv

2962 5834 3039 5900 23
