4036 6216
619 338 729 427 rio

1687 338 1967 415 JOANNIS
2003 355 2311 416 cassum
2346 343 2845 414 COLLATIONES.

3772 356 3876 416 720

620 480 875 537 lationem
897 496 914 545 ;
940 477 1080 534 alius
1102 471 1359 539 basilisci,
1390 470 1459 528 ob
1504 470 1635 527 illud
1676 470 2013 527 mortiferum
2045 471 2195 527 virus
2221 486 2267 547 Α
2300 480 2509 545 tempus
2538 480 2817 526 nocturna:
2854 468 3049 541 quietis
3078 470 3148 525 ita
3176 469 3378 527 nostris
3404 468 3655 528 furentur
3683 476 3876 529 obtuti-

622 574 765 646 quod
795 570 1109 642 priusquam
1146 566 1410 624 sentiatur
1440 563 1734 629 interimit;
1760 564 1895 619 alius
1938 580 2091 631 vero,
2126 565 2195 620 ob

625 676 865 735 teporem
896 662 1113 717 malitia!
1140 673 1275 724 suae,
1299 656 1677 721 onoceutauri,
1705 663 1797 710 aut
1820 654 1971 711 ericii
1994 671 2194 712 nomen

624 754 1015 813 struthionisve
1038 751 1261 805 sortitus
1286 749 1375 803 sit.

1153 838 1383 895 CAPUT
1426 835 1663 893 XXXIII.

627 936 1002 1007 Interrogatio,
1039 932 1174 987 unde
1224 929 1518 997 di/Yerentia
1548 929 1891 1010 nequitiarnm
1919 928 2199 982 antestium

1154 1011 1299 1057 tanta
1347 1009 1668 1072 praeessem.

590 1152 594 1157 -
673 1122 1000 1177 Germanus:
1016 1116 1132 1170 Νοη
1144 1113 1360 1185 quidem
1374 1113 1697 1182 atnbigimus
1710 1111 1829 1166 illos
1841 1108 2204 1182 quoqueordi-

624 1228 722 1270 nes
733 1226 866 1282 quos
878 1208 1166 1280 Apostolus
1182 1214 1483 1270 enumerat,
1498 1204 1565 1259 ad
1580 1204 1714 1261 istos
1729 1203 1944 1269 referri,
1960 1207 2199 1274 quianon

623 1314 708 1362 est
730 1303 885 1360 nobis
914 1298 1227 1357 colluctatio
1253 1297 1514 1353 adversus
1535 1310 1753 1351 carnem
1778 1304 1832 1350 ct
1858 1296 2200 1366 sanguinem,

623 1396 721 1452 sed
748 1396 991 1449 adversus
1021 1392 1341 1463 principatus
1362 1430 1377 1456 ,
1408 1391 1652 1444 adversus
1684 1397 1956 1457 potestates
1977 1428 1993 1454 ,
2023 1387 2205 1441 adver-

622 1503 711 1542 sus
730 1487 906 1541 mundi
932 1493 1151 1537 rectores
1175 1482 1504 1535 tenebrarum
1516 1481 1723 1546 harum,
1749 1490 1926 1533 contra
1946 1479 2204 1548 spiritalia

624 1578 864 1649 nequitia:
888 1575 939 1628 in
983 1572 1264 1628 cwlestibus
1310 1570 1533 1640 (Ephes.
1574 1569 1685 1640 Vt):
1732 1570 1983 1622 volumus
2026 1580 2202 1623 tamen

623 1683 784 1725 nosse
808 1667 949 1722 unde
974 1665 1042 1720 sit
1076 1665 1191 1718 haec
1240 1673 1386 1718 tanta
1436 1662 1576 1717 inter
1622 1677 1717 1718 eos
1764 1661 2087 1725 dill‘erentia,
2119 1660 2203 1714 vel

622 1754 1073 1829 quemadmodum
1100 1756 1231 1809 tanti
1262 1752 1513 1825 nequitiae
1544 1752 1852 1808 exstiterint
1878 1752 2103 1821 gradus,
2136 1767 2203 1806 an

2300 565 2421 630 bus,
2440 562 3003 634 utappropinquantis
3032 578 3243 618 aurora
3270 578 3615 636 nequaquam
3642 564 3870 622 viciniam

2304 656 2630 721 sentiamus,
2659 665 2711 709 et
2735 668 2905 722 usque
2926 653 2992 709 ad
3015 664 3197 709 ortum
3222 654 3350 711 solis
3376 655 3758 714 insatiabiliter
3777 660 3871 713 col.

2301 749 2519 804 lationis
2552 746 2710 816 hujus
2731 746 2896 802 verba
2944 754 3237 803 contexere
3281 762 3676 817 provocemur:
3710 760 3867 805 tamen

2300 837 2553 908 quoniam
2589 838 2862 893 absolutio
2892 838 3189 908 proposita:
3218 840 3535 908 qucestionis
3561 856 3689 896 cum
3715 856 3872 909 coepe-

2302 932 2372 986 rit
2425 930 2699 1001 indagari,
2749 930 2802 985 in
2843 931 3111 999 quoddam
3158 931 3550 1001 amplissimum
3584 948 3648 989 ac
3668 933 3871 1002 profun-

2302 1022 2582 1077 dissimum
2607 1034 2705 1076 nos
2732 1021 2926 1077 educet
2937 1021 3157 1092 pelagus
3180 1022 3563 1092 qumslionum,
3586 1023 3731 1091 quod
3753 1039 3873 1094 pra»

2302 1118 2470 1173 sentis
2496 1116 2643 1171 horae
2670 1115 2912 1171 brevitas
2955 1131 3060 1169 non
3106 1114 3234 1169 sinit
3271 1115 3622 1170 transmeari:
3655 1130 3876 1171 commo-

2302 1210 2424 1264 dius
2449 1222 2575 1263 reor
2603 1218 2659 1262 ut
2688 1222 2806 1262 eam
2839 1207 3035 1262 futura:
3065 1207 3237 1260 noctis
3255 1204 3492 1274 indagini
3524 1220 3875 1273 reservemus,

2303 1316 2410 1372 quo
2431 1309 2487 1356 et
2514 1298 2643 1355 mihi
2663 1298 2763 1353 sub
2791 1297 2947 1367 hujus
2960 1296 3280 1367 quaestionis
3301 1297 3588 1352 occasione
3613 1296 3683 1352 de
3708 1305 3880 1351 vestro

2304 1388 2644 1463 propensiori
2693 1389 2993 1459 colloquio,
3046 1389 3230 1443 laetitia
3276 1387 3537 1457 spiritalis
3581 1402 3646 1443 ac
3687 1387 3881 1441 fructus

2305 1484 2527 1539 uberior
2576 1480 2918 1546 conferatur,
2972 1486 3026 1534 et
3084 1479 3475 1548 propositarum
3526 1480 3877 1548 quastiouum

2304 1576 2475 1642 sinus,
2493 1573 2765 1643 praebente
2787 1571 2943 1626 nobis
2959 1570 3165 1639 Spiritu
3188 1578 3372 1622 saneto
3393 1582 3683 1637 prosperos
3707 1566 3879 1634 ﬂatus,

2306 1667 2525 1723 liberius
2580 1673 2865 1736 penetrare
2915 1663 3199 1735 possimus.
3249 1662 3611 1728 Quamobrem
3676 1663 3880 1729 soporis

2307 1757 2574 1813 modicum
2593 1756 2943 1825 degustautes
2961 1754 3319 1809 discutiamus
3339 1753 3695 1822 obrepentem
3716 1752 3883 1807 oculis

622 1848 688 1903 ad
722 1849 824 1903 hoc
852 1847 1018 1903 creati
1050 1847 1181 1911 sint,
1227 1856 1283 1900 ut
1314 1844 1411 1900 IIOS
1440 1844 1656 1899 ordines
1686 1845 1903 1899 malitias
1944 1844 2206 1899 sortiren-
2233 1871 2280 1934 Β
2308 1855 2527 1919 nostris,
2563 1850 2735 1905 vicina
2759 1850 2869 1919 jam
2892 1849 3031 1916 luce,
3062 1857 3335 1918 torporem
3354 1888 3368 1913 ν
3408 1861 3471 1901 ac
3503 1846 3761 1915 deinceps
3790 1862 3880 1915 pa.

621 1948 730 2005 tur,
762 1947 813 1994 et
843 1935 1073 2008 quodam
1116 1934 1277 1991 modo
1308 1934 1431 1991 huic
1462 1935 1714 2006 nequitia:
1738 1934 2070 1989 militarent?

1149 2092 1379 2149 CAPUT
1419 2090 1665 2147 XXXIV.

717 2210 915 2265 Dilatio
943 2224 1094 2263 super
1121 2206 1445 2261 absolutione
1475 2205 1756 2276 proposita:
1786 2204 2105 2274 quwslt'om's.

686 2326 956 2383 Serenus:
1003 2323 1343 2394 Quamquam
1376 2321 1771 2392 propositiones
1804 2329 1998 2375 vestra:
2032 2326 2203 2373 totum

2308 1945 2439 2000 riter
2469 1942 2535 1997 ad
2576 1940 2862 1998 ecclesiam
2894 1936 3271 2010 procedentes,
3303 1947 3329 1975 ι
3359 1937 3613 2009 quoniam
3645 1951 3743 1992 nos
3784 1935 3883 1992 hoc

2306 2039 2484 2092 facere
2512 2033 2801 2091 Dominica:
2827 2032 2934 2088 diei
2960 2030 3278 2087 solemuitas
3307 2038 3645 2096 commonet,
3677 2031 3882 2085 reversi

2305 2129 2333 2169 ι’
2363 2138 2484 2199 post
2512 2126 2741 2199 synaxin
2763 2168 2779 2193 ,
2814 2141 2876 2181 ea
2905 2140 3024 2196 qua:
3077 2124 3338 2179 Dominus
3365 2124 3428 2177 ad
3475 2123 3883 2178 instructionem

2308 2235 2648 2280 communem
2680 2235 2777 2291 pro
2803 2217 3078 2275 desiderio
3115 2225 3298 2273 vestro
3328 2216 3548 2287 largitus
3573 2215 3750 2283 fuerit,
3784 2216 3882 2271 du-

2306 2315 2505 2387 plicato
2526 2313 2722 2385 gaudio
2752 2309 3113 2367 conferamus.

1678 2433 1931 2489 ALABDI
1970 2431 2208 2492 GAZEI
2244 2425 2817 2487 COMMENTARIUS.

692 2540 718 2567 ι
749 2531 951 2599 Nempe
983 2528 1049 2581 ad
1077 2528 1363 2584 ecclesiam
1390 2526 1707 2599 procedere.
1740 2525 1799 2581 ld
1828 2525 1973 2599 enim
1997 2525 2199 2599 solem-

621 2614 688 2655 ne
719 2597 899 2654 fuisse
929 2598 1093 2653 etiam
1122 2599 1313 2668 priscis
1341 2598 1618 2653 monachis
1643 2607 1697 2653 et
1724 2597 2064 2668 anacboretis
2083 2640 2100 2668 ,
2141 2603 2199 2650 ut

621 2671 890 2725 dominico
919 2668 1009 2723 die
1036 2668 1101 2722 ad
1124 2666 1419 2723 ecclesiam
1446 2668 1815 2728 convenirent.
1852 2666 1963 2736 jam
1990 2667 2196 2736 pridem

622 2744 675 2795 iu
703 2740 854 2795 libris
884 2740 1283 2794 lnstitutionum
1310 2738 1631 2794 notavimus.
1664 2738 1997 2794 Sozotnenus
2024 2736 2118 2791 lib.
2146 2750 2197 2791 vt

619 2826 738 2876 cap.
771 2811 835 2865 51
871 2810 938 2864 de
968 2810 1242 2864 Monacltis
1292 2809 1475 2865 Nitriae
1504 2824 1698 2879 agens:
1732 2807 2079 2869 Conveniunt,
2117 2807 2200 2862 iu-

619 2882 733 2951 quit
749 2897 943 2946 ,omnes
963 2881 1015 2934 in
1046 2897 1226 2951 unum,
1252 2889 1299 2934 et
1322 2882 1487 2951 primo
1509 2878 1567 2933 ac
1590 2889 1845 2947 postremo
1877 2878 1961 2933 die
1982 2894 2198 2932 conven-

619 2949 726 3005 tum
764 2952 1037 3005 celebrant.
1075 2949 1226 3016 Quod
1258 2949 1456 3019 si‘quis
1504 2953 1638 3019 forte
1677 2950 1836 3018 absit,
1867 2966 1979 3004 eum
2024 2950 2199 3003 abesse

618 3022 774 3093 plane
800 3021 1014 3093 invitum
1035 3030 1253 3093 constat,
1278 3023 1354 3076 vel
1375 3022 1697 3093 aﬂlictatione
1722 3020 1893 3093 aliqua
1921 3020 2001 3093 vel
2024 3020 2197 3093 inorbo

619 3091 987 3163 prtepeditum,
1025 3101 1131 3146 etc.
1188 3091 1474 3163 Cassianus
1504 3091 1633 3146 item
1660 3091 1938 3163 collation.
1983 3091 2047 3144 18
2077 3104 2196 3163 cap.

620 3158 688 3217 '15
716 3158 899 3217 narrat
940 3164 992 3216 in
1025 3166 1137 3231 ipsa
1185 3177 1369 3216 eremo
1412 3162 1769 3231 Paphnutium
1817 3176 1940 3216 cum
1985 3158 2199 3214 eteteris

619 3232 899 3287 monachis
928 3231 1017 3287 die
1059 3232 1329 3286 dominico
1355 3232 1421 3285 ad
1462 3231 1745 3301 ecclesiam
1792 3231 2123 3301 processisse
2169 3245 2199 3284 e

618 3303 776 3397 cella.
809 3301 943 3357 Vide
982 3303 1327 3357 collationem
1354 3302 1424 3356 23
1452 3313 1573 3371 cap.
1602 3299 1668 3356 21
1698 3342 1712 3369 ,
1763 3299 1853 3357 ubi
1899 3300 1968 3356 de
1997 3301 2095 3355 hac
2141 3315 2200 3356 rc
2226 3334 2272 3397 ϐ

618 3374 834 3499 Ριιὲηὑε
861 3444 1048 3514 synaxi
1069 3442 1305 3499 diximus
1327 3442 1489 3514 etiam
1512 3439 1619 3496 alio
1639 3441 1763 3497 loco
1791 3440 1927 3514 (Lib.
1951 3457 1994 3514 u
2019 3438 2194 3514 Instit.

620 3532 735 3586 cap.
781 3511 966 3582 10,'el
996 3514 1121 3567 alibi
1159 3512 1402 3585 passim).
1452 3511 1638 3567 Potest
1681 3511 1861 3567 autem
1909 3512 1996 3567 hic
2030 3513 2199 3583 accipi

2302 2539 2399 2594 pro
2442 2532 2716 2594 conventu
2758 2536 2853 2576 seu
2898 2518 3320 2594 congregatione
3380 2517 3773 2594 monachorum
3820 2517 3881 2594 ad

2300 2587 2584 2656 orandum,
2610 2592 2929 2659 divitiasque
2955 2587 3141 2645 laudes
3167 2588 3257 2643 die
3279 2588 3551 2659 dominico
3578 2589 3632 2641 in
3662 2587 3881 2643 ecclesia

2300 2663 2683 2720 celebrandas:
2715 2663 2798 2717 vel
2829 2658 2926 2729 pro
2948 2662 3127 2715 missa:
3153 2658 3441 2725 sacrificio,
3472 2667 3527 2712 et
3554 2673 3711 2713 sacra
3738 2672 3882 2713 com-

2303 2736 2579 2799 munione,
2610 2748 2769 2803 quam
2800 2732 2879 2803 illi
2911 2731 3121 2803 diebus
3147 2730 3431 2803 dominicis
3483 2729 3772 2803 percipere
3798 2744 3882 2803 so-

2302 2805 2402 2869 liti,
2438 2814 2496 2859 ttt
2526 2797 2778 2859 suo'loco
2809 2802 3016 2872 dicetur
3047 2799 3376 2872 (Collat._25
3425 2797 3548 2872 c_t_1p_.
3595 2797 3750 2872 ιιι),
3798 2800 3883 2872 Sic

2302 2868 2444 2945 apbd
2476 2874 2771 2930 Palladium
2803 2868 3189 2945 (Lausia.‘5_9).
3227 2870 3394 2924 Abbas
3426 2868 3764 2945 Hellasbenit
3785 2870 3882 2945 ali-

2305 2940 2515 3017 quando
2538 2945 2605 2998 ad
2628 2946 2875 3017 quosdam
2905 2940 3203 3017 monachus,
3234 2950 3279 2994 et
3302 2956 3416 3017 cunt
3444 2952 3571 2994 esset
3597 2940 3707 3017 dies
3728 2942 3883 3017 donti-

2309 3010 2475 3083 nicus,
2510 3010 2649 3071 dixit
2666 3017 2736 3069 eis
2766 3032 2783 3068 :
2814 3013 2916 3068 Cur
2952 3012 3103 3067 hodie
3134 3028 3235 3065 non
3272 3011 3445 3081 egistis
3484 3010 3765 3083 synaxim?
3807 3027 3883 3083 re:

2309 3028 2475 3083 nicus,
2510 3028 2640 3071 dixit
2666 3032 2736 3069 eis
2766 3032 2783 3068 :
2814 3028 2916 3068 ων
2952 3028 3103 3067 name
3134 3028 3235 3065 non
3272 3028 3445 3081 egistis
3484 3028 3507 3064 s
3547 3028 3765 3065 naxtmr
3807 3028 3879 3063 re-

2300 3090 2613 3154 sponderunt
2644 3104 2660 3139 :
2692 3084 2769 3140 Eo
2815 3085 3099 3156 quodnon
3145 3085 3334 3156 venerit
3390 3028 3674 3151 presZyter.
3729 3079 3879 3156 Apud

2301 3153 2520 3215 Gl'iBCOS
2567 3153 2861 3226 scriptores
2889 3155 3114 3208 verbum
3142 3154 3404 3226 quvétysw,
3422 3167 3468 3226 _a
3498 3153 3875 3226 quosynasis.

2302 3231 2575 3300 duplicem
2625 3221 2851 3282 sortitur
2900 3221 3369 3296 significationem.
3402 3221 3555 3300 _N_ant
3617 3221 3883 3300 interdum

2306 3292 2523 3370 ponitur
2555 3315 2651 3368 pro
2679 3292 3002 3352 conventuin
3034 3309 3214 3370 agere,
3248 3309 3341 3370 seu
3368 3292 3578 3370 plebem
3609 3294 3687 3347 rei
3719 3306 3883 3370 saepe

2303 3362 2468 3426 causa
2496 3362 2861 3424 in'ecclesiam
2890 3362 3087 3436 cogere
3107 3381 3121 3429 ;
3147 3364 3415 3436 interdum
3442 3362 3508 3417 ad
3531 3363 3882 3436 communio-

2305 3456 2428 3497 nem
2476 3440 2782 3504 admittere,
2834 3433 2983 3508 quod
3021 3437 3335 3491 observavit
3370 3433 3482 3490 Jac.
3528 3433 3883 3488 Billiuslib.t

2306 3510 2587 3569 Observat.
2623 3510 2775 3567 Sacr.
2808 3507 2927 3579 cap.
2957 3507 3045 3562 40.

1472 3756 1983 3863 COLLA
2008 3756 2170 3863 TI
2168 3759 2265 3862 Ο
2348 3758 2789 3865 ΟΟΤΑ
2819 3758 3059 3875 VA.

1609 3992 1615 4000 .
1676 3939 1833 4013 Qum
1867 3945 1961 4002 est
1996 3938 2277 4004 secunda
2307 3940 2558 4005 abbatis
2594 3945 2835 4005 Sereni.

1611 4060 1694 4112 DE
1729 4059 2210 4111 PRINCIPATIBI’S
2250 4061 2369 4114 SEU
2408 4064 2900 4118 POTESTATIBUS.

1128 4349 1351 4405 CAPUT
1394 4346 1679 4404 PRIMUM.

689 4442 1089 4501 Consummatis
1116 4457 1235 4509 qua:
1260 4441 1367 4496 diei
1392 4439 1708 4495 solemnitas
1733 4442 2004 4513 exigebat,
2036 4455 2091 4500 et
2110 4460 2198 4500 ec-

621 4540 805 4596 clesiae
834 4535 1256 4607 congregatione
1283 4533 1528 4598 dimissa,
1553 4534 1757 4589 reversi
1784 4535 1850 4590 ad
1880 4536 2074 4592 cellam
2107 4554 2197 4594 se-

2299 4352 2470 4423 cipiat
2496 4354 2836 4417 suavitatem,
2884 4354 3078 4424 quippe
3118 4356 3270 4425 cujus
3305 4358 3481 4410 tantus
3532 4366 3615 4411 est
3654 4357 3876 4415 tnodus,

2302 4452 2362 4497 ut
2390 4444 2475 4499 vix
2503 4445 2671 4512 ipsius
2694 4446 2925 4514 gutturis
2962 4446 3298 4515 fauciumque
3325 4458 3529 4501 tneatns
3557 4461 3662 4500 non
3699 4447 3881 4503 dicant

2301 4535 2480 4601 linire,
2512 4535 2605 4590 sed
2648 4538 2979 4605 pertransire
3005 4538 3274 4603 sufficiat;
3304 4536 3394 4591 sed
3423 4546 3482 4590 ut
3511 4536 3614 4590 hoc
3656 4552 3753 4591 usu
3784 4540 3875 4607 ja-

621 4634 725 4695 nis,
774 4628 961 4684 refecti
1006 4627 1236 4696 primum
1282 4623 1587 4681 lautissime
1615 4640 1820 4681 sumus.
1866 4627 1998 4683 Nam
2044 4639 2069 4667 τι
2100 4645 2198 4700 pro
2298 4627 2555 4682 clantiam
2603 4628 2814 4694 cordis,
2866 4645 2985 4698 qua:
3029 4645 3125 4700 pro
3171 4630 3486 4686 abstinentia
3541 4629 3883 4687 districtiore

621 4721 795 4778 muria
819 4736 935 4790 qua:
958 4717 1257 4823 superiecta
1278 4716 1382 4772 olei
1405 4724 1549 4823 gutta
1572 4716 1894 4787 quotidianae
1917 4720 2196 4777 refectioni
2228 4762 2277 4823 υ
2302 4718 2499 4774 blande
2528 4720 2667 4775 solet
2687 4734 2749 4776 ac
2773 4721 3001 4777 latenter
3041 4724 3302 4793 irrepere,
3329 4732 3385 4779 et
3406 4723 3655 4779 stimulos
3679 4723 3881 4779 elatio-

619 4811 827 4868 solebat
849 4810 1066 4879 apponi,
1103 4807 1373 4862 modicum
1408 4806 1722 4877 liquaminis
1753 4809 1988 4879 miscuit,
2013 4823 2067 4867 et
2091 4814 2193 4870 olei
2228 4806 2274 4823 ν
2302 4813 2386 4867 nis
2412 4812 2715 4868 obtundat:
2742 4814 2866 4883 quia
2889 4824 3090 4885 quanto
3109 4816 3433 4871 abstinentia
3463 4816 3577 4885 ipsa
3608 4814 3883 4870 occultius

618 4902 872 4974 quiddam
927 4900 1087 4954 solito
1131 4898 1452 4968 propensius
1493 4899 1820 4969 superfudit.
1868 4900 1999 4955 Nam
2050 4902 2191 4958 illam
2302 4916 2607 4975 exercetur,
2643 4906 2898 4978 nulloque
2930 4907 3206 4964 hominum
3240 4918 3377 4965 teste
3402 4907 3698 4979 perficitur.
3728 4917 3883 4964 tanto

617 4995 721 5050 olei
753 5002 956 5065 guttam
987 4991 1055 5045 ob
1082 4992 1185 5045 hoc
1222 4989 1587 5061 unusquisque
1618 4992 1859 5061 quotidie
1890 4995 2196 5052 relecturus
2297 4997 2549 5054 subtilius
2587 4998 2974 5056 occultatoretn
3017 5016 3176 5055 suum
3231 5008 3449 5056 tentare
3498 5015 3604 5054 non
3652 5000 3882 5056 desiuit.

617 5089 862 5153 instillat,
890 5100 996 5140 nou
1021 5094 1077 5138 ut
1100 5084 1216 5153 ejus
1245 5099 1308 5138 ex
1351 5083 1453 5139 hoc
1489 5084 1722 5153 gutturis
1746 5086 2033 5155 quamdam
2068 5102 2194 5157 per-
2302 5088 2327 5129 δ
2355 5090 2559 5148 Deinde
2582 5093 2832 5163 apposuit
2860 5093 3028 5149 salem
3060 5093 3299 5159 frictum,
3326 5094 3500 5150 olivas
3529 5103 3729 5160 ternas,
3764 5095 3886 5164 qui-

1681 5219 1935 5278 suum
1975 5224 2204 5282 cum
2238 5196 2808 5287 COMMENTARIUS.

688 5335 717 5361 ι
758 5323 832 5377 [)e
874 5318 1064 5398 muria
1102 5314 1501 5398 Ita-:edsworus
1540 5314 1847 5397 (Ειυηιρι.)
1872 5317 2191 5398 ;,ζιὶ(ιυιιοῃρη
2302 5330 2408 5398 est,
2451 5321 2854 5398 liquoneaggsale
2890 5322 3699 5398 resolutus,“quantusalmuriam
3728 5326 3879 5395 vulgo

620 5397 817 5450 dictum
842 5408 903 5445 eo
918 5388 1064 5467 quod
1094 5387 1253 5467 soluti
1275 5388 1329 5467 in
1356 5384 1665 5467 salsuginem
1696 5384 1928 5467 pisciculi
1954 5384 2190 5467 eumdem
2302 5384 2523 5467 {licinius
2550 5408 2574 5467 _:
2596 5391 2793 5467 Gallice
2821 5408 3097 5467 saum‘ure.
3131 5384 3338 5467 Plinius
3367 5392 3459 5448 lib.
3489 5409 3617 5448 χιιι
3648 5409 3766 5462 cap.
3801 5384 3837 5449 ἐξ
3864 5413 3875 5445 :

620 5468 885 5537 humorem
910 5456 1595 5537 liquam.[Al._linquant_|,
1621 5459 1770 5527 cujus
1819 5458 1986 5537 liquor
2011 5460 2189 5537 appel-
2298 5460 2490 5537 diaria,
2518 5462 2621 5537 sige
2648 5462 2857 5537 salsu_go
2901 5464 3107 5537 spissat,
3153 5464 3374 5537 utardet,
3401 5473 3670 5537 extenuat,
3698 5456 3873 5518 siccat.

616 5541 754 5593 lntur
778 5525 1011 5605 salsugo,
1044 5525 1355 5605 vel’muriaL
1365 5525 1583 5597 Proprie
1610 5525 1781 5605 autent
1808 5528 1972 5605 muria
2001 5525 2192 5582 dicitur
2296 5525 2522 5585 Mariam
2548 5530 2732 5605 Festus
2764 5525 3041 5605 Pompeius
3070 5525 3131 5605 ea:
3166 5525 3413 5605 Veramni
3439 5525 3692 5588 sententia
3723 5537 3876 5589 inter-

615 5624 774 5677 aqtta,
812 5596 1248 5677 sttleicommixta,
1273 5596 1557 5677 a/fectaque
1586 5600 1818 5677 gusttt‘in
1847 5597 2056 5676 inodum
2083 5615 2194 5677 nta-
2295 5611 2527 5677 pretotur
2553 5604 2711 5677 salem
2740 5596 3034 5677 sordidum,
3069 5604 3121 5656 in
3163 5603 3271 5671 pila
3297 5605 3507 5674 pistum,
3553 5613 3600 5658 et
3637 5606 3690 5657 in
3718 5604 3875 5658 ollam

616 5667 709 5735 ris.
737 5676 861 5730 llaec
887 5670 1159 5744 Isidorus,_
1176 5682 1238 5718 ex
1260 5681 1365 5744 quo
1390 5667 1705 5744 Ambrosius
1727 5668 2009 5744 Calepiuus
2034 5670 2191 5744 paulo

618 5747 858 5802 Clarius:
902 5739 1100 5799 Maria,
1146 5736 1340 5807 inquit,
1373 5753 1549 5807 genus,
1578 5736 1898 5807 liquaminis,
1946 5736 2084 5807 ιμιὸιι
2131 5756 2194 5793 ea:

620 5818 818 5878 uimine
852 5810 992 5878 pisce
1019 5804 1403 5872 conﬁciebatur.
1438 5804 1636 5859 Dicitur
1662 5806 1818 5860 etiam
1843 5804 2073 5880 salsugo,
2096 5810 2193 5866 hoc

2296 5671 2504 5738 fictilem
2524 5674 2827 5742 conjectum,
2860 5674 3029 5743 ibique
3054 5671 3310 5744 opertum,
3332 5682 3728 5745 gypsatstmque,
3755 5686 3801 5730 et
3822 5678 3867 5727 is

2298 5749 2451 5806 [tirno
2478 5752 2790 5808 percoctum.

2369 5809 2394 5849 ιτ
2432 5810 2507 5866 Ita
2552 5811 2733 5881 legunt
2764 5813 3088 5872 vetustiores
3134 5812 3281 5881 libri,
3334 5813 3532 5886 quibus
3581 5811 3873 5885 Dionysius
