4026 6204
86 314 187 376 nt
707 315 1052 375 COLLATIO
1090 317 1223 375 vui.
1251 348 1324 360 —
1356 318 1443 374 ns
1486 318 2013 384 PRINCIPATIBUS
2052 325 2187 384 seu
2229 326 2775 391 POTESTATIBUS.
3286 354 3389 413 ηρ

83 432 189 492 bus
211 439 339 504 post
366 432 493 488 hac
536 433 884 503 superintulit
915 434 1206 488 canistrum
1248 416 1458 489 habens
1487 442 1509 469 ⁸
1536 434 1683 490 cicer
1709 444 1762 504 Α
1787 445 1905 490 tura
1931 439 2036 493 alia
2072 440 2256 511 poterit
2288 458 2383 495 nos
2412 459 2645 515 separare
2671 462 2704 499 a
2734 444 2985 503 charitate
3014 448 3114 505 Dei
3148 470 3267 522 quer
3315 476 3390 516 ρει

80 526 315 584 frictum
348 524 495 596 quod
523 525 600 580 illi
628 523 657 562 δ
685 525 915 595 trogalia
945 536 1159 591 vocant,
1196 541 1263 581 ex
1304 526 1497 596 quibus
1525 527 1686 596 quina

83 627 307 671 tantum
341 617 681 686 sumpsimus
711 631 903 687 grana,
929 626 952 655 ο
980 618 1218 689 myxaria
1246 618 1395 682 bina,
1423 616 1449 655 ἀ
1481 618 1687 675 caricas

85 709 367 781 singulas,
399 710 544 765 hunc
573 711 718 764 enim
762 725 1046 765 numerum
1076 709 1126 764 in
1154 710 1246 765 illa
1279 726 1463 767 eremo
1499 726 1687 782 quem-

87 814 262 867 quam
295 798 597 856 excessisse
623 800 888 870 culpabile
919 809 1026 855 est.
1057 801 1168 867 Qua
1201 802 1497 858 refectione
1518 810 1691 857 trans-

90 903 248 959 acta,
276 894 605 963 promissam
652 894 967 963 quazstionis
995 894 1397 951 absolutionem
1439 911 1562 951 cum
1604 912 1691 952 re-

90 1000 336 1057 poscere
355 986 729 1055 cmpissemus,
753 986 1020 1055 Proferte,
1046 988 1220 1059 inquit
1240 1002 1430 1055 senex,
1455 987 1691 1044 interro-

89 1076 373 1145 gationem
396 1085 653 1146 vestram,
676 1078 827 1148 cujus
850 1078 900 1132 in
924 1080 1061 1134 hanc
1084 1078 1273 1135 horam
1300 1079 1688 1137 distuleramus

92 1170 436 1241 indaginem.

730 1261 956 1318 CAPUT
994 1263 1061 1317 ll.

96 1351 349 1407 Secunda
386 1352 669 1423 propositio
712 1353 777 1407 de
818 1355 1115 1436 diversitate
1154 1355 1507 1425 nequitiarum
1546 1356 1695 1410 cmle-

809 1434 987 1481 stium.

170 1532 304 1586 Tum
332 1532 639 1589 Germanus
662 1552 679 1590 :
702 1534 883 1599 Unde,
916 1550 1254 1606 quaesumus,
1281 1545 1427 1591 tanta
1458 1537 1691 1593 varietas

99 1628 532 1685 adversariarum
560 1638 893 1700 potestatum
917 1639 1108 1687 contra
1138 1632 1409 1686 hominem
1433 1646 1495 1685 ac
1515 1631 1693 1687 diver-

98 1723 233 1775 sitas
276 1722 379 1775 ista
411 1720 722 1790 processit?
762 1736 895 1791 quas
924 1720 985 1775 Β.
1019 1720 1307 1793 Apostolus
1339 1723 1410 1777 ita
1448 1722 1688 1779 dinume-

1792 532 1847 582 in
1885 528 2092 585 Christo
2126 530 2253 585 Jesu
2296 533 2518 588 Domino
2562 547 2733 590 nostro
2782 537 2966 608 (Rom.
3021 542 3168 612 vui).
3231 544 3386 602 Unde

1791 635 1920 690 ergo
1955 631 2116 677 tanta:
2146 624 2368 680 malitia:
2389 627 2580 681 aemula
2610 629 2765 683 nobis
2792 631 3020 687 emersit
3045 632 3385 689 adversitas?

1793 716 1874 768 An
1918 714 1987 769 ad
2014 715 2115 770 hoc
2155 725 2450 786 potestates
2485 720 2612 774 istas
2640 735 2667 773 a
2693 720 2922 776 Domino
2967 724 3215 779 conditas
3261 743 3382 780 esse

1792 804 2120 861 credendum
2142 816 2307 863 estut
2332 809 2414 865 his
2435 820 2622 865 contra
2647 811 2917 868 hominem
2938 814 3196 883 gradibus
3221 825 3382 888 atque

1792 897 2073 955 ordinibus
2099 898 2435 956 militarent?

2401 1010 2629 1069 CAPUT
2666 1013 2758 1070 ΙΙΙ.

1793 1122 2082 1196 Responsio
2103 1125 2166 1179 de
2190 1125 2460 1198 multiplici
2488 1145 2603 1185 esca
2628 1129 3017 1203 Scripturarum
3048 1144 3367 1190 sanctarum.

1865 1259 2101 1317 Serenus
2130 1277 2143 1314 :
2173 1260 2485 1318 Divinarum
2515 1261 2912 1336 Scripturarum
2953 1269 3270 1336 auctoritas,
3303 1275 3372 1325 dc

1795 1351 1878 1406 his
1909 1353 1962 1406 in
2002 1351 2197 1423 quibus
2227 1368 2328 1408 nos
2356 1354 2525 1410 voluit
2553 1355 2795 1425 erudire,
2818 1360 3063 1427 qiuedam
3093 1360 3257 1415 etiam
3284 1360 3370 1415 his

1793 1441 1885 1512 qui
1906 1444 2154 1499 acumine
2176 1443 2374 1515 ingenii
2401 1456 2591 1501 carent
2622 1456 2727 1502 tam
2767 1447 2941 1504 lucide
2979 1449 3369 1521 evidenterque

1793 1532 1952 1589 effata
1978 1544 2082 1601 est,
2115 1544 2172 1590 ut
2194 1551 2304 1590 non
2331 1537 2504 1591 solum
2529 1537 2672 1592 nulla
2703 1539 3020 1595 occultioris
3052 1556 3243 1597 sensus
3269 1543 3368 1597 ob.

1794 1634 2077 1680 scurentur
2119 1640 2215 1680 seu
2247 1626 2490 1681 velentur
2528 1628 2738 1696 umbra,
2782 1629 2875 1684 sed
2914 1645 2981 1685 ne
3004 1629 3119 1685 ullo
3144 1631 3362 1702 quidem

1794 1717 2094 1784 patrocinio
2137 1716 2599 1788 interpretationis
2646 1720 2943 1790 indigeant,
2973 1731 3027 1777 et
3053 1723 3107 1777 in
3135 1724 3369 1794 superli-

94 1822 181 1866 rat
209 1831 223 1865 :
257 1812 381 1866 Non
408 1822 480 1867 est
505 1812 651 1865 nobis
681 1812 978 1867 colluctatio
1006 1813 1252 1867 adversus
1276 1829 1477 1867 carnem
1501 1823 1549 1868 et
1569 1831 1686 1868 san-
1720 1828 1765 1887 Β
1792 1810 1874 1864 cie
1922 1810 2069 1865 vocis
2110 1824 2172 1865 ac
2212 1809 2408 1866 littera:
2452 1825 2583 1865 suos
2620 1812 2924 1868 intellectus
2962 1828 3025 1868 ac
3070 1817 3369 1872 sententias

92 1905 331 1973 guinem,
356 1904 445 1958 sed
465 1906 709 1959 adversus
728 1906 1050 1974 principatus
1071 1913 1116 1960 et
1135 1914 1424 1977 potestates,
1444 1906 1690 1961 adversus
1789 1903 2100 1973 praeferant.
2147 1904 2405 1971 Quaedam
2433 1920 2561 1961 vero
2592 1906 2662 1961 ita
2694 1914 2937 1962 contecta
2968 1916 3024 1963 et
3045 1908 3367 1979 quibusdam

96 1998 286 2052 mundi
330 2008 576 2064 rectores,
624 1999 939 2053 tenebrarum
970 2002 1175 2066 harum,
1205 2008 1383 2054 contra
1422 2000 1685 2073 spiritalia
1786 1994 2070 2051 obscurata
2115 1996 2389 2067 mysteriis
2433 2009 2589 2065 sunt,
2623 2009 2681 2055 ut
2709 2000 2761 2054 in
2793 2014 2979 2055 eorum
3023 2001 3368 2061 discussione

96 2089 347 2159 nequitia:
376 2089 427 2142 in
450 2088 735 2143 calestibus
758 2088 981 2160 (Ephes.
1016 2090 1122 2161 γι).
1155 2091 1221 2145 Ει
1249 2092 1442 2146 iterum
1470 2089 1686 2161 :Neque
1784 2096 1840 2143 et
1865 2088 2143 2143 intellectu
2185 2087 2507 2144 immensum
2539 2090 2696 2144 nobis
2722 2090 2978 2145 exercitii
3019 2105 3265 2161 campum
3300 2107 3365 2148 ac

94 2182 300 2252 angeli,
330 2198 493 2251 neque
518 2182 859 2252 principatus,
897 2198 1055 2249 neque
1084 2182 1312 2250 virtutes,
1344 2199 1511 2253 neque
1538 2199 1684 2238 crea-
1781 2181 2166 2237 sollicitudinis
2211 2192 2573 2238 reservarent.
2605 2179 2777 2248 Quam
2825 2197 2941 2237 rem
2987 2185 3186 2240 multas
3220 2195 3244 2223 ο
3292 2186 3365 2240 ob

1161 2319 1417 2375 ALARDI
1457 2318 1693 2376 GAZEI
1731 2317 2295 2376 COMMENTARIUS.

96 2407 419 2473 asseutitur,
451 2415 505 2462 ut
533 2406 799 2479 Cuychius
827 2409 1156 2465 observavit.
1188 2413 1256 2465 At
1281 2411 1374 2465 alii
1395 2412 1554 2466 etiam
1577 2426 1673 2465 ve-

98 2488 248 2534 teres
284 2492 418 2551 mss.
463 2479 543 2551 sic
584 2479 820 2535 habent:
854 2481 1107 2551 Apposuit
1147 2482 1252 2535 sale
1294 2482 1475 2551 frictas
1516 2482 1677 2535 olivas

103 2558 298 2603 ternas.
338 2550 470 2615 Quze
516 2550 674 2621 lectio
705 2550 1040 2621 plausibilior
1075 2559 1130 2606 et
1158 2550 1499 2606 commodior
1530 2552 1679 2607 vide-

100 2630 192 2692 tur
223 2636 235 2670 :
262 2635 420 2690 quam
444 2629 498 2675 et
522 2619 858 2692 Lavardinus
886 2621 1092 2692 Gallice
1115 2623 1193 2675 sic
1214 2625 1480 2692 expressit
1507 2639 1521 2676 :
1549 2621 1679 2677 Puis

103 2690 145 2761 il
165 2705 291 2744 nous
308 2706 504 2761 appose
528 2691 559 2744 ὰ
587 2693 788 2745 chacun
817 2695 938 2745 trois
967 2691 1125 2746 olives
1156 2690 1299 2761 [rites
1327 2709 1444 2747 avec
1484 2694 1551 2746 du
1581 2692 1677 2747 sel.

103 2760 355 2833 Alioquin
383 2760 786 2833 interponenda
836 2763 1009 2818 fuerat
1054 2764 1358 2830 conjunctio
1383 2775 1451 2829 et,
1490 2763 1681 2819 distin-

104 2831 299 2904 ctionis
328 2847 508 2888 causa.
543 2831 610 2888 At
641 2849 897 2904 quorsum
946 2834 1024 2889 sal
1069 2847 1314 2888 seorsum
1345 2834 1557 2902 frictus,
1590 2835 1680 2890 ubi

104 2902 278 2956 muria
309 2904 496 2958 aderat
525 2902 861 2959 salsissima?

177 2973 206 3002 ⁸
242 2971 421 3046 Cicer,
452 2976 703 3046 ἐρέϐινθος
733 2974 939 3041 (ἔναιρε,
965 2991 1137 3046 genus
1157 2987 1243 3046 est
1267 2976 1579 3046 leguminis,
1614 2976 1682 3031 de

177 2995 206 3002 “
244 2995 421 3041 DICEI',
452 2995 473 3029 ε
513 2995 703 3036 εῡινυος
733 2995 939 3041 υΐαέρϐ,
965 2995 1137 3046 genus
1163 2995 1243 3029 εει
1269 2995 1579 3046 teguminis,
1614 2995 1676 3031 ue

106 3059 212 3114 quo
241 3041 448 3099 Plinius
475 2995 567 3099 (ξι).
624 3061 749 3100 xviii
798 3062 914 3114 cap.
966 3047 1052 3101 12.
1106 3045 1315 3102 Ciceris
1358 3055 1547 3100 natura
1593 3057 1676 3101 est

102 3114 248 3186 gigni
279 3130 399 3169 cum
422 3116 728 3186 salsilagine
760 3117 918 3170 :ideo
950 3119 1120 3171 solum
1147 3117 1276 3185 urit,
1311 3132 1410 3172 nec
1443 3117 1543 3171 nisi
1568 3132 1679 3172 ma-

101 3185 373 3255 defactum
400 3186 572 3253 pridie
600 3185 706 3241 εει-ἰ
743 3196 937 3255 petest.

168 3254 199 3293 δ
237 3258 523 3330 Τρωγάλια,
553 3268 618 3330 ut
643 3254 846 3312 notavit
867 3257 1179 3330 Ciaconius.
1211 3258 1401 3314 Latine
1434 3258 1677 3325 bellaria,

102 3325 207 3400 hoc
234 3325 319 3381 est
338 3325 621 3393 dulciaria,
653 3339 708 3384 et
732 3330 870 3400 gulae
894 3329 1117 3383 delicias
1144 3344 1264 3400 esse
1290 3329 1479 3384 dicunt
1511 3331 1563 3383 hi
1591 3331 1680 3400 qui

102 3397 313 3520 glossas
354 3397 866 3466 scripseruntssed
913 3402 965 3453 in
1011 3415 1195 3455 eremo
1235 3399 1491 3471 Scythica
1536 3397 1681 3455 cicer

125 3468 322 3520 rictum
354 3471 632 3520 monachis
675 3485 771 3520 pro
801 3471 1038 3520 bellariis
1067 3478 1207 3520 erat-
1244 3480 1299 3520 et
1329 3473 1453 3520 inde
1485 3471 1558 3520 ita
1588 3487 1681 3520 vo-

125 3468 322 3592 rigtum
354 3471 632 3524 monachis
675 3485 771 3540 pro
801 3471 1038 3525 bellariis
1067 3478 1207 3533 erat,
1244 3468 1453 3526 et'inde
1485 3471 1558 3526 ita
1588 3487 1681 3527 vo-

125 3552 162 3589 :a
203 3548 317 3592 ant.
1366 3569 1371 3573 ο

101 3548 317 3592 canant.
1366 3569 1371 3573 -

176 3619 199 3647 ο
239 3610 739 3687 μυξάρια-ἀίειιιιιιιι·
759 3626 928 3687 prima
952 3611 1299 3687 Damascenis
1319 3611 1548 3687 minora,
1576 3629 1677 3687 nu-

101 3677 222 3733 cleo
244 3677 982 3753 intus'_triangulari.'Plinius
1010 3683 1103 3737 lib.
1147 3697 1240 3736 xm
1281 3698 1401 3753 cap.
1434 3684 1467 3738 5
1497 3677 1550 3739 et
1578 3684 1673 3738 lib.

99 3764 171 3802 xv
197 3763 317 3832 capo.
350 3750 433 3818 l5,
467 3750 579 3806 ubi'
602 3763 780 3808 tamen
827 3768 1011 3824 myxas
1038 3763 1092 3808 et
1134 3768 1293 3824 myxa
1339 3750 1514 3823 vocat,
1571 3768 1676 3808 non

96 3834 339 3890 myxaria
350 3861 363 3874 .

171 3889 199 3929 ἀ
238 3889 477 3959 Caricas,
527 3907 630 3948 non
660 3908 880 3964 carycas
907 3909 999 3964 per
1028 3911 1060 3965 y
1089 3894 1333 3950 Grzecum
1366 3903 1493 3951 :est
1534 3894 1673 3950 enim

97 3968 298 4033 c’aryca
325 3965 737 4035 condimentum,
771 3979 838 4019 ex
864 3970 1123 4035 sanguine
1164 3976 1218 4019 et
1246 3966 1406 4019 variis
1450 3966 1676 4020 lautitiis

91 4038 510 4109 confectum,‘u_t
533 4036 696 4109 habet
723 4034 935 4109 S_ui_d_as,
964 4034 1102 4105 quod
1126 4038 1502 4109 ει-καρὼεευμα
1527 4036 1678 4091 ϐιω-

92 4104 174 4157 cis
198 4102 396 4158 dicitur
426 4103 591 4173 (Ctel.
618 4105 786 4158 Rhod.
813 4106 903 4159 lib.
934 4102 1076 4160 xivu
1108 4123 1153 4159 c.
1176 4102 1303 4173 “255.
1337 4102 1524 4161 Carica
1547 4121 1674 4161 vero

88 4187 265 4246 genus
300 4176 453 4246 licus,
483 4175 656 4246 Syria:
686 4176 976 4245 peculiare.
1012 4177 1213 4232 Plinius
1240 4175 1333 4233 lih.
1352 4193 1444 4231 xm
1467 4193 1588 4243 cap.
1618 4178 1670 4231 5:

92 4244 261 4320 Syria
290 4242 576 4320 peculiares
596 4242 744 4320 habet
772 4247 978 4301 arbores
1002 4249 1218 4315 ﬁcorum
1247 4265 1428 4320 genere
1454 4242 1671 4320 caricas,

88 4325 135 4366 et
166 4314 399 4385 minores
427 4318 539 4384 eius
559 4318 754 4385 generis
778 4333 891 4385 qua:
920 4314 1105 4371 cutana
1128 4314 1330 4373 voca'nt.
1358 4316 1547 4371 Cicero
1576 4318 1669 4372 lib.

87 4398 125 4436 ιι
158 4384 240 4439 De
294 4384 673 4441 Divinatione:
712 4384 838 4442 Cum
886 4386 1096 4441 Marcus
1125 4386 1345 4443 Crassus
1389 4388 1671 4442 exercitum

85 4452 386 4529 Brundusii
421 4457 720 4529 imponeret,
753 4458 962 4527 quidam
990 4460 1043 4511 in
1073 4468 1225 4529 portu
1259 4460 1459 4529 caricas
1490 4456 1669 4514 Cauno

84 4524 335 4579 advectas
385 4529 622 4591 vendens,
671 4524 901 4582 Cauneas
946 4524 1266 4581 clamitabat.
1317 4528 1586 4582 Cancrum
1616 4532 1669 4583 in

1778 2411 1900 2465 cula
1942 2418 1996 2464 et
2018 2410 2239 2466 obsonia
2271 2410 2467 2482 quibus
2494 2424 2557 2482 se,
2579 2424 2847 2482 suumque
2891 2409 3098 2482 socium
3131 2410 3361 2482 Germa-

1779 2496 1906 2536 num
1935 2495 2054 2536 cum
2086 2480 2517 2539 abbate'Sereno
2549 2481 2759 2552 hospite
2799 2481 3097 2537 lautissime
3125 2480 3359 2538 refectos

1781 2552 1985 2624 Auctor
2013 2555 2231 2618 asserit,
2255 2568 2374 2624 qua:
2404 2554 2581 2608 omnia
2606 2553 2930 2622 compendio
2961 2561 3175 2608 notasse
3200 2553 3361 2622 juve-

1782 2623 1873 2676 rit.
1901 2622 2138 2677 Primum
2166 2622 2425 2678 ferculum
2454 2625 2649 2690 muria,
2675 2638 2832 2693 quam
2856 2624 3017 2694 vulgo
3044 2624 3363 2682 salmuriam

1782 2708 2055 2747 vocamus.
2086 2694 2413 2762 Secundum,
2445 2695 2713 2750 modicum
2736 2695 2863 2758 olei,
2890 2696 3005 2749 sive
3030 2694 3359 2763 liquaminis,

1822 2764 1925 2818 uod
1948 2764 2178 2833 gutturis
2204 2776 2435 2818 meatum
2467 2767 2552 2819 vix
2585 2765 2957 2834 pertransiret.
2988 2764 3253 2828 Tertium,
3277 2769 3362 2822 sal

1808 2835 1990 2906 rictus.
2024 2834 2501 2906 Quartumholiva:
2534 2845 2720 2901 ternm,
2757 2834 2966 2889 scilicet
3006 2836 3057 2889 in
3089 2836 3355 2906 singulos.

1782 2902 2059 2978 Quintum,
2085 2905 2277 2960 ciceris
2294 2902 2447 2978 fricti
2476 2920 2646 2978 pauca
2669 2920 2857 2978 grana.
2875 2907 3132 2978 gSextum,
3173 2902 3361 2978 fnyxa-

1782 2976 1881 3041 ria,
1916 2976 1967 3047 id
1991 2986 2092 3047 est.
2124 2990 2293 3045 pruna
2318 2975 2438 3028 bina
2471 2975 2526 3030 in
2558 2975 2837 3047 singulos.
2866 2976 3187 3047 Septimum,
3218 2975 3362 3033 cari-

1780 3059 1879 3110 cre,
1912 3045 2025 3101 sive
2047 3045 2177 3101 ficus
2205 3047 2429 3117 singulae
2449 3046 2693 3116 singulis.
2723 3045 3091 3114 Quibus'serio
3120 3048 3359 3105 conside‘

1782 3117 1943 3183 ratis,
1992 3118 2263 3189 perpende
2301 3125 2560 3189 quantum
2597 3118 2737 3189 inter
2770 3120 2883 3189 hinc
2909 3129 2961 3172 et
2991 3118 3089 3189 illa
3111 3126 3357 3189 tempora

1782 3196 1838 3261 et
1865 3202 2041 3261 mores
2064 3187 2296 3261 intersit.
2325 3190 2437 3256 Qua
2455 3187 2527 3261 de
2551 3202 2610 3243 re
2630 3187 2832 3261 videi).
2859 3188 3118 3261 Bernard.
3148 3190 3200 3261 in
3222 3187 3360 3261 apo-

1707 3224 1753 3289 C
1786 3224 2688 3327 ιόκῖἐιῖιΐόῗιῖἷίὲῐὶιὶ.πὲἒῦιῖπίἓωῖ
2729 3258 2830 3315 Ubi
2861 3224 3002 3315 ἶῖιῖὶτ
3027 3224 3129 3312 alia
3159 3224 3359 3316 ἑξέῗῖ-

1785 3329 1979 3385 clamat
2004 3347 2017 3384 :
2051 3329 2095 3383 0
2120 3343 2366 3403 quantum
2390 3331 2640 3403 distamus
2665 3330 2726 3385 ab
2748 3330 2941 3403 hisqui
2963 3332 3015 3384 in
3045 3330 3219 3384 diebus
3248 3330 3348 3384 An-

1784 3403 1913 3456 tonii
1939 3401 2172 3457 exstitere
2199 3401 2473 3458 monachi!
2511 3403 2783 3474 Siquidem
2803 3401 2882 3455 illi
2925 3417 3040 3455 cum
3066 3419 3117 3474 se
3146 3403 3356 3474 invicem

1783 3488 1874 3544 per
1892 3482 2098 3544 tempus
2128 3492 2190 3530 ea:
2236 3474 2486 3529 cltaritate
2513 3470 2816 3544 reviserent,
2859 3482 3003 3544 tanta
3052 3470 3112 3523 ab
3143 3473 3354 3525 invicem

1782 3541 2028 3597 aviditate
2071 3561 2255 3613 panem
2300 3545 2586 3613 animarum
2628 3541 2994 3613 percipiebant,
3038 3549 3091 3590 nt
3124 3546 3353 3613 corporis

1781 3616 1948 3666 cibum
1986 3612 2191 3684 penitus
2234 3614 2402 3677 obliti,
2446 3612 2581 3684 diem
2619 3612 2914 3684 plerumque
2957 3618 3114 3684 totum
3140 3612 3353 3684 jejunis

1778 3676 2059 3747 ventribus,
2089 3686 2179 3737 sed
2208 3700 2308 3737 non
2339 3682 2588 3733 mentibus
2619 3676 2987 3748 transigerent.
3021 3676 3088 3728 Et
3130 3676 3216 3729 hic
3242 3690 3351 3731 erat

1777 3761 1945 3823 rectus
1970 3754 2116 3815 ordo,
2145 3752 2351 3823 quando
2381 3750 2603 3820 digniori
2624 3750 2760 3823 parti
2786 3747 2929 3814 prius
2965 3747 3348 3823 inserviebatur.

1784 3820 1909 3875 Harc
1933 3837 2130 3875 summa
2156 3818 2418 3882 discretio,
2440 3818 2560 3872 cum
2586 3819 2812 3885 amplius
2839 3818 3068 3869 sumebat
3098 3831 3213 3882 qua:
3240 3834 3350 3870 ma-

1766 3895 1859 3963 jor
1879 3901 2005 3944 erat.
2035 3890 2160 3945 Rrec
2188 3893 2407 3963 denique
2435 3905 2555 3943 vera
2581 3888 2827 3956 Charitas,
2860 3888 2947 3940 ubi
2982 3886 3192 3963 animm,
3222 3904 3348 3963 qua-

1775 3957 1889 4016 rum
1916 3964 2166 4016 charitate
2196 3957 2427 4017 Christus
2453 3969 2683 4013 mortuus
2706 3968 2801 4025 est,
2837 3967 2977 4012 tanta
3004 3957 3349 4013 sollicitudine

1775 4034 2214 4104 refocillabantur.
2265 4032 2425 4086 Nobis
2466 4040 2636 4104 autem
2667 4028 3153 4104 convenientibusjn
3185 4046 3347 4083 unum

1776 4099 1863 4173 (ut
1891 4105 2050 4158 verbis
2084 4105 2316 4171 Apostoli
2345 4101 2496 4172 utar)
2510 4105 2625 4174 jam
2660 4117 2761 4174 n_on
2787 4109 2861 4155 est
2892 4099 3216 4174 Dontinicam
3248 4116 3349 4155 coe-

1774 4170 1894 4229 nam
1915 4178 2226 4229 manducare
2248 4170 2495 4249 (lCorin.
2510 4170 2580 4226 ἰι
2601 4173 2638 4241 ).
2666 4170 2866 4249 Panem
2886 4172 3347 4249 quippe_cmleslent

1772 4262 1919 4299 neruo
1948 4257 2020 4300 est
2043 4250 2130 4318 qui
2155 4242 2396 4318 requirat,
2422 4260 2564 4318 nemo
2588 4245 2675 4314 qui
2697 4244 2910 4318 tribuat.
2939 4242 3087 4318 Nihil
3111 4242 3175 4295 de
3197 4242 3341 4297 Scri-

1770 4319 1963 4384 pturis,
1993 4314 2123 4371 nihil
2147 4314 2403 4372 de'salute
2432 4316 2602 4387 agitur
2623 4316 2951 4387 animarum_;
2979 4314 3067 4366 sed
3094 4330 3263 4384 nugis,
3296 4325 3346 4369 et

1771 4383 1926 4451 risus,
1954 4398 1999 4442 et
2025 4390 2175 4442 verba
2200 4383 2537 4459 proferuntur
2561 4386 2611 4437 in
2654 4394 2875 4438 ventum.
2911 4383 3054 4437 Inter
3083 4383 3345 4455 pranden-

1770 4459 1893 4511 dum
1919 4470 2163 4527 quantum
2193 4456 2364 4529 fauces
2395 4456 2635 4529 dapibus,
2666 4464 2861 4509 tantum
2889 4471 3038 4529 aures
3064 4465 3345 4529 pascuntur

1770 4532 2083 4601 rumoribus,
2131 4528 2313 4601 quibus
2356 4539 2489 4581 totus
2532 4528 2757 4601 intentus
2802 4528 3011 4601 modum
3041 4528 3242 4579 nescias
3288 4528 3343 4582 in

86 4593 253 4668 Caria
299 4600 520 4666 regione
552 4600 706 4652 ticum
740 4599 1001 4667 ejusmodi
1046 4601 1267 4668 copiose
1310 4598 1455 4651 nasci
1505 4611 1666 4667 atque
1692 4601 1746 4662 D
1770 4600 1985 4654 edendo.
2022 4593 2238 4655 Interim
2267 4610 2434 4653 autem
2463 4594 2666 4668 fercula
2684 4598 2890 4666 ferculis
2915 4607 3264 4668 apponuntur,
3295 4608 3343 4652 et

84 4664 216 4740 inde
245 4664 442 4740 nomen
469 4668 695 4723 traxisse
716 4664 901 4723 auctor
922 4680 1005 4725 est
1026 4664 1240 4733 Strabo,
1272 4679 1327 4722 ut
1353 4676 1503 4722 natat
1526 4664 1665 4740 City-

80 4734 264 4789 cbius.
297 4736 488 4790 Mirum
513 4752 676 4805 porro
703 4740 843 4807 quod
866 4742 951 4794 hic
972 4740 1165 4794 dicitur
1195 4740 1429 4807 singulas
1460 4734 1663 4794 tantum

80 4806 299 4861 caricas
326 4807 553 4876 singulis
583 4806 859 4864 monachis
897 4810 1061 4865 fuisse
1091 4806 1398 4871 concessas,
1440 4820 1496 4865 et
1526 4812 1667 4866 hunc

79 4879 698 4949 numerumexcessisse
721 4882 1009 4949 culpabile,
1034 4881 1134 4935 nisi
1154 4881 1379 4949 junclim
1403 4895 1522 4935 cum
1546 4884 1666 4937 aliis

80 4948 227 5022 cibis
247 4948 595 5022 intelligatur.
617 4948 748 5004 Nam
774 4948 836 5005 l)’.
861 4948 1217 5021 Hieronymus
1232 4966 1326 5020 pro
1346 4966 1538 5022 magno
1568 4954 1668 5007 mi-

79 5017 270 5091 raculo
295 5020 644 5088 etsingularis
669 5022 1005 5076 abstinentia:
1026 5017 1272 5091 eiempl'o
1293 5017 1480 5088 referi,
1503 5025 1665 5078 etiam

78 5088 329 5163 adhibito
340 5091 671 5163 juramento,
688 5093 1007 5147 monachum
1026 5088 1306 5163 quemdam
1330 5094 1565 5163 quinque
1581 5110 1666 5149 ca-

82 5159 279 5233 ricisin
298 5159 417 5216 dies
428 5160 631 5216 vixisse
647 5180 660 5215 :
674 5163 876 5227 Jesum,
902 5159 1070 5232 inquit
1094 5161 1186 5233 (In
1214 5162 1333 5215 Vita
1348 5159 1510 5218 Pauli
1533 5163 1664 5218 Ere-

76 5230 265 5305 τιιίιιε),
300 5239 474 5305 testor,
505 5243 555 5286 et
575 5243 780 5305 sanctos
805 5230 1013 5305 angelos
1042 5230 1171 5304 ejus,
1202 5234 1332 5305 inea
1346 5237 1499 5287 eremi
1518 5244 1665 5304 parte

77 5314 194 5375 qua:
208 5303 364 5375 ium
384 5302 593 5375 Syriam
613 5302 893 5359 Saracenis
899 5302 1163 5375 jungitur,
1184 5304 1368 5357 vidisse
1386 5321 1465 5375 me
1480 5302 1661 5358 mona-

78 5372 221 5436 chos,
230 5372 294 5425 de
303 5372 485 5445 quibus
496 5390 634 5427 unus
646 5390 737 5445 per
751 5372 961 5443 triginta
973 5372 1132 5428 annos
1144 5389 1165 5428 ι
1174 5375 1349 5440 lausus
1358 5374 1661 5438 ,hordeaceo

80 5457 212 5507 pane
232 5452 280 5495 et
311 5443 563 5498 lutulenta
598 5443 737 5514 aqua
777 5448 899 5499 vixit
922 5461 942 5500 :
982 5446 1113 5498 alter
1146 5447 1199 5499 in
1228 5447 1449 5498 cisterna
1477 5446 1660 5514 vcteri,

82 5528 230 5577 quam
241 5514 421 5585 gentili
432 5531 664 5586 sermone
675 5516 800 5585 Syri
812 5517 994 5570 cubam
1012 5526 1213 5581 vocant,
1232 5519 1455 5586 quinque
1474 5517 1658 5569 caricis

83 5598 170 5651 per
196 5586 427 5656 singulos
451 5585 563 5639 dies
588 5588 990 5640 sustentabatur.
1023 5588 1088 5641 Et
1118 5588 1173 5640 in
1217 5586 1330 5639 Vita
1364 5585 1657 5640 Hilarionis

85 5654 563 5711 scribit'eumdem
608 5656 911 5723 quindecim
960 5667 1163 5711 tantum
1210 5660 1443 5720 caricas,
1496 5655 1657 5725 idque

90 5735 199 5790 post
222 5725 353 5780 solis
374 5739 628 5781 occasum
652 5727 975 5781 comedisse.
1006 5727 1103 5781 Hic
1130 5742 1291 5795 porro
1315 5728 1657 5782 animadver-

93 5802 160 5851 tat
184 5797 357 5854 lector
384 5805 631 5853 veterum
662 5797 1052 5851 monachorum
1083 5798 1342 5865 lautitias,
1387 5796 1503 5852 sive
1542 5799 1655 5853 fer-

1768 4686 1862 4741 pro
1901 4673 2026 4724 solis
2058 4673 2316 4732 carnibus,
2346 4687 2377 4723 a
2410 4664 2590 4738 quibus
2616 4664 2919 4741 abstinetur,
2946 4664 3210 4741 grandia
3232 4670 3340 4741 pis-

1768 4734 1905 4793 cium
1948 4758 2165 4810 corpora
2212 4734 2559 4813 duplicantur.
2605 4734 3131 4813 Cuniq_tt.e_pr_ioribus
3182 4734 3342 4813 fueris

1767 4813 2006 4875 satiatus,
2041 4807 2095 4866 si
2135 4807 2381 4867 secundos
2426 4807 2677 4877 attigeris,
2724 4807 2973 4861 videberis
3002 4809 3090 4859 tibi
3121 4808 3341 4861 necdum

1767 4892 1998 4952 gustasse
2022 4884 2206 4953 pisces.
2246 4882 2417 4935 Tanta
2442 4881 2629 4951 quippe
2668 4879 3013 4960 accuratione,
3046 4886 3094 4930 et
3119 4886 3230 4960 arte
3254 4894 3341 4960 co-

1766 4967 1980 5019 quorum
2009 4962 2190 5006 cuncta
2213 4961 2553 5023 apparantur,
2575 4958 2821 5023 quatenus
2841 4960 3061 5023 quatuor
3086 4957 3174 5023 aut
3192 4957 3340 5023 quin—

1765 5018 1865 5091 que
1892 5024 2100 5083 ferculis
2120 5018 2394 5084 devoratis,
2418 5022 2584 5093 prima
2608 5034 2709 5071 non
2729 5019 3007 5093 impediant
3038 5018 3334 5093 novissima,
3423 5074 3439 5086 ,η

1766 5087 1857 5163 nec
1883 5094 2087 5146 satietas
2134 5095 2329 5147 minuat
2374 5087 2679 5163 appetitum.
2731 5087 2855 5143 Huic
2899 5087 3236 5163 Bernardus,
3270 5088 3338 5163 de

1763 5162 2211 5287 Clgiiiacensihus
2256 5156 2455 5234 agens,
2487 5162 2578 5232 qui
2628 5168 2806 5214 tamen
2834 5175 2862 5212 a
2889 5156 3142 5213 carnibus
3170 5157 3337 5212 absti-
3415 5230 3425 5242 .

1763 5247 1832 5287 ne
1868 5243 1978 5287 ant.
3416 5254 3425 5261 ν

1762 5243 1978 5288 nebant.

1838 5314 1861 5341 ο
1890 5302 2091 5361 Causas
2119 5304 2586 5382 easdcmtradunt
2609 5303 2706 5382 alii
2730 5302 2938 5382 Patres,
2965 5298 3335 5382 (τηις-δαῆναι·
3422 5324 3425 5355 :

1760 5389 1877 5428 ram
1908 5391 2114 5441 sacram
2154 5377 2381 5431 voluerit
2425 5375 2567 5429 Deus
2607 5374 2662 5428 in
2708 5374 2891 5427 multis
2932 5370 3173 5439 partibus
3217 5385 3336 5424 esse

1761 5446 2066 5501 obscuram.
2088 5448 2150 5501 ι).
2167 5447 2497 5516 Augustinus
2518 5444 2611 5499 lib.
2634 5460 2668 5498 ιι
2689 5445 2755 5516 de
2775 5445 3022 5516 Doctrina
3041 5441 3334 5495 Christian.

1762 5528 1889 5589 cap.
1909 5521 1968 5569 li:
1991 5514 2291 5589 Magniﬁce,
2315 5518 2504 5586 inquit,
2528 5514 3110 5589 etrsalubriterSpiritus
3131 5521 3334 5589 sanctus

1760 5582 1845 5660 ita
1861 5582 2161 5660 scripturas
2173 5582 2400 5643 'sanctas'
2417 5586 2744 5660 niodiﬁcavit,
2768 5596 2821 5638 ut
2849 5582 3331 5660 locisapert‘ioribus

1761 5656 1889 5724 fami
1916 5652 2221 5723 occurreret,
2248 5658 2639 5712 obscuritatibus
2677 5667 2842 5709 autem
2869 5655 3077 5720 fastidia
3108 5652 3331 5719 deterge.

1760 5738 1855 5781 ret.
1891 5727 2043 5782 Nihil
2083 5731 2219 5782 enim
2264 5731 2370 5799 fere
2419 5728 2482 5782 de
2530 5727 2647 5799 illis
2680 5724 3333 5799 obscuritatibus‘eruitur.
3396 5771 3413 5793 δ

1758 5800 1897 5852 ouod
1920 5814 2023 5853 non
2053 5792 2353 5870 planissime
2374 5801 2569 5853 dictum
2596 5796 2722 5851 alibi
2748 5796 3053 5871 reperiatur.
3081 5796 3141 5850 D.
3166 5792 3331 5874 ϐιρδς
