4026 6204
647 333 752 391 7‘25

1688 320 1964 380 JOANNIS
1999 318 2307 377 cassum
2344 316 2845 375 commones.
3823 320 3915 378 πα

646 454 839 499 musas
872 440 1041 495 Deum
1069 437 1416 509 dispensasse
1446 438 1787 493 manifestum
1829 444 1933 493 est.
1980 432 2222 489 Primum
2251 435 2299 497 Α
2328 437 2449 501 gata
2471 440 2631 501 atque
2662 430 2870 485 mollita
2891 447 3108 488 omnem
3133 430 3486 504 asperitatem
3510 447 3635 490 sua:
3657 431 3912 505 deposue-

648 551 719 592 ne
747 543 1092 590 sacramenta
1125 533 1304 587 divina
1337 533 1540 587 nullum
1572 530 1822 587 habentia
1855 528 2114 601 spiritalis
2142 527 2225 583 in-

648 630 897 685 tellectiis
943 628 1183 681 velamen
1214 624 1523 690 obductum,
1558 626 1769 679 cunctis
1806 623 2138 689 hominibus,
2174 622 2226 677 id

648 731 751 787 est,
786 729 892 773 tam
919 718 1166 772 fidelibus
1194 733 1352 788 quam
1385 715 1649 787 profanis,
1692 718 1888 785 aequali
1918 718 2142 772 scientia
2172 727 2226 773 et

652 813 837 868 notitia
870 812 1255 881 penderentur,
1286 816 1342 864 et
1374 824 1468 877 per
1500 810 1600 863 hoc
1630 809 1771 863 inter
1796 810 1997 864 inertes
2024 826 2086 865 ac
2106 818 2223 865 stu-

649 908 833 959 diosos
867 904 1013 958 nulla
1054 911 1196 958 esset
1238 902 1450 955 virtutis
1498 900 1905 970 prudentiaeque
1937 900 2225 967 distantia;

651 1011 759 1051 tom
794 1007 850 1051 ut
875 999 1036 1053 etiam
1069 1005 1095 1032 ι
1128 996 1270 1049 inter
1294 994 1440 1065 ipsos
1461 992 1785 1049 domesticos
1810 993 1957 1059 lidei,
1989 996 2114 1048 dum
2146 994 2224 1048 in-

650 1092 963 1146 tellectuum
992 1094 1164 1160 spatia
1190 1102 1373 1145 coram
1401 1089 1481 1144 eis
1511 1089 1772 1142 immensa
1821 1086 2136 1151 tenduntur,
2171 1086 2224 1141 in

649 1186 725 1241 cis
756 1192 811 1240 et
834 1184 1227 1239 desidiosorum
1259 1191 1573 1253 argueretur
1616 1180 1848 1249 ignavia,
1880 1186 1936 1234 et
1959 1180 2229 1233 studioso-

647 1293 765 1333 rum
811 1278 1059 1332 alacritas
1089 1287 1248 1347 atqite
1280 1275 1543 1331 industria
1596 1275 1938 1345 probaretur.
1987 1271 2226 1343 ldeoqitc

649 1372 783 1425 satis
816 1369 1029 1439 prOprie
1054 1368 1081 1406 δ
1111 1369 1387 1436 Scriptura
1413 1366 1589 1422 divina
1631 1381 1762 1436 agro
1792 1367 1973 1435 opimo
2012 1380 2075 1419 ae
2120 1361 2230 1419 fer-

650 1462 730 1516 tili
775 1470 1135 1530 comparatur,
1168 1460 1408 1531 quicum
1452 1458 1621 1512 multa
1650 1459 1832 1528 gignat
1874 1472 1935 1511 ac
1985 1454 2226 1527 proferat

649 1572 773 1628 quae
809 1556 875 1611 ad
920 1556 1191 1610 hominum
1227 1554 1423 1609 victum
1449 1554 1567 1608 sine
1594 1553 1770 1619 aliqua
1806 1550 1947 1622 ignis
1976 1550 2225 1604 coctione

646 1650 949 1721 proficiant,
995 1649 1239 1720 quaedam
1285 1646 1388 1702 nisi
1418 1647 1566 1716 prius
1596 1645 1827 1700 ﬂamma:
1855 1644 2038 1699 calore
2080 1641 2225 1696 miti-

2328 524 2439 581 rint
2479 525 2784 592 cruditatis,
2836 524 2920 580 vel
2972 525 3267 597 incongrua
3312 527 3504 584 usibus
3535 526 3793 583 humanis
3833 532 3907 586 vel

2330 618 2485 673 noxia
2511 618 2833 673 sentienlur.
2860 617 3126 674 Nonnulla
3156 634 3284 674 vero
3306 620 3377 674 ita
3401 622 3455 675 in
3481 630 3779 689 utrumque
3806 638 3911 679 mo-

2329 710 2458 766 dum
2487 709 2600 765 usui
2635 719 2756 782 apta
2785 722 3104 775 noscuntur,
3136 721 3193 766 ut
3221 728 3321 767 nec
3349 714 3566 767 incocta
3602 728 3701 768 sua
3735 715 3907 769 crudi-

2331 810 2439 857 tate
2469 801 2813 871 displiceant,
2842 803 2921 858 vel
2946 800 3244 869 olfendant,
3277 813 3333 859 et
3357 813 3538 859 tamen
3566 804 3711 875 ignis
3732 808 3908 862 calore

2328 891 2549 949 decocta
2574 893 2873 948 salubriora
2895 894 3209 949 reddantur.
3235 892 3396 949 Plura
3413 910 3635 965 quoque
3653 896 3725 950 ad
3744 912 3908 953 escam

2332 986 2705 1042 tantummodo
2738 984 3191 1041 irrationabilium
3224 985 3601 1057 iumentorum
3631 1002 3685 1044 et
3711 990 3908 1045 anima-

2323 1081 2476 1149 lium,
2514 1083 2595 1137 vel
2632 1080 2864 1137 ferarum
2906 1096 2969 1137 ac
3008 1082 3288 1137 volucrum
3339 1085 3689 1153 proferuntur
3713 1128 3733 1152 ,
3785 1085 3909 1142 cibis

2332 1174 2610 1229 hominum
2638 1174 2857 1228 minime
2887 1174 3181 1244 profutura,
3216 1188 3335 1243 qua:
3352 1175 3516 1229 etiam
3538 1174 3593 1229 in
3627 1192 3728 1230 sua
3758 1191 3914 1247 aspe-

2332 1270 2491 1325 ritate
2537 1267 2809 1322 manentia
2847 1267 3055 1338 absque
3086 1265 3193 1320 ulla
3227 1266 3363 1337 ignis
3391 1267 3744 1323 confectione
3792 1272 3917 1326 vita-

2334 1358 2438 1415 lem
2461 1359 2729 1429 jumentis
2752 1356 3041 1414 conferunt
3061 1356 3419 1412 saturitatem.
3452 1358 3629 1424 Quam
3651 1361 3916 1416 rationein

2330 1454 2463 1511 satis
2492 1454 2775 1509 evidenter
2806 1452 3099 1524 aspicimus
3140 1452 3193 1506 in
3236 1451 3336 1507 hoc
3376 1451 3657 1508 uberrimo
3699 1454 3915 1519 snit-ita.

2328 1543 2457 1600 lium
2491 1544 2896 1616 Scripturarum
2944 1542 3195 1614 paradiso
3238 1540 3534 1610 contineri,
3588 1544 3643 1599 in
3686 1559 3798 1612 quo
3846 1546 3913 1598 ita

2333 1650 2356 1679 ο
2386 1638 2630 1712 quietiam
2670 1638 3066 1711 signiﬁcatione
3108 1638 3303 1697 littera
3330 1638 3491 1711 plana
3535 1654 3600 1695 ac
3630 1639 3914 1709 luculenta

832 1812 835 1815 λ
1693 1756 1950 1813 ALABDI
1989 1753 2222 1813 αΑΖλΕι
2258 1751 2816 1812 COMMENTARIUS.

646 1853 834 1908 liomil.
862 1852 895 1907 6
917 1853 970 1907 in
998 1852 1339 1908 Esechielem
1364 1867 1379 1910 :
1408 1848 1635 1920 Magna,
1669 1850 1861 1919 inquit,
1893 1850 2127 1904 utilitatis
2154 1858 2227 1904 est
2258 1853 2305 1913 Β
2332 1847 2925 1920 [[ιηάειιηειιιυιιιγιοιίυε
2941 1862 3131 1904 sensus
3151 1849 3383 1920 mystici,
3405 1850 3675 1905 utdoeent
3700 1850 3915 1907 Patres:

646 1928 745 1981 ista
772 1927 1055 1980 obscuritas
1086 1925 1404 1995 eloquiorum
1437 1922 1555 1987 Dei,
1599 1922 1720 1995 quia
1760 1931 1951 1995 exercet
1993 1938 2221 1995 sensum,

646 2007 702 2051 ut
731 1998 1032 2068 fatigatione
1071 1989 1332 2068 dilatetur,
1378 1989 1766 2068 et__exercita!us
1788 1993 1955 2068 capiat
1976 1989 2110 2059 quod
2136 2008 2225 2068 cit-

647 2062 767 2139 pere
806 2062 909 2121 non
958 2078 1120 2137 potest
1164 2067 1374 2120 otiosus.
1426 2062 1593 2139 Habet
1622 2077 1820 2139 quoque
1863 2063 2032 2139 adhuc
2059 2066 2227 2139 maius

646 2133 811 2204 aliud,
841 2133 1026 2208 quidsi
1058 2138 1343 2205 Scriptura:
1375 2150 1532 2189 sacra:
1569 2134 1919 2208 intelligentia
1942 2134 2001 2208 in
2026 2133 2229 2208 cunctis

649 2219 775 2263 esset
802 2204 1000 2281 aperta,
1026 2204 1281 2281 uilesceret
1298 2223 1323 2281 ;i
1345 2208 1538 2281 qguteuiii
1568 2204 1871 2281 quibusdam
1893 2204 2029 2281 locis
2050 2204 2229 2257 obscu-

649 2275 870 2334 rioribus
900 2291 1038 2333 tanta
1066 2279 1252 2351 majori
1292 2275 1558 2330 dulcedine
1587 2279 1790 2351 inventa
1818 2275 2005 2343 reﬁcit,
2031 2284 2228 2345 quanto

649 2355 835 2413 maiori
859 2352 1033 2405 labore
1062 2347 1247 2422 fatigat
1268 2351 1500 2422 animum
1528 2347 1765 2422 quaesita,
1795 2355 1900 2400 etc.

722 2432 746 2457 ει
780 2422 833 2475 lil
864 2433 969 2484 est,
996 2413 1137 2474 inter
1162 2413 1389 2481 'lidoles,
1418 2418 1532 2471 sive
1562 2416 1916 2471 Christianos.
1958 2415 2057 2472 Est
2084 2413 2228 2472 enim

651 2490 768 2544 haec
801 2490 1132 2557 periphrasis
1157 2490 1586 2541 Christianorum
1621 2487 1687 2540 ab
1717 2489 1977 2557 ApOStolo
2009 2488 2223 2542 tradita.

646 2560 732 2614 Ait
766 2554 981 2614 Galatas
1010 2574 1059 2611 vr
1090 2574 1106 2617 ;
1136 2557 1418 2620 Opereniur
1446 2558 1635 2611 bonum
1660 2554 1727 2610 ad
1769 2573 1964 2617 omnes.
2013 2558 2232 2613 maxime

655 2640 824 2684 autem
854 2629 921 2682 ad
947 2630 1246 2683 domesticos
1269 2628 1409 2694 ﬁdei.
1444 2628 1704 2683 Dicuntur
1725 2638 1902 2681 autem
1932 2628 2229 2683 Christiani

650 2699 932 2755 domestici
961 2699 1105 2763 fidei,
1132 2700 1425 2754 secundum
1447 2697 1733 2763 Thomam,
1762 2698 1889 2768 quia
1920 2716 2025 2755 non
2057 2700 2228 2755 solum

653 2784 846 2825 natura
878 2784 999 2825 sunt
1040 2772 1271 2836 similes;
1326 2770 1418 2825 sed
1474 2770 1636 2825 etiam
1688 2768 1814 2832 lide.
1865 2770 2129 2825 charitate
2178 2781 2231 2826 et

644 2846 819 2913 gratia
853 2842 1009 2909 uniti,
1037 2842 1128 2895 ttni
1154 2842 1293 2896 l’atri
1338 2850 1394 2895 et
1421 2839 1745 2913 DominoJii
1776 2855 1877 2913 una
1905 2844 2083 2902 domo,
2112 2857 2231 2911 qua:

653 2911 740 2967 est
771 2914 1032 2978 Ecclesia,
1065 2913 1382 2969 servientes.
1432 2911 1583 2967 Unde
1632 2911 1774 2966 idem
1822 2911 2115 2979 Apostolus
2164 2914 2229 2968 ad

653 2984 851 3050 Eplies.
886 3001 919 3038 ιι
944 3002 956 3037 :
983 2983 1106 3037 Non
1134 2985 1254 3038 estis
1279 2982 1504 3054 hospites
1529 2991 1577 3038 et
1597 2985 1825 3051 aduente,
1850 2982 1938 3039 sed
1960 2984 2078 3040 estis
2101 2982 2231 3039 cives

653 3064 942 3109 sanctorum
968 3066 1013 3108 et
1042 3054 1309 3108 domestici
1330 3050 1447 3107 Dei.

729 3126 1039 3179 bEaindein
1095 3128 1552 3193 comparationem
1609 3124 1823 3193 egregie
1881 3134 2114 3181 tractant
2162 3121 2224 3179 Ι).

655 3192 1073 3267 ChrySOstomus
1101 3192 1288 3249 homil.
1318 3194 1387 3250 40
1432 3192 1507 3267 in_
1532 3192 1818 3267 Joannem,
1853 3206 1905 3252 et
1957 3196 2227 3267 Rupertus

654 3266 746 3321 lib.
773 3264 795 3319 ἰ
828 3268 894 3320 de
924 3268 1127 3335 Spiritu
1156 3276 1344 3321 sancto
1366 3306 1380 3330 ,
1405 3281 1455 3319 c.
1492 3265 1513 3319 I
1547 3275 1603 3335 et
1631 3264 1685 3319 2.

730 3348 758 3408 εί
784 3336 864 3391 Ad
899 3334 1053 3408 hujus
1088 3337 1223 3400 loci,
1254 3349 1307 3390 et
1347 3338 1507 3391 totius
1535 3334 1648 3408 fere
1676 3334 1890 3408 capitis,
1918 3334 2060 3406 quod
2099 3352 2227 3392 sane

653 3406 874 3463 difficile
904 3404 986 3463 e~i
1014 3418 1069 3465 et
1094 3411 1405 3472 obscurum,
1438 3422 1546 3476 quo
1574 3404 1642 3460 de
1669 3404 2065 3476 Scriptura—rum
2097 3422 2226 3463 sett-

656 3479 803 3533 sibus
835 3480 1034 3549 agitur,
1066 3477 1501 3547 intelligentiam,
1535 3491 1715 3547 operte
1759 3478 1985 3541 pretium
2020 3479 2229 3549 videtur

657 3550 724 3605 de
774 3548 961 3606 iisdem
1018 3552 1276 3606 nonnulla
1323 3554 1628 3603 summatim
1686 3557 1965 3602 annotare.
2017 3548 2224 3612 Primo,

655 3622 947 3690 Scripturie
996 3624 1191 3677 divina:
1236 3620 1506 3689 duplicem
1556 3619 1774 3675 attribui
1821 3633 2077 3687 sensum,
2124 3636 2227 3675 non

658 3697 799 3761 quod
833 3698 884 3747 in
915 3694 1165 3749 omnibus
1194 3694 1310 3762 ejus
1343 3692 1581 3760 partibus
1623 3702 1711 3746 aut
1742 3690 2025 3745 sententiis
2052 3690 2229 3757 plures

655 3780 849 3819 sensus
876 3767 1233 3832 inveniantur,
1265 3764 1359 3818 sed
1384 3762 1524 3833 quod
1554 3762 1603 3816 ei
1646 3763 1916 3831 proprium
1956 3764 2027 3815 sit
2054 3774 2109 3816 ut
2130 3775 2231 3817 sae-

657 3850 954 3903 penumero
974 3841 1247 3893 contineat
1273 3842 1409 3889 duos
1438 3847 1649 3899 sensus,
1694 3833 1975 3888 litteralem
2008 3838 2120 3887 sive
2147 3833 2230 3887 hi-

656 3907 938 3970 storicum,
968 3916 1023 3961 et
1051 3908 1382 3975 spiritualem
1428 3907 1539 3975 sive
1585 3904 1891 3973 mysticum.
1926 3904 2001 3957 lta
2038 3904 2233 3959 docent

658 3979 1016 4031 Communiter
1049 3974 1260 4035 Patres.
1292 3976 1425 4030 locis
1464 3974 1551 4030 hic
1578 3975 1644 4029 ad
1678 3974 1971 4042 marginem
2010 3976 2229 4040 notatis,

658 4055 709 4115 et
736 4046 856 4099 aliis
885 4048 1250 4115 compluribus
1279 4046 1372 4115 (S.
1400 4044 1580 4098 Thom.
1607 4061 1625 4098 t
1660 4056 1821 4115 part.
1863 4060 1913 4114 q.
1952 4045 2035 4107 10.
2076 4062 2128 4098 α·
2162 4048 2229 4115 5;

662 4113 813 4186 Hier.
842 4119 993 4185 epist.
1013 4113 1126 4186 7748;
1159 4113 1391 4171 Ambros.
1422 4116 1462 4169 Ι.
1494 4131 1510 4169 ι
1554 4115 1618 4168 de
1662 4113 1937 4186 Pteniteit._
1963 4131 2080 4186 cap.
2130 4113 2228 4183 l5;

659 4183 881 4255 August.
911 4187 974 4255 de
1014 4185 1145 4240 Vera
1189 4186 1359 4255 Relig.
1392 4186 1592 4255 capL9,
1624 4186 1685 4255 de
1719 4184 1865 4240 Doct.
1899 4183 2086 4242 Christ.
2138 4189 2227 4245 lib.

661 4268 699 4330 ιι
723 4253 836 4314 cap.
856 4257 912 4318 3;
932 4253 1146 4330 (ἧι-ερον,
1167 4253 1344 4310 homil.
1360 4257 1393 4311 9
1412 4259 1462 4309 in
1483 4254 1674 4309 Ezech.
1694 4270 1737 4310 et
1763 4256 1965 4327 prtcfat.
1989 4255 2228 4330 in_Job.).

661 4324 1228 4397 Secundo,littei~alem
1259 4342 1477 4381 sensum
1504 4341 1645 4391 esse,
1670 4343 1826 4397 quem
1857 4324 2017 4382 verba
2048 4324 2233 4386 imme-

667 4393 811 4468 diate
833 4396 1161 4463 exprimunt,
1188 4398 1301 4452 sive
1331 4413 1489 4468 quem
1531 4393 1717 4452 auctor
1754 4398 2043 4467 Scriptum
2066 4416 2232 4458 sacrae

663 4463 899 4545 Spiritus
944 4480 1158 4545 sanctus
1200 4484 1293 4538 per
1328 4463 1502 4545 verba
1532 4472 1646 4545 sive
1692 4463 1902 4545 propria
1930 4480 1986 4545 et
2010 4472 2228 4545 usitata,

660 4539 1215 4611 sive‘metaphorica,
1262 4541 1434 4611 primo
1475 4549 1530 4594 et
1576 4541 1882 4611 immediate
1929 4542 2231 4611 signiﬁcare

2335 1916 2696 1991 Hieronymus
2745 1919 2797 1973 in
2845 1916 3362 1991 epitaphiogi’aulte,
3411 1931 3467 1975 et
3498 1920 3817 1991 praefatione
3866 1924 3919 1977 in

2332 1987 2554 2061 Isaiam,
2585 1987 2912 2061 Augustinus
2940 1987 3009 2043 sv
3040 1992 3107 2045 de
3128 1989 3284 2045 Civit.
3323 1990 3413 2046 Dei
3444 1987 3559 2059 cap.
3593 1990 3685 2056 27,
3712 1991 3919 2061 Grego-

2331 2061 2445 2115 rius
2480 2060 2666 2114 liomil.
2695 2061 2929 2116 secunda
2955 2062 3007 2115 in
3037 2062 3395 2117 Ezecliii-lem.
3424 2061 3628 2118 Sensus
3656 2064 3917 2129 spiritua-

2332 2130 2401 2203 ljs
2433 2132 2701 2186 invenitur
2739 2132 2954 2202 quidem
3006 2142 3112 2187 tant
3162 2136 3216 2187 in
3265 2134 3429 2187 veteri
3474 2150 3638 2203 quam
3688 2134 3745 2188 in
3778 2151 3918 2190 novo

2330 2201 2703 2268 Testamento,
2726 2214 2779 2255 at
2803 2220 2907 2256 non
2936 2204 2987 2255 in
3012 2203 3156 2256 omni
3184 2204 3450 2258 sententia
3482 2201 3678 2259 veteris
3705 2216 3764 2259 et
3791 2208 3916 2262 novi

2332 2272 2685 2329 Tesumenti.
2710 2273 2843 2328 lllttd
2867 2273 3033 2337 enim,
3058 2272 3252 2343 Diliges
3276 2274 3553 2330 Dominum
3579 2275 3742 2327 Deum
3769 2288 3914 2329 tum

2330 2358 2395 2397 ex
2422 2351 2525 2414 toto
2545 2346 2718 2414 corde,
2739 2356 2873 2409 etc.,
2898 2345 3280 2399 Deuteronoin.
3306 2361 3431 2400 xxvi
3448 2358 3501 2400 et
3525 2346 3760 2401 Mattbzei
3776 2362 3909 2414 mi,

2332 2412 2608 2485 etsimilia
2643 2424 2913 2485 praecepta
2933 2457 2950 2483 ,
2982 2432 3087 2469 non
3117 2416 3317 2471 habent
3348 2416 3447 2471 nisi
3479 2434 3643 2471 unum
3668 2412 3907 2485 sensum,

2333 2483 2539 2538 scilicet
2569 2483 2883 2546 litteralem,
2909 2496 2965 2540 ut
2989 2497 3136 2541 recte
3164 2488 3325 2544 docet
3352 2489 3520 2543 abbas
3544 2488 3788 2543 Serenus
3810 2483 3909 2543 hoc

2333 2553 2475 2610 loco.
2518 2556 2719 2627 Quinto
2741 2596 2775 2627 ,ν
2806 2571 3024 2611 sensum
3071 2560 3386 2626 llguratum,
3432 2560 3521 2627 qui
3551 2558 3687 2613 alias
3717 2559 3909 2613 dicitur

2334 2624 2731 2698 metaphoricus
2760 2626 2918 2697 (quia
2963 2624 3273 2697 metaphora
3319 2624 3695 2698 ciimpleCiitur
3722 2645 3906 2684 omnes

2332 2694 2532 2765 ﬁguras
2549 2705 2606 2752 et
2630 2694 2862 2768 tropos),
2882 2694 3127 2769 quamvis
3145 2716 3329 2772 revera
3348 2694 3600 2757 litteralis
3620 2706 3708 2764 sit,
3723 2701 3906 2772 genui-

2332 2781 2434 2821 nus
2480 2775 2536 2822 et
2560 2783 2867 2841 germanus,
2899 2780 3082 2840 utpote
3116 2771 3392 2841 primario,
3426 2781 3479 2825 et
3504 2771 3810 2826 immediate
3838 2771 3905 2828 ab

2332 2849 2553 2911 auctore
2607 2840 2862 2908 intentus,
2915 2852 2970 2896 et
3019 2840 3324 2911 expressos,
3380 2842 3612 2898 subinde
3661 2852 3833 2898 tamen
3874 2860 3902 2896 a

2332 2906 2580 2984 Patribus
2612 2911 2720 2967 dici
2765 2906 3132 2979 spiritualem,
3182 2911 3485 2984 mysticum,
3536 2913 3900 2983 allegat-iitum,

2331 2981 2710 3055 symbolicum,
2763 2985 2883 3050 quia
2914 2999 3019 3037 non
3061 2981 3319 3053 accipiiur
3349 2998 3414 3037 ex
3450 2981 3667 3055 proprii
3704 2984 3901 3055 signiti-

2332 3052 2543 3107 catione
2590 3054 2923 3122 verborum,
2988 3055 3082 3109 sed
3151 3052 3373 3122 figurate
3426 3052 3476 3110 et
3544 3052 3903 3122 metaphorice

2332 3124 2587 3193 translata
2612 3120 2906 3193 (Chrysost.
2938 3122 3121 3181 Itomil.
3154 3119 3222 3179 50
3256 3126 3306 3179 in
3330 3119 3522 3193 (oath;
3551 3119 3787 3180 Ambros.
3814 3125 3899 3180 lib.

2330 3206 2365 3246 v
2386 3194 2440 3267 in
2464 3192 2602 3267 Luc.
2619 3191 3016 3267 cide—Mission
3038 3195 3302 3267 discipul.;
3328 3191 3485 3267 (ἶνις.
3504 3191 3603 3252 lib.
3633 3212 3683 3252 tv
3711 3194 3901 3250 Norat.

2330 3278 2377 3316 ο.
2414 3263 2439 3317 1
2472 3277 2518 3319 et
2546 3261 2633 3335 2).
2662 3264 2794 3320 Hinc
2823 3266 3007 3321 Patres
3034 3261 3254 3335 docent,
3280 3268 3366 3321 ubi
3391 3261 3567 3324 deﬁcit
3592 3267 3791 3333 littera,
3816 3283 3905 3321 re-

2330 3335 2651 3408 currentium
2670 3350 2789 3391 esse
2809 3338 2873 3390 ad
2895 3344 3229 3408 mysterium,
3249 3354 3339 3402 per
3357 3339 3584 3395 litteram
3604 3338 3908 3408 intelligen-

2332 3412 2410 3459 tes
2440 3406 2728 3461 litteralem
2761 3406 2976 3462 sensum
3009 3418 3064 3462 et
3095 3409 3402 3479 proiiriuin;
3433 3426 3522 3480 per
3561 3406 3904 3480 mysterium,

2330 3487 2426 3551 seu
2460 3488 2741 3547 mysticum
2776 3481 3356 3551 sensum,litteralein,
3386 3485 3656 3551 ligiiratuin
3688 3488 3748 3534 et
3794 3490 3907 3533 tru-

2331 3545 2539 3614 pieuin';
2573 3552 2792 3619 perinde
2822 3564 2885 3604 ac
2924 3553 2967 3604 si
3012 3550 3224 3615 dicant,
3253 3545 3734 3617 verba'Scripturte
3772 3551 3910 3620 figu-

2330 3629 2446 3695 rate
2475 3632 2558 3695 ac
2580 3621 2797 3695 tropice
2824 3635 2944 3695 esse
2983 3622 3293 3686 accipienda
3340 3622 3545 3693 quando
3592 3624 3817 3689 proprie
3853 3631 3910 3675 et

2330 3689 2651 3763 simpliciter
2690 3694 2860 3763 accipi
2902 3703 3195 3761 nequeunt,
3228 3689 3372 3763 quod
3404 3697 3641 3748 maxime
3672 3703 3910 3761 pertinet

2334 3760 2397 3810 ad
2434 3760 2589 3827 hujus
2621 3762 2811 3828 capitis
2842 3760 3282 3817 elucidationeni.
3315 3764 3424 3819 Hoc
3451 3769 3594 3819 enim
3630 3760 3793 3819 modo
3814 3780 3901 3818 sa-

2333 3830 2544 3912 mit_hic
2566 3830 2733 3917 abbas
2761 3847 2980 3913 sensum
3010 3836 3367 3917 spiritualem,
3398 3851 3565 3917 quam
3596 3844 3751 3917 vocat
3774 3835 3909 3917 alle-

2332 3901 2572 3970 goricam
2598 3901 3119 3971 interpretationem,
3144 3908 3313 3972 primo
3335 3901 3388 3962 in
3413 3901 3523 3961 illis
3547 3905 3760 3960 verbis:
3789 3904 3907 3959 Sitit

2335 3972 2985 4049 lmnbivestriiprwcincti,
3009 3986 3054 4028 et
3081 3976 3301 4031 lucerna:
3327 3978 3563 4032 ardentes
3586 3976 3744 4049 (Luc.
3779 3972 3910 4042 xu),

2334 4050 2439 4099 etc.
2468 4044 2578 4099 lloc
2609 4048 2750 4098 enim
2789 4046 3081 4099 secundum
3116 4049 3350 4105 litteram
3370 4061 3427 4104 et
3458 4044 3689 4104 mentem
3714 4050 3914 4101 Salva-

2335 4115 2469 4187 t_uris
2501 4118 2717 4183 proprie
2741 4132 2844 4170 non
2870 4118 3181 4187 intelligitur
3209 4120 3275 4173 ile
3300 4118 3493 4177 lumbis
3516 4119 3790 4185 Corporis,
3816 4118 3913 4171 sed

2334 4185 2400 4238 de
2431 4184 2626 4239 lumbis
2658 4189 2876 4254 mentis,
2908 4184 3131 4244 sicnt'et
3172 4192 3407 4246 lucerna:
3433 4192 3497 4244 de
3527 4184 3662 4243 lucet
3676 4190 3766 4241 nis
3804 4192 3915 4258 sp}-

2334 4258 2645 4323 ritualibus,
2697 4258 2747 4313 id
2810 4270 2923 4325 est,
2974 4260 3262 4317 virtutibus
3288 4275 3342 4317 et
3371 4264 3637 4315 bonorum
3684 4274 3918 4327 operum

2332 4332 2619 4399 exemplis.
2654 4326 2921 4386 Similiter
2962 4331 3143 4387 istud:
3178 4332 3280 4399 Qui
3324 4349 3422 4386 non
3476 4333 3664 4401 accipit
3706 4345 3919 4383 crucem

2332 4414 2480 4474 suam
2520 4402 2749 4472 quotidie
2778 4413 2885 4458 etc.
2934 4401 3123 4471 (Matt.
3174 4412 3235 4474 χ)
3265 4446 3277 4466 ,
3321 4418 3425 4457 non
3474 4402 3918 4474 intelligiturgad

2334 4471 2571 4529 litteram
2606 4476 2674 4529 ile
2702 4490 2863 4530 cruce
2891 4476 3193 4539 materiali,
3218 4471 3333 4528 sive
3366 4476 3556 4541 lignea,
3585 4480 3644 4521 ut
3673 4472 3755 4523 illi
3784 4472 3921 4523 sint.

2335 4546 2505 4615 plices
2536 4546 2782 4616 monachi
2808 4546 3197 4616 intelligeliaiit,
3214 4546 3305 4599 sed
3329 4543 3397 4616 de
3416 4556 3578 4596 cruce
3604 4542 3916 4616 spirituali,

661 4605 825 4683 voluit
844 4624 867 4683 ;A
884 4607 1241 4683 spirittialem,
1260 4605 1349 4680 qui
1378 4610 1485 4683 alio
1504 4610 1732 4667 refertur
1754 4629 1909 4681 quam
1932 4605 2004 4668 ad
2022 4615 2074 4670 id
2091 4616 2231 4683 quod
2261 4613 2311 4676 D
2337 4605 2391 4673 et
2417 4619 2650 4683 interna,
2680 4614 2732 4673 id
2756 4628 2858 4682 est,
2888 4605 3301 4672 ntoFtilicatione
3322 4605 3713 4677 allectuum.‘el
3742 4614 3923 4665 ³11ῖωί

664 4679 825 4731 verba
860 4680 1164 4754 immediate
1192 4679 1302 4754 prie
1330 4696 1388 4736 se
1438 4681 1632 4747 ferunt,
1666 4679 1782 4739 seu"
1811 4685 1900 4754 qui
1942 4702 2035 4754 per
2074 4679 2234 4743 verba

664 4760 871 4825 remote
897 4758 951 4804 et
973 4750 1577 4825 med_iate_signifiea_tui_'.
1608 4750 1851 4822 proxime
1878 4750 2004 4810 vero
2028 4773 2123 4825 per
2147 4774 2232 4815 res

664 4820 812 4885 ipsas
840 4822 1019 4875 verbis
1057 4820 1402 4893 significatas.
1436 4822 1591 4881 Unde
1610 4820 1899 4893 'colltgitiir
1944 4820 2231 4884 litteralem

663 4902 881 4945 sensum
909 4908 1028 4968 esse
1049 4892 1337 4961 duplicem,
1367 4910 1561 4968 nempe
1590 4892 1860 4968 prepriuin
1885 4900 2000 4953 sive
2026 4899 2231 4968 simpli-

664 4975 804 5032 cem,
839 4971 893 5015 et
928 4964 1232 5032 llguratum,
1264 4976 1323 5021 nt
1348 4966 1507 5022 docet
1543 4964 1901 5024 Bellarminus
1944 4969 2033 5024 lib.
2069 4964 2231 5026 tit'ile

668 5030 1118 5109 VerboiDeicap.
1167 5030 1225 5093 δέ
1266 5036 1505 5107 Simplex
1546 5051 1626 5092 est
1676 5041 1769 5109 qui
1802 5040 1979 5096 verbis
2017 5044 2233 5107 proprie

664 5108 931 5181 accepti~,
972 5107 1250 5181 ligni-atus,
1280 5110 1368 5181 qui
1400 5108 1579 5181 verbis
1602 5107 1896 5181 imprOprie
1923 5122 1978 5168 et
2006 5110 2231 5179 figurate

661 5179 917 5255 acceptis,
943 5178 1059 5255 sive
1082 5193 1109 5230 a
1143 5180 1357 5248 propria
1400 5178 1796 5250 signiﬁcatione
1821 5178 2111 5252 translatis,
2141 5197 2234 5238 es-

663 5248 937 5323 primitur,
976 5248 1129 5323 cujus
1158 5259 1251 5323 tot
1277 5260 1402 5306 sunt
1427 5248 1642 5323 genere
1698 5266 1828 5321 quot
1867 5264 1993 5309 sunt
2034 5248 2232 5323 genera

661 5315 1105 5393 ﬁgurarutnapud
1129 5319 1391 5393 ijietores.
1423 5315 1627 5390 Tertio,
1661 5315 1875 5381 sensum
1899 5315 2229 5393 spirit'ualem

659 5402 707 5465 a_
718 5390 1112 5465 recentioribus
1133 5392 1424 5460 Theologis
1443 5394 1699 5457 distingui
1724 5390 2012 5465 triplicem,
2038 5411 2231 5464 nempe

659 5458 1027 5534 allegorieum,
1063 5458 1466 5534 tropologicum.
1508 5458 1875 5534 anagogicuin.
1906 5458 2012 5520 Sed
2052 5467 2118 5520 de
2149 5458 2230 5522 liis

660 5543 766 5581 non
796 5532 970 5607 agitur
1000 5532 1052 5585 in
1092 5533 1195 5607 hoc
1211 5532 1403 5604 capite.
1436 5532 1660 5602 Quarto,
1686 5532 1908 5592 sensum
1940 5536 2227 5592 litteralem

663 5603 889 5677 reperiri
921 5605 969 5653 in
999 5603 1331 5677 omniparte
1358 5607 1674 5674 Scripturte,
1708 5608 1824 5664 sive
1857 5612 1906 5660 in
1932 5608 2079 5661 omni
2107 5623 2229 5661 sen-

663 5673 825 5744 tentia
862 5679 966 5744 tam
996 5680 1098 5723 vett
1120 5673 1194 5744 ris
1237 5691 1393 5742 quam
1430 5673 1552 5730 novi
1588 5678 1947 5740 'festamenti,
1977 5678 2230 5744 spiritua-

661 5735 768 5817 lem
798 5752 903 5812 non
935 5740 1079 5817 item.
1114 5735 1265 5817 (Nam:
1297 5760 1488 5797 sensus
1520 5746 1769 5817 litteralis
1812 5756 1899 5804 est
1934 5735 2227 5817 'priitiaritis

668 5811 724 5854 et
751 5808 926 5867 primo
954 5808 1191 5863 intentus
1218 5812 1285 5865 ab
1313 5822 1533 5869 auctore
1560 5816 1759 5883 Spiritu
1796 5808 2011 5884 sancto,
2038 5832 2226 5889 eSiquc

2335 4705 2432 4761 pra
2454 4691 2755 4761 paratione,
2786 4705 2884 4744 seu
2915 4703 3163 4757 prompta
3190 4689 3484 4761 voluntate,
3510 4684 3578 4738 ad
3603 4692 3843 4761 ιροςιθιιι
3866 4695 3925 4761 et

2334 4753 2551 4816 omnem
2578 4753 2932 4817 afﬂictioiieni
2953 4776 3047 4829 pro
3070 4753 3278 4815 Christi
3302 4759 3597 4829 nomineet
3622 4753 3717 4829 Dei
3735 4753 3925 4829 gloria

2332 4833 2687 4888 subeundam.
2706 4824 3165 4898 Quemadmodum
3188 4832 3351 4884 etiam
3375 4830 3505 4884 illud
3528 4824 3760 4881 Msttba-i
3789 4840 3881 4898 xta
3906 4840 3919 4876 :

2336 4902 2470 4957 Sunt
2496 4902 2717 4957 eunuchi
2732 4896 2822 4971 qui
2852 4918 2905 4955 se
2925 4911 3273 4974 castraverunt
3293 4912 3504 4974 propter
3523 4912 3734 4967 regnum
3762 4896 3923 4974 emto-

2334 4989 2469 5044 runi,
2523 4990 2626 5027 non
2676 4967 2995 5041 intelligitur
3040 4973 3107 5029 de
3154 4967 3489 5027 castratiune
3527 4967 3829 5044 corporali,
3861 4974 3923 5044 ut

2334 5043 2593 5113 Origenes
2627 5052 2689 5117 et
2720 5045 2811 5099 alii
2841 5038 3005 5099 stulte
3037 5045 3453 5117 intelleserunt,
3498 5041 3595 5096 sed
3640 5038 3711 5092 de
3738 5038 3920 5117 Spi'pi-

2334 5107 2489 5188 tuitli,
2515 5129 2633 5185 quae
2663 5115 2715 5169 tit
2740 5130 2851 5188 (per
2882 5125 3067 5188 votum
3097 5107 3448 5188 coiitinéntia
3478 5121 3784 5188 perpetuas:
3808 5107 3919 5188 _Est

2338 5178 2495 5254 igitur
2534 5178 2601 5241 ἰιι
2658 5178 2967 5256 hujusmodi
3033 5185 3316 5243 sententiis
3382 5178 3635 5256 littéralis
3688 5178 3919 5256 quidem

2334 5248 2557 5323 s'ensus;
2612 5248 2951 5313 non'tamen
3002 5255 3420 5331 proprius,_s_ed
3460 5256 3760 5331 figuratus.
3820 5248 3917 5302 Illa

2333 5338 2513 5383 autem
2543 5332 2802 5385 sententia
2848 5323 3246 5384 secundo-loco
3298 5328 3385 5383 hic
3425 5328 3615 5387 citata.
3663 5323 3760 5388 Qui
3813 5334 3917 5370 non

2335 5399 2481 5453 liabet
2507 5401 2759 5474 gladium,
2784 5400 3307 5474 rendat_tiinicam,_el_
3328 5408 3461 5474 emat
3488 5395 3726 5474 gladi!!!)
3751 5388 3911 5462 (LW-

2333 5474 2430 5537 It),
2459 5472 2655 5545 variam
2681 5487 2744 5545 ac
2774 5471 3122 5545 multiplicem
3148 5472 3341 5545 recipit
3374 5471 3912 5545 interpretationem.

2336 5556 2442 5594 non
2473 5543 2632 5596 modo
2663 5542 3023 5608 spiritualem,
3072 5540 3187 5595 sive
3228 5540 3605 5610 allegoricatn.
3638 5545 3733 5591 aut
3774 5540 3913 5610 tign-

2333 5621 2527 5674 ratain,
2559 5623 2613 5665 ut
2645 5613 2855 5665 videtur
2886 5615 3087 5666 Auctor
3113 5608 3407 5676 insinuare,
3450 5611 3545 5665 sed
3576 5610 3740 5662 etiam
3773 5608 3917 5657 litte-

2333 5684 2500 5734 ralem
2542 5694 2595 5736 et
2635 5684 2935 5750 pr0printn,
2969 5693 3024 5735 ut
3052 5682 3238 5736 videre
3269 5690 3353 5736 est
3396 5679 3542 5748 apud
3585 5681 3920 5750 ititetpretes

2330 5750 2492 5819 (Vide
2511 5741 2966 5805 catenam-auream
2985 5752 3047 5805 D.
3074 5751 3282 5806 Thamar
3301 5763 3347 5805 ct
3364 5741 3564 5805 Jo'aun.
3589 5750 3642 5803 Μ
3652 5741 3869 5802 αωοιιαι
3883 5741 3921 5810 .)

2331 5821 2982 5894 POstrcnio,Scripturam
3014 5838 3222 5886 sacram
3251 5824 3349 5883 sub
3382 5822 3579 5885 iisdem
3605 5819 3794 5882 verbis
3826 5820 3921 5873 ati-
