4036 6216
254 325 359 385 725

857 321 1193 381 COLLATIO
1230 321 1367 378 Vill.
1401 349 1470 363 —
1498 319 1587 376 DE
1628 312 2159 378 PRINCIPATIBUS
2196 318 2330 378 SEU
2371 318 2911 379 POTESTATIBUS.

3416 321 3523 382 τεο

256 441 629 514 resplendent,
658 447 718 493 ut
743 452 865 495 cum
890 435 1208 493 sublimiore
1236 434 1687 504 interpretatione
1718 446 1828 488 non
1858 436 1914 498 Α
1938 432 2282 504 perceptione
2308 434 2456 489 laesio
2485 450 2644 502 quam
2673 436 2877 492 utilitas
2912 436 3094 508 aliqua
3131 436 3521 511 subsequetur,

256 543 470 605 egeant,
510 530 746 600 simplici
769 538 978 585 tantum
1001 527 1198 586 litterae
1222 540 1355 580 sono
1378 524 1591 580 abunde
1613 534 1841 596 pascant

257 640 324 682 ac
362 624 601 681 nutriant
655 621 957 686 audientes,
1001 629 1057 675 ut
1101 630 1185 676 est
1228 617 1583 683 illudzAudi,
1636 616 1836 685 Israel,

262 718 515 774 Dominus
546 714 684 770 Deus
704 724 823 770 tuus
854 714 990 771 Deus
1018 730 1146 767 unus
1169 724 1244 768 est
1267 714 1285 784 (
1310 709 1461 766 Deut.
1495 710 1599 782 v1).
1627 712 1715 778 Et,
1742 709 1839 767 Di-

259 810 384 881 liges
412 809 693 864 Dominum
729 805 896 863 Deum
935 817 1079 861 tuum
1106 813 1294 861 extoto
1337 803 1491 857 corde
1520 812 1632 868 tuo,
1680 812 1728 857 et
1774 819 1837 858 ea:

259 912 363 959 tota
382 904 559 959 animo
579 912 687 969 tua,
716 910 763 957 et
786 918 851 957 ex
870 910 973 956 tota
999 901 1182 955 virtute
1209 909 1295 953 tua
1318 897 1336 971 (
1358 896 1554 969 lbid.).
1579 896 1836 967 Quaedam

257 1007 440 1054 autem
460 998 506 1055 si
533 996 824 1069 allegorica
849 994 1231 1065 explanatione
1255 1000 1545 1049 extenuata
1578 1005 1684 1046 non
1708 989 1826 1047 fue-

258 1089 387 1158 rint,
418 1098 474 1146 et
501 1089 761 1160 spiritalis
786 1088 924 1160 ignis
972 1084 1372 1145 examinatione
1410 1084 1637 1147 mollita,
1672 1083 1825 1139 nullo

257 1182 419 1239 modo
446 1183 516 1239 ad
558 1184 847 1239 salutarem
892 1182 1167 1237 interioris
1211 1180 1446 1236 hominis
1487 1179 1666 1233 cibum
1713 1178 1835 1234 sine

256 1277 616 1347 corruptionis
643 1276 798 1334 clade
831 1274 1172 1347 pervenient,
1219 1275 1500 1347 magisque
1543 1287 1610 1327 ex
1638 1286 1831 1329 eorum

1944 532 1999 578 ut
2023 532 2106 580 est
2128 523 2257 578 illud
2290 540 2304 578 :
2354 523 2473 580 Sint
2501 523 2661 579 lumbi
2701 528 2855 581 vestri
2895 530 3173 599 praecincti,
3218 540 3268 587 et
3292 530 3527 589 lucernas

1938 618 2171 673 ardentes
2194 617 2213 690 (
2227 616 2380 673 Luca:
2402 635 2476 673 xu
2496 618 2534 688 ).
2568 618 2655 687 Et,
2680 619 2783 685 Qui
2808 637 2909 675 non
2930 622 3080 678 habet
3109 625 3363 697 gladium,
3398 643 3523 683 ven-

1938 710 2029 765 dat
2052 712 2276 765 tunicam
2316 729 2461 767 suam
2485 722 2531 766 et
2556 720 2691 766 emat
2729 711 2823 766 sibi
2864 712 3094 784 gladium
3134 716 3326 787 (Luca:
3364 716 3515 791 xxi).

1941 801 2029 872 Et,
2064 802 2165 869 Qui
2197 821 2298 858 non
2325 806 2513 873 accipit
2543 821 2741 860 crucem
2780 822 2925 859 suam
2955 817 3001 860 et
3021 809 3248 875 sequitur
3274 827 3373 880 me,
3408 829 3516 868 non

1942 907 2014 953 est
2037 915 2117 951 me
2134 899 2320 970 dignus
2338 908 2353 967 (
2372 896 2561 952 Matth.
2583 896 2673 968 ι).
2707 898 2859 967 Quod
2887 900 3102 968 quidam
3131 901 3519 960 districtissiml

1939 989 2349 1059 monachorum,
2380 990 2637 1044 habentes
2666 988 2884 1058 quidem
2912 992 3085 1046 zelum
3124 992 3240 1061 Dei,
3273 993 3370 1049 sed
3408 1010 3517 1052 non

1936 1085 2231 1139 secundum
2261 1086 2566 1150 scientiam,
2608 1084 2928 1155 simpliciter
2965 1087 3355 1157 intelligentes,
3379 1097 3407 1127 ει
3439 1089 3517 1146 le-

1936 1185 2129 1233 cerunt
2157 1178 2257 1233 sibi
2300 1193 2491 1234 cruces
2530 1178 2758 1247 ligneas,
2789 1194 2989 1248 easque
3032 1181 3233 1250 jugiter
3276 1180 3517 1237 humeris

1936 1269 2404 1338 circumferentes,
2442 1286 2549 1327 non
2579 1270 3018 1339 aediﬁcationem,
3061 1274 3155 1329 sed
3186 1276 3355 1331 risum
3384 1290 3514 1332 cun-

1313 1409 1573 1465 ALARDI
1613 1406 1845 1464 GAZ/El
1881 1406 2457 1469 COMHENTARIUS.

256 1506 470 1577 quando
515 1506 699 1579 plures
741 1505 943 1579 habere
984 1520 1200 1569 sensus,
1243 1503 1406 1579 etiam
1456 1504 1717 1579 litterales
1762 1518 1827 1579 ac

254 1574 560 1645 germanui.
616 1577 728 1631 Hoc
772 1577 990 1632 demum
1042 1579 1205 1631 docet
1246 1575 1414 1630 abbas
1452 1574 1688 1629 Serenus
1725 1574 1827 1629 sub

254 1651 419 1704 tinem
476 1647 634 1716 huius
687 1649 900 1715 capitis,
948 1645 1226 1717 productis
1278 1646 1485 1717 aliquot
1536 1646 1826 1717 Scriptum

253 1720 388 1774 locis
419 1729 524 1772 tam
568 1718 671 1774 hoc
699 1734 820 1787 cap.
850 1716 1007 1787 quam
1043 1716 1290 1784 sequenti
1318 1734 1330 1769 :
1368 1717 1513 1784 Qum,
1551 1727 1609 1770 ut
1636 1716 1730 1781 ait,
1759 1716 1828 1769 ad

252 1800 521 1857 utramque
550 1790 948 1857 perceptionem,
981 1787 1031 1842 id
1059 1796 1163 1853 est,
1193 1796 1300 1841 tam
1331 1788 1638 1840 historica"!
1665 1800 1824 1854 quam

253 1861 595 1927 allegoricam
627 1860 1144 1925 interpretationem,
1168 1859 1450 1922 commode,
1474 1858 1627 1910 immo
1656 1872 1827 1911 neces-

1935 1512 2151 1583 constet
2177 1517 2390 1583 veteres
2432 1506 2553 1562 illos
2578 1507 2877 1583 monachos
2900 1508 3080 1583 verbis
3105 1508 3397 1583 Scriptura:
3424 1514 3513 1571 ni-

1935 1576 2098 1648 mium
2129 1576 2475 1648 inhaerentes,
2518 1593 2582 1632 ex
2613 1578 2959 1648 simplicitate
3000 1581 3084 1634 vel
3116 1576 3415 1648 ignOrantia
3454 1585 3515 1643 in

1936 1646 2134 1719 multos
2165 1646 2299 1700 alios
2322 1649 2525 1701 similes
2554 1658 2608 1702 et
2629 1646 2904 1717 graviores
2932 1646 3153 1703 errores
3173 1652 3445 1719 incidisse,
3476 1671 3509 1710 e

1934 1716 2128 1787 quibus
2154 1720 2462 1787 complures
2501 1716 2647 1776 avud
2683 1718 2995 1773 Cassianum
3043 1721 3335 1779 observare
3381 1716 3511 1782 licet

1935 1786 2099 1860 (rl’ide
2118 1786 2296 1843 collat.
2326 1804 2343 1844 ι
2368 1805 2487 1860 cap.
2515 1789 2609 1857 20)
2626 1805 2641 1844 :
2660 1789 2726 1843 de
2749 1791 3147 1856 calceamentis,
3171 1795 3317 1847 velut
3339 1796 3510 1850 inter-

1934 1858 2095 1933 dictis
2142 1859 2332 1933 diviqu
2368 1858 2667 1933 praecepto.»
2694 1861 2848 1933 libat
2867 1860 3099 1915 lnstitut.
3120 1877 3254 1933 cap.
3289 1865 3393 1929 £0;
3438 1867 3511 1925 de

247 1924 416 1997 saris,
462 1924 779 2001 capiuntur.
802 1929 972 2001 Cujus
1011 1930 1274 2001 rationem
1317 1944 1383 1983 ex
1431 1928 1507 2001 1).Δ
1528 1930 1828 2001 Augustino
1857 1924 1906 1984 B
1932 1928 2220 1983 mendacio
2248 1924 2398 2001 licitb
2419 1941 2472 1984 et
2495 1924 2772 2001 laudabili,
2799 1930 2939 1985 lib.v
2967 1946 3086 2001 cap.
3117 1924 3219 1997 57:
3236 1943 3290 1988 et
3320 1924 3502 1990 collat.

250 1996 489 2056 insinuat
514 1996 577 2054 D.
609 2001 842 2056 Thomas
872 1996 1112 2055 scribens
1142 1999 1193 2054 in
1228 1999 1367 2054 hunc
1389 1998 1603 2051 modum
1631 1996 1678 2069 (ι
1709 2015 1824 2063 par.

246 2088 300 2140 q.
335 2072 359 2125 l
385 2082 481 2125 art.
515 2070 605 2141 10)
633 2088 645 2124 :
682 2072 816 2135 Quia
868 2088 1043 2125 sensus
1073 2069 1307 2123 litteratis
1332 2080 1422 2134 est,
1449 2084 1612 2141 ‘qncm
1641 2077 1826 2122 auctor

246 2138 468 2195 intendit
508 2138 709 2211 (auctor
735 2152 903 2195 autem
932 2156 1094 2197 sacra:
1124 2141 1406 2211 Scriptum
1435 2138 1575 2193 Deus
1604 2148 1707 2199 est.
1738 2141 1828 2207 qui

247 2215 423 2267 omnia
447 2210 601 2266 simul
632 2230 724 2266 suo
764 2213 1021 2266 intellectu
1050 2210 1479 2277 comprehendit),
1508 2228 1609 2263 non
1643 2219 1716 2263 est
1741 2215 1823 2265 in-

246 2285 578 2347 conveniens,
606 2294 661 2337 ut
689 2284 808 2337 dicit
833 2284 1146 2351 Augustinus
1188 2282 1277 2336 lib.
1310 2296 1385 2335 xu
1417 2279 1650 2349 Confess.
1705 2297 1820 2352 cap.

240 2353 343 2418 3i,
387 2356 430 2407 si
456 2356 607 2408 etiam
622 2355 902 2408 secundum
924 2352 1197 2407 litteralein
1225 2369 1425 2408 sensum
1447 2355 1498 2405 in
1522 2368 1626 2406 una
1655 2352 1825 2407 littera

244 2424 538 2495 Scriptura
557 2421 731 2495 plures
751 2425 849 2495 sint
872 2440 1083 2495 sensus:
1101 2422 1273 2495 Aliam
1298 2424 1555 2495 rationem
1588 2422 1827 2495 insinuat

242 2492 391 2549 idem
411 2492 739 2561 Augustinus
760 2494 852 2548 lib.
880 2510 938 2549 tu
964 2494 1030 2547 de
1053 2492 1306 2549 Doctrina
1328 2494 1659 2550 Christiana:
1682 2492 1824 2549 Nam

240 2566 374 2635 quid
394 2564 447 2619 in
473 2566 660 2636 divinis
684 2565 897 2636 eloquiis
925 2565 1120 2632 largius
1143 2564 1430 2636 etuberius
1450 2567 1612 2633 potuit
1638 2564 1823 2636 divini-

244 2633 330 2689 tus
354 2633 797 2707 provideruguam
824 2647 877 2707 ut
901 2636 1077 2707 eadem
1100 2633 1507 2707 verbapluribus
1530 2634 1823 2707 intelligan-

244 2703 573 2776 tur'modis?
604 2703 703 2763 Ubi
745 2706 1010 2776 signiﬁcat
1044 2703 1374 2776 Augustinus
1413 2706 1480 2760 ad
1523 2703 1819 2763 ubertatem

242 2790 319 2831 ac
349 2775 755 2839 fecunditatem.
785 2775 1030 2845 adeoque
1053 2776 1117 2831 ad
1137 2775 1454 2844 dignitatem
1484 2791 1655 2832 sacrae
1676 2776 1823 2833 Scri-

245 2855 424 2915 ptura:
457 2849 751 2916 pertinere,
784 2849 926 2917 quod
959 2849 1010 2903 in
1039 2847 1224 2902 iisdem
1248 2847 1429 2917 verbis
1466 2847 1650 2917 plures
1691 2862 1821 2904 sen-

240 2931 345 2972 sus
382 2919 761 2975 Contineantur
806 2916 869 2973 ac
912 2918 1131 2976 lateant.
1182 2916 1334 2984 Quod
1379 2916 1557 2972 autem
1599 2917 1665 2971 ad
1701 2917 1823 2976 loca

245 2986 546 3055 Scriptura:
570 2989 653 3043 hic
679 2988 934 3059 producta
957 2986 1172 3059 attinet,
1193 2987 1419 3057 primum
1438 2988 1593 3059 illud,
1622 2988 1685 3044 Si
1706 2990 1821 3059 quis

242 3068 300 3113 te
328 3059 625 3127 percusserit
652 3062 704 3113 in
726 3058 986 3113 dexteram
1008 3058 1291 3123 maxillam.
1318 3057 1486 3125 praebe
1514 3059 1591 3113 illi
1618 3067 1661 3114 et
1692 3057 1820 3115 alte-

240 3145 384 3196 ram,
432 3139 602 3198 potest
643 3131 707 3184 ad
753 3130 981 3185 litteram
1029 3129 1275 3198 intelligi,
1310 3139 1367 3184 ut
1395 3130 1554 3184 verba
1594 3139 1815 3197 sonant;

239 3199 344 3254 sed
372 3209 496 3257 tunc
527 3217 634 3257 non
669 3200 771 3257 crit
798 3212 1142 3270 prarceptum,
1168 3200 1262 3254 scd
1285 3198 1595 3263 consilium.
1624 3214 1679 3256 ut
1712 3205 1818 3257 sci-

1933 2001 1997 2071 l?
2028 2014 2147 2065 cap.
2179 2002 2242 2065 8;
2285 2002 2352 2054 de
2383 2000 2613 2055 humana
2663 2000 2839 2071 elligie
2879 2010 2932 2055 et
2979 2000 3233 2056 membris
3266 2005 3376 2059 Deo
3407 2007 3505 2060 tri-

1929 2070 2179 2138 buendis,
2210 2071 2491 2144 collat._10
2522 2087 2569 2125 c.
2610 2071 2646 2124 '2
2670 2080 2726 2125 et
2756 2070 2903 2144 ch.;
2936 2072 3332 2144 degtentatione
3378 2078 3500 2144 Dei,

1928 2151 1977 2194 et
2009 2152 2304 2209 Spontanea
2332 2141 2413 2195 sui
2446 2157 2598 2207 nece,
2630 2143 2812 2197 collat.
2845 2143 2879 2195 2
2908 2158 2956 2196 c.
2989 2142 3023 2195 5
3044 2154 3091 2196 et
3116 2144 3178 2209 6;
3204 2145 3271 2198 de
3300 2141 3503 2201 castra;

1928 2211 2075 2281 tione
2101 2223 2189 2264 aut
2220 2212 2630 2267 circumcisione
2661 2215 2740 2265 sui
2772 2213 2961 2281 ipsius,
2992 2213 3172 2269 collat.
3205 2214 3241 2267 2
3266 2231 3315 2269 c.
3341 2217 3402 2281 8;
3430 2218 3501 2273 de

1926 2280 2068 2336 bona
2099 2282 2377 2336 voluntate
2408 2283 2630 2349 gratiam
2674 2284 2763 2336 llei
2794 2280 3183 2350 prmveriiente,
3213 2280 3398 2339 collat.
3432 2289 3504 2343 15

1925 2367 2048 2421 cap.
2073 2352 2106 2407 9
2132 2360 2186 2406 et
2208 2354 2584 2423 sequentibus;
2611 2352 2679 2407 de
2702 2353 3139 2423 Quadragesimze
3164 2355 3499 2412 observatio-

1925 2437 2018 2496 ne,
2041 2423 2222 2496 collat.
2241 2421 2305 2479 21
2333 2438 2450 2496 cap.
2474 2424 2708 2496 29,_etc.
2733 2423 2868 2491 Quin
2890 2421 2953 2496 ei
2980 2423 3043 2477 Ι).
3077 2424 3499 2496 Clirysmtontus

1926 2493 1976 2570 in
2020 2494 2251 2563 quadam
2285 2494 2500 2547 liomilia
2536 2493 2729 2570 (Hom.
2772 2496 2836 2549 de
2852 2494 3056 2570 _Adora.
3092 2493 3427 2570 Cru'cistomo
3454 2498 3499 2570 1)

1924 2564 2122 2618 dictum
2164 2579 2401 2619 errorem
2441 2567 2790 2634 quorumdam
2822 2566 2935 2620 sive
2965 2566 3351 2622 monachorum
3382 2564 3498 2627 sive

1923 2635 2150 2707 aliorum
2181 2636 2247 2689 de
2279 2637 2527 2707 crucibus
2558 2636 2919 2707 materialibus
2951 2651 3013 2691 ac
3039 2637 3229 2704 ligneis
3255 2638 3499 2707 hajulan-

1920 2704 2005 2760 dis
2027 2706 2332 2761 insinuasse
2351 2721 2413 2760 ac
2434 2706 2607 2761 obiter
2628 2706 2891 2763 ret‘utasse
2912 2707 3144 2773 videtur,
3176 2709 3301 2763 dum
3323 2704 3498 2766 verba

1921 2775 2119 2832 Christi
2151 2776 2329 2846 (Matt.
2364 2793 2430 2837 ις
2464 2775 2589 2831 Luc.
2620 2778 2716 2847 rx),
2746 2778 2940 2844 quibus
2967 2779 3259 2844 quemlibet
3281 2796 3498 2835 crucem

1920 2860 2071 2901 suam
2104 2849 2297 2902 tollere
2324 2848 2501 2917 jussit,
2552 2848 2711 2901 docet
2741 2864 2850 2902 non
2896 2848 2963 2902 de
2988 2851 3269 2914 materiali,
3302 2852 3395 2905 sed
3426 2852 3495 2907 de

1920 2916 2184 2988 Spirituali
2212 2933 2371 2974 cruce
2398 2933 2519 2973 esse
2563 2918 2942 2988 intelligenda:
2974 2919 3111 2984 Quid
3141 2920 3246 2973 vult
3276 2921 3370 2977 sibi
3399 2925 3495 2976 hoc

1918 2987 2161 3042 verbum?
2210 2988 2410 3062 inquit-
2441 2988 2587 3056 ipse;
2659 2987 2756 3062 an;
2784 2998 2839 3041 ut
2903 2990 3094 3062 lignum
3148 2993 3496 3062 unusquisque

1919 3067 2147 3113 nostrum
2175 3060 2345 3131 ferat?
2371 3056 2513 3114 Certe
2540 3076 2662 3114 non.
2694 3056 2959 3128 Numquid
2986 3061 3118 3114 enim
3159 3056 3330 3117 omnes
3357 3056 3495 3115 mar-

1918 3137 2073 3197 tgres,
2119 3130 2206 3200 qui
2235 3132 2391 3200 secuti
2419 3140 2540 3186 sunt
2590 3130 2886 3197 Dominum,
2935 3133 3169 3199 cruciﬁxi
3218 3144 3331 3186 sunt
3377 3150 3495 3186 cum

1918 3199 2179 3275 Domino?
2215 3199 2486 3275 Numquid
2514 3218 2693 3275 omnes
2714 3202 2973 3275 virgines,
2999 3205 3085 3271 qui
3105 3204 3262 3275 juxta
3292 3203 3493 3270 Apoca—

242 3271 378 3325 licet
407 3271 723 3341 percutienti
757 3287 912 3353 unam
942 3271 1226 3354 manilium.
1246 3271 1579 3353 praebeamus
1601 3272 1814 3354 et.a_lte-
1842 3290 1887 3354 ρ
1920 3270 2409 3354 Ιῃρίὶιζινεεᾳιιαῃιαι·
2433 3273 2634 3354 Agnnum
2647 3270 3252 3354 'Dei,_'cruciﬁa_iinsurtt‘ut
3278 3291 3494 3345 sequan-

241 3356 387 3412 ram,
421 3356 517 3412 pro
547 3352 727 3397 nostra
759 3341 1410 3412 nimirumihumiliatione
1435 3352 1489 3396 et
1521 3342 1812 3399 mortilica-

242 3410 601 3476 tione,"nul|a
642 3413 743 3467 alia
788 3411 1033 3483 causaid
1065 3428 1092 3465 a
1124 3412 1276 3467 nobis
1310 3413 1572 3483 exigente.
1610 3413 1739 3470 Nam
1772 3416 1816 3469 si

244 3495 574 3554 praeceptum
599 3494 765 3549 esset,
785 3494 839 3539 et
866 3483 932 3554 a_d
957 3482 1185 3538 litteram
1208 3482 1548 3549 servandam,
1569 3484 1817 3554 Chrisuis

241 3550 303 3625 et
328 3550 605 3623 apostolus
632 3553 827 3609 Paulus
853 3550 1066 3625 (Joann.
1090 3569 1249 3625 avrti:
1282 3554 1397 3625 Act.
1425 3553 1584 3623 χχιιι)
1608 3556 1672 3609 ad
1698 3571 1818 3609 Ver-

242 3624 373 3678 bum
408 3625 588 3695 utique
612 3635 918 3681 servassent
944 3642 957 3677 :
983 3624 1125 3691 quod
1158 3640 1260 3679 non
1283 3624 1544 3687 fecerunt,
1572 3626 1665 3679 sed
1699 3641 1815 3694 pcr-

240 3695 392 3749 cussi
437 3697 672 3767 graviter
717 3695 1114 3764 responderunt
1140 3696 1255 3767 suis
1300 3695 1726 3767 percussoribus.
1760 3696 1815 3767 Si

242 3780 377 3821 vero
407 3764 699 3835 accipiatur
730 3776 785 3819 ut
824 3777 1172 3836 prmceptum,
1205 3764 1606 3836 intelligendum
1649 3776 1732 3819 est
1762 3766 1814 3820 in

243 3838 641 3906 praeparatione
694 3851 789 3893 seu
842 3835 1258 3906 promptitudiue
1291 3835 1506 3906 animi,
1563 3846 1618 3889 ut
1663 3838 1819 3892 docet

247 3904 313 3960 ll.
344 3904 670 3977 Augustinus
699 3907 790 3964 lib.
820 3904 856 3962 ll
888 3906 954 3960 de
983 3905 1243 3961 Sermone
1286 3904 1495 3960 Domini
1539 3906 1593 3977 in
1638 3914 1817 3977 monte

242 3992 375 4059 cap;
412 3976 499 4044 36,
523 3979 583 4059 id
615 3990 729 4046 est,
778 3989 835 4033 ut
857 3991 1094 4059 .semper
1136 3977 1316 4058 animo
1357 3979 1526 4059 parati
1556 3976 1721 4031 simus
1749 3976 1817 4033 ad

244 4046 625 4118 perferendam
659 4060 712 4103 et
739 4048 1114 4118 remittendam
1147 4048 1330 4117 potius
1359 4046 1633 4113 injuriam,
1658 4064 1816 4113 quam

243 4117 316 4187 ad
344 4118 673 4176 inferendam
704 4129 795 4173 aut
824 4117 1189 4174 ulciscendam
1217 4136 1227 4173 :
1259 4128 1314 4172 ut
1341 4118 1459 4174 haec
1485 4132 1603 4187 (tua:
1630 4118 1817 4187 pracci-

247 4186 332 4256 pit
362 4189 640 4258 Dominus,
673 4190 941 4245 maxillam
970 4189 1242 4256 praebere,
1274 4186 1815 4258 pallium’dimittere,

246 4257 359 4312 duo
386 4257 629 4313 milliaria
664 4261 763 4331 ire,
790 4260 898 4315 sint
920 4257 1460 4331 hyperbolice’dicta,
1490 4259 1683 4331 quibus
1716 4258 1819 4317 hoc

251 4338 465 4383 tantum
509 4329 861 4400 signiﬁcetur,
916 4329 1187 4385 toleranda
1236 4333 1413 4400 potius
1467 4329 1589 4384 eSse
1637 4331 1816 4387 omnia

245 4413 409 4469 quam
445 4399 698 4457 ultionem
743 4416 836 4457 seu
890 4399 1304 4457 vindicationem
1336 4399 1712 4470 appetendam,
1750 4415 1818 4457 eo

247 4469 457 4542 scilicet
503 4472 685 4538 modo,
726 4487 891 4542 _quam
928 4471 1056 4542 alias
1101 4469 1445 4542 exposuimus
1476 4471 1573 4542 (In
1595 4480 1818 4529 tractatu

246 4538 454 4611 deire,
479 4543 688 4611 lib.ﬁvtn
714 4540 991 4611 Institut.).
1025 4538 1185 4606 Quod
1208 4550 1386 4596 autem
1424 4538 1660 4596 secundo
1700 4542 1817 4597 loco

246 4608 475 4683 aﬂertttr
501 4629 511 4663 :
546 4610 671 4666 Cum
699 4608 1056 4683 persequentur
1086 4627 1172 4664 vos
1194 4612 1247 4664 in
1274 4613 1475 4683 civitate
1502 4612 1621 4677 ista,
1656 4612 1819 4682 fugite

1921 3353 2004 3415 tur
2016 3344 2052 3415 1’4
2063 3341 2116 3396 N
2122 3341 2331 3415 untquid
2353 3341 2615 3415 aposlolus
2640 3341 2842 3399 Paulus
2864 3345 3140 3413 cruciﬁxus
3165 3341 3353 3415 fuerat,
3380 3362 3494 3398 cum

1920 3412 2115 3485 dicebat
2139 3431 2157 3469 :
2187 3413 2322 3469 Mihi
2342 3412 2471 3468 absit
2492 3415 2708 3485 gloriari
2730 3416 2830 3468 nisi
2850 3416 2902 3467 in
2926 3412 3073 3469 cruce
3096 3412 3306 3469 Domini
3332 3418 3495 3470 nostri

1917 3480 2040 3538 Iesu
2070 3483 2406 3555 Christikper
2430 3480 2579 3555 quem
2607 3485 2738 3555 mihi
2768 3489 2992 3539 mundus
3023 3488 3303 3553 cruciﬁxus
3332 3499 3421 3549 est,
3447 3496 3496 3540 et

1919 3571 2009 3626 ego
2035 3552 2392 3626 mundolGal.
2420 3552 2471 3607 vi
2499 3572 2520 3619 ;
2552 3556 2675 3626 vide
2698 3553 2985 3626 Gretserum
3008 3555 3098 3609 lib.
3124 3552 3173 3611 tv
3197 3558 3259 3609 de
3282 3555 3341 3610 S.
3363 3555 3494 3610 Cru-

1921 3624 1977 3697 ce
2006 3642 2052 3697 c_.
2088 3624 2174 3695 1).
2212 3624 2332 3697 Hoc
2376 3634 2547 3697 autem
2584 3624 2731 3697 dicit,
2762 3634 2817 3677 ut
2856 3625 3119 3697 intelligas
3160 3642 3358 3697 crucem
3388 3643 3491 3680 non

1918 3694 2048 3766 ligni
2080 3694 2186 3766 esse
2216 3694 2525 3765 patibulum,
2555 3694 2646 3766 sed
2670 3694 2785 3747 vitae
2817 3694 3115 3766 virtutisque
3151 3696 3488 3766 propositum.

1919 3762 1995 3816 lt'a
2026 3764 2085 3834 D.
2121 3762 2560 3834 Chrysostomus.
2585 3762 2876 3834 Caeterum
2921 3780 2989 3818 ne
3028 3762 3257 3819 'omn'ino'
3286 3767 3490 3831 impro-

1921 3833 2090 3887 banda
2148 3831 2249 3888 aut
2295 3832 2629 3903 aspernanda
2691 3831 2938 3887 videatur
2991 3834 3081 3888 illa
3132 3835 3487 3903 simplicitas,

1918 3904 2134 3975 quando
2169 3920 2233 3958 ex
2266 3904 2354 3975 pio
2392 3904 2509 3959 zelo
2543 3902 2785 3975 imitandi
2816 3903 3082 3959 Christum
3113 3916 3166 3961 et
3206 3902 3491 3975 praeceptis

1919 3976 2037 4046 ejus
2068 3974 2399 4042 obsequendi
2436 3974 2816 4044 proﬁciscitur,
2847 3991 2967 4030 cum
2992 3974 3278 4046 Apostolus
3307 3976 3488 4038 dicat;

1920 4044 2074 4111 Quod
2098 4048 2308 4100 stultum
2335 4046 2552 4119 estDei.
2572 4046 2851 4119 sapientius
2872 4058 2943 4101 est
2971 4044 3277 4109 hominibus,
3302 4054 3350 4101 et
3376 4065 3492 4119 qua:

1915 4119 2074 4190 stulta
2098 4117 2426 4190 suntmundi
2454 4115 2604 4190 elegit
2635 4114 2796 4190 Deus,
2828 4119 3205 4190 utrconfundat
3235 4114 3491 4190 sapientes

1921 4186 1963 4257 (l
1991 4187 2184 4242 Coriut.
2215 4188 2277 4258 ι),
2306 4203 2484 4257 operte
2516 4185 2746 4256 pretium
2776 4188 2934 4244 fuerit
2966 4185 3052 4243 hic
3080 4190 3353 4247 ascribere
3379 4188 3491 4244 sin-

1916 4259 2102 4331 gulnre
2136 4268 2190 4314 et
2222 4258 2585 4331 memorabile
2606 4262 2913 4331 exemplum
2950 4259 3156 4331 Nicolai
3190 4259 3487 4331 Peregrini,

1916 4330 2018 4401 viri
2051 4331 2221 4384 sancti
2270 4340 2324 4384 et
2351 4327 2807 4401 staurophoripid
2834 4340 2947 4397 est,
2980 4330 3253 4401 cruciferi,
3284 4327 3352 4385 de
3382 4327 3490 4401 quo

1917 4398 2115 4476 Battus
2135 4400 2410 4476 Equilinns
2446 4398 2631 4476 narrat
2652 4402 2703 4476 in
2726 4399 2869 4456 hunc
2890 4401 3106 4456 modum
3130 4400 3219 4476 (I_n
3244 4398 3489 4476 Catalogo

1920 4468 2043 4544 SS.‘
2057 4470 2146 4524 lib.
2171 4486 2206 4526 γ
2231 4489 2276 4528 c.
2308 4471 2409 4544 78,)
2435 4487 2455 4524 :
2474 4471 2507 4503 ⁸
2528 4468 2778 4544 lyicolaus
2799 4468 3488 4544 cognomentg'l’eregrintis,

1918 4538 2215 4613 confessor,
2276 4538 2483 4613 natione
2535 4539 2768 4607 Graecus,
2810 4538 3032 4610 tempore
3090 4538 3304 4599 Urbani
3341 4558 3491 4613 papa:

1919 4612 2131 4665 secundi
2162 4613 2367 4667 claruit.
2398 4611 2503 4666 Hic
2535 4613 2590 4665 in
2625 4613 2776 4667 annis
2802 4614 3203 4667 adolescentibus
3225 4615 3281 4664 in
3310 4611 3491 4667 mona-

246 4682 305 4733 in
344 4681 523 4743 aliam,
542 4669 751 4753 praeter
801 4669 1086 4753 ltt'Ateralem
1144 4689 1199 4753 et
1250 4681 1519 4753 vulgarem
1572 4669 1816 4749 sensim,
1844 4669 1898 4732 D
1920 4681 2073 4735 sterio
2104 4682 2163 4737 S.
2199 4681 2373 4747 Lucae,
2403 4683 2540 4751 quod
2568 4683 2619 4735 in
2652 4682 2815 4753 Scyro
2837 4682 3310 4753 Grtecite_partibus
3332 4685 3491 4739 situm.

246 4765 424 4821 quem,
441 4748 603 4805 verba
631 4766 738 4820 prae
767 4765 824 4805 se
855 4750 1049 4811 lerunt.
1085 4760 1135 4805 et
1162 4748 1229 4806 de
1252 4748 1364 4819 quo
1390 4752 1447 4805 D.
1485 4748 1814 4821 Augustinus

251 4823 306 4875 in
340 4820 504 4886 epist.
540 4820 641 4877 180
690 4823 904 4891 copiose
948 4821 1192 4885 disserit,
1239 4821 1395 4891 aliam
1446 4820 1810 4891 allegoriciim,

246 4908 345 4945 seu
377 4891 658 4959 ﬁguratam
702 4889 1093 4959 expositionem
1133 4889 1293 4945 tradit
1322 4889 1661 4946 Hilaritts’his
1690 4908 1813 4949 ver-

249 4963 330 5015 bis
354 4959 517 5032 (Con.
553 4963 619 5018 10
643 4963 696 5017 in
728 4960 904 5031 Matt.)
930 4978 948 5016 :
970 4959 1055 5015 Ea:
1083 4979 1183 5015 una
1213 4963 1264 5015 in
1294 4962 1449 5032 aliam
1480 4962 1657 5031 fugant
1685 4980 1813 5018 sua-

245 5029 503 5102 det,'quia
584 5033 848 5088 rardicatio
877 5029 985 5105 ejus
1027 5033 1247 5104 primum
1293 5049 1323 5085 a
1371 5029 1558 5087 Judtea
1584 5032 1815 5158 (ἕρματα

246 5105 430 5157 transit
483 5051 581 5157 af
603 5102 891 5158 Graeciam:
937 5103 1120 5157 deinde
1168 5103 1377 5157 diversis
1427 5105 1561 5156 intra
1648 5105 1815 5158 racia:

246 5105 430 5157 transit
483 5102 555 5157 ad
603 5102 908 5169 erciamf
937 5102 1120 5157 deinde
1168 5103 1377 5157 diversis
1427 5105 1561 5156 intra
1597 5102 1815 5159 Graecia:

248 5172 395 5247 urbes
438 5176 787 5247 apostolorum
819 5173 1142 5244 passionibus
1176 5174 1414 5247 fatigata,
1446 5175 1590 5229 tertio
1617 5176 1671 5230 in
1700 5176 1818 5231 uni.

247 5244 654 5315 versisgentibus
693 5245 1004 5315 demoratur.

320 5322 344 5349 α
374 5312 562 5387 Mirum
588 5318 728 5384 quod
754 5314 912 5387 hujus
938 5315 1016 5373 rei
1043 5313 1182 5387 apud
1215 5313 1350 5369 alios
1375 5316 1663 5387 seriptores
1684 5315 1817 5373 Cas-

246 5380 399 5437 siano
426 5380 759 5461 antiquiores
793 5380 961 5461 (quos
1009 5380 1195 5443 videre
1230 5380 1640 5461 mihicon'tigit)
1668 5389 1814 5461 nulla

247 5463 421 5527 exstet
482 5458 763 5513 memoria.
802 5456 884 5513 'At
929 5472 1103 5527 neque
1151 5456 1288 5527 apud
1336 5456 1495 5513 Card.
1525 5456 1812 5514 Baroninm

248 5521 554 5598 huiusmodi
604 5528 979 5598 antiquitatum
1016 5521 1352 5596 'scripiorem
1406 5544 1468 5584 ac
1526 5544 1803 5586 censorem

248 5597 893 5670 accuratissiinum.gtotis
927 5598 1117 5670 saltem
1150 5601 1333 5666 primis
1349 5616 1454 5659 sex
1481 5612 1573 5655 aut
1598 5612 1804 5670 septem

249 5666 484 5733 saeculis,
518 5668 711 5738 quibus
738 5668 790 5723 id
817 5669 1392 5738 contig-isse.oportuit,
1422 5680 1474 5725 ut
1500 5688 1527 5723 a
1551 5666 1806 5725 Caséiano

251 5739 637 5811 narretur,_qui
682 5738 1171 5811 sextumsmculutn
1200 5741 1806 5811 nonattigi_t.Attamen
1858 5762 1863 5767 λ

253 5806 449 5859 nemini
497 5805 714 5862 dubium
757 5820 847 5866 aut
896 5805 1209 5865 incredibile
1251 5808 1416 5863 videri
1434 5805 1639 5879 'debet,
1684 5824 1807 5865 cum

1918 4760 2014 4814 est,
2047 4753 2328 4822 angelicam
2368 4754 2530 4826 vitam
2567 4751 2739 4826 duxit;
2769 4752 2995 4825 Cumque
3027 4751 3310 4826 _Dominica
3352 4770 3489 4826 prte-

1918 4833 2085 4897 cepta,
2104 4839 2215 4887 qua:
2236 4839 2437 4897 crucem
2457 4824 2737 4878 tollendam
2755 4823 2994 4895 sequique
3018 4823 3288 4879 Daminum
3302 4823 3491 4897 jubent

1916 4892 2133 4947 sollicite
2176 4894 2429 4954 audisset.
2486 4911 2588 4966 non
2633 4892 2830 4951 tantum
2876 4892 3081 4966 spiritu,
3120 4897 3212 4951 sed
3257 4892 3492 4951 manibus

1919 4978 2216 5035 corpoream
2236 4981 2434 5019 crucem
2456 4965 2731 5035 arripiens,
2758 4965 3062 5021 monasterio
3084 4967 3334 5027 discessit.
3364 4976 3410 5017 et
3435 4975 3492 5019 ut

1919 5032 2193 5107 Christum
2224 5034 2430 5107 liberius
2468 5032 2782 5104 sequeretur,
2826 5037 3141 5107 peregrinari
3181 5034 3371 5105 coepit:
3403 5036 3491 5105 qui

1917 5104 2117 5177 veniens
2138 5103 2473 5176 Hydruntum
2492 5103 2697 5177 Apuliae
2716 5103 2991 5177 civitatem,
3011 5108 3175 5175 ibique
3193 5103 3492 5173 aliquantu-

1918 5172 2026 5227 lum
2054 5172 2414 5243 commoratus,
2442 5172 2575 5233 venit
2608 5177 2901 5241 Tarentum,
2932 5175 3020 5229 ubi
3040 5172 3213 5243 aliqua
3239 5172 3492 5230 miracula

1920 5246 2204 5313 ostendens,
2236 5265 2266 5301 a
2294 5248 2489 5316 populo
2510 5257 2788 5303 reverenter
2815 5255 2889 5302 est
2926 5245 3155 5300 habitus.
3189 5243 3321 5298 Inde
3358 5247 3492 5298 venit

1918 5318 1987 5369 ad
2015 5318 2264 5373 civitatem
2291 5316 2618 5385 Tranensem,
2651 5319 2735 5372 ubi
2759 5333 2957 5371 crucem
2981 5332 3048 5371 ea:
3086 5332 3225 5370 more
3252 5316 3491 5370 manibus

1918 5386 2176 5461 bajulans.
2227 5405 2500 5461 puerorum
2550 5388 2926 5461 multitudinem
2976 5386 3321 5461 congregavit,
3373 5400 3489 5461 cum

1917 5455 2095 5527 quibus
2124 5455 2273 5513 sacra
2300 5458 2440 5512 urbis
2476 5456 2591 5512 loca
2619 5458 2941 5521 circumiens,
2983 5455 3145 5526 Kgrie
3162 5455 3353 5511 Eleison
3379 5456 3489 5527 cla-

1917 5545 2057 5583 mare
2085 5546 2185 5583 non
2205 5530 2455 5589 cessabat,
2480 5543 2764 5596 puerosque
2787 5527 3142 5596 subsequentes
3174 5538 3228 5582 ut
3255 5526 3489 5579 similiter

1909 5599 2192 5653 clamarent
2219 5597 2528 5663 concitabat,
2561 5606 2607 5650 et
2637 5595 2693 5651 ut
2717 5598 2784 5651 ad
2810 5613 2863 5652 se
2881 5595 3111 5666 quotidie
3136 5598 3485 5667 convenirent,

1971 5758 1987 5828 .'
2015 5754 2190 5828 Βείθη
2213 5752 2435 5828 “tndem
2458 5753 2707 5810 historiam
2743 5756 2881 5810 uau.
2907 5750 3133 5809 Raderus
3155 5753 3247 5810 lib.
3270 5756 3337 5808 de
3358 5752 3486 5805 Sim—

1910 5816 2134 5880 plicitate
2158 5828 2266 5879 cep.
2292 5814 2383 5868 ult.
