4026 6204
498 317 604 374 ’127

496 538 604 595 que
632 520 1063 593 perceptionem,
1114 515 1166 571 id
1191 522 1299 580 est,
1332 524 1438 569 tam
1469 513 1783 570 historicam
1814 528 1973 584 quam
2003 513 2081 567 al-

496 615 815 685 legor'rcam,
851 612 923 666 ita
953 607 1235 665 commode
1263 621 1326 663 ac
1352 606 1663 662 necessarie
1689 606 2000 676 capiuntur,
2024 614 2082 660 ut

496 713 728 775 utraque
758 702 1074 773 explanatio
1120 698 1311 754 vitales
1354 698 1551 753 anima:
1596 711 1787 753 succos
1814 695 2081 753 submini-

496 804 656 863 stret,
689 804 745 849 ut
772 802 854 849 est
881 792 1045 858 istud,
1076 791 1138 846 Si
1161 792 1274 862 quis
1312 798 1358 843 te
1400 788 1705 861 percusserit
1745 788 1802 841 in
1850 788 2082 841 dextram

498 891 766 946 maxillam
796 899 953 955 tuam,
986 889 1152 959 prrebe
1189 887 1268 940 illi
1298 897 1344 940 et
1372 885 1586 941 alteram
1618 884 1843 958 (Matth.
1869 886 1958 954 v).
1993 885 2079 951 Et,

501 982 630 1037 Cum
660 991 1034 1054 persequuntur
1062 996 1150 1033 vos
1178 980 1231 1033 in
1255 979 1455 1033 civitate
1489 980 1608 1046 ista,
1650 979 1808 1048 fugite
1826 979 1881 1032 in
1924 978 2082 1032 aliam

499 1072 729 1145 (Matth.
753 1089 787 1126 x
810 1070 849 1141 ).
888 1072 972 1137 Et,
1006 1071 1066 1126 Si
1088 1071 1161 1124 ris
1182 1070 1435 1140 perfectus
1457 1085 1582 1135 esse,
1606 1069 1756 1133 vade,
1785 1068 1943 1122 rende
1969 1083 2082 1122 om-

499 1165 589 1221 nia
615 1182 730 1237 qua:
757 1165 911 1219 habes
939 1174 983 1217 ct
1013 1166 1079 1217 da
1108 1162 1452 1234 pauperibus,
1484 1171 1531 1215 et
1560 1161 1761 1216 habebis
1789 1160 2085 1215 thesaurum

496 1258 553 1311 in
579 1258 705 1312 coelo
726 1302 741 1327 ,
767 1266 813 1310 et
836 1258 968 1322 reni,
998 1272 1203 1325 sequere
1223 1270 1301 1309 me
1325 1253 1539 1325 (Matth.
1564 1252 1643 1326 x).
1674 1253 1929 1309 Producit
1953 1267 2086 1308 sane

500 1359 559 1407 et
586 1350 770 1407 fenum
794 1350 1077 1420 jumentis,
1101 1348 1299 1418 quibus
1329 1347 1538 1418 pabulis
1566 1361 1757 1402 omnes
1780 1346 2086 1416 Scriptura-

502 1457 629 1499 rum
657 1441 847 1512 repleti
883 1450 1007 1495 sunt
1034 1440 1240 1510 campi,
1268 1440 1567 1510 simplicem
1614 1439 1821 1495 scilicet
1866 1453 2087 1509 puram-

499 1550 609 1607 que
639 1535 1005 1591 narrationem
1036 1534 1307 1588 historicze
1348 1533 1620 1599 lectionis,
1652 1547 1755 1602 qua
1786 1533 2085 1601 simplicio-

500 1640 597 1683 res
642 1625 842 1697 quique
872 1640 933 1680 ac
964 1625 1141 1679 minus
1190 1640 1417 1695 capaces
1445 1624 1703 1695 perfectae
1753 1632 1810 1679 et
1857 1627 2083 1695 integra:

502 1719 754 1786 rationis,
783 1727 836 1773 et
863 1718 1058 1788 quibus
1106 1718 1328 1782 dicitur,
1358 1716 1605 1771 Homines
1631 1726 1679 1771 et
1699 1718 1943 1787 jumenta
1972 1719 2085 1773 sal-

1544 305 1826 365 JOANNIS
1861 306 2177 365 CASSIANI
2214 301 2707 363 COLLATIONES.

496 432 605 488 etis
629 426 935 485 videntibus
966 423 1282 480 intulerunt.
1314 418 1578 476 Nonnulla
1617 434 1746 477 vero
1773 419 1843 475 ad
1874 429 2076 475 utram-
2101 428 2157 490 Α

2793 413 3024 471 CAPUT
3062 414 3151 470 IV.

2187 510 2266 566 De
2316 510 2518 585 gemina
2560 507 2813 563 sententia
2864 524 3017 579 super
3066 504 3327 563 intellectu
3375 509 3767 577 Seripturarttm

2813 590 3129 634 sanctarum.

2255 674 2618 743 Quamobrem
2646 672 2715 728 de
2744 672 2828 727 bis
2857 688 2978 743 quae
3011 682 3200 741 aperta
3229 671 3620 741 explanatione
3650 688 3771 742 pro-

2184 766 2292 822 lata
2314 775 2462 830 sunt,
2487 779 2587 820 nos
2615 778 2832 835 quoque
2861 773 3177 819 constanter
3208 777 3499 833 possumus
3520 764 3770 829 delinire,

2186 861 2558 929 audenterque
2601 867 2843 913 nostram
2873 856 3117 927 proferre
3156 856 3506 912 sententiam.
3537 857 3614 913 Ea
3645 874 3768 913 vero

2187 968 2306 1022 quze
2334 950 2675 1006 meditationi
2708 961 2760 1005 et
2788 949 3053 1005 exercitio
3080 959 3267 1004 nostro
3298 964 3589 1005 reservans
3627 951 3776 1005 obte-

2188 1051 2273 1100 cta
2303 1042 2507 1098 sanctis
2532 1042 2832 1112 Scripturis
2861 1040 3095 1111 Spiritus
3121 1040 3337 1095 divinus
3366 1041 3621 1108 inseruit,
3660 1047 3778 1111 qni-

2188 1137 2412 1193 busdam
2443 1150 2505 1191 ea
2532 1136 2721 1190 volens
2761 1133 2977 1189 indiciis
3004 1140 3060 1188 et
3085 1132 3440 1202 opinionibus
3469 1132 3673 1203 colligi,
3706 1136 3774 1186 ita

2190 1227 2517 1297 pedetentim
2547 1225 2749 1280 debent
2779 1234 3043 1294 cauteque
3084 1223 3349 1288 conferri,
3383 1234 3440 1277 ut
3471 1224 3544 1278 sit
3584 1239 3774 1279 eorum

2190 1319 2420 1375 assertio
2443 1332 2538 1373 seu
2562 1317 2903 1371 conﬁrmatio
2926 1316 2977 1369 in
3000 1316 3327 1385 disputantis
3353 1314 3442 1370 vel
3469 1315 3774 1384 suscipien-

2190 1416 2262 1470 tis
2284 1412 2512 1470 arbitrio
2532 1412 2823 1468 collocata.
2854 1410 3274 1479 Nonnumquam
3297 1410 3442 1464 enim
3465 1424 3591 1464 cum
3615 1424 3778 1479 super

2194 1521 2298 1561 una
2336 1522 2397 1561 re
2424 1506 2636 1560 diversa
2670 1510 2949 1572 promatur
2986 1501 3282 1566 sententia,
3325 1510 3502 1571 potest
3548 1512 3777 1570 utraque

2191 1598 2530 1655 rationabilis
2546 1596 2802 1666 iudicari,
2825 1603 2881 1650 et
2903 1596 3020 1649 sine
3046 1594 3374 1650 detrimento
3398 1592 3524 1649 lidei
3554 1594 3640 1649 vel
3672 1594 3779 1650 lixe

2192 1694 2276 1748 vel
2302 1692 2479 1747 medie
2504 1691 2727 1760 suscipi,
2755 1689 2807 1744 id
2829 1700 2932 1756 est,
2960 1699 3016 1743 ut
3043 1689 3121 1743 eis
3153 1703 3251 1743 uec
3271 1688 3427 1758 plena
3455 1688 3777 1757 credulitas,

500 1810 668 1875 vobis,
709 1781 928 1862 Domine
951 1810 968 1876 (
987 1808 1186 1861 Psalm.
1231 1781 1435 1877 sxsv),
1474 1781 1771 1863 secundum
1816 1816 1990 1864 status
2018 1824 2084 1864 ac
2117 1827 2165 1886 Β
2195 1802 2299 1842 nec
2327 1785 2573 1886 δδδίξωω
2603 1784 2855 1838 τθίυίθίίο
2899 1782 3205 1886 (ξθρυῑθίυτο
3240 1781 3515 1853 ιπίοτίςιιθ
3544 1796 3781 1852 εθίιυεηε

498 1914 773 1955 mensura:
802 1913 916 1954 sua:
944 1899 1328 1966 conditionem,
1376 1899 1443 1954 ad
1486 1914 1623 1968 opus
1662 1907 1873 1955 tantum
1901 1909 1957 1955 et
2000 1901 2083 1955 la-

500 1991 690 2047 borem
740 1990 963 2046 actuali;
993 1991 1116 2047 vitm
1155 1990 1456 2060 vegetiores
1485 1990 1928 2063 robustioresque
1959 1991 2082 2050 red-

500 2082 719 2140 dantur.

2192 1882 2377 1950 opinio
2424 1877 2688 1948 derogare
2736 1891 2843 1931 non
2897 1875 3113 1941 debeat,
3162 1890 3283 1929 cum
3337 1885 3534 1930 neutra
3586 1889 3780 1929 earum

2194 1972 2317 2027 tldei
2349 1970 2662 2025 inveniatur
2703 1968 2999 2032 obsistere;
3044 1967 3205 2037 quale
3234 1976 3318 2021 est
3348 1964 3514 2032 illud,
3559 1975 3587 2003 ι
3635 1967 3781 2037 quod

2192 2064 2341 2119 Elias
2368 2061 2577 2116 venerit
2600 2061 2652 2114 in
2675 2060 2905 2123 Joanne,
2932 2068 2986 2113 et
3010 2058 3203 2111 iterum
3234 2056 3304 2110 sit
3330 2063 3458 2111 ante
3483 2055 3780 2110 adventum

2189 2154 2390 2211 Christi
2429 2162 2689 2209 venturus
2714 2152 2734 2220 (
2752 2149 2941 2205 Matth.
2973 2148 3084 2213 si);
3124 2158 3179 2204 et
3214 2147 3241 2187 δ
3274 2148 3343 2203 de
3371 2147 3783 2204 abominatione

1574 2290 1826 2347 ALARDI
1862 2290 2099 2348 ΟΑΖᾹΞΙ
2138 2289 2705 2349 COMMENTARIUS.

503 2419 554 2466 et
593 2411 689 2465 hoc
736 2412 914 2466 diebus
955 2411 1170 2481 singulis
1216 2410 1497 2481 iterarent,
1534 2407 1792 2481 puerulos
1831 2409 2009 2481 pomis
2036 2420 2087 2465 et

504 2481 756 2551 fructibus
809 2484 906 2537 sibi
951 2479 1085 2536 datis
1130 2480 1417 2551 alliciebat,
1456 2479 1756 2551 quibusdam
1796 2495 1859 2551 ea:
1889 2479 2087 2551 civibus

505 2549 621 2605 eum
644 2554 883 2606 insanum
912 2551 1280 2614 reputantibus,
1312 2549 1615 2618 quibusdam
1647 2564 1763 2601 t'ero
1803 2549 1992 2602 altiora
2023 2553 2090 2602 de

506 2636 568 2675 eo
588 2622 916 2676 sentientibus
948 2631 992 2674 et
1020 2619 1361 2674 columbinum
1386 2619 1807 2686 prmsuntcntibus
1835 2619 2088 2689 simplici—

507 2701 685 2746 tatem.
738 2691 877 2746 Nam
924 2690 1266 2762 pauperrimis
1315 2689 1530 2762 indutus
1580 2689 1889 2762 panniculis,
1934 2692 2088 2762 nudis

506 2762 721 2832 pedibus
765 2760 1049 2825 incedebat,
1091 2761 1201 2815 sine
1243 2760 1856 2832 intermissioneorabat,
1906 2761 2085 2814 diebus

505 2830 722 2903 singulis
744 2849 843 2885 non
871 2841 989 2886 ante
1013 2847 1267 2903 vesperam
1290 2831 1465 2903 cibum,
1480 2830 1729 2903 sumebat,
1760 2846 1944 2899 panem
1968 2846 2085 2884 vero

506 2898 764 2956 modicum
788 2912 839 2973 et
860 2919 1048 2973 aquam
1072 2898 1266 2973 semper
1290 2901 1600 2954 comedebat.
1634 2898 1767 2955 Cum
1781 2911 1949 2953 autem
1975 2903 2084 2969 ejus

509 2974 652 3044 fama
684 2977 751 3026 ad
779 2971 1119 3042 Byzantinum
1150 2972 1588 3044 archiepiscopum
1607 2974 1941 3044 pervenisset,
1970 2988 2087 3025 eum

509 3042 579 3098 ad
595 3060 649 3097 se
668 3045 951 3109 accersivit,
972 3055 1020 3098 et
1042 3060 1131 3096 cur
1154 3042 1278 3095 talia
1300 3042 1572 3096 clamando
1594 3060 1682 3107 per
1704 3043 1874 3096 urbem
1896 3043 2088 3095 circui-

507 3123 588 3169 ret
616 3116 907 3168 sciscitatus
946 3126 1037 3168 est.
1072 3113 1163 3168 Cui
1192 3126 1395 3167 sanctus
1431 3114 1506 3184 uir
1540 3122 1849 3184 pra'ceptum
1880 3112 2089 3184 Domini

510 3186 576 3239 de
619 3201 768 3239 cruce
809 3184 1058 3237 sumenda
1093 3185 1359 3254 confestim
1409 3182 1670 3254 allegauit,
1720 3198 1874 3254 quam
1903 3183 2089 3254 nedum

507 3256 702 3319 animo,
736 3257 823 3310 sed
853 3270 1068 3320 corpore
1095 3271 1147 3307 se
1186 3253 1769 3323 gestaturum’quotidie
1815 3253 2085 3323 disposuit,

506 3332 645 3394 quod
673 3327 717 3379 si
747 3327 1013 3396 cpiscopus
1061 3326 1113 3376 in
1143 3322 1393 3396 cjussibi
1437 3322 1626 3377 diocesi
1678 3322 1970 3396 d_enegaret,
2021 3324 2090 3375 ad

506 3390 926 3467 oppidunt'tpse'
962 3411 1081 3447 mea:
1114 3390 1277 3467 aliud
1323 3402 1637 3467 praperaret.
1688 3390 1893 3467 Prtesul
1919 3404 2093 3446 autem

506 3462 753 3537 prudens,
784 3467 950 3519 sancti
986 3464 1301 3537 confessoris
1345 3472 1535 3537 rectam
1562 3462 1891 3537 intentionem
1918 3472 1969 3516 et
2001 3479 2089 3537 cog-

511 3532 791 3590 lumbiuam
821 3532 1200 3606 simplicitatem
1240 3533 1525 3597 attendens,
1556 3534 1600 3586 ei
1628 3532 1897 3602 prohibere
1926 3535 2094 3606 noluit

506 3610 630 3675 quin
680 3605 1000 3677 propositum
1041 3607 1389 3677 adimpleret;_
1420 3606 1544 3677 quin
1576 3606 1731 3656 immo
1764 3605 2000 3677 rogauit,_
2034 3612 2091 3658 ut

506 3673 735 3747 quotidie
762 3673 829 3729 ad
858 3694 1004 3730 suam
1037 3692 1262 3729 mensam
1298 3675 1603 3747 reficiendas
1641 3676 1921 3747 accederet.
1961 3673 2093 3728 Cum

508 3744 678 3802 autem
716 3748 969 3802 Nicotaus
997 3748 1366 3817 archiepiscopi
1391 3746 1639 3799 mandata
1672 3744 2007 3814 adimpleret,
2043 3754 2092 3799 et

506 3819 761 3873 civitatem
791 3836 852 3873 ra:
882 3834 1021 3871 more
1067 3814 1225 3888 Kyrie
1272 3814 1460 3870 eleison
1516 3818 1744 3888 clamans
1795 3825 1841 3871 et
1887 3832 2091 3870 crucem

506 3889 747 3960 bajulans
792 3906 905 3943 cum
952 3886 1148 3960 pueris,
1175 3896 1492 3960 peragraret,
1541 3899 1651 3954 post
1685 3886 1806 3960 dies
1863 3889 2091 3960 niodicos

504 3959 647 4027 febre
695 3958 990 4029 corripitur,
1038 3971 1085 4011 et
1136 3959 1186 4011 in
1238 3958 1455 4026 hospitio
1506 3958 1777 4029 cujusdam
1810 3974 1871 4029 ea:
1898 3959 2091 4011 civibus

501 4029 689 4084 nobilis
739 4027 964 4085 matrima
997 4030 1259 4081 devotione
1288 4030 1562 4094 referetur.
1618 4027 1718 4093 Qui
1760 4028 1827 4079 ad
1864 4039 2093 4081 extrema

503 4102 793 4162 deueniens,
828 4116 1013 4170 pueros
1040 4114 1157 4152 suos
1187 4098 1469 4170 advocabit,
1500 4108 1548 4170 et
1567 4112 1781 4170 crucem
1811 4114 1957 4149 suam
1989 4099 2091 4150 eis-

500 4171 617 4222 dem
660 4166 900 4231 tradens,
940 4170 1011 4221 eis
1041 4173 1091 4219 in
1127 4172 1329 4219 nomine
1373 4166 1577 4236 Domini
1607 4166 1892 4236 benediau't,
1920 4170 2091 4236 sicque

498 4239 555 4290 in
589 4256 711 4306 pace
735 4241 975 4307 spiritum
1011 4238 1229 4289 Domino
1265 4236 1487 4307 reddidit
1518 4235 1551 4287 4
1582 4252 1741 4289 nonas
1778 4234 1960 4299 Junii;
1985 4234 2091 4290 sta-

499 4309 688 4374 simque
717 4326 747 4359 a
790 4309 981 4359 civibus
1015 4307 1325 4358 unanimiter
1353 4306 1421 4358 ad
1463 4323 1576 4358 eum
1620 4307 1992 4375 conﬂuentibus
2020 4310 2088 4360 ιιςί

500 4378 763 4431 ecclesiam
796 4375 861 4431 B.
899 4376 1084 4428 Maria:
1130 4376 1419 4441 deducitur,
1465 4386 1509 4428 et
1549 4393 1579 4429 a
1616 4377 1812 4429 cunctis
1858 4379 2089 4431 certatim

495 4447 807 4501 irruentibus
839 4447 992 4515 pedes
1039 4447 1153 4515 ejus
1202 4463 1317 4498 cum
1370 4447 1644 4499 reverentia
1699 4448 2081 4502 deosculantur.

498 4516 690 4587 Sicque
735 4518 798 4570 ab
845 4517 1231 4587 archiepiscOpo
1263 4526 1307 4568 et
1350 4515 1540 4583 populo
1591 4532 1775 4585 corpus
1820 4516 2089 4587 Peregrini

2196 2407 2444 2464 Christus
2471 2421 2741 2475 exponere
2769 2406 2835 2461 de
2862 2405 3068 2461 Joanne
3097 2404 3361 2475 Baptista,
3391 2413 3447 2460 et
3474 2405 3619 2461 hunc
3660 2421 3785 2463 esse

2199 2480 2392 2544 Eliam,
2417 2480 2506 2549 qui
2526 2480 2676 2548 juxta
2700 2477 2831 2532 illud
2859 2476 3166 2549 vaticinium
3192 2475 3780 2549 eXSpectandusesset.

2198 2546 2631 2605 Proinde'Eliutn
2660 2550 2769 2618 jam
2792 2549 3006 2601 venisse
3036 2548 3085 2601 in
3110 2546 3415 2618 .ltamie,ut
3444 2547 3531 2618 hic
3555 2547 3777 2615 dicitur,

2196 2636 2300 2673 non
2324 2620 2556 2685 amplius
2578 2617 2882 2684 venturum,
2912 2633 3010 2672 nec
3040 2617 3485 2685 exspectandum.
3511 2617 3606 2672 Sic
3636 2620 3777 2672 cnim

2196 2683 2430 2745 Μαιώτιξί
2463 2706 2514 2743 χι
2554 2691 2621 2745 de
2666 2683 2876 2744 Joanne
2924 2683 3161 2760 Baptista
3211 2688 3475 2757 loquens:
3510 2686 3637 2760 Ipse
3674 2701 3782 2760 est,

2197 2764 2387 2831 inquit,
2421 2760 2567 2814 Elias
2590 2762 2677 2831 qui
2708 2770 2949 2814 uenturus
2977 2770 3071 2831 est.
3104 2759 3308 2831 Rursus
3338 2770 3401 2831 et
3438 2758 3781 2831 expressius,

2198 2828 2431 2885 Matthxi
2461 2828 3082 2901 tvm-interrogantibus
3126 2828 3442 2898 discipulis:
3476 2830 3617 2893 Quid
3660 2847 3785 2901 ergo

2200 2901 2398 2955 Scriba:
2426 2903 2603 2956 dicunt
2633 2903 2767 2971 quod
2810 2900 2981 2971 Eliam
3025 2908 3258 2969 Oportcat
3302 2902 3525 2969 primum
3574 2900 3787 2956 τεθείη-2

2200 2971 2533 3040 Respondeas
2580 2970 2652 3025 ait
2700 2973 2773 3026 eis
2804 2989 2818 3024 :
2848 2970 2996 3024 Elius
3040 2971 3245 3038 quidem
3290 2980 3532 3024 venturus
3572 2983 3683 3037 est,
3732 2983 3787 3025 et

2197 3044 2428 3097 restituet
2470 3046 2671 3108 omnia;
2703 3043 2818 3095 dico
2848 3052 3019 3095 autem
3044 3041 3203 3106 vobis,
3238 3040 3359 3113 quia
3390 3040 3540 3094 Elius
3557 3044 3675 3113 jam
3700 3058 3787 3096 ee-

2199 3114 2295 3178 uit,
2323 3124 2374 3194 ,ει
2403 3128 2520 3196 non_
2539 3122 2887 3196 cOgnoverunt
2923 3124 3228 3196 eum,netc.l
3252 3110 3374 3177 Qua
3422 3110 3786 3196 responsione

2201 3186 2395 3238 merito
2418 3181 2618 3252 ambigi
2636 3192 2826 3252 potest,
2857 3183 2923 3236 de
2946 3197 3050 3251 quo
3074 3182 3180 3236 Elia
3218 3183 3467 3253 loquatur
3493 3181 3782 3249 Dominus,

2149 3263 2167 3285 ¹
2199 3253 2267 3308 de
2295 3268 2426 3308 vero
2474 3254 2591 3307 Elia
2639 3253 2916 3319 Thesbite,
2949 3255 3036 3321 qui
3071 3253 3309 3306 creditur
3353 3260 3619 3306 venturus
3650 3265 3783 3308 ante

2199 3324 2493 3378 secundum
2521 3322 2721 3379 Christi
2752 3324 3062 3388 adventum,
3087 3339 3153 3377 an
3184 3324 3252 3377 de
3281 3323 3512 3393 mystico
3546 3323 3688 3387 Elia,
3720 3325 3780 3379 id

2199 3404 2303 3459 est,
2331 3396 2538 3449 Joanne
2568 3395 2803 3463 Baptista
2832 3409 3163 3463 przecursore
3194 3392 3423 3457 Domini,
3453 3394 3542 3463 qui
3573 3394 3781 3449 dicitur

2198 3464 2346 3518 Elias
2396 3465 2608 3533 spiritu,
2644 3461 2783 3533 quia
2832 3461 2883 3516 in
2929 3464 3116 3530 spiritu
3164 3465 3442 3533 etrttirtute
3475 3461 3778 3519 'Eliterenit

2197 3533 2363 3601 (Luc.
2394 3532 2465 3601 ι),
2498 3546 2623 3588 ante
2652 3532 3185 3604 primum_adventum
3210 3532 3444 3588 Domini.
3478 3534 3538 3588 Et
3569 3534 3775 3589 fatetur

2196 3603 2487 3659 Jansenius
2529 3602 2817 3675 (Concord.
2860 3602 3061 3673 Evang.
3112 3621 3227 3669 cap.
3278 3604 3373 3675 77)
3424 3605 3492 3659 de
3526 3616 3779 3675 utroque

2201 3690 2357 3743 posse
2385 3676 2633 3744 intelligi.
2668 3674 2931 3729 Creterum
2962 3682 3064 3729 etsi
3098 3676 3149 3728 in
3181 3673 3361 3729 verbis
3388 3673 3598 3729 Domini
3631 3673 3772 3731 non-

2199 3747 2342 3800 nulla
2368 3746 2439 3801 sit
2459 3746 2804 3814 ambiguitas,
2828 3756 3079 3800 constans
3109 3755 3285 3799 tamen
3318 3747 3415 3800 luit
3441 3747 3779 3802 orthodoxa-

2198 3833 2315 3871 rum
2348 3817 2562 3871 Patrum
2586 3818 2876 3881 sententia,
2906 3816 3149 3886 adeoque
3177 3819 3483 3870 communis
3512 3817 3777 3872 Christia-

2199 3902 2387 3959 norum
2419 3887 2621 3956 opinio,
2654 3887 2824 3959 Eliatn
2853 3887 3192 3959 prophetam,
3226 3887 3293 3941 de
3329 3887 3517 3959 quoin
3544 3888 3609 3941 ιν
3644 3888 3772 3959 Reg.

2198 3958 2337 4011 libro
2366 3961 2561 4027 agitur,
2598 3967 2721 4011 ante
2751 3958 2891 4011 diem
2930 3956 3115 4025 judicii
3160 3968 3213 4010 et
3252 3958 3550 4011 secundum
3580 3956 3777 4014 Christi

2196 4029 2481 4083 adventum
2513 4028 2687 4096 reipsa
2716 4042 2837 4081 esse
2868 4037 3168 4081 venturum.
3199 4028 3350 4093 Quod
3384 4038 3491 4082 tam
3533 4030 3682 4084 clare
3712 4046 3775 4084 ac

2196 4098 2479 4166 perspicue
2501 4113 2531 4153 e
2551 4098 2843 4167 Scripturis
2864 4099 3155 4166 colligitur,
3177 4109 3233 4151 ut
3250 4096 3383 4152 citra
3408 4103 3770 4155 temeritatem

2196 4170 2354 4224 aliter
2379 4169 2609 4235 opinari,
2639 4177 2732 4221 aut
2759 4168 2809 4222 id
2836 4169 2888 4222 in
2920 4168 3138 4223 dubium
3172 4183 3427 4224 revocare
3454 4184 3555 4223 non
3587 4170 3767 4224 liceat.

2194 4240 2328 4292 Nam
2352 4238 2403 4309 in
2434 4238 2617 4307 primis
2646 4238 2962 4293 Malacltiam
2990 4239 3059 4293 de
3088 4238 3327 4294 secundo
3355 4242 3594 4294 adventu
3623 4240 3767 4309 loqui

2195 4308 2536 4364 manifestum
2566 4321 2666 4374 εει,
2697 4308 2824 4363 dum
2864 4310 2937 4363 ait
2962 4326 2976 4363 :
3009 4309 3294 4377 Antequam
3319 4312 3490 4363 ueniat
3524 4312 3635 4364 dies
3663 4308 3771 4364 Do-

2194 4379 2324 4449 mini
2352 4395 2568 4449 magnus
2606 4388 2654 4433 et
2700 4380 2960 4433 terribilis.
2994 4379 3451 4447 Quemadmodum
3492 4381 3664 4435 Jorlis
3695 4383 3765 4435 2:

2195 4447 2291 4522 Sql
2312 4447 2638 4522 Aconu‘ertetur
2667 4450 2717 4522 in
2750 4451 3298 4522 tenebras,iantequam
3329 4451 3497 4522 ueniat
3515 4453 3625 4522 dies
3656 4451 3765 4522 Do-

2194 4519 2323 4572 mini
2356 4534 2571 4587 magnus
2600 4528 2647 4573 et
2678 4520 2960 4575 horribilis.
2998 4519 3167 4576 Unde
3195 4530 3250 4576 et
3285 4520 3436 4574 verba
3480 4520 3764 4575 Malacliize

500 4586 713 4642 NicOlai
742 4588 794 4640 in
825 4588 941 4653 ipsa
961 4586 1172 4640 ecclesia
1194 4587 1470 4654 honoriﬁce
1493 4588 1798 4651 tumulatur,
1832 4587 1916 4641 ubi
1943 4586 2081 4642 mul-
2107 4596 2162 4655 D
2190 4588 2381 4643 Patres
2428 4586 2618 4645 omnes
2659 4590 2726 4645 de
2770 4605 2898 4645 vero
2930 4590 3042 4644 Elia
3070 4601 3123 4644 et
3161 4592 3228 4645 de
3265 4589 3495 4645 secundo
3520 4591 3763 4646 adventu

496 4658 749 4729 tisisignis
769 4658 1002 4729 e/fulget.
1033 4657 1155 4711 Haec
1181 4658 1369 4711 Petrus
1396 4657 1694 4725 Equiliuus,
1723 4659 1884 4728 quiet
1914 4660 2075 4713 mira-

494 4728 617 4783 cula
650 4728 909 4782 nonnulla
940 4728 1003 4781 ad
1026 4738 1330 4782 contactum
1365 4730 1607 4796 corporis
1642 4738 1848 4797 patrata
1882 4744 2071 4783 recen-

494 4806 600 4853 set.
655 4797 897 4853 Meminit
939 4797 1180 4867 ejusdem
1228 4798 1429 4853 Nicolai
1478 4799 1769 4852 Tranensis
1816 4799 2073 4853 Barouius

493 4876 643 4923 torno
674 4868 960 4924 undecimo
994 4870 1274 4923 Annalium
1304 4869 1439 4939 (An.
1467 4867 1525 4922 ϐ.
1554 4867 1710 4934 tum,
1743 4869 1797 4923 in
1823 4870 1963 4939 ﬁne).

570 4950 594 4975 ⁸
624 4939 681 4994 In
728 4955 956 4994 numero
1000 4938 1384 5007 qumstionum,
1431 4938 1497 4993 de
1546 4939 1739 5007 quibus
1788 4938 1932 4993 salva
1968 4941 2074 4997 lide

488 5008 741 5079 dubitare
762 5012 943 5075 liceat,
967 5018 1022 5064 et
1048 5010 1357 5065 utramlibet
1380 5019 1584 5079 partem
1610 5011 1727 5065 sine
1751 5010 2073 5066 detrimento

487 5078 637 5151 ﬁdei,
673 5091 731 5135 ut
760 5081 857 5144 ait,
886 5092 939 5135 et
965 5080 1190 5135 alterius
1223 5078 1391 5151 partis
1408 5081 1756 5149 derogatione
1776 5081 1948 5150 sequi,
1979 5096 2075 5150 po-

484 5149 573 5204 nit
597 5152 702 5205 duo
729 5153 976 5221 exempla
998 5149 1311 5220 Scriptum,
1337 5154 1563 5206 alterum
1589 5151 1655 5205 de
1678 5151 1815 5217 Elia,
1842 5149 2068 5207 alterum

488 5220 558 5275 de
580 5220 984 5277 abominatiOne
1009 5222 1380 5289 desolationis,
1410 5222 1475 5275 de
1505 5236 1606 5290 qua
1656 5234 1765 5275 tum
1796 5224 1935 5291 apud
1966 5223 2073 5277 Da-

483 5291 711 5362 nielem,
736 5303 845 5346 tum
869 5293 1011 5361 apud
1035 5294 1393 5363 evangeliStas
1418 5292 1609 5363 agitur.
1628 5292 1780 5359 Quod
1803 5294 1867 5345 ad
1898 5293 2066 5347 Eliam

482 5364 700 5427 attinet,
733 5362 942 5418 videtur
969 5364 1020 5417 in
1051 5363 1153 5417 hoc
1182 5362 1535 5431 quaestionem
1566 5362 1742 5417 facere
1768 5364 2070 5431 problema-

482 5431 675 5497 ticam,
708 5444 888 5489 utrum
924 5433 1067 5487 Elias
1100 5433 1515 5503 prOphctaiante
1545 5434 1837 5487 secundum
1866 5434 2069 5487 adven-

483 5509 599 5555 tutn
654 5503 862 5558 Domini
905 5514 1166 5557 venturus
1202 5502 1297 5557 sit.
1332 5502 1465 5556 Nam
1515 5514 1801 5557 venturum
1849 5503 2062 5568 quidem

480 5575 738 5640 promisit
770 5575 929 5640 Deus,
959 5574 1232 5629 Malachice
1265 5590 1314 5627 tv
1353 5592 1367 5627 :
1411 5571 1565 5637 Ecce,
1617 5590 1706 5640 ego
1739 5574 1884 5626 mitto
1926 5576 2064 5627 vobis

481 5631 661 5695 Fliam
686 5631 1007 5712 praphetam,
1029 5646 1481 5711 antequamveniat
1500 5631 1606 5697 dies
1626 5631 1835 5696 Domini
1853 5660 2064 5710 magnus

482 5713 828 5784 e_t__terribilis,
870 5724 917 5768 et
951 5723 1203 5769 convertet
1233 5731 1319 5767 cor
1355 5726 1560 5784 patrum
1598 5715 1665 5767 ad
1706 5715 1864 5779 ﬁlios,
1897 5723 1945 5784 et
1974 5730 2063 5766 cor

483 5778 715 5845 ﬁliorum
746 5783 813 5834 ad
842 5792 1012 5849 patres
1063 5799 1259 5838 eorum.
1310 5778 1382 5837 At
1428 5784 1571 5837 hunc
1622 5778 1799 5839 locum
1851 5778 2063 5839 videtur

2189 4659 2398 4732 Domini
2419 4662 2778 4732 contmuniter
2800 4661 3221 4732 interpretantur
3247 4662 3533 4732 (Chrysost.
3558 4661 3701 4714 hom.
3731 4664 3765 4717 ι

2178 4730 2233 4803 in
2250 4728 2298 4803 ll
2324 4731 2390 4803 ad
2415 4729 2673 4803 Thessal.;
2699 4730 2851 4784 Hier.
2874 4732 2927 4784 in
2948 4728 3139 4803 c._xvn
3158 4728 3288 4785 Matt
3318 4748 3336 4797 ;
3360 4728 3577 4803 August.
3603 4743 3755 4789 tract.

2180 4800 2213 4853 4
2241 4802 2293 4852 in
2329 4801 2518 4865 Joan.;
2564 4801 2719 4872 Greg.
2753 4802 2842 4854 lib.
2872 4816 2924 4855 lx
2971 4800 3159 4872 Morel.
3201 4817 3320 4871 cap.
3359 4800 3459 4871 4).
3488 4802 3759 4870 Secundo,

2180 4880 2369 4925 auctor
2402 4871 2759 4926 liccle-iasiici
2785 4887 2902 4941 cap.
2936 4887 3096 4927 vatn
3126 4871 3193 4927 de
3218 4874 3321 4927 hoc
3344 4874 3459 4927 Elia
3491 4874 3752 4937 scribens,

2178 4948 2236 5013 e_t
2264 4941 2329 4993 ad
2362 4942 2636 5013 Malm-hia:
2672 4944 3040 4997 testimonium
3066 4943 3329 5007 alludens,
3363 4953 3488 5013 post
3511 4945 3616 4998 alia
3646 4956 3755 4999 tau-

2179 5010 2299 5084 detn
2328 5012 2547 5084 subdit:
2576 5012 2676 5084 Qui
2700 5014 2976 5084 inscriptus
3010 5024 3079 5084 est
3120 5015 3169 5066 in
3187 5010 3405 5083 judiciis
3448 5023 3759 5083 temporum,

2177 5080 2337 5134 lenire
2365 5083 2687 5135 iracundiam
2721 5082 2834 5154 Dei,
2860 5080 3143 5137 conciliare
3170 5080 3265 5154 cor
3284 5085 3448 5154 patris
3474 5080 3759 5150 advﬁlium,

2175 5163 2223 5204 et
2272 5154 2538 5206 restituere
2590 5154 2752 5206 tribus
2783 5151 2968 5208 Iacob.
3000 5154 3206 5217 Tertio,
3238 5151 3493 5209 Christus
3540 5157 3672 5211 dicit
3707 5159 3754 5211 ir

2175 5222 2354 5296 futuro
2380 5223 2551 5277 Ellam
2575 5237 2884 5296 venturum,
2909 5238 2963 5296 et
2987 5228 3358 5296 restituturum
3384 5228 3590 5290 omnis,
3618 5244 3759 5296 quno

2174 5292 2476 5366 deloanne
2506 5295 2688 5366 nequit
2720 5294 2964 5366 intelligi.
2992 5295 3125 5366 Cum
3147 5310 3280 5351 vero
3311 5292 3659 5365 postmodum
3684 5302 3760 5351 ait

2175 5362 2347 5417 Eliam
2374 5365 2484 5431 jam
2516 5362 2751 5429 venisse,
2782 5362 2914 5419 satis
2938 5365 3177 5420 ostendit
3215 5381 3275 5422 se
3302 5362 3410 5421 non
3440 5366 3511 5422 de
3540 5382 3607 5421 eo
3640 5367 3759 5421 Elia

2174 5432 2321 5504 loqui
2353 5449 2510 5503 quem
2550 5434 2761 5491 dixerat
2810 5451 2932 5491 esse
2958 5444 3264 5502 venturum,
3316 5438 3411 5493 sed
3445 5438 3513 5493 de
3545 5436 3758 5493 Joanne

2172 5502 2433 5579 Baptista,
2465 5506 2554 5575 qui
2585 5504 2638 5560 in
2669 5507 2860 5579 spiritu
2885 5517 2935 5562 et
2969 5507 3165 5579 virtute
3198 5508 3329 5562 Elia:
3359 5508 3472 5579 jam
3506 5520 3753 5563 venerat.

2166 5575 2374 5647 Caetera
2402 5586 2711 5644 argumenta
2746 5576 2866 5633 vide
2892 5577 3030 5647 apud
3060 5575 3404 5645 interpretes.

2238 5644 2276 5717 bi
2303 5644 2484 5717 Altera
2539 5647 2801 5717 qumsﬁo,
2832 5644 2989 5717 quam
3037 5649 3121 5700 hic
3153 5644 3320 5701 abbas
3371 5649 3534 5703 etiam
3607 5650 3751 5703 inter

2166 5716 2578 5785 problematicas
2628 5727 2683 5771 ct
2711 5716 2982 5787 utrimque
3022 5718 3333 5787 probabiles
3364 5720 3591 5785 statuit,
3628 5719 3749 5774 hunc

2164 5801 2283 5843 esse
2314 5788 2524 5842 videtur
2544 5827 2560 5854 ,
2591 5800 2845 5858 quantum
2874 5805 2939 5845 ex
2968 5788 3145 5842 verbis
3175 5787 3345 5855 ipsius
3382 5790 3639 5860 colligere
3675 5792 3748 5845 lic
