4036 6216
186 298 284 355 7ἓὲ

779 295 1121 352 COLLATIO
1162 295 1298 353 VIII.
1328 325 1398 335 —
1430 293 1517 350 DE
1556 290 2075 347 PRINCIPATIBUS
2115 290 2245 347 SEU
2288 288 2829 371 POTES'I‘ATIBUS.

3336 288 3443 346 130

184 410 548 474 desolationis,
582 408 727 478 quod
773 409 987 463 steterit
1016 408 1068 462 in
1106 406 1225 462 loco
1267 414 1457 461 sancto
1499 417 1596 473 per
1624 400 1753 457 illud
1781 402 1835 465 Α
1862 401 1992 456 turis
2019 398 2197 469 colligi
2228 398 2401 466 solet,
2450 399 2547 454 sed
2576 399 2877 457 manifestis
2906 400 3306 475 Scripturarum
3337 410 3445 460 les-

181 501 527 561 simulacrum
560 501 710 558 lovis
738 500 878 571 quod
908 499 1261 570 Jerosolymis
1287 499 1341 552 in
1375 496 1574 566 templo
1615 497 1759 566 posi-

183 605 293 651 tum
320 595 569 665 legimus,
603 602 657 650 et
684 594 877 649 iterum
899 600 1046 647 stare
1079 591 1272 646 habeat
1301 590 1353 644 in
1384 589 1629 644 Ecclesia
1662 604 1761 659 per

184 687 474 743 adventum
498 684 813 742 Antichristi
834 682 1067 755 (Daniel.
1088 681 1191 753 is);
1217 682 1413 751 illaque
1440 681 1616 735 omnia
1640 697 1760 751 quae

185 779 235 833 in
269 776 564 848 Evangelia
593 783 891 846 sequuntur
920 773 1145 844 (Matth.
1190 772 1364 843 χιιι),
1400 787 1519 841 quae
1567 781 1622 827 et
1664 774 1762 826 im-

184 868 331 939 pleta
380 876 505 923 ante
553 866 916 939 captivitatem
962 864 1422 935 Jerosolymorum
1453 871 1509 917 et
1556 864 1609 917 in
1656 862 1763 918 ﬁne

192 958 377 1015 mundi
403 960 558 1015 istius
579 958 952 1029 intelliguntur
976 955 1265 1025 implenda.
1291 954 1334 1009 E
1355 954 1549 1025 quibus
1572 963 1759 1009 neutra

184 1051 369 1122 opinio
414 1051 692 1122 impugnat
733 1050 915 1115 aliam,
949 1061 1052 1104 nec
1079 1056 1395 1118 sequentem
1429 1046 1576 1116 prior
1600 1046 1762 1102 intel-

182 1140 352 1199 lectus
371 1150 615 1199 evacuat.

800 1231 1029 1289 CAPUT
1061 1232 1126 1288 ν.

186 1348 339 1418 Quod
367 1350 629 1420 praposita
658 1350 870 1421 quaestio
897 1351 1026 1402 inter
1057 1349 1149 1403 illa
1177 1365 1291 1418 qua:
1336 1347 1498 1403 medie
1549 1348 1763 1403 tenenda

744 1430 866 1474 sunt
887 1420 1065 1473 debeat
1101 1421 1287 1488 accipi.

254 1572 319 1629 Et
346 1571 550 1629 idcirco
577 1573 851 1645 proposita
874 1588 903 1626 a
928 1573 1084 1628 vobis
1113 1574 1359 1644 quaestio,
1384 1573 1508 1630 licet
1544 1589 1649 1628 non
1679 1590 1761 1630 sa-

183 1666 251 1721 tis
277 1665 526 1720 videatur
554 1679 653 1721 nec
690 1664 1003 1736 frequenter
1032 1666 1171 1721 inter
1198 1666 1445 1723 homines
1472 1668 1756 1733 ventilata,

1864 496 2101 552 timoniis
2141 495 2319 551 omnia
2348 494 2792 564 comprobentur.

2479 583 2708 642 CAPUT
2740 586 2828 641 VI.

2114 678 2266 746 Quod
2296 678 2424 732 nihil
2448 694 2481 731 a
2511 676 2617 730 Deo
2646 678 2840 731 malum
2859 688 3087 734 creatum
3108 682 3197 736 sit.

1932 780 1957 809 ⁸
1990 768 2148 825 Absit
2195 784 2357 840 ergo,
2408 776 2469 823 ut
2535 767 2706 822 Deum
2754 768 3045 839 quidquam
3076 784 3289 827 creasse
3317 786 3446 828 con-

1863 863 2108 918 ﬁteamur
2155 861 2300 933 quod
2353 860 2779 916 substantialiter
2837 860 3038 916 malum
3087 861 3188 928 sit,
3232 860 3448 919 dicente

1862 955 2176 1025 Scriptura:
2209 954 2397 1010 Omnia
2424 970 2538 1025 quis
2577 954 2698 1026 fecit
2736 951 2911 1021 Deus,
2956 954 3090 1008 bona
3138 964 3257 1009 sunt
3300 954 3450 1011 valde

1865 1045 2156 1119 (Genes.t).
2206 1044 2233 1083 ι)
2293 1046 2348 1101 Si
2376 1045 2520 1100 enim
2543 1060 2571 1099 a
2594 1044 2706 1100 Deo
2730 1044 2862 1100 tales
2896 1043 2986 1100 isti
3012 1044 3330 1111 creatisunt,
3364 1046 3452 1101 vel

1864 1139 1930 1195 ad
1951 1141 2051 1193 hoc
2073 1138 2222 1207 facti,
2247 1145 2308 1192 ut
2334 1139 2433 1193 hos
2453 1137 2678 1192 malitiae
2693 1137 2893 1207 gradus
2904 1144 3145 1204 teneant,
3166 1151 3454 1208 acsemper

1864 1233 2273 1301 deceptionibus
2293 1241 2347 1287 et
2358 1230 2528 1286 ruinis
2558 1230 2837 1285 hominum
2870 1239 3081 1297 vacent,
3103 1239 3291 1287 contra
3315 1246 3453 1300 prte-

1864 1323 2025 1378 dictse
2070 1323 2367 1394 Scriptura:
2411 1321 2770 1390 sententiam,
2820 1321 3198 1377 infamabimus
3251 1322 3453 1388 Deum,

1867 1415 2015 1470 velut
2056 1422 2355 1470 creatorem
2405 1422 2568 1483 atque
2608 1414 2946 1470 inventorem
2975 1412 3239 1468 malorum
3261 1454 3276 1479 ,
3309 1413 3453 1484 quod

1867 1506 2073 1562 scilicet
2100 1507 2366 1578 pessimas
2388 1505 2690 1561 voluntates
2716 1520 2779 1560 ac
2800 1515 3021 1560 naturas
3048 1504 3166 1573 ipse
3188 1505 3449 1562 condide-

1865 1600 1967 1664 rit,
1998 1598 2065 1653 ad
2099 1598 2203 1655 hoc
2226 1612 2318 1653 eas
2346 1611 2559 1663 creans,
2592 1608 2647 1652 ut
2680 1612 2893 1667 semper
2914 1597 2970 1652 in
2997 1597 3234 1668 nequitia
3265 1612 3452 1669 perse-

1866 1698 2117 1745 verantes
2158 1705 2447 1759 numquam
2484 1690 2714 1745 transire
2751 1689 2963 1762 possint
2991 1691 3045 1744 in
3076 1690 3233 1745 bonae
3258 1691 3453 1746 volun-

180 1771 283 1813 ηθο
310 1756 449 1828 illiud
473 1757 736 1853 Ριυτίωρε
768 1764 977 1853 βείθθξι
1026 1767 1083 1853 (ξι
1111 1774 1179 1813 εἰ
1363 1760 1480 1829 ipso
1503 1759 1640 1853 apud
1666 1761 1763 1815 ali‘
1791 1773 1839 1833 B
1866 1785 1990 1840 tatis
2052 1756 2328 1839 affectum.
2393 1782 2544 1838 Hanc
2582 1756 2769 1853 igitur—
2794 1783 3054 1837 rationem
3129 1782 3453 1839 diversitatis

176 1862 319 1919 quos
343 1862 408 1904 ea
422 1862 541 1918 quae
561 1848 903 1919 proferemus
928 1849 1150 1905 forsitan
1172 1850 1456 1905 videantur
1471 1851 1717 1921 ambigua
1740 1868 1754 1917 ;

1870 1876 2039 1945 hujus,
2070 1874 2359 1930 traditione
2385 1848 2685 1929 Patrumvde
2707 1881 3016 1930 sanctarum
3045 1872 3449 1946 Scripturarum

177 1940 256 1994 ita
306 1939 567 1995 debemus
606 1947 848 1995 nostram
870 1948 1171 2011 temperare
1224 1941 1580 2006 sententiam,
1624 1957 1757 2011 quo-

179 2033 330 2088 niam
379 2032 506 2089 ﬁdei
555 2032 834 2089 Trinitatis
880 2033 1010 2089 nihil
1044 2033 1395 2104 praejudicant
1421 2044 1479 2090 ut
1508 2036 1647 2090 inter
1670 2036 1762 2091 illa

178 2124 483 2180 habeantur
508 2140 627 2194 qua
654 2125 828 2181 medie
848 2134 971 2179 sunt
1010 2125 1234 2180 tenenda
1251 2166 1267 2191 ,
1310 2139 1633 2196 quamquam
1656 2141 1763 2181 non

180 2219 278 2275 tali
302 2219 557 2291 opinione
583 2219 755 2290 qualis
798 2218 1193 2284 suspicionibus
1223 2228 1425 2275 tantum
1464 2228 1520 2276 et
1548 2221 1764 2289 conjec-

1863 1967 2035 2036 fonte,
2062 1966 2423 2038 percepimus.

2473 2034 2700 2093 CAPUT
2725 2036 2838 2092 VII.

2071 2131 2149 2185 De
2176 2130 2327 2185 initio
2353 2131 2739 2202 principatuum
2758 2170 2773 2196 ,
2801 2144 2891 2183 seu
2919 2135 3246 2198 potestatum.

1943 2233 1965 2261 ο
2000 2223 2136 2278 Ante
2188 2222 2553 2279 conditionem
2594 2219 2754 2291 hujus
2799 2218 3040 2275 visibiles
3063 2228 3325 2276 creaturae
3345 2219 3456 2292 spi-

1247 2355 1502 2411 ALARDI
1541 2355 1769 2412 GAZAEI
1807 2355 2367 2415 COMMENTARIUS.

172 2456 301 2514 cet,
329 2462 395 2501 an
426 2444 748 2501 abominatio
777 2444 1125 2516 desolationis
1152 2459 1184 2499 a
1214 2446 1432 2502 Daniele
1464 2448 1716 2516 praedicta
1736 2488 1751 2513 ,

171 2519 348 2574 fuerit
377 2517 591 2585 impleta
630 2516 730 2570 sub
764 2515 1027 2572 Antiocho
1063 2532 1196 2585 rege
1244 2515 1525 2586 Epiphane
1574 2519 1751 2587 dicto,

173 2604 248 2644 an
280 2588 386 2644 sub
414 2588 534 2642 Tito
564 2588 919 2660 imperatore,
942 2596 999 2642 et
1042 2587 1541 2660 Hierosolymorum
1572 2597 1755 2643 vasta-

172 2660 364 2726 tione,
420 2672 543 2727 quce
580 2657 781 2714 Christi
821 2666 1047 2713 mortem
1079 2657 1319 2727 proxime
1350 2668 1534 2714 secuta
1554 2669 1663 2724 est;
1687 2673 1753 2713 an

171 2730 399 2786 demunt
440 2728 542 2783 sub
577 2728 897 2784 Antichristi
929 2729 1303 2798 persecutione
1332 2730 1633 2797 implenda;
1669 2730 1756 2784 vel

171 2816 304 2872 quae
336 2799 407 2855 sit
429 2799 521 2853 illa
550 2800 880 2872 abominatio
900 2799 1278 2872 desolationis.
1308 2801 1518 2872 Qnade
1548 2816 1606 2855 re
1637 2800 1758 2855 vide

171 2870 469 2942 opiniones
505 2872 679 2925 varias
717 2870 857 2941 apud
904 2870 1253 2937 Jansenium,
1297 2871 1663 2926 Maldonatum
1708 2877 1766 2925 et

170 2943 325 2997 alios
354 2943 697 3009 interpretes.

250 3021 279 3050 ⁸
305 3013 467 3080 Smpe
495 3008 595 3065 lioc
627 3011 861 3067 inculcat
896 3008 957 3067 S.
993 3012 1351 3078 Augustinus,
1392 3011 1590 3066 nullam
1643 3025 1764 3067 esse

168 3092 434 3139 naturam
466 3082 685 3147 malam,
720 3081 773 3136 id
796 3093 911 3148 est,
945 3083 1145 3136 nullam
1185 3095 1484 3138 creaturam
1516 3083 1766 3137 substan-

169 3155 392 3209 tialiter
446 3154 674 3221 malam,
722 3152 817 3207 sed
848 3153 1025 3207 omnia
1053 3168 1173 3209 esse
1224 3154 1381 3208 bona.
1414 3153 1510 3207 Cui
1536 3168 1766 3208 consen-

170 3226 326 3281 tiunt
360 3237 552 3277 omnes
583 3233 785 3277 nastrze
801 3224 1075 3293 religionis
1098 3233 1378 3292 auctores,
1399 3224 1485 3293 qui
1516 3238 1760 3278 commu-

169 3296 329 3351 niter
362 3305 717 3349 exsecrantur
746 3294 1102 3356 Marcionem,
1139 3296 1485 3349 Manieltueum
1505 3336 1517 3356 ,
1548 3305 1602 3349 et
1628 3296 1765 3349 alios

171 3377 405 3422 veteres
426 3365 735 3420 lizereticos:
762 3366 851 3434 qui
879 3366 984 3418 duo
1004 3365 1282 3434 principia,
1302 3367 1451 3435 quasi
1475 3368 1613 3419 duos
1637 3366 1767 3421 deos

170 3437 495 3500 ﬁnxerunt,
525 3450 685 3489 unum
718 3436 938 3498 bonum,
980 3437 1241 3491 bonorum
1290 3445 1596 3499 auctorem;
1628 3437 1768 3492 alte-

171 3523 303 3563 rum
340 3505 577 3569 malum,
610 3515 881 3560 auctorem
907 3506 1187 3560 malorum.

249 3578 279 3619 δ
313 3576 453 3642 Isti,
477 3590 674 3645 nempe
694 3586 882 3631 natura
913 3592 1007 3630 sua
1039 3576 1190 3640 mali,
1232 3578 1561 3645 principatus
1588 3587 1645 3632 et
1672 3591 1770 3647 po-

171 3658 442 3713 testates,
495 3648 544 3700 id
570 3657 675 3710 est,
700 3648 919 3716 spiritus
944 3648 1010 3702 de
1060 3663 1284 3715 quorum
1338 3648 1514 3713 initio,
1555 3659 1765 3713 natura,

167 3719 532 3788 conditione,
565 3717 751 3785 lapsu,
784 3718 1050 3786 proposita
1082 3719 1328 3788 superius
1365 3718 1503 3788 (cap.
1556 3717 1614 3787 '2)
1656 3719 1771 3772 lure

167 3789 424 3861 qumstio
446 3806 457 3840 :
479 3786 628 3843 Unde
653 3796 794 3841 tanta
817 3787 1075 3861 diversitas
1103 3786 1442 3861 malignorum
1463 3786 1733 3857 spirituum
1748 3789 1773 3841 ?

166 3858 255 3916 Ᾱιι
290 3861 368 3914 ad
404 3859 496 3911 hoc
522 3867 793 3929 potestates
823 3858 940 3912 illas
969 3875 999 3909 a
1026 3858 1244 3910 Domino
1264 3859 1493 3911 conditas
1530 3873 1637 3910 esse
1667 3873 1774 3909 cre-

169 3933 418 3987 dendum
449 3939 550 3987 est.
580 3939 634 3983 ut
662 3931 741 3982 his
767 3940 944 3982 contra
969 3929 1223 3981 hominem
1246 3930 1490 3998 gradibus
1512 3937 1661 3996 atque
1690 3945 1773 3981 or-

166 4001 399 4057 dinibus
422 3999 737 4055 militarent?
769 3998 864 4054 Cui
914 4002 1196 4069 qttmstioni
1228 4000 1516 4064 respondet
1543 3999 1771 4067 primum

168 4074 285 4128 hoc
322 4073 525 4137 capite,
549 4084 615 4124 ex
643 4080 786 4125 certa
817 4067 945 4125 ﬁdei
967 4067 1281 4124 deﬁnitione
1303 4070 1773 4139 etScripturarum

167 4142 523 4199 auctoritate
545 4182 559 4205 ,
588 4141 806 4210 angelos
828 4155 1017 4195 omnes
1041 4140 1153 4195 sive
1176 4142 1396 4209 spiritus
1424 4156 1454 4193 a
1487 4142 1593 4194 Deo
1623 4155 1775 4194 crea-

166 4225 269 4269 tos
299 4228 431 4267 esse
462 4212 633 4265 bonos
656 4252 671 4277 ,
702 4227 807 4265 non
849 4212 1017 4265 malos
1043 4229 1057 4277 ;
1099 4226 1196 4266 nec
1236 4211 1300 4264 ad
1344 4212 1541 4265 malum
1574 4210 1731 4264 ﬁnem
1754 4253 1769 4277 ,

165 4297 399 4351 nempe
430 4291 488 4335 ut
516 4296 730 4350 semper
759 4283 809 4335 iu
838 4284 1074 4350 nequitia
1114 4290 1527 4352 perseverarent
1554 4283 1639 4335 vel
1674 4281 1770 4335 bo-

158 4356 378 4412 mines
422 4352 486 4405 ad
530 4354 854 4421 peccandum
890 4353 1246 4407 sollicitarent
1278 4372 1291 4407 :
1323 4353 1463 4407 Deus
1498 4353 1641 4406 enim
1667 4366 1772 4405 non

158 4434 263 4483 est
329 4433 545 4493 auctor_
567 4425 855 4484 malorum,
909 4424 1001 4478 sed
1049 4424 1221 4477 omnia
1274 4439 1389 4493 qua:
1441 4423 1583 4493 fecit,
1641 4422 1774 4493 bona

158 4491 685 4563 suntvalde(Genes.
716 4493 775 4563 ι).
805 4493 972 4548 Porro
1023 4508 1125 4549 non
1159 4491 1363 4547 tantem
1388 4492 1609 4561 angelos
1647 4491 1776 4547 bea-

157 4579 296 4630 tos,
340 4580 533 4618 verum
575 4566 736 4618 etiam
785 4566 1059 4618 «temones
1101 4565 1152 4618 in
1201 4564 1368 4631 gratia
1413 4564 1772 4631 justifieante,

1855 2448 2086 2518 guedine
2120 2448 2356 2520 Spiritus
2394 2447 2581 2520 Sancti
2608 2456 2821 2520 creatos
2842 2462 2985 2504 esse.
3020 2448 3087 2504 D.
3122 2450 3456 2520 Augustinus

1859 2520 1999 2573 libro
2029 2519 2356 2575 duodecimo
2397 2520 2464 2574 de
2509 2518 2671 2574 Civil.
2705 2518 2800 2574 Dei
2832 2520 3007 2588 capite
3059 2518 3241 2574 nono':
3265 2520 3455 2576 Caven-

1859 2590 1983 2643 dum
2000 2599 2105 2656 est,
2124 2590 2339 2661 inquit,
2354 2607 2419 2645 ne
2440 2590 2679 2645 voluntas
2711 2590 2846 2643 bona
2874 2590 3123 2644 bonorum
3150 2591 3454 2661 angelorum

1858 2677 1961 2716 non
1987 2662 2160 2731 facta,
2190 2659 2279 2714 sed
2310 2660 2419 2715 Deo
2446 2671 2719 2731 catetcrna,
2738 2677 2850 2715 esse
2880 2661 3137 2715 credatur.
3170 2659 3298 2717 cum
3324 2664 3457 2717 enim

1859 2742 1906 2802 et
1932 2730 2035 2799 ipsi
2058 2732 2180 2799 facti
2201 2734 2305 2785 sint
2327 2772 2341 2797 ,
2374 2733 2630 2801 quomodo
2659 2730 2753 2785 illa
2780 2748 2881 2784 non
2902 2747 3010 2785 esse
3037 2736 3177 2802 facta
3220 2733 3457 2788 dicetur?

1868 2800 2040 2855 Porro
2064 2804 2186 2868 quia
2218 2802 2355 2872 facta
2380 2800 2487 2865 est,
2527 2812 2701 2855 utrum
2738 2818 2856 2855 cum
2891 2800 3203 2872 ipsis’facta
3244 2814 3350 2868 est,
3390 2822 3458 2858 an

1869 2873 1979 2927 sine
2002 2872 2100 2943 illa
2127 2873 2333 2943 fuerunt
2362 2873 2543 2943 prius?
2572 2872 2679 2926 Sed
2701 2875 2746 2925 si
2766 2889 2878 2924 cum
2917 2874 3044 2941 ipsis
3064 2914 3078 2938 ,
3117 2889 3219 2927 non
3244 2873 3459 2928 dubium

1869 2942 2008 3013 quod
2034 2942 2212 2997 abillo
2243 2942 2379 3012 facta
2425 2944 2523 3008 sit,
2560 2959 2592 2995 a
2620 2952 2779 3012 quoet
2802 2942 3211 3013 ipsi;simulque
3250 2953 3303 2996 ut
3333 2944 3459 3012 facti

1869 3023 1990 3085 sunt
2011 3055 2024 3079 ,
2055 3015 2099 3067 ei
2139 3031 2169 3065 a
2192 3030 2293 3083 quo
2323 3013 2444 3082 facti
2464 3020 2604 3085 sunt,
2637 3028 2810 3085 amore
2836 3028 2954 3066 cum
2995 3030 3097 3084 quo
3150 3014 3274 3085 facti
3305 3023 3457 3080 sunt,

1869 3082 2231 3138 adharserunt:
2246 3101 2402 3153 eoque
2412 3094 2530 3138 sunt
2554 3084 2639 3136 isti
2663 3084 2725 3136 ab
2752 3082 2960 3138 illorum
2978 3082 3215 3138 societate
3233 3084 3456 3150 discreti,

1868 3154 2007 3225 quod
2035 3154 2089 3208 hi
2124 3156 2175 3208 iu
2207 3156 2385 3208 eadem
2402 3156 2660 3209 voluntate
2685 3153 2819 3208 bona
2844 3166 3156 3221 manserunt,
3199 3154 3278 3209 illi
3306 3155 3369 3208 ab
3397 3172 3459 3210 ea

1870 3225 2157 3298 deﬁciendo
2172 3227 2350 3298 mutati
2380 3236 2518 3292 sunt,
2551 3226 2687 3279 mala
2715 3225 2905 3298 scilicet
2926 3228 3203 3292 voluntate,
3223 3226 3320 3298 hoc
3344 3225 3458 3298 ipso

1870 3313 1972 3419 qu?
1995 3312 2026 3377 ει
2051 3297 2181 3352 bono
2203 3297 2519 3367 defecerunt,
2549 3312 2581 3349 a
2610 3312 2837 3366 quonon
2860 3297 3160 3366 defecissent
3212 3297 3255 3349 si
3285 3298 3458 3367 utique

1872 3382 1933 3419 eo
1958 3378 2175 3419 utssent.

1872 3378 2128 3422 υοιιιιδεεη
2138 3378 2154 3420 ι
2162 3408 2175 3420 .

1948 3447 1971 3476 θ
1996 3438 2234 3509 Angelos
2262 3446 2390 3493 ante
2419 3439 2676 3493 mundum
2724 3436 2867 3491 hunc
2905 3451 3225 3509 corporeum
3266 3437 3454 3509 condi-

1874 3517 1960 3563 tos
1992 3506 2180 3573 fuisse,
2215 3518 2413 3578 praeter
2439 3512 2581 3563 hunc
2602 3509 2881 3578 abbatem,
2920 3508 3124 3578 opinati
3154 3516 3277 3561 sunt
3297 3507 3457 3562 etiam

1873 3578 1963 3633 alii
1992 3593 2184 3645 graves
2213 3576 2461 3634 auctores
2484 3622 2500 3646 ,
2551 3590 2603 3632 et
2673 3576 2788 3631 fere
2825 3576 3000 3631 αι·ωεί
3042 3591 3232 3631 omnes
3266 3595 3278 3630 :
3315 3579 3460 3633 unde

1875 3649 1937 3702 D.
1968 3648 2205 3702 Thomas
2235 3647 2276 3719 (ι
2305 3664 2423 3718 par.
2457 3665 2507 3717 q.
2538 3648 2694 3719 6l,a.
2726 3647 2788 3719 5f
2814 3646 3258 3719 hanc_dicit_es_se
3274 3646 3460 3701 docto-

1872 3732 1991 3772 rum
2024 3714 2331 3773 Grtecorum
2361 3714 2707 3772 sententiam.
2749 3715 3040 3783 Gregorius
3087 3714 3459 3772 Nazianzenus

1874 3789 2120 3843 oratione
2140 3786 2209 3840 42
2235 3787 2552 3841 dicitDeum
2586 3787 2817 3856 primum
2849 3786 3183 3853 excogitasse
3212 3786 3456 3856 angelos,

1875 3867 1929 3912 et
1984 3859 2238 3913 caelestes
2296 3859 2552 3923 virtutes,
2606 3856 2831 3926 ejusque
2884 3856 3265 3923 cogitationem
3319 3872 3453 3926 opus

1874 3927 2061 3982 fuisse.
2086 3928 2321 3983 Basilius
2352 3928 2538 3982 ltomil.
2573 3929 2597 3982 1
2643 3929 2694 3981 in
2728 3928 3098 3980 Hexaemeron
3141 3927 3269 3982 dicit
3297 3928 3457 3996 spiri-

1878 4000 2047 4053 tuales
2099 4008 2156 4055 et
2198 3998 2497 4055 invisibiles
2551 4006 2800 4064 naturas,
2838 3996 3104 4051 rationum
3130 3998 3179 4051 vi
3223 3999 3458 4054 maxime

1874 4069 2125 4138 prteditas
2209 4078 2333 4125 ante
2398 4069 2656 4125 mundum
2731 4068 3027 4122 exstitisse.
3095 4069 3456 4123 Damascenus

1877 4140 1972 4194 lib.
2011 4156 2046 4194 ιι
2095 4140 2323 4194 Orthod.
2356 4139 2447 4194 ﬁd.
2479 4155 2598 4209 cap.
2622 4141 2655 4193 5
2698 4138 3022 4209 sententiam
3060 4138 3303 4209 Gregorii
3346 4138 3456 4194 Na-

1876 4211 2116 4265 zianzeni
2136 4208 2557 4280 commendans,
2570 4208 2744 4265 eidem
2773 4224 2831 4263 se
2866 4208 3122 4280 accedere
3151 4208 3453 4280 proﬁtetur.

1877 4280 1921 4334 E
1950 4281 2156 4336 Latinis
2180 4282 2320 4335 idem
2352 4278 2557 4335 sentire
2585 4281 2836 4335 videntur
2867 4278 2935 4333 D.
2973 4278 3285 4334 AmbrOsins
3316 4279 3410 4335 lib.
3439 4296 3454 4333 ι

1877 4351 2136 4406 Hexaem.
2175 4367 2293 4421 cap.
2329 4354 2362 4406 5
2392 4369 2406 4406 :
2438 4353 2641 4421 Angeli,
2669 4349 2860 4419 inquit,
2886 4350 3259 4404 dominationes
3283 4359 3329 4403 et
3355 4368 3455 4418 po-

1878 4424 2235 4494 testates,retsi
2280 4424 2567 4494 aliquando
2613 4430 2876 4494 ceperunt
2892 4460 2905 4483 ,
2947 4430 3091 4494 erant
3133 4432 3299 4474 tamen
3339 4424 3457 4494 jam

1877 4496 2083 4558 quando
2113 4493 2197 4545 hic
2226 4490 2446 4547 mundus
2492 4502 2567 4547 est
2611 4490 2797 4562 factus.
2850 4492 2911 4544 D.
2949 4490 3353 4562 Hieronymus,
3400 4492 3454 4545 iu

1878 4576 1998 4632 cap.
2030 4562 2230 4630 tepist.
2265 4565 2330 4616 ad
2353 4564 2532 4617 Titum
2566 4580 2579 4617 :
2611 4560 2717 4618 Sea:
2744 4562 2932 4627 millia,
2970 4560 3177 4631 inquit,
3227 4562 3456 4615 nondum

157 4629 534 4705 sengratttm
579 4634 823 4705 faciente
860 4634 1111 4688 conditos
1142 4629 1336 4697 fuisse,
1370 4649 1436 4687 ex
1486 4629 1777 4705 Scriptura:
1806 4629 1855 4688 Ι)
1880 4629 2039 4686 nostri
2080 4629 2319 4703 temporis
2366 4633 2686 4705 complentur
2712 4648 2963 4705 annorum
2985 4629 3078 4705 ,Ae‘t
3119 4642 3457 4705 quantatem-

154 4702 527 4764 attctbritate
572 4716 623 4757 et
664 4704 761 4773 SS.
803 4702 1018 4757 Patrum
1057 4706 1320 4757 sententia
1377 4702 1774 4770 comprobatur.
1883 4719 2041 4770 pora,
2069 4702 2384 4773 quantasque
2412 4702 2713 4773 swculoruut
2735 4703 2955 4773 origines
3000 4702 3160 4772 fuisse
3198 4702 3451 4756 arbitran-

152 4779 477 4845 scriptura
503 4772 784 4845 idindicat
829 4774 977 4827 [snite
1006 4788 1096 4827 ιιι
1126 4790 1140 4826 :
1165 4773 1432 4845 Quomodo
1461 4774 1687 4845 cecidisti
1718 4774 1779 4845 de
1882 4772 2007 4845 dum
2026 4775 2216 4845 est,ﬂin
2244 4772 2424 4843 quibus
2449 4775 2639 4844 angeli,
2671 4772 2861 4845 throni,
2893 4774 3287 4845 dominationes,
3310 4783 3459 4845 ciete-

153 4842 349 4910 curlo',
415 4842 650 4914 Lucifer,
705 4845 791 4911 qui
838 4860 984 4896 mane
1030 4843 1319 4896 oriebaris?
1369 4844 1436 4895 Et
1470 4844 1780 4914 il‘lzecbiclis
1882 4844 2024 4914 rique
2054 4842 2263 4897 ordines
2289 4845 2396 4898 Deo
2424 4842 2733 4899 seruierunt!
2782 4844 3021 4914 Denique
3053 4844 3284 4899 Isidorus
3315 4844 3411 4898 Iib.
3440 4859 3459 4897 ι

154 4934 313 4975 svnt
356 4933 375 4971 :
428 4913 695 4984 Perfectus
749 4914 891 4984 fuisti
932 4932 960 4966 a
991 4914 1165 4966 diebus
1201 4913 1504 4965 conditionis
1550 4922 1667 4966 trite.
1713 4913 1780 4967 Et
1881 4913 1951 4967 de
1975 4916 2198 4967 Summo
2221 4914 2369 4969 Bono
2390 4914 3291 4984 capileduodecimo;Anteomncm
3316 4930 3460 4966 creu-

152 5002 384 5046 rursus
410 5028 423 5049 ,
462 4983 670 5057 Plena:
683 4983 954 5057 sapientia,
989 4995 1037 5057 et
1074 4983 1324 5057 perfectus
1367 4984 1629 5057 decore‘in
1654 4983 1781 5036 deli-
1884 4992 2047 5057 turam
2075 4986 2253 5057 mutuli
2280 4988 2438 5038 creati
2464 4983 2579 5057 sun_t
2608 4983 2798 5057 angeli.
2830 4984 3003 5057 Porro
3027 4985 3089 5037 D.
3136 4985 3458 5057 Augustinus

154 5062 266 5114 ciis
327 5055 574 5127 paradisi
632 5052 945 5127 Dei'fuisti.
999 5052 1389 5127 Patrcsnidczu
1438 5052 1757 5127 confirmant

1885 5052 1978 5127 lib.
2000 5068 2053 5108 Il
2084 5054 2149 5107 de
2176 5053 2336 5127 Civil.
2361 5070 2478 5125 cap.
2509 5055 2578 5110 55
2606 5052 3117 5127 quiestionemlianc
3144 5056 3289 5127 velut
3312 5052 3459 5105 anci-

156 5133 224 5204 S.
245 5121 557 5204 Antonius
585 5126 725 5204 apud
754 5125 1104 5204 Athanasium
1118 5142 1147 5204 ἰ.
1176 5121 1292 5204 oc
1307 5125 1551 5204 primum,
1583 5122 1779 5204 inquit,
1882 5125 2045 5192 pitem
2067 5121 2579 5204 etproblemaiicam
2612 5121 2662 5180 in
2689 5126 2864 5204 medio
2893 5124 3147 5204 relinquit
3178 5139 3189 5173 :
3219 5122 3351 5204 Dum
3382 5132 3458 5204 tg-

156 5200 443 5255 debemus
474 5197 719 5268 mentibus
740 5198 983 5266 afﬁgere,
1009 5192 1148 5268 nihil
1185 5192 1349 5268 Deum
1386 5194 1596 5265 fecisse,
1641 5193 1779 5268 quod
1882 5211 1996 5268 men
2019 5235 2035 5259 ,
2067 5195 2275 5264 inquit,
2317 5198 2527 5268 angelos
2553 5205 2756 5250 sanctos
2784 5197 2836 5248 in
2862 5192 3162 5268 sublimibus
3187 5193 3298 5268 (teli
3327 5193 3461 5245 sedi-

156 5270 398 5325 maltsm
427 5267 521 5329 sit,
552 5282 642 5319 nec
669 5267 730 5318 ab
764 5263 873 5338 ejus
898 5266 1214 5319 institutione
1239 5263 1527 5338 dtemonum
1570 5266 1780 5338 cwpisse
1882 5264 1974 5319 bus
1994 5310 2007 5331 ,
2032 5263 2524 5338 non’quidemVDeo
2568 5279 2875 5327 cowtcrnos,
2900 5266 2990 5317 sed
3036 5275 3200 5316 tamen
3248 5263 3311 5316 de
3366 5279 3460 5316 sua

152 5339 493 5409 principia;
517 5334 814 5409 perversitas
843 5338 958 5401 ista,
991 5352 1087 5389 non
1119 5349 1349 5409 natura,
1376 5336 1463 5409 sed
1501 5334 1779 5409 uoluntatis
1881 5334 2188 5409 sempiterna
2211 5348 2259 5389 et
2278 5356 2393 5391 vera
2422 5337 2661 5407 felicitate
2690 5351 2891 5409 securos
2920 5345 2964 5386 et
2995 5343 3156 5386 certos
3184 5350 3289 5409 esse
3315 5351 3459 5387 nemo

151 5404 239 5465 est
270 5404 669 5477 vit—innuBoni
691 5409 896 5469 etenim,
928 5416 1115 5475 utpote
1140 5423 1170 5459 a
1199 5405 1300 5457 Ι)εο
1330 5406 1541 5477 conditi,
1572 5423 1635 5460 ex
1661 5424 1782 5477 pro-
1881 5408 2123 5475 ambigat.
2150 5404 2965 5475 theruuilongeprobabilior,
2999 5408 3160 5457 immo
3185 5406 3459 5477 {eiecerta

150 5476 765 5554 priomenttsarbitrio
796 5474 1324 5554 ad_terras_ruere_de
1344 5475 1515 5554 caelis,
1550 5474 1778 5554 ibiquein
1886 5474 2143 5554 censetur
2181 5480 2409 5532 aliorum
2450 5479 2663 5554 Patroni
2712 5478 2974 5554 sententia
3031 5474 3383 5554 communiter
3430 5492 3460 5554 ιι

152 5543 311 5608 cani
358 5546 604 5603 sordibus
629 5547 872 5601 voluntati
903 5548 1201 5617 gentilitatis
1245 5548 1428 5615 impias
1472 5549 1780 5602 constituere
1888 5546 2154 5617 theologis
2186 5559 2420 5618 recepta,
2452 5545 2673 5618 angelos
2703 5543 2952 5599 videlicet
2973 5545 3156 5618 primo
3183 5546 3268 5618 die
3300 5544 3462 5618 simul

152 5623 470 5683 culturas;
492 5629 642 5688 atque
668 5614 1064 5672 universa'mala
1090 5634 1537 5688 commovcrcnon
1557 5627 1775 5681 cessant,
1887 5634 2006 5672 cum
2037 5614 2176 5688 coelo
2235 5627 2288 5671 et
2312 5614 2475 5688 'terra
2514 5616 2680 5669 fuisse
2709 5625 2923 5688 cleatos
2964 5614 3123 5688 (μδ.
3155 5632 3171 5671 ι
3200 5616 3460 5688 Decretal.

150 5711 226 5748 ne
258 5688 524 5764 pristinis
558 5683 742 5764 eorum
771 5688 970 5764 sedibus
1003 5687 1465 5764 succedamus._D.
1520 5688 1781 5764 llierony-
1887 5704 2004 5764 cap.
2030 5686 2288 5764 Firmiter,
2316 5688 2394 5739 tit.
2421 5686 2485 5737 de
2502 5701 2711 5764 summa
2729 5683 2878 5764 Trin.
2904 5696 2951 5742 et
2974 5683 3306 5764 ‘Fidecath.).
3333 5688 3465 5764 Pro-

152 5756 297 5819 mts's
335 5763 403 5816 in
436 5772 551 5831 cap.
603 5774 641 5813 ιι
673 5758 796 5815 Ose.
844 5760 1119 5815 (Immunes
1151 5760 1336 5812 scribit
1374 5758 1424 5811 in
1450 5774 1639 5828 magna
1665 5756 1781 5827 pin-
1888 5756 2046 5813 batur
2100 5757 2274 5827 primo
2313 5758 2629 5814 auctoritate
2678 5756 2992 5830 Scriptor-.9.
3036 5760 3236 5819 cenes.
3266 5756 3283 5817 ἡ
3314 5778 3327 5817 ε
3398 5758 3467 5819 In

3467 642 3478 675 I
