4026 6204
518 349 622 409 751

1586 333 1871 395 JOANNIS
1907 332 2223 394 CASSIANI
2261 335 2758 400 COLLATIONES.

3703 346 3811 410 T52

520 459 707 519 ritales
731 454 1088 525 caelestesque
1109 451 1339 509 virtutes
1387 450 1559 507 Deum
1612 448 1834 517 fecisse,
1874 464 1992 519 quae
2015 463 2113 519 pro
2138 451 2193 513 Α
2216 453 2477 509 creationi
2511 454 2755 512 siderum
2783 499 2798 524 ,
2830 460 2956 511 ante
2979 452 3123 511 istud
3156 454 3486 529 principium
3513 458 3573 516 in
3603 475 3710 533 quo
3732 464 3812 520 ta.

524 555 626 609 hoc
681 553 800 621 ipso
855 548 999 619 quod
1042 549 1248 603 scirent
1284 558 1344 601 se
1392 543 1459 600 ad
1505 550 1712 598 tantam
1766 538 2113 597 beatitudinis

519 649 747 722 gloriam
816 644 1087 702 beneﬁcio
1130 639 1404 698 Creatoris
1442 654 1511 695 ex
1565 638 1732 693 nihilo
1779 636 1947 693 fuisse
1992 651 2115 706 pro-

520 748 751 807 ductas,
816 750 1106 813 perpetuas
1187 735 1238 793 ei
1306 736 1503 806 gratias
1583 736 1886 790 referentes
1963 732 2114 787 inde-

520 839 764 895 sinenter
822 834 940 904 ejus
1002 830 1245 888 laudibus
1303 828 1674 893 inhaererent,
1743 840 1903 880 nemo
1979 823 2113 880 lide-

519 932 649 988 iium
706 928 937 984 dubitat.
1004 935 1030 964 ⁸
1082 926 1191 980 Nec
1266 924 1410 979 enim
1470 922 1782 978 existimare
1851 919 2112 975 debemus

520 1021 809 1076 creationis
852 1026 907 1073 et
955 1014 1160 1085 opilicii
1189 1015 1270 1070 sui
1310 1013 1567 1084 principia
1614 1012 1681 1068 ab
1721 1011 1880 1082 hujus
1928 1008 2112 1065 mundi

520 1111 908 1166 constitutione
977 1108 1146 1163 Deum
1208 1105 1456 1176 primitus
1493 1104 1807 1167 inchoasse,
1858 1102 2010 1173 quasi
2056 1100 2110 1155 in

521 1203 627 1259 illis
659 1198 1023 1256 anterioribus
1058 1208 1219 1268 atque
1246 1197 1541 1253 innumeris
1590 1193 1802 1251 saeculis
1852 1194 1919 1248 ab
1964 1190 2110 1247 omni

524 1291 857 1364 providentia
902 1299 957 1346 et
1002 1292 1405 1360 dispensatione
1452 1288 1630 1344 divina
1676 1287 1835 1342 fuerit
1866 1287 2108 1356 otiosus,

522 1404 584 1444 ac
607 1398 882 1457 tamquam
916 1402 1020 1441 non
1052 1384 1255 1439 habens
1285 1384 1337 1439 in
1365 1398 1500 1455 quos
1531 1381 1783 1437 bonitatis
1814 1395 1928 1436 sua:
1950 1394 2109 1435 exer-

521 1479 967 1543 ceretbeneﬁcia,
992 1477 1291 1542 solitarius,
1322 1488 1487 1546 atque
1516 1476 1581 1530 ab
1613 1475 1759 1530 omni
1786 1474 2107 1529 muniﬁcen-

521 1576 593 1630 tia
633 1574 841 1629 alienus
875 1572 1039 1626 fuisse
1090 1570 1371 1637 credatur,
1409 1570 1551 1641 quod
1598 1570 1665 1623 de
1708 1568 1797 1624 illa
1848 1568 2107 1623 immensa

521 1682 585 1721 ac
606 1666 721 1721 sine
745 1664 1010 1736 principio
1034 1674 1088 1717 et
1113 1660 1642 1731 incomprehensibili
1670 1660 1950 1729 majestate
1979 1658 2108 1713 satis

522 1757 723 1815 humile
754 1770 834 1812 est
879 1761 1339 1826 incongruumque
1368 1754 1602 1818 sentire,
1635 1753 1753 1822 ipso
1785 1753 2012 1807 Domino
2040 1752 2107 1807 de

520 1851 629 1905 illis
678 1850 1039 1919 potestatibus
1086 1849 1200 1901 haec
1274 1845 1489 1902 dicente
1559 1865 1572 1900 :

520 1949 640 1995 sunt
667 1940 825 1993 simul
869 1938 1039 1993 sidera
1059 1980 1073 2004 ,
1109 1936 1445 1992 laudauerunt
1474 1954 1555 1991 me
1576 1954 1694 1992 voce
1722 1956 1913 2011 magna
1937 1955 2109 1993 omnes

521 2038 692 2105 angeli
756 2036 853 2089 mei
921 2034 1061 2105 (Job.
1119 2035 1371 2104 xxxvrtt).
1416 2044 1438 2073 ο
1488 2032 1588 2101 Qui
1640 2048 1773 2103 ergo
1844 2034 2112 2089 intersunt

2221 554 2364 601 etum
2392 546 2595 602 dicitur
2630 547 2827 605 cmlum
2874 557 2929 603 et
2955 556 3121 617 terra,
3153 551 3321 607 creati
3362 551 3537 608 luisse
3565 554 3813 612 mnifes-

2221 639 2425 696 tissime
2444 641 2869 709 comprobantur
2887 682 2902 706 ,
2930 643 3130 713 quippe
3152 645 3243 712 qui
3288 660 3385 714 pro
3412 646 3534 702 istis
3566 648 3808 708 omnibus

2218 734 2517 790 visibilibus
2571 736 2867 803 creaturis,
2906 751 3044 807 quas
3072 734 3326 791 videbant
3372 754 3435 793 ex
3476 738 3657 796 nihilo
3693 757 3811 810 pro-

2217 828 2476 893 cessisse,
2506 827 2821 885 Creatorem
2841 844 3035 901 magna
3063 845 3196 885 voce
3224 832 3539 887 referuntur
3569 842 3629 890 et
3645 834 3807 891 adni-

2216 921 2426 977 ratione
2478 922 2750 980 laudasse.
2800 920 2827 961 ἀ
2884 928 3024 979 Ante
3103 925 3245 979 istud
3334 941 3466 996 ergo
3515 930 3809 998 temporale

2216 1016 2540 1087 principium
2591 1018 2732 1089 quod
2761 1033 2793 1073 a
2820 1017 3004 1091 Moyse
3059 1020 3304 1088 ponitur,
3349 1021 3605 1092 quodque
3626 1025 3806 1080 mundi

2215 1116 2377 1188 hujus
2401 1120 2691 1174 secundum
2718 1120 3054 1187 historicum,
3076 1121 3239 1176 immo
3270 1120 3557 1177 Judaicum
3584 1139 3803 1181 sensum

2214 1220 2391 1291 signat
2414 1230 2623 1276 aetatem
2657 1220 2835 1293 (salvo
2865 1219 3075 1276 scilicet
3103 1229 3291 1276 nostro
3320 1237 3517 1290 sensu,
3572 1240 3680 1295 quo
3709 1240 3802 1281 nos

2215 1321 2639 1393 interpretamur
2683 1323 2927 1377 omnium
2953 1337 3134 1377 rerum
3162 1322 3435 1378 Christum
3465 1339 3591 1380 esse
3619 1325 3808 1395 prind-

2212 1423 2393 1493 pium,
2447 1423 2499 1477 in
2542 1438 2651 1493 quo
2711 1423 2890 1476 omnia
2943 1422 3207 1478 creaverit
3262 1422 3448 1490 Pater,
3504 1425 3801 1481 secundum

2214 1524 2343 1578 illud
2375 1524 2589 1591 (Joann.
2625 1525 2662 1593 ι)
2690 1543 2701 1576 :
2738 1523 2925 1578 Omnia
2946 1538 3035 1595 per
3064 1524 3235 1595 ipsum
3258 1523 3399 1591 facta
3429 1534 3583 1592 sunt,
3612 1536 3658 1581 et
3687 1527 3796 1581 sine

2212 1627 2321 1699 ipso
2336 1628 2526 1696 factum
2539 1636 2612 1682 est
2635 1627 2809 1696 nihil);
2822 1636 2945 1682 ante
2958 1626 3125 1697 istud,
3143 1626 3812 1699 inquam,Geneseostem-

2212 1730 2399 1800 poraie
2428 1730 2780 1801 principium,
2822 1743 3015 1785 omnes
3046 1728 3165 1784 illas
3195 1736 3493 1796 potestates
3527 1731 3807 1788 calcetu—

1628 1844 1655 1885 b
1719 1845 1940 1912 ρυαηάο
1970 1848 2107 1917 fac“,
2138 1849 2186 1909 Β
2213 1846 2317 1900 que
2354 1831 2580 1886 virtutes
2629 1830 2794 1886 Deum
2826 1844 3040 1887 creasse
3080 1843 3187 1886 non
3234 1828 3457 1886 dubium
3518 1842 3624 1887 est.
3661 1832 3804 1901 Quas

2192 1934 2511 2003 “Apostolus
2573 1946 2672 2003 per
2708 1933 2961 1990 ordinem
2991 1932 3346 1989 dinumerans
3375 1933 3446 1987 ita
3504 1933 3804 1990 describit:

2222 2046 2245 2074 ο
2282 2036 2416 2104 Quia
2461 2037 2517 2091 in
2561 2036 2768 2091 Christo
2810 2043 2983 2091 creata
3028 2041 3148 2090 sunt
3195 2034 3399 2101 omnia,
3435 2035 3544 2089 sive
3601 2050 3719 2106 quae
3752 2035 3805 2089 in

1592 2147 1848 2203 ALAllDl
1889 2147 2024 2204 ΕΑΖ
2038 2148 2123 2203 Atii
2163 2149 2726 2207 COMMENTARIUS.

525 2243 778 2314 principio
827 2241 1013 2295 creavit
1062 2239 1203 2294 Deus
1254 2240 1435 2314 calum
1474 2248 1521 2294 et
1566 2250 1773 2295 terram.
1805 2239 1974 2300 (Nam
2012 2242 2108 2295 hac

523 2331 696 2369 verum
724 2330 825 2366 non
861 2322 1022 2375 esset,
1053 2314 1095 2365 si
1138 2313 1262 2379 quid
1298 2324 1513 2365 creasset
1556 2323 1737 2378 antea,
1789 2314 1861 2365 ait
1890 2324 2110 2366 sanctus

523 2386 804 2454 Thomas).
838 2385 967 2438 ltetu
1001 2384 1168 2437 Exodi
1203 2400 1266 2436 xx
1302 2401 1315 2436 :
1353 2384 1458 2438 Sex
1485 2384 1660 2435 diebus
1690 2382 1808 2450 fecit
1869 2383 2111 2436 Dominus

524 2459 704 2512 caelum
733 2466 782 2510 et
813 2466 1034 2516 terram,
1060 2466 1105 2508 et
1135 2471 1273 2508 mare
1294 2496 1309 2520 ,
1342 2466 1389 2506 et
1414 2456 1589 2507 omnia
1621 2469 1734 2519 qua:
1760 2455 1812 2506 in
1839 2455 1909 2507 eis
1956 2463 2075 2507 sunt
2094 2494 2109 2520 ,

523 2538 570 2583 et
594 2525 833 2599 requievit
859 2527 915 2579 in
941 2527 1023 2599 die
1050 2527 1283 2599 septimo.
1319 2524 1569 2599 Secundo
1619 2524 1941 2599 auctoritate
1980 2539 2113 2578 con-

523 2598 635 2654 cilii
660 2595 1049 2651 Lateraneusis
1071 2635 1084 2657 ,
1119 2596 1208 2649 ubi
1239 2596 1434 2648 dicitur
1462 2613 1474 2647 :
1514 2596 1648 2648 Deus
1669 2595 1732 2648 ab
1752 2597 1899 2649 initio
1920 2604 2115 2665 tempo-

522 2672 595 2724 ris
635 2676 903 2731 utramque
936 2666 999 2720 de
1045 2666 1209 2719 nihilo
1251 2666 1479 2720 condidit
1514 2675 1831 2733 creaturam,
1868 2668 2116 2737 spiritua-

522 2742 623 2795 lem
653 2749 700 2792 et
726 2738 1047 2807 corporalem
1064 2777 1078 2803 ,
1104 2737 1387 2808 angelicam
1408 2738 1645 2808 uidelicet
1683 2747 1729 2790 et
1774 2739 2110 2793 mundanam.

525 2811 710 2866 Tertio
733 2810 1054 2863 auctoritate
1095 2807 1345 2872 Patrum,
1379 2808 1471 2875 qui
1502 2812 1571 2862 ita
1603 2807 1933 2873 docuerunt,
1985 2809 2117 2879 Epi-

525 2880 713 2953 phanii
744 2880 935 2953 ltmresi
963 2879 1053 2947 65,
1080 2880 1469 2953 Augustiuilib.
1502 2894 1557 2935 ιι
1585 2879 1651 2953 de
1679 2880 1832 2953 Civ_it.
1866 2880 1963 2953 Dei
1980 2895 2112 2953 cap.

528 2950 584 3017 9,
608 2951 935 3006 Tlteodoret.
966 2961 1159 3019 quazst.
1189 2953 1223 3005 ὅ
1243 2966 1404 3019 super?
1430 2950 1716 3016 Geuesim,
1747 2950 1990 3019 Gregorii
2017 2952 2110 3005 lib.

527 3038 673 3079 xxxtt
698 3022 884 3077 Morel.
915 3018 1122 3090 cap.iO
1149 3018 1543 3093 (Vide’Sixtum
1577 3022 1794 3078 Senem.
1821 3021 1913 3075 lib.
1953 3038 1983 3075 v
2026 3020 2117 3075 Bi-

529 3093 713 3150 blioth.
765 3102 939 3146 annot.
995 3093 1218 3159 quinta).
1272 3093 1402 3160 Quae
1454 3094 1673 3161 quidem
1730 3095 2115 3158 auctoritates,

527 3163 778 3234 quamvis
802 3163 941 3217 hanc
970 3166 1290 3217 sententiam
1314 3163 1484 3219 solide
1509 3164 1833 3218 coniirment
1851 3204 1866 3229 ,
1891 3174 1944 3219 et
1971 3166 2119 3230 plus-

528 3251 688 3307 quam
719 3234 1051 3307 probahjlem
1094 3236 1353 3299 reddant,
1394 3236 1481 3307 pie
1530 3244 1707 3289 tamen
1756 3245 1810 3288 et
1843 3235 2118 3301 sapienter

531 3304 789 3363 admonet
817 3304 876 3360 S.
901 3305 1137 3360 Thomas
1167 3306 1497 3360 contrarium
1548 3320 1654 3359 non
1707 3320 1829 3359 esse
1868 3315 2120 3374 reputan-

530 3378 660 3433 dum
714 3376 1363 3441 erroneum,Prtecipue,
1412 3376 1611 3445 inquit.
1653 3387 1862 3446 propter
1917 3385 2121 3431 senten-

533 3454 659 3521 tiam
686 3448 922 3521 Gregorii
945 3446 1270 3501 Nazianzeni
1291 3486 1305 3512 ,
1332 3451 1477 3521 cujus
1511 3456 1651 3500 tanta
1680 3458 1754 3499 est
1786 3448 1855 3521 in‘
1886 3446 2120 3521 doctrina

533 3518 824 3603 Christiana
852 3521 1162 3603 auctoritas,
1220 3528 1277 3571 ut
1320 3519 1495 3599 nullus
1540 3532 1780 3603 umquam
1808 3518 1938 3603 ejus.
1968 3519 2121 3602 dictis
2148 3538 2190 3603 ε

533 3592 846 3647 calumniam
882 3591 1073 3661 inferre
1114 3591 1521 3661 prazsumpserit,
1546 3590 1676 3643 sicut
1723 3605 1814 3643 nec
1853 3588 2121 3644 Athanasii

532 3663 879 3723 documentis.
914 3660 967 3715 ut
996 3660 1347 3731 Hieronymus
1397 3662 1541 3715 dicit.

607 3744 633 3773 α
661 3735 831 3789 immo
859 3732 940 3788 sic
967 3730 1279 3787 existimare
1302 3732 1583 3794 debemus,
1602 3731 1745 3805 salva
1764 3730 1937 3805 hujus
1954 3731 2124 3805 abba-

534 3808 603 3861 tis
619 3806 944 3865 reverentia,
968 3807 1109 3859 sicut
1130 3804 1501 3859 existimarunt
1518 3803 1878 3872 etprobarunt
1906 3802 2002 3857 SS.
2023 3803 2124 3858 Pa-

536 3887 645 3932 tres
690 3877 852 3931 modo
898 3874 1081 3941 citati,
1112 3877 1332 3945 angelos
1394 3876 1500 3930 dici
1560 3876 1792 3943 primum
1847 3874 2122 3945 opilicium

535 3948 802 4012 Dei,non
849 3946 991 4015 quod
1050 3957 1179 4001 ante
1229 3946 1411 4000 mundi
1474 3948 1636 4012 hujus
1684 3947 2120 4000 constitutionem

534 4021 876 4082 exstiterint;
917 4016 1011 4072 sed
1042 4018 1183 4086 quod
1227 4019 1400 4085 primo
1428 4016 1513 4070 die
1543 4017 1701 4070 simul
1732 4032 1852 4070 cum
1877 4017 2038 4086 caelo,
2070 4026 2123 4071 et

536 4089 591 4142 in
614 4091 776 4155 ctelu,
806 4101 864 4142 ut
893 4103 1080 4143 eorum
1109 4087 1355 4157 dignitati
1380 4087 1710 4156 congruebat
1730 4128 1745 4149 ,
1787 4088 1894 4141 sint
1922 4089 2117 4157 creati,

537 4169 596 4212 ut
640 4160 1001 4214 nobilissima:
1059 4155 1241 4226 partes
1281 4168 1337 4213 et
1367 4155 1629 4210 creatura:
1671 4158 1833 4211 totius
1861 4155 2117 4212 universi.

611 4227 639 4266 δ
670 4230 747 4283 ita
780 4230 998 4297 quidem
1027 4229 1364 4298 septuaginta
1410 4228 1762 4297 interpretes,
1802 4243 1910 4294 quo
1956 4228 2119 4283 etiam

539 4299 700 4353 modo
728 4303 891 4353 citant
925 4298 1258 4365 Epiphanius
1312 4308 1366 4351 et
1395 4300 1727 4364 Augustinus
1779 4300 1868 4352 ubi
1910 4313 2068 4367 supra
2103 4316 2117 4352 :

538 4370 682 4424 unde
732 4371 892 4424 etiam
920 4370 1182 4437 colligunt
1210 4380 1262 4423 et
1282 4370 1510 4437 probant
1555 4370 1775 4439 angelos
1824 4370 2122 4439 prituoidie

535 4443 704 4495 fuisse
719 4440 983 4496 conditos.
1019 4440 1187 4494 Porro
1219 4440 1438 4509 Vulgata
1470 4438 1732 4494 lectio'sic
1766 4440 1965 4495 habet:
1992 4438 2121 4495 Cum

538 4528 617 4565 me
636 4511 909 4565 laudarent
938 4512 1090 4565 simul
1110 4522 1249 4566 astra
1281 4512 1553 4575 matutina,
1578 4520 1624 4563 et
1651 4511 1922 4578 iubilarent
1951 4528 2121 4567 omnes

540 4583 637 4653 ﬁlii
668 4582 763 4636 Det
783 4581 927 4647 (Job.
963 4586 1208 4649 xxxvttt).
1236 4581 1391 4637 Unde
1425 4584 1522 4653 hoc
1564 4592 1767 4635 tantum
1814 4584 1987 4649 colligi
2029 4599 2123 4652 po.

538 4652 647 4709 test
672 4656 894 4724 angelus
936 4663 1058 4708 ante
1107 4654 1378 4708 hominem
1431 4652 1599 4708 fuisse
1646 4662 1857 4707 creatos
1873 4671 1892 4718 ;
1921 4654 1987 4707 de
2009 4668 2118 4723 quo

539 4728 688 4780 nulla
710 4736 792 4780 est
813 4726 1203 4780 controversia.
1220 4725 1380 4780 Certe
1402 4725 1465 4778 D.
1482 4724 1781 4794 Gregorius
1797 4724 1932 4778 libro
1960 4739 2119 4779 xxvttt

538 4796 729 4851 Moral.
757 4812 876 4866 cap.
917 4798 983 4851 14
1034 4797 1167 4852 dicit
1196 4796 1417 4863 angelos
1443 4800 1623 4850 vocari
1655 4806 1794 4850 astra
1829 4796 2116 4863 matutina,

538 4869 663 4939 quia
694 4868 907 4923 fuerunt
934 4868 1133 4921 conditi
1167 4868 1219 4922 in
1249 4868 1365 4935 ipso
1388 4882 1547 4922 mane
1578 4867 1732 4938 primi
1755 4867 1883 4921 diei.

2213 2262 2331 2298 vum
2360 2245 2735 2314 appropriatur
2769 2241 2946 2307 Patri,
2978 2251 3189 2315 prapter
3217 2242 3531 2308 potentiam;
3557 2243 3632 2297 ita
3664 2244 3805 2311 prin-

2213 2313 2403 2382 cipium
2432 2317 2724 2383 eafentplare
2751 2313 3117 2385 appropridtur
3147 2313 3287 2367 Filio
3310 2355 3326 2380 ,
3360 2327 3571 2383 prapter
3602 2316 3803 2385 sapien-

2215 2388 2339 2440 tiam
2371 2388 2386 2455 (
2416 2387 2550 2441 Vide
2583 2387 2713 2455 Aug.
2738 2383 2829 2439 lib;
2866 2401 2941 2439 xu
3000 2383 3234 2458 Confess.
3291 2403 3338 2458 ς.
3370 2387 3488 2454 23).
3549 2383 3669 2458 Alii
3694 2403 3803 2440 vero

2214 2459 2486 2519 dixerunt,
2545 2454 2837 2526 corporalia
2867 2472 2977 2510 esse
3017 2454 3186 2509 creata
3214 2471 3249 2526 α
3282 2454 3409 2518 Deo,
3463 2456 3802 2513 mediantibats

2215 2530 2460 2599 creaturis
2478 2525 2863 2599 spiritualibus;
2886 2538 2933 2581 et
2945 2527 3012 2579 ad
3035 2529 3091 2579 id
3108 2525 3481 2581 excludendum
3504 2530 3799 2598 exponitur,

2216 2598 2283 2653 In
2304 2598 2555 2670 principio
2595 2600 2778 2652 creauit
2807 2598 2945 2652 Deus
2967 2599 3149 2652 caelum
3172 2607 3220 2670 et
3248 2608 3458 2662 terram,
3484 2600 3539 2651 id
3560 2610 3635 2653 est
3659 2640 3672 2663 ,
3690 2610 3804 2654 ante

2217 2618 2283 2653 ιη
2304 2618 2465 2670 ρηησε
2510 2618 2555 2653 i0
2595 2618 2777 2652 creavit
2807 2618 2945 2652 υειιδ
2967 2618 3149 2652 ctutum
3172 2618 3220 2651 ει
3248 2618 3458 2662 terram,
3484 2618 3536 2651 ια
3560 2618 3635 2653 εει
3659 2640 3672 2663 ,
3690 2618 3803 2654 aute

2217 2673 2407 2725 omnia.
2444 2618 2679 2738 quatuor
2705 2670 2839 2723 enim
2865 2677 3127 2741 ponuntur
3152 2669 3308 2723 simul
3353 2680 3554 2734 creata,
3612 2672 3803 2724 scilicet

2217 2741 2400 2795 calum
2446 2756 2769 2812 empyreum,
2826 2741 3039 2795 materia
3079 2741 3393 2811 corporalis,
3444 2756 3560 2811 qua
3602 2743 3802 2812 nomine

2217 2822 2366 2940 tam:
2411 2810 2743 2884 intelligitur,
2777 2819 2996 2880 tempus,
3034 2820 3083 2866 et
3114 2810 3305 2867 natura
3336 2810 3595 2885 angelica.
3635 2812 3712 2866 ita
3744 2810 3798 2871 S.

2307 2898 2480 2939 ornas.

2307 2898 2480 2939 ornas.

2293 2966 2316 2993 ε
2359 2957 2512 3011 Absit
2534 2964 2595 3009 ut
2620 2954 2697 3010 sic
2719 2955 3091 3009 existimemus
3113 2953 3283 3009 Deum
3309 2952 3675 3009 anterioribus
3701 2952 3805 3011 illis

2217 3036 2272 3083 et
2318 3026 2613 3082 innumeris
2666 3026 2873 3080 saeculis
2920 3025 3006 3095 (si
3039 3026 3117 3079 sic
3148 3024 3476 3096 loquendum
3516 3024 3653 3093 sit),
3687 3041 3805 3095 qua

2218 3098 2425 3153 scilicet
2473 3097 2727 3167 mundum
2779 3105 3195 3167 praecesserunt.
3248 3096 3352 3152 hoc
3395 3107 3502 3163 est,
3556 3098 3627 3151 ab
3657 3096 3805 3152 omni

2217 3171 2513 3224 aeternitate
2559 3166 2727 3234 fuisse
2774 3166 3042 3230 Otiosum,
3091 3174 3184 3219 aut
3232 3166 3575 3234 solitarium,
3610 3179 3705 3223 aut
3741 3170 3807 3224 ab

2218 3242 2363 3295 omni
2404 3225 2768 3294 muniﬁcerltia
2801 3225 3061 3311 alienum.
3103 3235 3358 3311 1Eternas
3394 3239 3447 3311 in
3481 3225 3594 3295 Deo
3637 3254 3804 3311 agno-

2218 3313 2419 3366 scimus
2456 3312 2720 3372 actiones,
2762 3325 2894 3378 quas
2923 3308 3160 3378 theologi
3192 3318 3390 3364 vneam
3422 3308 3808 3377 immancutes,

2218 3382 2320 3435 hoc
2365 3392 2465 3447 est,
2519 3383 2571 3435 lu
2621 3380 2739 3445 ipso
2770 3381 2884 3435 lleo
2924 3393 3224 3446 manentes,
3273 3393 3327 3436 et
3374 3379 3639 3442 internas,
3666 3396 3806 3449 quas

2224 3452 2363 3507 Deus
2388 3465 2511 3508 ante
2542 3452 2724 3506 mundi
2760 3451 3195 3507 constitutionem
3225 3451 3276 3505 in
3307 3452 3485 3521 seipso
3514 3453 3808 3519 traCtabat,

2223 3526 2478 3591 agitabat,
2526 3524 2842 3587 exercebat,
2889 3532 3013 3591 puta
3059 3531 3320 3577 aeternam
3363 3537 3477 3576 sua:
3507 3521 3806 3579 divinitatis

2226 3608 2551 3665 suorumque
2578 3595 2955 3665 attribuitorurn
2973 3602 3032 3665 et
3061 3592 3450 3661 periectionum
3474 3593 3812 3662 centempla-

2226 3668 2446 3728 tionem,
2466 3661 2734 3720 aeternam
2770 3663 2884 3718 Filii
2915 3678 2943 3717 a
2973 3661 3133 3719 Patre
3173 3665 3577 3728 generationem
3600 3706 3615 3725 .
3651 3661 3813 3719 mter-

2225 3752 2346 3791 natn
2379 3736 2611 3806 Spiritus
2637 3736 2807 3791 sancti
2845 3748 2873 3788 a
2903 3734 3059 3790 Patre
3088 3745 3141 3790 et
3184 3734 3329 3790 Filio
3378 3735 3811 3806 processionem;

2226 3805 2483 3862 aeternum
2526 3807 2592 3861 de
2637 3806 2819 3861 mundi
2867 3807 3139 3861 creatione
3187 3813 3242 3861 et
3289 3806 3705 3875 gubernatione,
3736 3805 3811 3863 de

2226 3879 2348 3933 Filii
2404 3879 2777 3934 incarnatione
2830 3886 2884 3933 et
2926 3877 3249 3938 oeconomia.
3298 3878 3365 3931 de
3412 3878 3722 3946 angelorum
3756 3886 3815 3933 et

2226 3949 2500 4005 hominum
2554 3948 2817 4004 electione
2863 3958 2917 4002 et
2962 3949 3379 4017 reprobatione,
3428 3947 3498 4002 de
3550 3948 3813 4003 omnibus

2225 4021 2387 4075 rebus
2413 4020 2478 4075 ad
2509 4018 2743 4075 divinam
2779 4018 3180 4074 Providentiam
3229 4018 3600 4087 spectantibus
3630 4022 3813 4074 consi-

2228 4092 2355 4146 lium
2386 4098 2440 4146 et
2473 4091 2785 4155 decretum;
2822 4090 3013 4160 quibus
3044 4089 3184 4144 Deus
3224 4099 3351 4145 ante
3382 4090 3565 4143 mundi
3596 4091 3810 4143 coosti-

2226 4163 2486 4217 tutionem
2516 4159 2897 4232 occupatus,si
2932 4162 3000 4215 ita
3036 4160 3178 4231 loqui
3210 4159 3393 4224 liceat,
3423 4161 3630 4232 otiosus
3652 4169 3811 4232 certe

2224 4233 2328 4286 dici
2362 4248 2465 4286 nou
2497 4229 2705 4300 potuit,
2742 4247 2913 4299 neque
2943 4229 3241 4295 solitarius,
3278 4243 3369 4285 aut
3419 4229 3806 4287 immuuiiicus.

2226 4303 2443 4359 Summa
2473 4304 2617 4357 enim
2649 4302 2839 4357 aeterni
2872 4303 3049 4356 Patris
3094 4301 3460 4357 munificentia
3505 4302 3606 4356 luit
3650 4316 3807 4356 suam

2225 4376 2513 4429 essentiam
2545 4374 2697 4439 Filio,
2730 4388 2792 4427 ac
2821 4373 3016 4428 deinde
3042 4389 3162 4427 cum
3194 4371 3331 4428 Filio
3355 4372 3600 4428 eamdem
3632 4373 3808 4439 ipsam

2224 4445 2443 4513 Spiritui
2476 4454 2664 4500 sancto
2689 4445 3110 4513 communicare,
3139 4455 3199 4499 ut
3229 4459 3359 4498 unus
3386 4455 3603 4513 semper
3636 4445 3811 4500 fuerit

2225 4511 2367 4570 om
2396 4515 2447 4571 in
2472 4516 2702 4571 essentia
2727 4556 2741 4580 ,
2771 4525 2825 4569 ct
2853 4515 3025 4569 trinus
3057 4511 3107 4568 in
3139 4511 3579 4585 personis._Quod
3613 4513 3658 4566 si
3696 4513 3812 4571 itoc

2225 4597 2596 4658 argumentum
2628 4588 2735 4641 vim
2785 4584 2963 4658 ullam
2997 4582 3245 4649 haberet,
3274 4582 3616 4658 concluderet
3644 4594 3810 4641 certe

2224 4655 2444 4728 angelos
2472 4674 2576 4712 non
2609 4658 2778 4712 solum
2808 4672 2926 4728 esse
2954 4656 3053 4711 hoc
3080 4658 3279 4712 mundo
3305 4655 3600 4728 anteriores
3626 4665 3682 4709 et
3700 4670 3806 4710 an-

2227 4726 2512 4798 tiquiores,
2541 4728 2635 4783 sed
2668 4730 2827 4783 etiam
2857 4727 2966 4783 Deo
2996 4735 3315 4791 coaeteruos,
3347 4742 3412 4782 ne
3442 4726 3610 4781 Deum
3649 4737 3805 4783 ante-

2224 4801 2460 4854 riorihus
2507 4808 2561 4855 et
2606 4799 2904 4853 innumeris
2949 4798 3165 4853 saeculis
3213 4801 3530 4852 aeternitatis
3566 4798 3803 4851 otiosum

2225 4881 2315 4925 aut
2346 4870 2643 4925 solitarium
2694 4869 2849 4924 fateri
2894 4884 3229 4939 eogcremnr.
3260 4868 3458 4923 Verum
3490 4867 3576 4922 hic
3621 4868 3803 4923 locum

614 4951 637 4978 ο
671 4940 1016 5008 ReSpondent
1066 4925 1398 5009 Epiphanius
1440 4948 1493 4995 et
1531 4925 1939 5005 Titeodoretus,
1978 4948 2119 4995 astra
2148 4925 2199 4987 Ῐ)
2229 4941 2388 4996 habet
2415 4941 2501 4995 illa
2528 4941 2797 5011 Sapientis
2824 4925 3153 5011 admonitio;
3189 4939 3289 5011 Qui
3308 4948 3577 5011 scrutator
3592 4951 3668 5011 est
3696 4955 3808 5011 una.

536 5010 704 5067 fuisse
729 5023 908 5067 creata
942 5020 1132 5081 quarto
1160 5012 1359 5084 die._ut
1387 5011 1843 5084 docetScriptura
1868 5011 2121 5084 :proinde
2214 5014 2449 5084 jcstatis,
2486 5009 2801 5082 apprimetnr
2828 5028 2859 5064 a
2886 5010 3052 5084 gloria
3072 5011 3199 5084 ;__Et
3230 5010 3316 5084 illa
3359 5009 3603 5080 Apostoli
3632 5027 3647 5063 :
3682 5009 3807 5064 A'oli

538 5085 791 5152 angelos,
822 5084 912 5153 qui
941 5092 1094 5137 erant
1125 5082 1295 5138 creati
1331 5084 1504 5152 primo
1535 5082 1649 5143 die,
1681 5084 1917 5153 potuisse
1949 5082 2118 5136 inter-

538 5170 656 5208 esse
679 5152 935 5210 creationi
958 5155 1221 5220 siderum,
1251 5162 1305 5208 et
1334 5156 1385 5208 in
1416 5170 1481 5209 ea
1514 5153 1730 5208 laudare
1776 5152 1964 5206 Deum.

607 5222 635 5262 ἀ
668 5227 844 5281 Prima
872 5227 961 5281 illa
989 5227 1257 5281 sententia
1296 5225 1419 5280 libri
1465 5225 1743 5281 Genesens
1774 5243 1785 5277 :
1838 5222 1901 5276 In
1930 5224 2122 5294 princi-

534 5298 621 5366 pio
652 5300 836 5351 creavit
864 5298 1002 5351 Deus
1030 5298 1213 5351 caelum
1240 5306 1284 5349 et
1313 5307 1530 5362 terram,
1566 5296 1852 5366 tripliciter
1879 5296 2120 5366 exponi-

537 5364 626 5421 tur
646 5407 660 5432 ,
712 5378 771 5422 ut
799 5368 956 5423 docet
984 5369 1042 5423 S.
1068 5368 1302 5423 Thomas
1330 5369 1467 5437 (par.
1500 5383 1537 5426 ι,
1562 5383 1610 5434 q.
1645 5365 1699 5427 4,
1730 5383 1811 5419 ar.
1840 5364 1928 5437 5),
1960 5367 2120 5436 idque

537 5437 602 5491 ad
625 5440 1021 5494 excludendum
1068 5450 1179 5496 tres
1201 5454 1421 5494 errores
1450 5456 1462 5491 :
1492 5437 1712 5504 Quidam
1756 5437 1891 5491 enim
1941 5454 2123 5503 posue-

534 5518 658 5563 runt
706 5514 954 5565 mundum
999 5528 1194 5566 semper
1245 5512 1435 5581 fuisse,
1486 5518 1531 5561 et
1562 5519 1756 5576 tempus
1780 5522 1881 5581 non
1937 5507 2121 5581 habere

537 5582 875 5653 principium,
936 5593 983 5636 et
1027 5584 1095 5637 ad
1142 5576 1255 5635 hoc'
1280 5581 1652 5653 excludendum
1698 5579 1997 5648 exponitur,
2054 5576 2120 5631 In

542 5651 826 5720 principio,
880 5655 1070 5707 scilicet
1118 5653 1376 5722 temporis.
1436 5651 1658 5717 Quidam
1696 5665 1808 5703 vero
1848 5658 2122 5722 posuerunt

539 5721 641 5773 duo
663 5719 768 5776 esse
792 5725 1066 5776 creationis
1114 5719 1387 5792 principia,
1418 5738 1573 5774 unum
1596 5719 1868 5792 bonorum,
1896 5719 2120 5792 alterum

539 5792 793 5860 malorum
817 5831 833 5855 ,
866 5804 914 5844 et
934 5795 999 5844 ad
1033 5788 1127 5860 hoc
1155 5788 1527 5845 excludendum
1555 5791 1858 5860 exponitur,
1886 5788 1951 5843 In
1982 5789 2125 5857 prin-

523 5858 678 5944 ‘cipio
698 5897 713 5925 ,
735 5860 790 5910 id
816 5870 886 5913 est
906 5900 919 5927 ,
950 5863 1002 5914 in
1046 5859 1208 5914 Filio.
1249 5861 1396 5917 Sicut
1424 5862 1559 5915 enim
1608 5858 1913 5931 principium
1933 5860 2127 5928 e/fecti-

2224 5079 2386 5137 altum
2415 5079 2623 5154 sapere,
2662 5084 2751 5135 sed
2778 5079 2929 5148 time,-
2958 5081 3053 5154 Et,
3092 5080 3213 5135 Non
3242 5079 3362 5154 plus
3406 5079 3615 5154 sapere,
3650 5096 3808 5154 quam

2225 5164 2442 5227 Oportet,
2476 5148 2575 5207 sed
2599 5169 2780 5227 sapere
2808 5156 2873 5206 ad
2899 5153 3221 5227 sobrietatem
3284 5148 3440 5227 Prov_.
3466 5148 3663 5227 xxv).
3680 5150 3806 5227 Quis

2223 5222 2357 5279 enim
2400 5226 2629 5295 cognovit
2672 5241 2875 5295 sensum
2920 5222 3163 5295 Domini,
3210 5232 3299 5275 aut
3337 5223 3453 5295 quis
3480 5222 3808 5295 consiliarius

2223 5298 2333 5365 eius
2366 5293 2675 5365 fuit‘(ilom.
2706 5310 2773 5349 xu
2793 5294 2854 5365 )?
2883 5306 2982 5349 etc.
3018 5294 3173 5349 Libet
3202 5302 3381 5348 tamen
3412 5293 3499 5349 hic
3530 5293 3594 5347 D.
3627 5294 3809 5363 Augu-

2223 5371 2423 5421 stinum
2452 5365 2516 5421 de
2545 5367 2643 5421 bac
2687 5375 2778 5420 aut
2806 5366 2966 5420 simili
3012 5365 3334 5435 quaestione,
3360 5365 3606 5435 quamvis
3637 5365 3804 5434 proli-

2227 5439 2366 5505 xius,
2402 5448 2579 5493 tamen
2625 5438 2868 5507 apposite
2912 5436 2978 5490 ad
3009 5433 3152 5507 hunc
3197 5433 3391 5507 locutu
3420 5435 3803 5491 elucidandunt

2227 5508 2413 5574 audire
2439 5506 2796 5563 disserentem
2828 5507 2918 5562 lib.
2952 5506 3237 5561 undecimo
3261 5506 3503 5561 (lonless.
3535 5521 3658 5574 cap.
3695 5507 3760 5561 i2
3790 5522 3806 5561 :

2226 5573 2382 5648 Ecce,
2416 5581 2606 5649 inquit.
2638 5579 2915 5646 respondeo
2961 5578 3150 5632 dicenti
3179 5595 3196 5634 :
3226 5577 3363 5643 Quid
3404 5573 3624 5647 faciebat
3667 5575 3809 5630 Deus

2228 5662 2499 5717 antequam
2540 5651 2727 5717 faceret
2776 5650 2957 5702 coelum
2994 5658 3039 5701 et
3082 5650 3316 5702 terram?
3344 5650 3655 5716 respondeo,
3706 5665 3809 5701 non

2227 5722 2391 5784 illud,
2421 5723 2558 5790 quod
2588 5721 2793 5791 quidam
2824 5720 3143 5788 respondisse
3173 5719 3467 5791 perhibetur
3494 5720 3811 5791 jocularittr

2230 5793 2440 5845 eludens
2466 5789 2757 5860 qua’s'tionis
2784 5789 3269 5853 violentiam:Alta,
3310 5789 3506 5859 inquit;
3527 5790 3811 5843 scrutanti.-

2230 5860 2324 5915 bus
2365 5862 2618 5931 gehemtas
2645 5864 2879 5916 varabnt.
2910 5862 3064 5917 Aliud
3094 5870 3167 5916 est
3205 5860 3404 5926 cidere,
3434 5861 3587 5915 aliud
3612 5862 3808 5917 ridere.
