4036 6216
418 381 523 442 755

1019 379 1361 439 COLLATIO
1395 379 1532 439 VIII.
1564 410 1634 423 —
1662 380 1752 438 DE
1793 376 2313 437 PRINCll‘ATlBUS
2352 377 2481 436 SEU
2526 378 3058 443 POTES'I‘ATIBUS.

3580 373 3699 445 754

418 494 595 559 aclis,
627 493 729 550 sive
764 508 883 565 quae
914 494 968 548 in
994 496 1283 547 terra'sunt
1311 533 1325 560 ,
1359 494 1575 549 visibilia
1614 503 1661 550 et
1691 495 2001 561 invisibilia,
2031 500 2087 563 Α
2118 493 2279 549 luisse
2336 493 2598 562 collapsos
2654 494 2966 554 lamentatio
3015 494 3314 556 Ezechielis
3362 492 3478 555 sive
3536 496 3690 556 Isaiae

419 587 522 641 sive
540 586 744 655 angeli,
768 586 872 640 sive
901 583 1230 656 archangeli,
1257 585 1359 638 sive
1408 583 1609 650 throni,
1635 588 1737 640 sive
1763 587 1998 640 domina-

422 679 583 732 tiones
617 693 633 729 :
668 678 770 732 sive
820 676 1135 748 principatus
1157 715 1172 740 ,
1219 675 1322 730 sive
1347 685 1653 746 potestates:
1702 679 1873 733 omnia
1910 695 2001 750 per

423 773 591 842 ipsum
612 812 628 837 ,
652 771 769 826 etin
796 771 907 841 ipso
937 778 1105 824 creata
1130 780 1248 822 sunt
1281 765 1479 838 (Colos.
1503 766 1564 839 1).
1644 790 1653 799 -

1005 859 1233 917 CAPUT
1273 860 1409 915 VIII.

764 954 844 1008 De
878 954 1028 1025 lapsu
1054 952 1249 1006 diaboli
1279 960 1326 1005 et
1356 953 1681 1023 angelorum.

496 1054 522 1083 ι
562 1046 639 1102 De
666 1045 891 1103 istorum
929 1045 1109 1116 itaque
1147 1059 1371 1100 numero
1409 1044 1699 1099 nonnullos
1726 1044 2001 1115 principes

2103 584 2536 641 manifestissime
2564 586 2739 652 docet,
2772 588 2824 641 in
2856 590 3048 655 quibus
3077 591 3375 662 principem
3408 589 3558 662 Tyri,
3588 601 3684 648 aut

2108 676 2260 731 illum
2293 674 2604 731 Luciferum
2636 677 2725 747 qui
2757 692 2914 732 mane
2956 680 3249 745 oriebatur,
3275 679 3437 736 ﬂebili
3470 683 3685 751 planctu

2107 768 2174 822 ab
2201 769 2280 822 eis
2312 767 2688 838 cognoscimus
2721 767 3025 822 lamentari.
3060 769 3125 823 Et
3152 771 3219 825 de
3249 772 3339 824 illo
3368 773 3583 841 quidem
3610 774 3682 829 ita

2107 864 2366 919 Dominus
2410 864 2473 917 ad
2522 862 2772 917 Ezechiel
2806 880 2818 915 :
2864 859 2974 914 Fili
3004 864 3241 927 hominis,
3279 863 3389 917 leva
3420 866 3681 933 planctum

2106 973 2259 1028 super
2280 956 2562 1028 principem
2589 952 2745 1026 Tyri,
2774 965 2817 1009 et
2848 954 2984 1008 dices
3014 956 3057 1007 ei
3081 970 3099 1008 :
3137 955 3259 1009 Hac
3286 954 3411 1009 dicit
3438 957 3685 1015 Dominus

2109 1044 2249 1102 Deus
2271 1065 2290 1104 .°
2318 1047 2343 1086 δ
2379 1046 2455 1103 Tu
2485 1048 2809 1119 signaculum
2836 1046 3190 1101 similitudinis
3212 1088 3228 1113 ,
3267 1046 3450 1118 plenus
3478 1050 3682 1120 sapien-

1483 1178 1740 1233 ALARDI
1779 1176 2010 1235 GAZEI
2050 1178 2617 1237 COMMENTARIUS.

421 1274 555 1331 Haec
582 1286 681 1327 non
702 1272 999 1343 respondeo.
1032 1270 1292 1325 Libentius
1318 1270 1451 1325 enim
1477 1271 1849 1343 responderim,
1884 1270 1990 1324 Ne-

420 1349 548 1411 scio,
580 1344 714 1413 quod
752 1345 941 1411 nescio,
975 1359 1127 1409 quam
1166 1343 1299 1396 illud
1326 1343 1472 1413 unde
1501 1342 1855 1413 irrideturﬁqui
1882 1344 1993 1396 alta

419 1411 767 1487 interrogavit,
798 1426 843 1468 et
872 1414 1113 1487 laudatur
1140 1414 1225 1482 qui
1259 1411 1394 1481 falsa
1422 1415 1703 1480 respondit.
1726 1412 1847 1487 §ed_
1879 1413 1991 1487 dico

419 1496 497 1550 te,
531 1482 668 1539 Deus
694 1497 884 1549 noster,
920 1486 1083 1538 omnis
1113 1496 1357 1537 creatura:
1382 1492 1678 1535 creatorem.
1715 1482 1778 1536 Et
1805 1484 1848 1535 si
1877 1484 1991 1536 caeli

418 1565 465 1611 et
494 1567 644 1611 teme
667 1556 874 1610 nomine
905 1555 1065 1609 omnis
1104 1565 1337 1608 creatura
1380 1550 1702 1623 intelligitur,
1742 1554 1991 1608 audenter

419 1628 555 1687 dico.
582 1629 863 1693 Antequam
894 1628 1079 1694 faceret
1110 1625 1245 1679 Deus
1273 1625 1454 1678 caelum
1476 1635 1522 1679 et
1544 1636 1751 1687 terram,
1783 1640 1883 1678 non
1910 1624 1989 1693 fa-

418 1699 578 1752 ciebat
606 1697 738 1752 Deus
766 1698 995 1768 aliquid;
1021 1698 1065 1750 si
1093 1697 1242 1768 enim,
1258 1695 1496 1768 faciebat,
1520 1694 1649 1768 quid;
1671 1695 1772 1768 nisi
1791 1705 1993 1768 creatu-

420 1785 533 1821 ram
572 1768 786 1838 faciebat
811 1765 929 1821 ?‘Et
961 1770 1154 1820 utinam
1202 1767 1275 1819 sic
1297 1766 1478 1838 ‘sciam
1512 1765 1775 1838 quidquid
1794 1766 1993 1838 utiliter

420 1841 550 1892 scire
572 1834 741 1910 cupio,
775 1838 1199 1910 quemadmodum
1237 1834 1342 1910 scio
1385 1836 1520 1904 quod
1545 1836 1744 1910 nullam
1776 1836 1994 1910 faciebat

422 1906 711 1963 creaturam
736 1917 1007 1978 antequam
1035 1907 1175 1976 ﬁeret
1201 1908 1309 1960 ulla
1331 1906 1606 1978 creatura!
1630 1907 1732 1959 Aut
1759 1908 1803 1959 si
1826 1908 1994 1976 cujus-

420 1995 575 2049 quam
606 1980 825 2033 volatilis
853 1976 1028 2033 sensus
1069 1986 1282 2048 vagatur
1308 1992 1398 2048 per
1427 1976 1674 2049 imagines
1699 1986 1838 2030 retro
1865 1987 1991 2031 tem-

419 2048 625 2118 parum,
661 2059 706 2103 et
733 2058 782 2104 te
808 2050 967 2104 Deum
997 2050 1401 2115 omnipotentem,
1431 2059 1477 2100 et
1501 2048 1914 2118 omnicreantem,
1943 2059 1990 2103 et

422 2116 833 2183 onmitenentem,
862 2121 972 2174 cwli
1002 2131 1047 2173 et
1082 2126 1228 2172 terra?
1255 2118 1525 2184 artiﬁcem,
1557 2116 1620 2169 ab
1648 2133 1795 2187 opere
1828 2130 1989 2185 tanto,

418 2200 690 2261 antequam
719 2190 774 2245 id
796 2192 1003 2256 faceres,
1031 2205 1121 2258 per
1142 2186 1531 2261 innumerabilia
1558 2186 1746 2261 uacula
1771 2203 1993 2245 cessasse

420 2258 670 2331 mira'ur;
697 2262 892 2331 evigilet
928 2273 1080 2331 atque
1126 2260 1359 2313 attendat
1396 2260 1519 2328 quia
1564 2258 1701 2331 falsa
1748 2261 1986 2316 miratur.

424 2329 564 2385 Nam
595 2334 730 2385 unde
772 2328 1005 2402 poterant
1051 2331 1447 2402 innumerabilia
1484 2328 1671 2402 alecula
1709 2333 1987 2399 prteterire,

420 2417 534 2470 qua:
574 2403 679 2472 ipse
720 2398 820 2456 non
867 2398 1084 2471 feceras,
1142 2418 1256 2454 cum
1300 2400 1368 2453 sis
1413 2399 1636 2472 omnium
1683 2398 1990 2457 sazculorum

419 2470 600 2525 auctor
621 2482 666 2526 et
691 2472 965 2527 conditor?
992 2482 1079 2527 aut
1108 2487 1221 2539 qua:
1247 2480 1475 2541 tempora
1510 2470 1742 2540 fuissent,
1769 2486 1882 2541 quia
1900 2474 1989 2528 abs

419 2548 467 2595 te
495 2544 703 2597 condita
734 2560 835 2596 non
874 2543 1084 2597 essent?
1119 2547 1205 2596 aut
1234 2542 1486 2611 quomodo
1524 2543 1913 2613 prwteriissent,
1945 2547 1989 2599 si

418 2628 697 2682 numquam
722 2613 964 2681 fuissent?
980 2613 1104 2669 Cum
1128 2630 1246 2683 ergo
1267 2613 1335 2665 sis
1362 2616 1841 2683 operatoromnium
1861 2622 1988 2668 tem-

415 2681 621 2753 porum,
646 2685 688 2738 si
712 2684 811 2756 fuit
839 2683 1048 2769 aliquod
1072 2681 1267 2769 tempus
1297 2692 1566 2753 antequam
1591 2681 1783 2769 facezes
1805 2687 1985 2769 ﬁwlum

417 2751 465 2806 et
484 2764 688 2821 terram,
712 2751 810 2807 'rur
830 2751 1018 2809 dicitur
1037 2751 1181 2826 quod
1198 2751 1260 2806 ab
1288 2751 1435 2823 opere
1453 2751 1686 2826 cessabas
1704 2752 1728 2807 Ρ
1749 2752 1987 2821 Idipsum

417 2826 549 2877 enim
576 2833 772 2895 tempus
803 2836 857 2879 tu
888 2824 1097 2895 feceras,
1139 2840 1230 2879 nec
1264 2824 1521 2895 praterire
1563 2835 1830 2891 potuerunt
1863 2837 1988 2880 tem-

419 2908 543 2961 pora
562 2894 834 2967 antequam
890 2894 1084 2965 faceres
1109 2906 1353 2966 temmra.
1470 2903 1639 2967 autem
1668 2906 1784 2948 ante
1807 2896 1986 2951 calum

416 2975 467 3020 et
491 2975 671 3020 terram
693 2963 901 3020 'nullum'
919 2978 1025 3020 erat
1057 2963 1272 3033 tempus.
1297 2963 1417 3029 quid
1447 2966 1689 3028 quaeritur
1713 2967 1833 3034 quid
1863 2978 1985 3024 tunc

417 3036 684 3106 faciebas?
728 3035 844 3090 Non
893 3037 1024 3091 enim
1054 3048 1162 3090 erat
1196 3045 1341 3097 tunc,
1378 3034 1461 3087 ubi
1493 3049 1594 3087 non
1626 3045 1733 3088 erat
1760 3046 1978 3104 tempus,

416 3122 508 3160 nec
528 3116 583 3161 tu
610 3118 831 3177 tempore
862 3117 1089 3178 tempora
1119 3107 1397 3178 prwcedis;
1427 3106 1784 3178 alioquinuou
1814 3112 1985 3162 omnia

416 3187 639 3243 tempora
692 3177 1022 3245 praecederes.
1082 3177 1187 3233 Sed
1241 3177 1486 3243 prwcedis
1541 3177 1709 3229 omnia
1758 3188 1984 3244 tempora

413 3250 671 3317 praeterita
715 3250 1016 3304 celsitudine
1051 3263 1247 3316 semper
1283 3247 1545 3319 prmentis
1581 3249 1903 3313 artsruitatis,
1934 3259 1984 3305 et

413 3332 625 3389 superas
654 3321 826 3374 omnia
851 3322 1047 3386 futura,
1075 3324 1197 3391 quia
1202 3329 1268 3391 _et
1297 3320 1389 3371 illa
1418 3318 1593 3391 futura
1620 3328 1764 3382 sunt,
1796 3329 1841 3373 et
1864 3337 1979 3375 cum

412 3387 634 3444 venerint
674 3394 932 3460 praterita
980 3387 1149 3460 erunt.
1200 3387 1483 3460 Tuautem
1511 3390 1647 3442 idem
1674 3391 1785 3459 ipse
1821 3407 1895 3454 es.
1930 3402 1978 3447 et

2023 2092 2070 2150 B

2101 1273 2191 1338 qui
2224 1276 2438 1326 nomine
2464 1272 2691 1327 Luciferi
2717 1272 3055 1341 exprimitur,
3080 1272 3244 1327 fuisse
3274 1288 3537 1341 supremae
3568 1276 3680 1332 hie-

2103 1344 2330 1396 rarcltiae
2376 1359 2707 1411 supremum,
2744 1354 2798 1399 et
2832 1345 3056 1409 primum
3090 1344 3366 1412 angelum;
3396 1347 3533 1412 quod
3562 1348 3682 1404 aliis

2101 1414 2281 1468 verbis
2326 1415 2457 1485 dicit
2504 1415 2559 1471 S.
2594 1415 2857 1473 Thomas.
2901 1431 3212 1483 supremum
3252 1417 3495 1485 angelum
3543 1420 3678 1473 inter

2101 1493 2387 1551 peccantes
2420 1483 2584 1540 fuisse
2612 1500 2918 1553 supremum
2954 1486 3090 1539 inter
3117 1499 3303 1539 omnes
3330 1483 3343 1539 ξ
3371 1501 3526 1552 quam
3556 1503 3679 1543 sen-

2103 1556 2321 1624 tentiam
2352 1556 2477 1608 alibi
2504 1572 2567 1610 ex
2600 1555 2662 1609 Ι).
2694 1556 2958 1624 Gregorio
2984 1555 3166 1609 multis
3191 1561 3519 1623 argumentis
3549 1572 3679 1612 con-

2099 1622 2432 1679 ﬁrmavimus
2462 1626 2597 1691 (Lib.
2637 1642 2709 1680 Ml
2735 1622 2870 1680 Inst.
2898 1643 2948 1678 c.
2975 1625 3055 1695 4),
3078 1641 3199 1693 qua:
3228 1622 3317 1681 hic
3341 1628 3473 1682 libet
3498 1629 3680 1695 paucis

2093 1704 2361 1761 repetere.
2396 1697 2577 1750 Tertio
2613 1698 2907 1750 notandum
2938 1711 3005 1750 ex
3041 1695 3226 1750 eadem
3277 1698 3372 1750 hac
3412 1701 3677 1754 sententia

2098 1766 2446 1839 probabiliter
2487 1766 2684 1839 colligi,
2733 1767 2963 1839 quodex
3006 1766 3149 1839 omni
3195 1766 3676 1839 ordineCojnsque

2096 1833 2412 1892 hiernrchia:
2468 1833 2701 1891 caelestis
2751 1833 2917 1906 aliqui
2961 1837 3288 1899 ceciderint,
3346 1837 3401 1891 1⁵
3438 1833 3560 1904 quia
3590 1833 3676 1895 'ad

2095 1919 2284 1961 omnes
2313 1908 2624 1977 angelorum
2662 1907 2879 1961 ordines
2916 1908 3078 1974 aliqui
3111 1909 3359 1962 homines
3387 1921 3670 1965 assumun-

2096 1985 2181 2049 tur
2208 1978 2259 2030 in
2291 1980 2681 2047 reparationem
2728 1988 2820 2032 aut
2848 1978 3281 2049 supplementum
3315 1980 3484 2033 ruinae
3514 1995 3675 2049 ange-

2096 2045 2234 2111 licze,
2266 2058 2320 2101 ut
2352 2045 2505 2103 docet
2536 2049 2590 2103 8.
2628 2049 2891 2103 Antonius
2917 2045 3054 2117 apud
3078 2046 3455 2113 Athanasium,
3488 2045 3673 2107 1Ιίρῖτο-

2098 2131 2289 2190 nymns
2317 2120 2403 2173 lib.
2434 2121 2524 2173 tin
2553 2118 2851 2173 Lamentat.
2887 2118 3088 2172 Jercm.
3118 2133 3231 2185 cap.
3263 2119 3385 2181 nlt.,
3420 2121 3672 2190 Augusti-

2095 2202 2197 2242 nus
2225 2189 2521 2245 Enchiridii
2544 2206 2661 2257 cap.
2685 2192 2776 2255 '29,
2801 2191 3091 2258 Gregorius
3114 2190 3294 2243 homil.
3326 2192 3395 2244 54
3416 2190 3469 2243 in
3498 2189 3670 2247 Evan-

2092 2260 2250 2327 gelia.
2274 2259 2331 2313 2°
2358 2262 2455 2315 l’er
2483 2262 2584 2315 hoc
2603 2262 2772 2331 magis
2795 2260 3170 2331 comptobatur
3193 2260 3413 2331 libertas
3439 2261 3666 2331 arbitrii,

2092 2331 2213 2398 quia
2246 2331 2296 2384 in
2329 2334 2472 2386 omni
2512 2327 2753 2386 creatura
2786 2327 3033 2384 rationali
3064 2344 3158 2384 seu
3190 2327 3540 2385 intellectuali
3572 2327 3669 2388 lle;

2092 2398 2359 2469 ctipotcSI
2406 2403 2469 2455 ad
2510 2404 2729 2455 malum.
2772 2399 2828 2457 5⁸
2870 2399 3125 2455 Videmus
3170 2400 3442 2455 diabolum
3489 2403 3667 2457 vocari

2090 2468 2322 2526 Cherub.
2361 2472 2625 2527 Ezechiel.
2653 2486 2828 2526 xxvm
2858 2490 2869 2526 ε
2897 2471 2975 2524 Tu
2998 2470 3200 2525 Cherub
3221 2481 3455 2524 extentus
3483 2482 3529 2525 et
3551 2485 3669 2538 pro-

2090 2550 2280 2612 tegens.
2314 2543 2380 2597 Et
2411 2544 2665 2600 Dominus
2689 2544 2847 2598 Luca:
2878 2558 2927 2597 xi
2957 2552 3110 2596 vocat
3138 2541 3441 2597 Beelzebub
3467 2543 3663 2612 princi-

2089 2629 2203 2681 pem
2232 2613 2624 2679 dwmoniormn,
2655 2625 2708 2671 et
2739 2613 3025 2682 Apostolus
3052 2612 3117 2666 ad
3141 2613 3433 2682 _Epltes_.‘v1
3462 2615 3663 2667 daemo-

2090 2698 2186 2755 nes
2213 2695 2367 2738 vorat
2413 2684 2668 2754 principes
2713 2695 2758 2738 et
2785 2680 3093 2755 potestates.
3135 2680 3205 2736 Et
3241 2682 3259 2736 l
3307 2680 3512 2737 Corint.
3550 2698 3656 2737 xv:

2088 2751 2217 2807 Cum
2243 2751 2554 2810 evacnaverit
2583 2751 3197 2821 omnem-principatum,
3244 2761 3295 2808 et
3339 2761 3658 2821 potestatem,

2085 2835 2135 2878 et
2161 2826 2409 2879 virtutem.
2446 2825 2555 2880 Cur
2597 2840 2775 2881 autem
2808 2843 2910 2879 non
2949 2834 3207 2881 vocentur
3251 2824 3519 2891 seraphim
3568 2834 3660 2881 aut

2088 2893 2292 2967 throni,
2325 2898 2584 2967 rationein
2618 2896 2892 2967 redditis.
2922 2896 3155 2950 Thomas
3183 2895 3267 2967 his
3299 2898 3480 2949 verbis
3504 2895 3656 2967 (tp.,

2085 2980 2135 3030 q.
2166 2963 2252 3023 6'5.
2281 2977 2378 3020 art.
2409 2968 2493 3032 9):
2514 2964 2580 3021 In
2607 2985 2755 3022 sacra
2785 2965 3054 3037 Scriptura
3084 2965 3290 3018 nomina
3315 2963 3658 3037 quorurndam

2085 3036 2349 3095 ordinum,
2396 3047 2451 3090 ut
2480 3038 2734 3106 seraphin:
2762 3047 2809 3092 et
2839 3036 3133 3091 thronorum
3153 3079 3165 3099 ,
3206 3035 3519 3090 dwnionibus
3555 3052 3657 3091 non

2084 3106 2454 3174 attribuuntur,
2498 3112 2619 3176 quia
2659 3109 2768 3163 huic
2812 3112 3017 3160 nomina
3063 3118 3340 3160 sumuntur
3380 3107 3441 3159 ab
3467 3111 3655 3160 ardore

2084 3177 2349 3231 c/taritatis
2377 3192 2422 3231 et
2460 3184 2522 3233 ab
2554 3181 2861 3234 habitatione
2895 3180 3007 3240 Dei,
3039 3194 3152 3247 qutc
3186 3194 3284 3230 non
3312 3187 3525 3249 possunt
3549 3195 3656 3232 esse

2080 3263 2196 3301 cum
2241 3260 2446 3315 peccato
2482 3252 2707 3305 mortali.
2753 3251 3115 3304 Attribuunlur
3155 3258 3326 3302 autem
3355 3252 3423 3303 eis
3452 3251 3657 3304 nomina

2080 3320 2363 3385 cherubim,
2387 3332 2691 3389 potestatum
2711 3332 2754 3375 et
2767 3324 3166 3391 principatuum,
3190 3320 3310 3386 quia
3324 3316 3431 3391 [nec
3447 3320 3657 3391 nomina

2080 3402 2357 3444 sumuntur
2382 3388 2413 3443 a
2444 3394 2651 3446 scientia
2694 3403 2744 3446 et
2768 3388 3032 3464 potentia,
3065 3404 3179 3460 qua:
3226 3389 3374 3445 bouis
3404 3388 3655 3461 malisque

412 3462 535 3535 anni
560 3458 755 3535 tui
784 3462 1016 3535 deﬁcient
1045 3459 1212 3535 (Psal.
1236 3458 1332 3529 cr).
1358 3460 1490 3512 Anni
1519 3460 1594 3513 tui
1615 3476 1705 3513 nec
1724 3473 1863 3527 sunt,
1890 3478 1978 3535 nec
2005 3471 2051 3535 ρ
2080 3471 2292 3535 possunt
2328 3478 2436 3516 esse
2471 3464 2782 3535 communia.

413 3533 638 3586 veniunt.
669 3532 792 3585 Haec
824 3534 885 3585 D.
916 3533 1260 3601 Augustinus,
1309 3539 1365 3586 et
1407 3545 1525 3598 quae
1573 3541 1887 3598 sequuntur.
1920 3533 1978 3586 In

411 3602 606 3671 quibus
657 3604 765 3656 duo
810 3613 933 3657 sunt
973 3600 1204 3657 maxime
1244 3602 1474 3671 notanda
1510 3619 1522 3653 :
1562 3600 1613 3653 1ο
1644 3604 1808 3656 Deum
1855 3614 1979 3657 ante

411 3670 608 3726 cmlum
638 3683 689 3726 et
732 3683 931 3727 terram
974 3674 1105 3726 nihil
1149 3672 1367 3727 omnino
1412 3670 1623 3735 fecisse,
1654 3686 1759 3725 non
1802 3683 1976 3727 tamen

413 3742 580 3797 fuisse
606 3744 834 3798 otiosum
856 3785 870 3807 ,
901 3744 1021 3812 quia
1051 3743 1190 3797 aliud
1219 3753 1297 3797 est
1340 3743 1538 3805 facere,
1569 3741 1709 3808 quod
1736 3752 1819 3796 est
1845 3755 1981 3809 opus

414 3823 694 3885 externum
743 3815 1072 3885 producere;
1104 3814 1246 3869 aliud
1278 3827 1472 3885 agere,
1518 3812 1729 3885 aetione
1772 3812 1980 3885 scilicet

409 3882 763 3953 ltnmanente,
808 3887 873 3940 tle
914 3900 1016 3955 qua
1051 3900 1239 3954 supra;
1270 3884 1328 3937 2°
1357 3892 1480 3955 ante
1504 3883 1826 3955 creationem
1858 3883 1979 3938 caeli

409 3966 464 4009 et
497 3968 650 4010 terrae
696 3952 899 4010 nullum
932 3952 1265 4024 'pratteriisse
1311 3952 1590 4021 saeculum,
1638 3952 1681 4003 si
1726 3955 1977 4008 saeculum

411 4028 628 4095 proprie
658 4037 920 4092 sumatur,
966 4039 1089 4080 cum
1130 4027 1201 4080 sit
1242 4040 1364 4094 pars
1390 4034 1481 4076 aut
1511 4025 1736 4095 spatium
1763 4024 1978 4092 aliquod

412 4094 691 4165 iemporis,
723 4098 863 4166 quod
892 4106 1014 4151 ante
1042 4098 1293 4151 mundum
1324 4110 1429 4149 non
1457 4094 1727 4166 exstabat;
1758 4096 1979 4161 proinde

410 4164 702 4239 incongrue
741 4164 795 4223 et
827 4171 1006 4239 inepte
1047 4170 1213 4237 qua-ri
1244 4168 1369 4237 quid
1402 4166 1542 4219 Deus
1574 4164 1799 4220 faciebat
1830 4175 1976 4232 tunc,

412 4238 463 4291 id
491 4252 595 4303 eat,
627 4238 984 4293 anterioribus
1023 4241 1123 4294 illis
1147 4239 1377 4299 sa-culis,
1409 4250 1513 4290 etc.

489 4318 514 4345 ⁸
553 4310 605 4363 Id
632 4320 733 4373 est,
764 4310 833 4364 de
865 4321 973 4364 tota
1000 4312 1307 4379 angelorum
1345 4313 1457 4362 sive
1487 4306 1791 4360 ctelcstinm
1818 4307 1979 4375 spiri-

412 4384 557 4433 tuum
591 4381 966 4447 multitudinc,
1017 4395 1241 4449 quorum
1272 4379 1454 4448 plures
1482 4380 1699 4432 ordines
1728 4394 1794 4433 ex
1834 4383 1973 4447 Apo-

412 4452 554 4505 etolo
596 4454 751 4517 paulo
788 4463 911 4506 ante
944 4452 1245 4514 recensuit;
1290 4452 1574 4504 nonnullos
1604 4450 1890 4516 principes,
1925 4449 1978 4504 id

406 4531 510 4587 est,
542 4524 609 4577 de
633 4523 822 4576 ordine
856 4524 1275 4592 principatunm,
1306 4521 1389 4573 vel
1412 4522 1478 4573 de
1500 4521 1683 4592 primis
1705 4519 1980 4592 ordinibus

408 4595 739 4660 allgt'ltimlll.
782 4588 870 4646 Ad'
900 4588 1052 4657 cuius
1094 4593 1169 4646 rei
1220 4591 1659 4656 intelligentiam,
1702 4592 1753 4642 in
1794 4588 1980 4657 primis

410 4662 702 4715 notandum
733 4676 761 4714 a
789 4662 886 4717 SS.
921 4662 1187 4724 Patribus,
1210 4661 1504 4728 praesmtitn
1541 4661 1792 4730 Dionysio
1815 4664 1981 4715 Areo-

413 4734 588 4803 pagita
627 4743 689 4803 et_
719 4730 978 4799 Gregorio
1018 4732 1204 4803 Manno
1249 4730 1563 4803 (ltiunysius
1600 4729 1759 4803 Caele.
1795 4730 1976 4785 Hiera.

410 4798 527 4867 cup.
561 4800 624 4865 6;
648 4798 862 4873 Gregor.
893 4801 1068 4855 homil.
1105 4801 1174 4857 δι
1203 4798 1271 4854 ἠδ’
1296 4798 1543 4869 Evang.),
1570 4801 1833 4873 fdistingni
1869 4812 1974 4855 tres

408 4873 722 4941 angelorum
748 4872 859 4926 Sive
886 4875 1166 4936 Spiritnunt
1197 4873 1548 4937 hieratchias,
1579 4879 1634 4925 et
1660 4872 1712 4925 in
1752 4872 1975 4939 singulis

408 4941 726 4996 hirrat-chiis
754 4953 863 4998 tres
891 4945 1108 4997 ordines
1138 4945 1251 4997 sive
1280 4943 1473 4997 choros
1502 4944 1775 5009 collocari,
1801 4956 1831 4997 e
1860 4946 1977 5005 qui-

408 5012 509 5066 bus
548 5015 751 5083 primus
795 5015 928 5070 ordo
967 5023 1049 5070 est
1090 5027 1395 5082 supremus,
1437 5015 1705 5068 secundus
1746 5014 1973 5081 medius,

412 5086 602 5138 tertius
630 5085 862 5139 iniimus.
916 5085 971 5139 In
1006 5086 1173 5154 prima
1211 5091 1353 5139 enim
1389 5083 1717 5146 hierarchia,
1748 5100 1867 5153 qua:
1894 5096 1975 5140 est

412 5155 522 5210 Deo
544 5157 802 5224 proxima,
833 5166 957 5211 sunt
985 5155 1273 5226 seraphim,
1303 5155 1577 5209 cherubim
1602 5166 1653 5208 et
1678 5158 1886 5213 throni;
1921 5157 1973 5210 in

412 5226 642 5279 secunda
668 5226 1083 5289 dntninationes,
1113 5229 1336 5281 virtutes
1359 5236 1410 5279 et
1438 5234 1756 5293 potestates;
1789 5226 1839 5280 in
1871 5235 1978 5282 ter-

410 5299 485 5367 tia
517 5299 862 5367 principatus,
896 5298 1290 5366 archangelitet
1316 5296 1508 5363 angeli.
1535 5296 1613 5351 De
1640 5298 1834 5363 quibus
1875 5299 1978 5353 late

412 5366 629 5421 disStarit
654 5370 710 5422 S.
739 5369 968 5422 Thomas
997 5368 1365 5435 prima.parte,
1392 5376 1582 5436 quaest.
1622 5369 1745 5423 108.
1775 5368 1974 5423 SeCun-

412 5438 480 5491 do
511 5440 801 5491 notandum
832 5438 898 5494 de
944 5440 1093 5508 lapsu
1128 5440 1278 5506 primi
1302 5439 1499 5506 angeli,
1539 5442 1606 5493 de
1630 5454 1735 5509 quo
1783 5442 1973 5507 praeci-

412 5523 515 5580 pue
555 5510 639 5561 hic
674 5511 865 5580 agitur,
908 5511 1168 5577 duplicem
1207 5524 1325 5564 esse
1358 5510 1715 5564 sententiam:
1750 5514 1976 5566 alteram

415 5578 725 5651 Damasreni
761 5580 898 5650 (Lib.
922 5596 958 5635 ιι
981 5598 1089 5651 cup.
1128 5580 1207 5650 5),
1230 5583 1459 5650 primum
1482 5582 1724 5649 angelum
1753 5597 1977 5651 peccan-

416 5658 543 5717 tem.
578 5650 665 5716 qni
694 5660 750 5704 et
773 5653 888 5703 -tlllS
915 5650 1486 5717 initeatttsa'peccantli,
1522 5654 1682 5705 fuisse
1704 5655 1769 5703 tle
1796 5653 1974 5706 intima

415 5715 532 5771 ltier
552 5715 711 5771 irchia
740 5722 1046 5786 angelorum
1074 5733 1125 5776 et
1158 5715 1425 5790 postremo
1454 5715 1639 5774 ordine
1670 5722 1972 5789 spirituum;

413 5790 632 5842 alterum
664 5789 726 5844 Β.
752 5791 993 5861 Gregorii
1018 5832 1030 5852 .
1061 5789 1216 5859 quam
1244 5802 1296 5845 et
1327 5793 1415 5844 alii
1445 5793 1628 5844 Patres
1666 5801 1719 5843 et
1747 5790 1975 5861 theologi

413 5863 773 5918 communiter
813 5871 1137 5933 sequuntur,
1179 5863 1411 5932 primum
1456 5863 1700 5932 angelum
1745 5862 1972 5931 lapsum,

2004 4842 2054 4903 D

2155 3530 2181 3569 δ
2220 3532 2365 3587 Inter
2391 3535 2526 3587 alios
2553 3532 2842 3602 Scriptura:
2873 3536 3023 3589 locos
3066 3534 3180 3603 qui,
3215 3542 3272 3588 ut
3300 3531 3654 3603 superiusin-

2081 3602 2317 3656 dicatum
2348 3613 2452 3666 est,
2478 3605 2657 3670 plures
2677 3600 2907 3671 possunt
2933 3600 3219 3658 admittere
3244 3617 3458 3665 sensus,
3490 3600 3650 3655 etiam

2082 3671 2343 3725 litterales
2382 3682 2437 3726 et
2462 3687 2766 3741 germanos,
2810 3675 2915 3726 duo
2946 3683 3071 3727 sunt
3100 3675 3150 3727 in
3180 3676 3281 3726 hoc
3318 3680 3649 3741 argumento.

2079 3756 2187 3810 quo
2215 3742 2283 3795 de
2316 3744 2464 3810 lapsu
2497 3743 2805 3810 angelorum
2850 3744 3043 3812 agitur,
3075 3744 3316 3797 celebres
3343 3753 3395 3812 et
3429 3741 3648 3812 vulgati;

2080 3807 2217 3865 alter
2243 3828 2305 3866 ex
2339 3807 2641 3878 Ezechiele,
2670 3814 2805 3867 alter
2828 3807 2909 3866 εί
2940 3807 3070 3867 lsaia
3104 3813 3307 3881 pariter
3348 3810 3400 3863 in
3431 3807 3542 3881 hoc
3562 3826 3652 3863 ca-

2081 3881 2194 3950 pite
2217 3882 2382 3936 citati.
2420 3882 2717 3938 Ezechielis
2751 3883 2899 3936 locus
2922 3898 2997 3937 e51
3034 3880 3148 3951 cap.
3183 3896 3381 3944 xxvtn,
3408 3880 3498 3948 qui
3542 3890 3649 3935 tant

2081 3952 2149 4007 de
2178 3969 2302 4022 rege
2332 3953 2455 4024 Tyri
2497 3970 2653 4017 quam
2698 3953 2763 4008 de
2790 3953 3006 4008 diabolo
3036 3952 3265 4024 ejusque,
3302 3951 3558 4024 superbia
3597 3960 3651 4004 et

2078 4038 2206 4095 casu
2235 4021 2334 4078 sub
2360 4021 2575 4079 nomine
2598 4033 2653 4078 et
2676 4035 2800 4095 typo
2831 4027 2969 4095 regis
2992 4021 3119 4094 Tyri
3144 4021 3652 4095 intelli_gitt_tr._5\lter

2080 4092 2229 4149 Isaia:
2272 4110 2380 4159 xw,
2422 4096 2514 4163 qui
2551 4089 2798 4149 similiter
2828 4089 2976 4149 et'dc
3006 4089 3131 4163 ri-gc
3162 4089 3444 4163 Babylonis
3471 4089 3649 4163 Nabu-

2079 4162 2452 4220 chodonosore
2493 4178 2549 4221 et
2587 4166 2654 4221 de
2683 4164 2928 4220 Lucifero
2975 4162 3358 4220 diemoniortnn
3411 4162 3651 4232 principe

2084 4238 2384 4304 promiscue
2411 4247 2463 4290 et
2489 4236 2857 4291 indilferenter
2882 4251 2909 4289 a
2944 4235 3188 4291 Patribus
3208 4235 3512 4305 exponitur.
3546 4233 3650 4305 Ctt-

2074 4306 2163 4375 jns
2213 4309 2291 4361 rei
2338 4316 2527 4362 auctor
2572 4307 2803 4376 Spiritus
2848 4321 3067 4363 sanctus
3110 4309 3183 4363 ita
3227 4304 3530 4361 sermonem
3581 4304 3649 4359 de

2081 4378 2321 4445 utrisque
2342 4375 2697 4432 interritisc’nit
2723 4393 2785 4433 ac
2814 4387 3147 4447 temperant,
3173 4387 3230 4430 ut
3261 4375 3502 4444 quaedam
3527 4390 3651 4442 pro-

2081 4448 2197 4514 prie
2227 4459 2282 4502 et
2320 4448 2613 4513 historice,
2664 4449 2905 4517 quaedam
2957 4465 3061 4504 non
3110 4450 3210 4502 nisi
3259 4449 3550 4515 improprie
3596 4454 3651 4500 et

2080 4520 2307 4589 ﬁgurate
2349 4530 2455 4573 tam
2504 4520 2841 4573 daemonibus
2881 4536 3038 4586 quam
3078 4519 3182 4589 illis
3218 4519 3429 4587 regibus
3457 4530 3644 4589 conve-

2080 4584 2257 4655 niant,
2292 4602 2347 4644 ut
2371 4591 2571 4644 notavit
2610 4593 2669 4642 υ.
2704 4584 3059 4659 Hieronymus
3089 4588 3187 4661 (In
3217 4584 3332 4659 cap.
3366 4602 3416 4640 Iv
3448 4584 3647 4661 Isaiae).

2080 4662 2231 4727 Quod
2260 4661 2325 4714 ad
2355 4661 2583 4729 priorem
2610 4662 2782 4715 locum
2805 4655 3014 4723 attinet,
3046 4655 3111 4715 ei
3143 4674 3247 4726 quo
3277 4655 3457 4711 noster
3488 4655 3649 4711 Sere-

2082 4747 2180 4786 nus
2230 4728 2418 4800 probat
2460 4747 2526 4786 ex
2560 4747 2785 4787 numero
2815 4731 3097 4800 spirituum
3132 4728 3419 4800 nonnullos
3447 4728 3649 4800 princi-

2082 4818 2177 4872 pes
2216 4797 2309 4856 Seu
2342 4802 2666 4870 principatus
2695 4797 2961 4868 collapsos
2991 4818 3132 4866 esse,
3169 4817 3263 4856 seu
3294 4816 3320 4853 a
3353 4799 3486 4872 Deo
3507 4797 3654 4851 defe-

2078 4868 2236 4937 cissn,
2260 4883 2314 4926 et
2336 4868 2386 4926 in
2404 4868 2713 4928 barathrum
2740 4871 2975 4942 dejectos
2997 4876 3181 4942 fuisse,
3206 4871 3454 4927 eumdem
3477 4868 3651 4922 locum

2078 4945 2146 4999 de
2186 4946 2433 4998 daemone
2482 4955 2534 5000 et
2577 4946 2879 4999 daemonum
2938 4945 3174 5012 principe
3227 4944 3655 5009 interpretantur

2077 5015 2442 5070 Tertullianus
2474 5016 2610 5070 libro
2636 5016 2871 5071 secundo
2891 5016 3149 5069 adversus
3172 5012 3495 5068 Marcionetn
3528 5024 3646 5076 cap.

2080 5088 2169 5152 10,
2202 5086 2438 5155 Cyrillns
2468 5086 2607 5141 libro
2635 5087 2793 5140 tertio
2821 5086 2872 5139 in
2905 5085 3164 5139 Joannem
3193 5098 3311 5151 cap.
3345 5095 3467 5155 xxix
3488 5080 3652 5155 ,_Hie~

2080 5147 2336 5228 ronyrnus
2363 5157 2414 5210 in
2447 5158 2577 5226 psal.
2613 5173 2810 5228 um,
2836 5147 3280 5228 Augustinusliln
3316 5150 3464 5228 κιρ-υ
3492 5147 3653 5228 Οίχίχ.

2084 5216 2322 5297 υθίὀιιρ.
2357 5216 2765 5298 15,’ϐι’θευτίιις
2796 5216 2891 5299 lib.
2921 5216 2991 5279 35
3017 5222 3203 5280 Moral.
3233 5234 3348 5299 cap_.
3379 5217 3448 5299 24
3480 5228 3533 5272 et
3564 5216 3655 5274 25.

2081 5286 2321 5354 Alterum
2360 5286 2544 5353 itidem
2582 5286 2759 5370 locum
2804 5296 2894 5370 hic
2937 5300 3160 5370 citatum
3211 5286 3476 5370 exil‘saiaa
3525 5304 3655 5344 xiv:

2086 5370 2353 5436 Quomodo
2383 5368 2610 5424 cecidisti
2629 5411 2641 5433 ,
2688 5364 3033 5440 Lucifer,_qu_i
3056 5378 3201 5440 mane
3227 5362 3492 5440 oriebaris,
3522 5370 3653 5440 (ὶῑιξ.ἶ

2082 5429 2326 5510 plerique
2378 5429 2697 5511 interpretes
2745 5429 3096 5511 de'_principe
3139 5429 3656 5511 daemoniorum,”

2084 5524 2184 5576 eat,
2216 5513 2387 5579 primo
2410 5510 2607 5578 angelo
2634 5509 3363 5579 pra:varic_atore_exponunt,
3384 5509 3538 5568 cujus
3577 5510 3659 5568 ty-

2083 5573 2186 5650 pus
2201 5573 2688 5650 Naltuchml'onosor
2708 5576 2934 5650 exstitit;
2947 5587 3000 5650 et
3020 5575 3219 5650 fatetur
3236 5573 3659 5650 D.l_lleronymus

2086 5642 2250 5707 inulta
2302 5650 2496 5703 ibztlem
2541 5650 2610 5703 de
2653 5648 2900 5702 Lucifero
2930 5646 3034 5701 dici
3065 5660 3183 5714 quae
3227 5643 3337 5713 regi
3372 5642 3659 5711 Babylonis

2086 5737 2190 5775 non
2224 5721 2320 5789 nisi
2370 5719 2593 5786 ﬁgurate
2636 5731 2685 5772 ct
2731 5718 3080 5789 hyperbolice
3123 5716 3279 5770 tribui
3325 5714 3660 5789 po_ssint‘,_ttl

2085 5792 2245 5844 verba
2291 5782 2579 5857 imitantis
2612 5782 2867 5845 indicant.
2907 5788 3132 5846 Videtur
3175 5795 3351 5843 autem
3386 5784 3473 5857 hic
3495 5782 3660 5857 abbas

2086 5861 2228 5917 hunc
2255 5854 2431 5916 locum
2458 5861 2602 5918 [sane
2626 5861 2695 5920 de
2735 5863 2840 5921 alio
2870 5862 3116 5922 daemone
3142 5858 3224 5917 vel
3268 5854 3510 5932 principe
3546 5854 3661 5914 dum
