4036 6216
441 306 554 374 73B

1505 313 1787 375 JOANNIS
1824 317 2132 374 CASSIANI
2170 316 2658 373 COI.I.\T|ONES.

3597 320 3703 376 736

442 427 540 496 tia,
581 432 836 502 perfectus
876 430 1077 495 decore,
1107 430 1161 484 in
1209 430 1402 486 deliciis
1448 430 1679 502 paradisi
1718 430 1814 484 Dei
1852 432 2012 502 fuisti.
2049 440 2092 493 Α
2112 431 2369 502 judicium
2409 432 2583 502 magni
2609 431 2711 486 diei
2738 431 2960 485 vinculis
2996 432 3199 487 (sternis
3230 435 3322 488 sub
3350 433 3573 504 caligine
3602 451 3703 487 ser-

445 517 629 575 Omnis
654 518 789 593 lapis
810 523 1063 594 pretiosus
1089 522 1459 592 operimentum
1486 531 1629 575 tuum
1648 564 1661 588 ,
1691 522 1915 588 sardius,
1946 532 2022 578 to-

444 614 623 683 potius
644 656 656 678 ,
698 623 747 668 et
790 615 952 684 iaspis
971 656 985 679 ,
1018 613 1396 685 chrysolithos,
1434 623 1480 667 et
1511 630 1675 684 onyx,
1706 624 1752 668 cl
1778 616 2020 685 beryllus,

444 706 742 777 sapphirus,
773 716 820 759 et
852 706 1215 776 carbunculus,
1248 715 1294 759 et
1322 706 1645 775 smaragdus.
1680 706 1870 759 Aurum
1898 722 2023 777 opus

443 799 642 851 decoris
668 798 760 864 tui,
790 809 834 850 et
863 799 1118 866 foramina
1148 807 1233 852 tua
1258 798 1310 851 in
1337 798 1419 851 die
1436 814 1537 867 qua
1564 798 1795 851 conditus
1822 814 1871 851 es
1891 814 2025 869 prte-

446 900 628 957 parata
656 898 793 942 sunt.
828 888 904 943 Tu
933 889 1121 943 cherub
1146 898 1380 944 extentus
1405 898 1451 943 et
1476 898 1763 961 protegens,
1796 899 1842 943 et
1872 889 2024 960 posui

446 994 492 1037 te
522 984 574 1037 in
602 992 769 1037 monte
796 993 972 1037 sancto
1004 982 1126 1049 Dei,
1160 985 1213 1037 in
1257 984 1421 1036 medio
1466 982 1698 1051 lapidum
1740 984 2023 1053 ignitorum

444 1075 739 1140 ambulasti,
773 1080 1023 1145 perfectus
1051 1077 1104 1129 in
1134 1076 1228 1130 uiis
1258 1076 1381 1141 luis,
1406 1091 1437 1128 a
1456 1073 1539 1128 die
1564 1076 1872 1128 conditionis
1899 1084 2020 1142 tute,

446 1167 604 1221 donec
633 1169 835 1222 inventa
865 1178 943 1221 est
975 1168 1214 1238 iniquitas
1243 1168 1295 1220 in
1322 1178 1388 1223 te.
1417 1164 1481 1220 In
1507 1166 1841 1220 multitudine
1869 1181 2025 1236 nego-

445 1260 672 1313 tiationis
718 1269 817 1313 tua:
854 1261 1045 1330 repleta
1082 1268 1201 1312 sunt
1240 1259 1487 1313 interiora
1527 1268 1618 1311 tua
1660 1259 1944 1328 iniquitate,
1974 1267 2026 1311 et

446 1352 698 1419 peccasti,
730 1361 775 1404 et
793 1352 920 1422 ejeci
944 1361 991 1404 te
1016 1350 1078 1405 de
1104 1360 1271 1403 monte
1304 1350 1415 1416 Dei,
1450 1359 1495 1404 et
1524 1352 1724 1420 perdidi
1753 1360 1818 1414 te,
1848 1367 1878 1403 o
1901 1349 2021 1404 clte-

445 1442 539 1495 rub
560 1451 846 1514 protegens,
878 1445 930 1495 in
962 1442 1127 1495 medio
1165 1442 1395 1513 lapidum
1425 1442 1724 1509 ignitorum.
1753 1440 2022 1495 Elevatum

442 1542 517 1587 est
539 1549 627 1587 cor
657 1544 798 1587 tuum
830 1534 881 1585 in
906 1532 1087 1587 decore
1115 1542 1222 1597 tuo,
1256 1532 1525 1603 perdidisti
1553 1533 1854 1603 sapientiam
1882 1541 2022 1586 tuam

443 1641 475 1677 a
502 1626 680 1679 decore
715 1634 825 1687 tuo,
853 1626 906 1676 in
931 1633 1115 1677 terram
1153 1624 1349 1695 projeci
1379 1634 1446 1689 te,
1478 1633 1596 1676 ante
1634 1625 1817 1693 faciem
1844 1640 2021 1693 regunt

444 1717 564 1769 dedi
605 1727 673 1782 te,
717 1726 773 1769 ut
803 1724 1066 1769 cernerent
1113 1724 1177 1768 te.
1213 1715 1280 1769 In
1324 1716 1650 1769 multitudine
1690 1715 2020 1783 iniquitatum

444 1820 672 1874 tuarum,
711 1819 756 1863 et
787 1809 1058 1877 iniquitate
1086 1809 1445 1880 negotiationis
1484 1817 1603 1874 tute,
1646 1810 1879 1877 polluisti
1901 1826 2020 1864 san-
2052 1813 2099 1874 Β

444 1902 807 1971 ctiﬁcationem
836 1910 977 1955 tuam
1006 1900 1230 1973 (Ezech.
1256 1902 1471 1971 xxvm).
1514 1901 1674 1956 Isaias
1713 1917 1927 1971 quoque
1952 1901 2022 1958 de

442 1990 575 2046 alio:
595 1990 859 2057 Quomodo
880 1992 1112 2046 cecidisti
1139 1992 1202 2046 de
1220 1993 1365 2060 caelo,
1384 1991 1611 2061 Lucifer,
1628 1994 1715 2061 qui
1729 2010 1876 2047 mane
1889 1995 2019 2049 orie-

445 2083 618 2136 baris?
642 2081 892 2138 Corruisti
922 2084 975 2137 in
1004 2094 1211 2151 terram,
1255 2087 1343 2155 qui
1380 2085 1681 2139 vulnerabas
1710 2096 1908 2156 gentes,
1932 2088 2019 2157 qui

441 2172 645 2227 dicebas
674 2174 727 2227 in
754 2174 906 2228 corde
950 2185 1040 2229 tuo
1068 2192 1087 2230 :
1131 2176 1154 2228 Ι
1165 2193 1196 2229 n
1239 2177 1420 2230 cotlum
1449 2177 1785 2231 conscendam
1809 2218 1825 2243 ,
1865 2195 2021 2250 super

442 2275 585 2321 astra
614 2266 714 2322 Dei
750 2268 984 2323 exaltabo
1011 2269 1199 2324 solium
1228 2285 1424 2336 meum,
1455 2270 1638 2325 sedebo
1664 2273 1720 2324 in
1748 2281 1916 2327 monte
1949 2283 2021 2327 te-

442 2361 679 2414 stamenti
705 2360 758 2414 in
784 2361 1026 2416 lateribus
1055 2364 1346 2432 Aquilonis,
1372 2363 1643 2418 ascendam
1668 2380 1823 2433 super
1840 2366 2020 2420 altitu-

441 2453 615 2507 dinem
659 2455 891 2520 nubium,
925 2467 971 2510 et
1001 2471 1090 2510 ero
1128 2457 1313 2510 similis
1347 2456 1610 2511 Altissimo
1653 2455 1847 2527 (Isaias
1873 2458 2018 2527 xlv).

442 2542 588 2611 Quos
632 2556 809 2602 tamen
841 2563 947 2601 non
988 2548 1136 2601 solos
1166 2562 1231 2601 ex
1274 2548 1365 2602 illo
1403 2548 1729 2603 beatissima:
1768 2550 2018 2604 stationis

442 2637 597 2706 apice
617 2638 789 2692 ruisse
808 2637 1085 2707 Scriptura
1112 2647 1520 2703 commemorat,
1546 2638 1730 2694 dicens
1754 2648 1777 2675 ³
1803 2641 2017 2696 tertiam

444 2737 651 2798 partem
679 2728 954 2783 stellarum
978 2729 1267 2785 draconem
1287 2731 1436 2785 illum
1459 2746 1639 2786 secum
1671 2733 1871 2801 pariter
1896 2748 2018 2803 per-

442 2819 671 2875 traxisse
704 2820 897 2891 (Apoc.
924 2820 1051 2891 stt).
1085 2822 1231 2877 Unus
1260 2838 1474 2893 quoque
1503 2824 1870 2892 apostolorum
1909 2826 2020 2881 evi-

442 2909 658 2965 dentius
697 2909 825 2967 dicit
871 2930 884 2966 :
925 2913 1179 2983 Angelos,
1218 2915 1309 2985 qui
1357 2932 1460 2969 non
1502 2926 1825 2970 servaverunt
1869 2934 2019 2972 suum

441 3004 823 3074 principatum,
853 3006 943 3061 sed
972 3005 1347 3077 dereliquerunt
1384 3008 1705 3063 domicilium
1747 3026 1899 3064 suunt
1917 3052 1933 3078 ,
1964 3011 2017 3065 in

2128 524 2259 577 parit
2289 523 2492 592 (ludas
2522 525 2575 576 in
2604 520 2826 590 Epistol.
2861 523 3146 595 canonic.).
3170 523 3308 579 Illud
3335 527 3523 593 etiam,
3564 531 3704 598 quod
3777 558 3789 583 ι

2126 614 2191 668 ad
2223 629 2321 669 nos
2357 614 2569 681 dicitur,
2617 614 2721 668 Vos
2759 624 2928 669 autent
2964 616 3095 669 sicut
3134 616 3366 671 homines
3395 619 3705 681 moriemini,
3738 643 3803 693 “:5~

2124 714 2171 760 et
2192 706 2320 759 sicut
2343 722 2472 758 unus
2499 706 2563 757 de
2585 706 2900 774 principibus
2925 707 3121 760 cadetis
3148 705 3321 777 (Psal.
3353 709 3559 779 LXXXI).
3579 710 3707 781 quid

2126 797 2268 852 aliud
2313 798 2475 867 quam'
2522 796 2721 851 multos
2771 797 3039 868 principes
3089 800 3347 855 cecidisse
3392 777 3709 870 signiﬁcat?

2125 888 2329 955 Quibus
2356 887 2569 943 indiciis
2611 887 2638 926 δ
2675 888 2814 943 ratio
2840 889 3166 946 diversitatis
3219 891 3377 962 hujus
3431 894 3501 948 ita
3557 898 3713 949 colli.
3750 880 3781 937 J-

2124 982 2285 1052 gitur,
2318 981 2411 1035 has
2449 979 2784 1035 differentias
2829 980 3101 1046 ordinum,
3130 997 3263 1051 quas
3291 983 3463 1038 instar
3491 996 3707 1039 sancta-

2126 1090 2241 1129 rum
2268 1074 2677 1142 cmlestiumque
2706 1072 2963 1128 virtutum
2995 1075 3234 1130 adversa:
3272 1084 3565 1145 potestates
3604 1075 3706 1132 ba-

2125 1166 2254 1222 bere
2283 1167 2551 1232 dicuntur;
2576 1168 2658 1221 vel
2682 1182 2746 1221 ex
2776 1167 2920 1221 illius
2952 1166 3242 1222 anterioris
3268 1168 3482 1223 ordinis
3511 1170 3704 1239 gradu,

2125 1259 2177 1315 in
2208 1275 2313 1329 quo
2342 1273 2677 1329 unaquaeque
2703 1268 2887 1314 creata
2918 1258 3110 1324 fuerat,
3147 1273 3289 1314 nunc
3326 1260 3487 1314 etiam
3526 1269 3707 1315 reten-

2126 1360 2238 1405 tare
2259 1395 2275 1420 ,
2315 1351 2399 1405 vel
2438 1350 2505 1405 de
2531 1350 2842 1406 ctelestibus
2869 1349 3155 1406 devolutas
3196 1349 3264 1404 ad
3294 1350 3704 1407 similitudinem

2125 1442 2338 1497 illarum
2382 1443 2636 1497 virtutum
2664 1456 2784 1513 qua:
2825 1441 3025 1497 ibidem
3059 1452 3436 1511 perseverant,
3482 1458 3578 1512 pro
3602 1458 3703 1497 ne-

2124 1535 2310 1605 quitiae
2331 1550 2442 1591 sure
2464 1535 2677 1601 merito,
2710 1535 2761 1589 in
2792 1550 2895 1605 qua
2924 1549 3258 1605 unaquaeque
3280 1535 3331 1589 in
3356 1534 3554 1589 malum
3582 1550 3705 1590 crc-

2126 1627 2218 1690 vit,
2246 1629 2342 1682 bos
2365 1628 2507 1682 inter
2529 1642 2587 1682 se
2609 1628 2807 1697 gradus
2835 1638 2889 1682 et
2919 1627 3169 1683 ordinum
3187 1627 3447 1683 vocabula
3470 1629 3521 1683 in
3547 1639 3700 1698 parte

2122 1720 2390 1774 contraria
2434 1718 2754 1774 vindicasse.

2736 1808 2963 1866 CAPUT
3003 1808 3092 1865 IX.

2200 1901 2454 1973 Objectio,
2496 1901 2630 1971 quod
2666 1902 2819 1975 ruina
2872 1901 3068 1955 diaboli
3106 1918 3137 1955 a
3174 1902 3472 1975 deceptione
3514 1900 3633 1957 an:

2593 1973 2902 2043 principium
2938 1974 3233 2042 sumpserit.

2194 2087 2493 2144 Germanus
2540 2106 2553 2140 ι
2599 2086 2708 2143 Nos
2758 2087 3016 2142 hactenus
3074 2086 3430 2143 credebamus
3482 2103 3698 2142 causam

2122 2180 2442 2251 initiumque
2496 2181 2668 2235 ruina:
2729 2195 2825 2235 seu
2882 2178 3340 2249 praevaricationis
3394 2179 3696 2243 diabolicae,

2128 2288 2230 2345 qua
2264 2273 2331 2328 de
2360 2273 2597 2343 angelica
2624 2272 2857 2327 statione
2881 2271 3124 2341 deiectus
3157 2280 3262 2337 est,
3294 2271 3547 2326 invidiam
3573 2286 3699 2340 spe-

2129 2367 2337 2421 cialiter
2364 2365 2660 2430 exstitisse,
2692 2363 2905 2435 quando
2928 2363 3099 2419 Adam
3125 2370 3179 2419 et
3205 2362 3373 2418 Evam
3401 2361 3565 2418 livida
3592 2361 3707 2418 cal-

2128 2458 2333 2515 liditate
2371 2457 2603 2527 decepit.

2756 2546 2983 2602 CAPUT
3021 2546 3092 2601 X.

2429 2641 2713 2713 Responsio
2740 2641 2803 2693 de
2824 2640 2966 2693 initio
2992 2638 3167 2709 lapsus
3194 2637 3407 2692 diaboli.

2198 2735 2433 2791 Serenus
2461 2751 2473 2787 :
2509 2744 2531 2771 ο
2556 2732 2671 2787 Non
2702 2746 2825 2787 esse
2848 2729 2988 2786 istud
3017 2728 3229 2784 initium
3253 2725 3713 2797 praevaricationis

2123 2827 2267 2882 illius
2310 2840 2407 2881 seu
2460 2824 2803 2894 dejectionis,
2851 2822 3127 2877 Geneseos
3169 2820 3333 2877 lectio
3376 2818 3711 2887 manifestat,

2122 2934 2263 2989 quze,
2311 2926 2435 2972 ante
2458 2917 2672 2971 illorum
2702 2917 3071 2985 deceptionem
3095 2956 3109 2978 ,
3140 2913 3438 2982 serpentini
3468 2912 3710 2969 nominis

2122 3026 2243 3066 eum
2274 3021 2399 3066 nota
2436 3008 2665 3065 credidit
2687 3006 3032 3073 inurendum,
3062 3006 3133 3060 ita
3163 3005 3349 3060 dicens
3382 3023 3394 3057 :
3423 3001 3449 3040 ἀ
3483 3004 3711 3076 Serpens

1513 3145 1769 3200 ALARDI
1807 3145 2039 3202 GAZ/El
2078 3143 2647 3205 COMMENTARIUS.

442 3271 658 3312 monum
687 3258 987 3328 intelligere
1021 3258 1088 3312 ab
1120 3259 1231 3322 illo,
1278 3258 1346 3312 de
1391 3272 1497 3328 quo
1527 3273 1719 3326 supra;
1765 3259 2020 3315 nimirum
2046 3260 2093 3325 (Σ

441 3337 502 3381 ιιι
527 3328 716 3397 probet
745 3329 925 3397 plures
948 3343 1013 3383 ex
1038 3329 1394 3397 principibus.
1429 3330 1480 3383 id
1514 3337 1615 3394 est,
1648 3330 2020 3397 superioribus

443 3399 741 3464 ordinibus,
774 3399 857 3453 vel
888 3416 954 3453 ex
984 3400 1174 3454 ordine
1200 3400 1588 3468 principatuum
1612 3400 1893 3465 cecidisse,
1924 3415 2018 3455 cu-

440 3469 530 3537 jus
558 3471 841 3523 occasione
877 3472 1014 3525 hanc
1038 3472 1382 3524 collationem
1412 3470 1480 3525 de
1511 3469 1894 3538 principatibus
1923 3485 2019 3524 seu

444 3540 798 3607 potestatibus
819 3542 1112 3611 inscripsit.
1139 3541 1242 3595 Sed
1266 3541 1452 3595 Patres
1475 3540 1541 3594 ad
1562 3556 1721 3611 unum
1742 3540 2020 3597 eumdem-

446 3626 549 3679 que
578 3611 849 3682 diabolum
883 3610 1164 3682 utramque
1193 3612 1512 3682 sententiam
1543 3610 1808 3678 referunt,
1832 3627 2023 3679 quam-

446 3696 605 3748 quam
631 3680 762 3737 nihil
794 3693 935 3739 vetat
961 3685 1026 3738 ad
1068 3680 1313 3739 diversos
1344 3681 1532 3737 referri
1565 3692 1657 3736 aut
1685 3682 1946 3751 adaptari.

517 3761 541 3788 ⁸
585 3752 662 3824 Ex
719 3754 817 3809 hac
862 3755 1124 3811 sententia
1174 3755 1374 3823 colligit
1419 3754 1480 3807 D.
1522 3753 1757 3808 Thomas
1788 3756 2020 3824 primum

444 3823 692 3891 angelum
720 3827 1184 3893 praevaricatorem
1219 3826 1382 3880 fuisse
1409 3825 1528 3879 aliis
1549 3840 1765 3879 causam
1793 3823 2023 3892 peccan-

446 3892 520 3968 (Ii,
549 3910 653 3968 non
683 3892 895 3965 quidem
925 3897 1182 3968 cogendo,
1211 3897 1304 3952 sed
1334 3895 1690 3955 exhortando,
1720 3909 1773 3947 ut
1797 3911 2022 3963 persua-

448 3962 644 4029 dendo,
674 3962 725 4019 et
748 3969 905 4022 veluti
931 3962 1096 4022 cauda
1128 3984 1218 4020 sua
1248 3968 1640 4020 adblaudiendo
1665 3976 1717 4019 et
1742 3962 2017 4033 implican-

446 4033 544 4110 do:
570 4040 724 4108 cujus
739 4038 973 4110 signum,
999 4038 1191 4107 inquit,
1213 4054 1283 4110 ea:
1309 4040 1402 4090 hoc
1430 4036 1825 4110 apparettquod
1848 4053 2018 4091 omnes

448 4106 703 4179 dwmones
729 4106 810 4161 illi
830 4106 1402 4179 supremosubduntur,
1431 4106 1487 4159 ut
1518 4107 1786 4179 manifeste
1810 4116 2024 4179 apparet

449 4192 538 4242 per
566 4177 698 4229 illud
728 4179 866 4242 quod
891 4173 1016 4231 dicit
1052 4177 1299 4230 Dominus
1328 4176 1513 4229 Matth.
1548 4192 1647 4229 xxv
1679 4192 1691 4226 :
1730 4173 1827 4237 Ite,
1866 4173 2025 4229 male-

447 4246 590 4317 dicti,
622 4249 673 4298 in
702 4247 865 4315 ignem
894 4258 1160 4312 wterttmn,
1183 4248 1269 4317 qui
1299 4258 1509 4317 paratus
1535 4258 1605 4298 est
1628 4246 1832 4298 diabolo
1855 4256 1900 4317 et
1927 4263 2025 4300 an-

446 4314 571 4385 gelis
611 4314 742 4385 ejus.
781 4317 947 4371 Habet
987 4320 1122 4371 enim
1170 4314 1268 4370 Itoc
1300 4314 1438 4387 ordo
1478 4317 1667 4373 divinas
1700 4316 1942 4387 justitiaa,
1968 4327 2024 4371 ut

448 4390 593 4456 cujus
622 4388 936 4457 suggestioni
965 4389 1147 4455 aliquis
1176 4386 1423 4440 consentit
1451 4388 1503 4439 in
1534 4386 1715 4457 culpa,
1732 4388 1846 4456 ejus
1878 4397 2022 4452 pote-

446 4460 562 4529 stati
592 4456 843 4529 subdatur
884 4460 937 4511 in
978 4473 1157 4529 pana,
1200 4457 1482 4510 secundum
1522 4456 1651 4529 illud
1682 4456 1721 4510 ll
1758 4457 1898 4510 Petri
1934 4474 1970 4511 ιι
2004 4474 2020 4512 :

448 4528 490 4579 Α
518 4544 617 4596 quo
647 4527 759 4597 quis
785 4527 1050 4599 superatus
1079 4538 1174 4596 est,
1206 4529 1325 4579 huic
1350 4543 1519 4581 servus
1550 4527 1787 4580 addictus
1817 4537 1909 4581 est.
1944 4529 2022 4583 Ea:

446 4599 621 4651 eadem
651 4599 804 4688 etiam
830 4598 1090 4669 colligitur
1121 4603 1303 4688 plures.
1318 4598 1528 4667 angelos
1550 4599 1744 4680 stetisse
1768 4608 2022 4688 et‘perse:
2049 4627 2099 4688 ι)

444 4685 641 4722 verasse
670 4670 721 4721 in
753 4669 905 4731 bono,
952 4668 1104 4732 ouant
1143 4670 1385 4740 defecisse
1423 4680 1469 4722 et
1512 4670 1781 4725 corruisse.
1820 4668 1958 4722 Nam
1978 4672 2022 4724 si

446 4740 648 4812 tertiam
685 4742 1035 4795 tantummodo
1064 4752 1258 4812 partem
1298 4741 1452 4793 traxit
1480 4741 1655 4803 draco,
1687 4740 1740 4791 id
1771 4751 1864 4812 est,
1907 4742 2022 4793 dia-

446 4809 609 4871 bolus,
638 4828 758 4881 ergo
781 4812 907 4864 duas
935 4809 1115 4865 tertias
1142 4816 1365 4879 integras
1392 4812 1617 4881 reliquit.
1653 4811 1803 4875 Quod
1828 4820 1873 4863 et
1899 4828 2022 4865 con-

444 4880 865 4943 ﬁrntalttridiclo
914 4881 1095 4936 Eliztei
1135 4899 1183 4936 tv
1227 4882 1354 4950 Reg.
1390 4897 1444 4935 Vl
1480 4899 1493 4933 :
1536 4880 1724 4933 Plures
1757 4881 2020 4935 nobiseum

444 4962 581 5017 sunt,
610 4969 763 5023 quam
787 4968 900 5005 cum
928 4956 1057 5006 illis.
1086 4954 1236 5020 Quod
1265 4955 1539 5022 exponitur
1558 4952 1621 5005 de
1641 4951 1784 5023 bonis
1800 4954 2018 5023 angelis,

442 5024 529 5089 qui
558 5022 673 5075 sunt
700 5023 963 5077 nobiscum
992 5026 1044 5077 in
1078 5024 1350 5088 auxilium,
1384 5033 1431 5076 et
1460 5026 1521 5077 de
1556 5022 1708 5077 malis
1748 5026 1835 5090 qui
1876 5022 2019 5078 nobis

442 5092 791 5147 adversantur.
846 5092 919 5148 Ita
960 5096 1017 5149 S.
1049 5092 1285 5148 'I‘bomas
1326 5092 1467 5161 (Ubi
1498 5111 1685 5161 supra,
1712 5110 1763 5147 a.
1802 5093 1886 5163 9).
1920 5095 2020 5148 Cui

440 5175 867 5235 consentaneum
909 5175 1026 5227 est,
1058 5166 1199 5235 quod
1234 5164 1285 5218 in
1324 5165 1454 5235 Vitis
1485 5164 1700 5219 Patrum
1731 5165 1924 5233 legitur
1950 5179 2018 5220 ex

442 5230 636 5314 Rullno
660 5236 690 5358 ἑ
712 5234 825 5288 Lib.
858 5251 908 5317 vt
937 5230 1109 5317 libello
1138 5235 1259 5302 l8),
1290 5234 1433 5304 quod
1466 5236 1631 5317 abbas
1661 5230 1876 5316 Moyses
1898 5249 2020 5290 cum

443 5304 654 5358 altuuan
698 5322 728 5357 o
752 5320 986 5358 eravtter
1010 5313 1417 5358 tmoutznaretor
1442 5319 1470 5357 a
1499 5304 1870 5358 fornicatione.
1900 5320 2020 5358 ner-

443 5303 728 5372 aliquando
752 5308 986 5374 graviter
1010 5303 1417 5373 impugnaretor
1442 5319 1470 5357 a
1499 5303 1870 5369 fornicatione,
1900 5320 2022 5373 per-

442 5374 579 5428 rexit
605 5383 661 5428 et
692 5375 949 5432 indicavit
995 5379 1095 5430 hoc
1142 5376 1318 5430 abbati
1350 5375 1580 5440 Isidoro;
1629 5378 1717 5445 qui
1749 5391 1867 5429 cum
1897 5392 2019 5430 eum

443 5445 494 5499 in
521 5446 713 5500 cellam
743 5462 893 5502 suam
923 5449 1248 5517 accepisset,
1281 5448 1417 5501 dixit
1444 5447 1492 5499 ei
1527 5464 1540 5500 :
1571 5447 1801 5501 Attende
1830 5447 1895 5499 ad
1920 5448 2022 5501 Uc-

440 5531 648 5571 casum.
680 5517 747 5573 Et
782 5520 1066 5575 attendens
1095 5518 1228 5572 vidit
1262 5517 1660 5573 multitudinem
1685 5516 2015 5583 daemonum,

441 5597 494 5659 et
526 5588 576 5641 IlI
602 5601 759 5645 erant
780 5590 988 5646 confusi
1010 5598 1064 5644 et
1094 5591 1369 5659 turbantes
1396 5603 1454 5642 se
1480 5588 1546 5642 ad
1577 5586 2016 5659 oppugnandum.

442 5658 509 5713 Et
536 5659 674 5713 dixit
702 5662 750 5716 ei
784 5663 991 5716 iterttm-
1020 5661 1251 5715 Isidorus
1284 5677 1297 5711 :
1329 5658 1559 5727 Respice
1605 5658 1670 5713 ad
1719 5659 2013 5713 Orientem.

441 5729 509 5783 Et
536 5732 768 5799 attendit
796 5731 1189 5787 multitudinem
1225 5730 1667 5785 innumerabilem
1703 5733 2019 5799 angelorum

441 5799 496 5857 in
520 5798 715 5869 gloria.
757 5802 901 5861 Dixit
943 5816 1076 5874 ergo
1104 5802 1270 5857 abbas
1298 5799 1531 5855 Isidorus
1560 5818 1574 5851 τ
1608 5800 1748 5857 Ecce
1774 5798 1863 5856 isti
1895 5809 2021 5857 sunt

2122 3261 2211 3328 qui
2244 3258 2392 3311 missi
2421 3264 2545 3328 sunt
2573 3254 2639 3309 ad
2662 3251 3052 3328 auxiliandum;
3076 3251 3166 3321 qui
3190 3264 3325 3305 vero
3347 3248 3417 3328 ad
3442 3248 3707 3304 Occasum

2124 3320 2451 3390 ascendunt,
2486 3327 2540 3379 hi
2570 3334 2695 3379 sunt
2731 3325 2823 3391 qui
2853 3326 3164 3393 impugnant
3193 3336 3312 3375 nos.
3346 3320 3529 3375 Plures
3569 3335 3707 3393 ergo

2120 3403 2209 3469 qui
2240 3399 2677 3469 nobiscum_sun_t
2695 3390 2853 3469 quam
2888 3390 3295 3469 quiadversum
3325 3400 3599 3469 nos_sttnt_.
3638 3390 3705 3445 Et

2122 3460 2191 3523 i'ta
2220 3484 2384 3539 agens
2406 3467 2609 3539 gratias
2632 3460 2749 3539 Deo
2762 3460 2929 3539 abbas
2954 3464 3160 3535 Moyses
3178 3462 3403 3530 sumpsit
3428 3460 3701 3525 ﬁduciam,

2121 3549 2176 3595 et
2207 3536 2455 3595 reversus
2484 3548 2564 3592 est
2592 3538 2644 3591 in
2672 3536 2865 3590 cellam
2893 3550 3068 3589 suam.

2191 3608 2219 3650 δ
2260 3610 2537 3678 Duplicem
2566 3607 2803 3675 assignat
2844 3620 3060 3678 causam
3088 3601 3419 3658 diversitatis
3448 3601 3698 3656 ordinum

2122 3682 2175 3736 in
2203 3677 2574 3735 daemonibus:
2605 3677 2827 3730 alteram
2860 3677 3069 3729 ratione
3092 3684 3318 3737 naturae,
3350 3688 3446 3727 seu
3480 3684 3705 3726 natura-

2124 3752 2193 3808 lis
2222 3750 2607 3815 distinctionis,
2640 3752 2691 3801 In
2721 3760 2825 3816 qua
2854 3746 3086 3815 primum
3118 3760 3148 3816 a
3180 3744 3292 3798 Deo
3319 3742 3530 3816 conditi
3550 3752 3696 3816 sunt;

2124 3825 2347 3879 alteram
2382 3813 2600 3875 ratione
2620 3813 2893 3888 nequitiai.
2921 3832 3024 3886 qua
3054 3815 3305 3883 deinceps
3325 3814 3415 3867 alii
3440 3813 3567 3888 aliis
3586 3814 3708 3888 plus

2125 3882 2766 3963 prolicientinrmalum.
2808 3882 3054 3963 Priorem
3090 3882 3326 3963 causam
3351 3884 3595 3963 agnoscit
3640 3882 3701 3937 ο.

2127 3955 2365 4019 Thomas
2391 3962 2602 4035 (ibid);
2635 3960 2902 4029 posterior
2928 3958 3006 4011 illi
3024 3955 3285 4035 doctrinas
3314 3955 3702 4035 innititur,qua

2130 4036 2376 4103 superius
2398 4025 2615 4087 'dictum
2637 4025 2733 4085 'est
2757 4045 2839 4103 (ex
2868 4028 3133 4083 sententia
3161 4036 3405 4103 veterum
3420 4025 3701 4103 _d3n}one§

2125 4093 2260 4157 alios
2302 4105 2419 4157 aliis
2455 4118 2579 4158 esse
2610 4101 2897 4169 nequiores
2939 4107 2994 4153 et
3036 4097 3381 4152 nocentiores
3411 4093 3630 4169 (Callet.
3665 4095 3697 4145 7

2124 4189 2242 4281 ωε.
2266 4173 2513 4312 Ιῗιθιξίιίυε
2549 4240 2739 4313 capitis
2786 4238 3200 4313 elucidatiouem
3232 4237 3325 4291 vix
3372 4248 3698 4313 operze_pre-

2128 4315 2258 4369 tium
2279 4304 2489 4369 videtur
2517 4304 2719 4382 aliq'uid
2740 4312 2939 4382 addere
2968 4309 3033 4364 ad
3059 4322 3343 4382 censuram
3374 4304 3527 4382 Dotn.
3555 4304 3699 4382 Cu},

2126 4384 2257 4448 cbii,
2283 4399 2520 4458 quaunon
2565 4376 2981 4458 m'inuserudite
3020 4394 3178 4443 quam
3219 4376 3701 4458 copiose‘singul‘as

2129 4470 2267 4525 pene
2302 4448 2661 4511 'dil'licultates
2708 4452 2802 4507 hic
2832 4458 3191 4525 occurrentes
3232 4448 3522 4525 exolicatas
3573 4448 3699 4525 reli-

2124 4512 2242 4597 quit
2273 4544 2285 4579 :
2316 4526 2620 4597 praesertim
2643 4538 2764 4577 cum
2796 4522 2929 4576 alias
2954 4519 3092 4597 (Lib.
3126 4535 3199 4573 χιι
3230 4512 3393 4597 Instit.
3434 4530 3549 4581 cap.
3577 4512 3691 4597 Δ14)

2128 4590 2260 4651 satis
2294 4590 2565 4664 superque
2592 4595 3015 4664 demonstratum
3048 4590 3386 4664 sit._primum
3417 4590 3691 4653 peccatum

2127 4669 2324 4722 diaboli
2357 4661 2539 4729 fuisse,
2568 4679 2667 4720 nec
2696 4663 2840 4718 aliud
2870 4675 2991 4716 esse
3017 4661 3277 4729 potuisse.
3320 4672 3473 4726 quam
3504 4668 3695 4729 super-

2124 4739 2268 4793 biam
2290 4754 2305 4801 ;
2329 4753 2395 4792 ex
2418 4723 2747 4803 qua'deinde
2773 4723 3061 4789 consecuta
3090 4738 3172 4803 est
3199 4723 3417 4793 invidia,
3443 4740 3558 4794 qua:
3587 4723 3701 4777 sola

2122 4810 2253 4863 vitia
2283 4808 2337 4863 in
2370 4801 2663 4876 spiritalem
2696 4816 2749 4861 et
2782 4801 3199 4860 intellectualem
3234 4811 3536 4855 creaturam
3584 4809 3707 4864 pro-

2124 4880 2238 4950 prie
2259 4879 2453 4950 cadere
2476 4886 2719 4950 possunt.
2850 4945 2862 4950 _
3118 4941 3132 4950 _
3257 4940 3291 4950 η

2194 4949 2221 4987 ἀ
2261 4937 2489 5005 Certum'
2502 4960 2586 5004 est
2612 4949 2731 5003 htec
2752 4945 2914 5002 verba
2933 4941 3228 5017 secundum
3257 4940 3494 5017 litteram
3514 4937 3587 5017 .dc
3611 4952 3709 5017 ve-

2123 5035 2187 5075 ro
2213 5032 2465 5087 serpente
2506 5019 2753 5087 intelligi,
2797 5030 2919 5087 qua:
2961 5026 3138 5091 tamen
3168 5011 3256 5065 hic
3296 5011 3469 5091 abbas
3495 5010 3561 5091 de
3594 5007 3711 5091 dia-

2125 5092 2251 5148 bolo
2297 5077 2716 5159 i'nterpretatur";
2743 5077 3218 5159 quemadmodum
3264 5089 3320 5136 et
3367 5077 3707 5159 maledictio-

2124 5178 2245 5217 nem
2286 5148 2578 5231 serpentis,
2630 5148 2736 5215 non
2782 5148 2850 5212 ad
2900 5170 3099 5231 verum
3134 5161 3462 5231 serpentem,
3506 5148 3601 5203 sed
3640 5150 3710 5202 ad

2123 5226 2394 5304 diabolum
2426 5230 2589 5304 relert
2606 5236 3021 5304 consequenter.
3045 5226 3446 5304 l_)ici_turga.tttem
3472 5234 3703 5288 serpens

2123 5303 2417 5371 sapientior
2446 5301 2565 5357 sive
2593 5295 2841 5371 callidior
2890 5296 3099 5371 cunctis
3140 5295 3335 5371 _bes_tiis
3362 5303 3563 5371 _tcrr:e,
3600 5305 3712 5371 non

2123 5362 2264 5442 quod
2306 5373 2463 5428 fuerit
2494 5373 2717 5427 rationis
2747 5382 2801 5426 et
2831 5362 3491 5442 ittlelligentia:_lacultate
3521 5362 3717 5442 μῖξιιὶ-

2128 5431 2235 5509 ιύδ,
2264 5454 2322 5499 ut
2347 5444 2612 5513 Josephus
2640 5442 2857 5498 Judmus
2886 5431 3120 5513 sensisse
3141 5435 3375 5513 videtur,
3419 5434 3515 5486 lib.
3544 5447 3563 5513 ξ
3593 5431 3710 5485 An-

2125 5503 2302 5587 tiquit.
2336 5530 2456 5583 cap.
2477 5503 2545 5578 ’1,
2578 5514 2836 5587 θεάλῳιίιι
2875 5510 3073 5564 animal
3102 5514 3186 5587 est
3213 5506 3445 5587 maxime
3476 5503 3713 5587 vagum,

2123 5572 2441 5641 insidiosum
2481 5572 2877 5647 et'subdo'lum,
2914 5591 2991 5645 et,
3030 5590 3086 5634 ut
3115 5578 3190 5633 ait
3236 5576 3506 5631 Diodorus
3536 5572 3714 5633 'l‘bar-

2122 5660 2323 5724 sensis,
2356 5658 2421 5710 ad
2462 5654 2835 5723 decipiendum
2866 5652 3202 5724 aptissimum
3232 5648 3657 5724 instrumentum
3670 5661 3708 5723 ,ε

2123 5712 2352 5797 ideoque
2382 5744 2485 5782 non
2520 5712 2723 5782 temere
2760 5741 2790 5779 a
2826 5712 3039 5778 diabolo
3084 5734 3192 5791 pra:
3221 5720 3435 5773 caeteris
3464 5712 3716 5768 animali-

2123 5800 2220 5857 bus
2251 5804 2478 5856 electum
2506 5810 2664 5869 atque
2693 5804 3049 5865 assumptum,
3072 5805 3180 5862 quo
3201 5798 3471 5858 tamquam
3497 5797 3713 5854 organo
