4048 6198
562 378 659 435 751

1602 376 1880 434 JOANNIS
1914 374 2227 433 CASSIANI
2265 374 2765 436 COLLATIONES.

3735 380 3838 437 752

561 490 786 547 nissime
828 486 1009 543 docet.
1039 485 1098 542 Si
1123 492 1302 542 autem
1347 485 1754 542 consideremus
1784 495 1839 542 et
1864 486 2013 541 illum
2057 486 2147 556 qui
2175 490 2229 550 Α
2253 504 2357 558 que
2384 489 2517 559 ipsis
2545 490 2815 544 incassum
2844 502 3060 545 suarum
3092 491 3453 561 nequitiarum
3483 488 3837 561 cxpendenti-

561 581 779 636 beatum
823 580 928 635 Job
956 579 1209 649 expetiit,
1266 578 1613 648 apertissime
1644 581 1975 633 instruemur
2004 579 2149 632 illum

561 673 730 729 fuisse
774 673 865 743 qui
907 687 1127 742 semper
1153 672 1434 727 insidiatus
1466 673 1546 741 ei,
1591 688 1883 742 numquam
1925 686 2046 727 eum
2083 671 2150 726 ad

561 774 841 833 peccatum
874 766 1109 833 potuerit
1139 764 1401 832 incitare,
1443 772 1499 819 et
1526 761 1727 818 idcirco
1768 771 2086 831 potestatem
2118 778 2147 817 a

563 855 793 909 Domino
838 855 1188 924 poposcisse,
1236 856 1385 910 velut
1434 856 1525 922 qui
1571 870 1674 908 non
1723 853 1925 908 virtute
1966 853 2148 920 illius,

559 945 653 1001 sed
681 945 891 999 Domini
917 946 1263 1015 defensione,
1288 947 1377 1016 qui
1406 946 1556 1001 illum
1578 960 1792 1015 semper
1814 953 2150 1014 protexerat,

558 1038 885 1090 vinceretur.
919 1036 995 1090 De
1025 1035 1157 1090 Juda
1181 1051 1396 1105 quoque
1426 1036 1645 1102 dicitur,
1676 1035 1746 1088 Et
1785 1034 2027 1089 diabolus
2055 1042 2153 1087 stet

558 1145 591 1181 a
620 1128 815 1184 dextris
846 1132 958 1199 ejus
990 1127 1166 1201 (Psal.
1200 1130 1373 1198 cvm).

1129 1282 1359 1339 CAPUT
1388 1282 1577 1338 XVIII.

558 1399 921 1469 Diﬁ'er‘enliam
955 1399 1195 1469 nequitiae
1235 1414 1351 1469 qua:
1378 1397 1534 1452 malis
1570 1398 1833 1469 spiritibus
1864 1400 1995 1453 inest
2022 1398 2154 1453 duo-

748 1487 863 1524 rum
890 1468 1318 1541 philosophorum
1345 1468 1635 1523 testimonio
1661 1470 1954 1538 conﬁrmat.

627 1604 706 1659 De
746 1602 1067 1658 differentiis
1115 1617 1247 1657 sane
1292 1602 1602 1656 daemonum
1635 1603 1796 1657 etiam
1828 1612 1854 1639 ⁸
1888 1617 1984 1671 per
2027 1602 2150 1656 illos

562 1695 700 1750 duos
741 1693 1094 1764 philosophos
1122 1694 1215 1763 qui
1246 1694 1516 1763 quondam
1562 1695 1783 1764 magicis
1813 1694 2022 1749 artibus
2060 1694 2148 1749 vel

554 1787 804 1843 inertiam
846 1786 1033 1842 eorum
1066 1787 1152 1841 vel
1190 1787 1559 1841 fortitudinem
1596 1802 1914 1857 saevamque
1957 1789 2150 1858 nequi-

2253 581 2353 636 bus
2391 584 2538 637 vires
2577 590 2740 648 atque
2783 581 3017 637 inaniter
3063 583 3453 647 redeuntibus,
3505 583 3836 651 potentiores

2253 674 2604 728 nihilominus
2648 672 2908 728 adversus
2937 674 3167 729 militem
3208 673 3407 729 Christi
3436 675 3698 729 victorem
3736 675 3836 727 ite-

2252 784 2371 823 rum
2403 767 2683 836 destinati,
2730 767 2865 821 nihil
2894 768 3107 836 penitus
3145 768 3537 837 praevalerent;
3569 782 3635 822 eo
3670 766 3839 837 profe«

2252 871 2445 915 cerunt
2469 859 2602 913 tales
2644 868 2920 927 tantaeque
2957 873 3145 912 eorum
3177 859 3411 924 insidiae,
3459 869 3609 913 tanta
3639 859 3837 927 magica

2253 960 2371 1005 arte
2410 951 2648 1020 quaesita
2669 995 2682 1019 ,
2721 959 2778 1004 ut
2813 965 2909 1019 per
2938 949 3052 1005 haec
3074 951 3481 1005 evidentissime
3514 951 3837 1018 comproba-

2254 1053 2407 1109 rent,
2434 1058 2680 1113 magnam
2710 1042 3035 1110 professioni
3065 1043 3495 1099 Christianorum
3525 1044 3708 1096 inesse
3733 1043 3840 1094 vir.

2252 1143 2446 1199 tutem,
2502 1135 2698 1204 quibus
2735 1134 2842 1188 illa:
2882 1133 2909 1173 δ
2951 1146 3057 1189 tam
3099 1151 3263 1190 saevae
3324 1145 3543 1202 tamque
3591 1145 3838 1203 potentes

2256 1230 2491 1295 umbrae,
2525 1239 2547 1267 ο
2579 1243 2711 1297 quas
2744 1229 3086 1283 :estimabant
3118 1230 3288 1284 solem
3320 1229 3646 1298 lunamque,
3689 1229 3734 1282 si
3771 1228 3837 1284 ad

2253 1336 2346 1377 eas
2374 1322 2594 1375 directae
2634 1321 2886 1385 fuissent,
2922 1322 3199 1377 obducere
3228 1322 3467 1391 potuisse
3490 1364 3505 1387 ,
3549 1321 3693 1376 hunc
3731 1337 3837 1376 non

2253 1413 2429 1468 solum
2457 1412 2589 1467 nihil
2623 1412 2843 1479 laedere,
2890 1413 2985 1467 sed
3016 1430 3081 1466 ne
3126 1413 3191 1467 ad
3231 1421 3490 1481 punctum
3523 1414 3741 1482 quidem
3774 1413 3838 1468 de

2253 1505 2582 1561 monasterio
2612 1519 2712 1561 suo
2735 1505 3001 1560 valuerint
3031 1508 3370 1575 perturbare.

2832 1619 3055 1676 CAPUT
3098 1620 3240 1675 XIX.

2259 1712 2411 1779 Quod
2451 1713 2709 1783 dwmones
2755 1712 2885 1765 nihil
2923 1712 3171 1765 adversus
3215 1714 3445 1767 homines
3494 1716 3833 1783 pravafeant,

2530 1784 2633 1836 nisi
2662 1782 2947 1836 obsederint
2974 1800 3151 1836 eorum
3179 1784 3323 1853 prius
3352 1798 3566 1840 mentes.

554 1882 685 1934 tiam
714 1880 929 1935 fuerant
955 1882 1265 1950 frequenter
1296 1881 1530 1949 experti,
1562 1880 1788 1933 multum
1819 1880 2141 1950 cognitionis
2173 1873 2220 1933 B
2317 1874 2561 1945 Cumque
2593 1890 2689 1945 pro
2719 1874 2824 1931 hac
2851 1875 3211 1931 admiratione
3238 1878 3528 1933 confestim
3560 1880 3834 1935 venientes

554 1973 889 2042 accepimus.
934 1971 1000 2026 lli
1041 1984 1274 2040 namque
1315 1970 1679 2039 despicientes
1715 1970 1928 2024 beatum
1973 1971 2143 2025 Anto-

554 2067 703 2119 nium
737 2066 885 2119 velut
914 2065 1223 2133 imperitutn
1258 2077 1321 2118 ac
1352 2064 1471 2118 sine
1501 2063 1695 2119 litteris
1723 2064 1924 2129 virum,
1953 2065 2141 2119 volen-

552 2167 744 2225 tesque
767 2170 892 2210 eum
926 2155 999 2225 (si
1022 2154 1159 2209 nihil
1194 2154 1426 2224 amplius
1450 2154 1651 2210 lmdere
1679 2156 2001 2224 potuissent)
2029 2157 2137 2209 sal-

551 2258 660 2303 tem
687 2248 755 2303 de
774 2248 914 2303 cella
936 2262 1032 2302 sua
1049 2248 1275 2318 magicis
1297 2248 1587 2318 praestigiis
1608 2249 2140 2305 etcircumventione

550 2341 859 2395 daemonum
901 2342 1254 2408 perturbare,
1296 2340 1520 2408 spiritus
1558 2341 1607 2395 ei
1650 2342 2010 2410 nequissimos
2041 2343 2140 2397 im-

552 2434 841 2497 miserunt,
866 2431 934 2484 ad
956 2431 1417 2499 impugnationem
1449 2430 1588 2486 hanc
1614 2446 1796 2487 morsu
1829 2433 2016 2487 livoris
2047 2433 2140 2487 ad-

548 2522 724 2587 ducti,
754 2536 820 2575 eo
845 2520 989 2589 quod
1018 2520 1271 2574 maximae
1295 2520 1574 2575 hominum
1605 2522 1774 2577 turbze
1804 2524 1869 2577 ad
1901 2539 2023 2578 eum
2056 2524 2139 2578 fa-

547 2616 751 2670 mulum
790 2614 884 2668 Dei
914 2614 1156 2683 quotidie
1185 2614 1563 2669 convenirent.
1594 2615 1838 2685 Cumque
1878 2617 1971 2671 illo
1999 2632 2140 2673 nunc

550 2706 768 2776 quidem
789 2706 1137 2775 imprimente
1162 2705 1367 2775 peetori
1390 2720 1488 2761 suo
1511 2706 1784 2777 frontique
1802 2709 2137 2779 signaculum

548 2800 749 2862 erucis,
795 2814 937 2853 nunc
968 2812 1097 2853 vero
1134 2798 1368 2854 orationi
1406 2798 1725 2867 suppliciter
1767 2801 2134 2869 incumbente,

547 2907 617 2946 ne
658 2892 1035 2962 approximare
1075 2890 1292 2961 quidem
1344 2891 1601 2946 dirissimi
1651 2892 1928 2949 damones
1961 2895 2138 2951 eidem

450 2988 457 2993 ’
546 2996 777 3053 prorsus
810 2983 1094 3048 auderent,
1128 2991 1289 3052 atque
1311 2982 1377 3036 ad
1406 2998 1502 3037 eos
1526 2984 1617 3053 qui
1644 2984 1770 3039 illos
1796 2985 2137 3052 direxerant,

545 3075 754 3141 absque
782 3072 893 3127 ullo
924 3082 1328 3128 reverterentur
1355 3072 1583 3138 effectu;
1614 3083 1669 3128 et
1699 3074 1835 3128 alios
1866 3076 1942 3130 illi
1963 3076 2016 3130 in
2046 3092 2141 3133 ne-

545 3166 767 3235 quitiam
804 3164 1244 3219 vehementiores
1268 3179 1458 3218 rursus
1494 3165 1880 3230 immittereut,
1917 3167 2136 3221 itidem-

2246 1970 2313 2024 ad
2344 1969 2594 2023 abbatem
2628 1968 2928 2024 Antonium
2971 1970 3438 2040 impugnationum
3469 1987 3684 2027 suarum
3717 1988 3833 2027 ma-

2242 2059 2603 2129 gnitudinem,
2645 2066 2700 2114 et
2735 2074 2927 2114 causas
2971 2069 3131 2128 atque
3173 2060 3396 2115 insidias
3447 2061 3830 2131 patefecissent

2242 2155 2427 2210 livoris
2453 2154 2668 2219 occulti,
2693 2153 3030 2208 Christianos
3052 2169 3110 2209 se
3135 2154 3251 2209 fieri
3283 2156 3530 2221 protinus
3551 2170 3819 2223 poposce-

2244 2258 2389 2305 runt.
2422 2247 2701 2317 Requisito
2729 2260 2908 2301 autem
2936 2247 3003 2300 ab
3026 2246 3133 2301 illis
3158 2246 3386 2317 prodita:
3414 2248 3833 2317 impugnationis

2243 2339 2352 2407 die,
2402 2339 2638 2394 asseruit
2680 2353 2739 2392 se
2786 2337 3139 2391 amarissimis
3176 2337 3565 2407 cogitationum
3602 2337 3833 2391 stimulis

2246 2439 2370 2483 tunc
2401 2428 2567 2484 fuisse
2606 2429 2896 2498 pulsatum.
2935 2428 3057 2495 Quo
3086 2430 3468 2498 experimento
3502 2429 3826 2484 sententiam

2246 2532 2484 2579 nostram
2510 2564 2525 2588 ,
2571 2538 2729 2592 quam
2771 2521 3027 2576 hesterno
3069 2521 3155 2575 die
3184 2522 3236 2575 in
3274 2521 3571 2577 collatione
3613 2520 3835 2591 protuli-

2244 2632 2384 2681 mus,
2418 2614 2666 2684 probavit
2689 2629 2752 2668 ac
2778 2614 3020 2668 detiuivit
3048 2613 3241 2667 beatus
3274 2613 3568 2680 Antonius,
3602 2611 3629 2651 ά
3659 2614 3831 2668 nulla-

2243 2718 2399 2761 tenus
2418 2706 2696 2760 dtemones
2727 2721 2887 2775 posse
2914 2714 3156 2760 mentem
3178 2706 3495 2775 cujusquam
3522 2709 3603 2761 vel
3632 2722 3832 2776 corpus

2245 2797 2522 2863 invadere,
2572 2812 2671 2853 nec
2701 2798 2906 2853 habere
2946 2798 3255 2853 facultatem
3295 2799 3348 2853 in
3377 2799 3669 2869 cujuslibet
3710 2801 3827 2854 ani-

2244 2907 2385 2946 mam
2425 2890 2640 2961 penitus
2671 2891 2949 2960 irruendi,
2983 2892 3085 2946 nisi
3111 2906 3233 2948 eam
3274 2893 3452 2961 primo
3486 2893 3831 2948 destitueriut

2241 2986 2494 3041 omnibus
2522 2985 2942 3055 cogitationibus
2975 2986 3212 3052 sanctis,
3238 3001 3301 3039 ac
3327 2986 3560 3054 Spit-itali
3593 2999 3827 3041 contem-

2247 3077 2484 3147 platione
2521 3091 2742 3131 vacuam
2780 3076 3090 3146 nudamque
3137 3076 3497 3132 reddiderint.
3542 3078 3832 3133 Sciendum

2245 3178 2426 3223 tamen
2486 3177 2509 3204 ο
2536 3168 2748 3223 duobus
2783 3167 2958 3224 modis
2990 3170 3215 3239 spiritus
3244 3169 3554 3225 immundos
3596 3171 3831 3226 homini.

1622 3274 1878 3329 ALARDI
1918 3277 2150 3334 (ἓΑΖιΕΙ
2189 3278 2754 3337 COMMENTARIUS.

541 3380 741 3433 cietate
762 3375 890 3430 Jesu
916 3372 1147 3441 theologi
1173 3372 1245 3427 ad
1266 3374 1406 3427 hunc
1427 3372 1600 3424 locum
1626 3370 1867 3424 Cassiani
1891 3386 1918 3424 a
1944 3371 2002 3428 S.
2028 3374 2141 3429 An-
2167 3380 2213 3440 ο

546 3449 732 3503 ιοηὶηο
777 3445 1089 3499 Florentino
1123 3442 1446 3511 compendio
1486 3450 1735 3507 renatum,
1770 3458 1889 3508 quae
1925 3446 2005 3498 sic
2037 3445 2132 3499 ha-

544 3520 640 3574 bet
672 3537 684 3570 :
721 3517 846 3571 Non
867 3530 931 3569 ex
954 3516 1047 3568 illo
1069 3516 1221 3569 modo
1249 3514 1379 3569 libro
1399 3512 1634 3566 Pii'storis
1655 3512 1832 3583 probat
1856 3513 2137 3572 Cassianus

545 3592 678 3645 duos
696 3588 973 3657 unicuique
994 3585 1190 3640 homini
1218 3584 1427 3657 angelos
1454 3584 1710 3657 assistere,
1739 3583 1927 3637 bonum
1952 3594 2003 3639 et
2024 3604 2134 3641 ma-

543 3663 675 3726 lunt,
705 3660 793 3714 sed
826 3654 896 3712 ea
920 3657 1115 3727 aliquot
1151 3672 1315 3712 sacra:
1345 3656 1630 3723 Scriptura:
1657 3654 1821 3720 locis;
1850 3661 2132 3726 praesertim

539 3743 715 3786 autent
740 3730 808 3783 ad
836 3729 1271 3799 comprobandum
1298 3728 1415 3782 boni
1444 3727 1613 3797 angeli
1638 3735 1685 3778 et
1714 3730 1874 3799 nostri
1899 3730 2131 3799 tutelaris

541 3803 908 3862 assistentium,
936 3796 1097 3853 utitur
1134 3801 1229 3853 hac
1264 3800 1549 3852 certissima
1578 3806 1625 3850 et
1652 3797 1913 3850 verissima
1941 3796 2131 3854 Christi

540 3873 791 3926 sententia
823 3869 1014 3923 Matth.
1044 3886 1173 3924 xvut
1199 3888 1210 3923 :
1249 3868 1452 3931 Videte,
1484 3869 1673 3935 inquit,
1708 3884 1769 3920 ne
1796 3872 2129 3924 contemptatis

546 3959 704 3995 unum
726 3959 789 3995 ea:
818 3939 899 3993 his
924 3941 1146 4007 pusillis,
1170 3941 1286 3993 dico
1308 3941 1442 3992 enim
1466 3939 1603 3991 vobis
1626 3939 1743 4006 quia
1763 3940 1933 4010 angeli
1956 3957 2124 3994 eorum

539 4029 741 4080 semper
764 4012 930 4064 vident
952 4012 1143 4079 faciem
1166 4010 1337 4067 Patris
1361 4010 1477 4080 mei.
1510 4010 1659 4080 Sicut
1682 4017 1730 4060 et
1754 4009 1871 4077 jam
1903 4009 1972 4062 Β.
1999 4010 2132 4063 Hie-

540 4078 811 4151 ronymus,
844 4082 913 4151 in
954 4078 1336 4151 commentariis
1365 4082 1421 4151 in
1452 4078 1588 4132 hunc
1617 4078 1816 4151 locum,
1843 4081 2132 4151 unicuique

542 4148 776 4204 nostrum
803 4150 863 4201 ab
894 4160 1008 4203 ortu
1028 4166 1137 4203 suae
1165 4149 1448 4220 nativitatis
1476 4148 1647 4220 insui
1661 4148 1957 4220 rustodiam
1973 4148 2127 4220 ange-

541 4224 650 4272 lum
678 4224 855 4292 datum
876 4236 1063 4292 esseea:
1084 4220 1179 4292 hoc
1201 4219 1311 4292 loco
1340 4218 1623 4292 concludit.
1649 4215 1797 4292 Idem
1818 4215 2130 4292 facitAChry-

538 4300 795 4343 sostomus
833 4289 1011 4342 homil.
1044 4291 1111 4345 60
1154 4289 1207 4341 in
1250 4288 1438 4340 Matth.
1487 4299 1533 4339 et
1569 4286 1711 4339 hom.
1753 4290 1785 4341 5
1819 4286 1892 4341 ad
1928 4286 2124 4346 Colos's.

544 4360 572 4413 Ι
580 4363 695 4415 dem
720 4366 900 4411 auctor
925 4358 1081 4428 Oper.
1109 4357 1324 4429 Imperf.
1352 4357 1495 4415 hom.
1525 4358 1613 4429 59.
1660 4356 1725 4409 In
1753 4361 1978 4413 eamdem
2001 4379 2128 4427 quo-

536 4450 639 4500 que
683 4426 984 4503 sententiam
1032 4426 2127 4503 Theophylactus,_M‘cumenius,“Euthy-

542 4496 707 4565 z'uius,
752 4499 976 4553 Basilius
1022 4500 1112 4553 lib.
1158 4496 1214 4553 tu
1252 4496 1430 4553 contra
1478 4496 1823 4564 Eunomium,
1861 4496 2126 4557 Hilarius

536 4590 657 4625 can.
694 4572 758 4624 18
800 4572 853 4622 in
889 4570 1102 4633 Matth.,
1137 4580 1183 4622 et
1212 4570 1360 4623 multi
1385 4569 1472 4623 alii
1502 4578 1691 4622 veteres
1713 4582 1982 4636 usurpant.
2024 4572 2127 4637 Qui

534 4660 711 4696 mitnes
746 4642 1240 4712 importunissintum
1268 4640 1402 4694 illud
1444 4639 1643 4712 Calvini
1680 4656 1735 4692 os
1775 4644 2121 4711 confundunt,

532 4716 622 4775 qui
644 4715 776 4766 inter
799 4721 983 4765 cwtera
1006 4712 1283 4783 impietatis
1304 4727 1411 4765 sua:
1431 4711 1767 4783 deliramenta
1801 4712 1934 4765 hanc
1953 4716 2125 4782 singu-

2373 3374 2557 3439 lnfelix
2569 3373 2907 3439 simulacrum,
2930 3383 3078 3439 atque
3105 3378 3259 3439 ipsius
3278 3379 3448 3429 umbra
3470 3379 3669 3431 Creusa

2368 3436 2486 3486 Visa
2510 3435 2580 3485 illi
2598 3440 2720 3486 ante
2747 3435 2933 3498 oculos,
2960 3435 3013 3488 et
3036 3435 3149 3488 nota
3168 3440 3322 3501 major
3347 3443 3525 3505 imago.

2313 3574 2334 3602 ε
2362 3563 2437 3619 lta
2469 3564 2723 3636 plerique
2751 3563 2961 3636 legunt,
3005 3564 3300 3632 obducere;
3334 3566 3569 3621 nonnulli
3616 3575 3829 3636 tamen,

2237 3636 2511 3690 abducere.
2548 3635 2614 3688 Et
2640 3634 2855 3703 quidem
2890 3636 3160 3700 obducere,
3210 3637 3261 3689 id
3294 3647 3401 3703 est,
3442 3634 3831 3703 obtenebrare,

2236 3708 2352 3762 sive
2372 3705 2610 3780 operire,
2638 3707 2746 3768 vel,
2779 3717 2834 3758 ut
2851 3706 3138 3780 Dionysius
3158 3712 3430 3780 exposuit.
3455 3709 3677 3780 quadam
3700 3712 3832 3764 cali-

2234 3779 2353 3846 gine
2381 3777 2649 3845 obducere,
2678 3780 2819 3830 sicut
2846 3776 3035 3830 Cicero
3059 3777 3194 3831 dixit
3220 3782 3269 3832 in
3305 3776 3645 3836 Academicis
3668 3800 3682 3833 :
3709 3781 3832 3835 Cla-

2233 3849 2453 3902 rissimis
2488 3848 2638 3901 rebus
2674 3847 2906 3900 tenebras
2938 3846 3207 3901 obducere.
3239 3848 3332 3903 Sin
3370 3866 3500 3904 vero
3534 3851 3831 3907 Cassianus

2234 3921 2506 3992 abducere,
2538 3919 2623 3971 vel
2643 3917 2920 3992 deducere,
2950 3933 3059 3992 non
3090 3919 3385 3992 obducere,
3415 3923 3659 3992 scripsit,
3700 3923 3829 3977 imi-

2237 4000 2377 4045 tatus
2402 3988 2615 4043 videtur
2643 3987 2945 4057 Virgilium,
2971 3990 3061 4057 qui
3090 3988 3227 4043 dixit
3253 4008 3266 4043 :

2354 4112 2576 4163 Carmina
2594 4111 2672 4161 vel
2697 4109 2823 4161 coelo
2842 4118 3043 4173 possunt
3060 4111 3309 4161 deducere
3327 4114 3515 4163 lunam.

2221 4210 2370 4271 ’Nam
2395 4217 2461 4272 de
2484 4216 2707 4292 magicis
2731 4218 2934 4292 artibus
2960 4228 3016 4292 et
3040 4219 3369 4292 carminibus
3393 4221 3681 4289 utrobique
3711 4223 3833 4292 agi-

2233 4298 2339 4355 tur,
2383 4298 2441 4341 ut
2470 4286 2615 4342 recte
2643 4289 2953 4343 Ciaconius.
2978 4286 3077 4343 Cui
3100 4291 3277 4345 simile
3308 4301 3391 4344 est
3418 4292 3547 4345 illud
3579 4286 3829 4359 ejusdem

2233 4368 2424 4427 poetae,
2454 4359 2520 4413 de
2550 4359 2780 4428 quadam
2808 4358 3027 4426 femina,
3048 4376 3169 4431 quae
3200 4362 3359 4416 simili
3394 4373 3511 4417 arte
3539 4358 3786 4431 pollebat
3813 4383 3828 4419 :

2353 4475 2471 4526 Haec
2488 4488 2543 4525 se
2568 4476 2867 4525 carminibus
2894 4477 3137 4537 promittit
3162 4477 3349 4529 solvere
3369 4485 3565 4523 mentes

2353 4540 2507 4597 Queis
2526 4538 2647 4587 velit
2674 4550 2685 4585 :
2708 4544 2783 4585 ast
2807 4538 2914 4585 aliis
2940 4538 3089 4586 duras
3107 4540 3364 4588 immittere
3386 4548 3528 4584 curas
3545 4573 3561 4598 ,

2356 4600 2549 4650 Sistere
2574 4610 2748 4661 aquam
2769 4598 2949 4658 ﬂuviis,
2978 4606 3031 4649 et
3052 4608 3252 4650 vertere
3274 4598 3427 4647 sidera
3452 4606 3607 4647 retro.

2298 4715 2326 4751 ά
2349 4714 2463 4769 Hoc
2486 4714 2761 4783 quomodo
2791 4712 3199 4783 intelligendum
3224 4713 3315 4781 sit,
3347 4714 3508 4766 etiam
3534 4712 3666 4766 alibi
3696 4714 3835 4769 indi~

536 4760 1402 4854 ista:essemansura;
1433 4760 1725 4834 guttatae
1740 4760 2125 4854 ᾷᾴὶξᾰέτῖὶῗῶι
2152 4760 2204 4819 Β
2230 4760 2475 4839 cavimus
2489 4760 2719 4851 ἷὸὂῖὶἇιῖ
2733 4760 2781 4837 ⁷-1
2794 4760 3070 4854 ’ἔἁρῖῖἰῇ

530 4855 759 4907 erubuit.
797 4850 926 4907 Vide
950 4863 1128 4908 contra
1164 4850 1289 4907 eum
1312 4850 1717 4906 Fevardentium
1739 4851 1828 4905 lib.
1856 4870 1871 4906 ι
1917 4855 2121 4909 advers.

540 4924 748 4978 Matres.
788 4925 852 4977 de
882 4925 1081 4994 angelis
1116 4924 1298 4979 haeresi
1331 4927 1381 4978 ὅ.
1416 4923 1540 4977 Haec
1572 4924 1682 4990 ille,
1714 4938 1778 4977 ex
1808 4940 1915 4993 quo
1958 4927 2119 4980 etiam

530 4997 633 5049 alia
662 5003 845 5050 notato
878 4996 1032 5066 digna
1067 4994 1289 5050 inferius
1313 4994 1717 5066 depromemus.

610 5076 635 5104 ἰ
667 5067 815 5121 Hanc
842 5063 1123 5121 historiam
1155 5067 1313 5133 paulo
1335 5066 1493 5118 aliter
1516 5067 1680 5120 refert
1708 5063 1765 5119 Β.
1794 5064 2121 5121 Athanasius

534 5138 587 5191 iu
626 5138 740 5192 Vita
774 5137 944 5205 ipsius
972 5139 1211 5203 Antonii,
1238 5136 1307 5191 de
1334 5152 1439 5202 quo
1469 5135 1556 5190 hic
1581 5137 1777 5205 agitur.
1804 5135 1943 5191 Nihil
1974 5138 2117 5191 enim

536 5208 699 5261 habet
722 5208 789 5263 de
813 5210 1117 5261 daemonum
1143 5209 1477 5261 immissione
1501 5217 1553 5261 et
1577 5207 1997 5275 impugnatioue,
2022 5210 2115 5261 sed

534 5283 602 5334 ile
631 5278 976 5332 daemoniacis
1001 5279 1065 5331 ad
1089 5278 1262 5347 ipsum
1295 5277 1567 5341 adductis,
1599 5293 1733 5345 quos
1756 5278 1909 5343 signo
1937 5282 2118 5332 crucis

535 5348 804 5403 frontibus
853 5363 1038 5403 eorum
1082 5351 1348 5417 impresso
1390 5349 1617 5411 curavit,
1655 5349 2026 5415 spectantibus
2064 5360 2118 5403 et

532 5419 876 5488 stupentibus
906 5419 1268 5489 philosophis,
1300 5428 1421 5487 post
1449 5421 1662 5487 longam
1697 5418 2115 5487 disputationem

534 5506 657 5545 cum
685 5489 815 5557 ipsis
845 5489 1103 5544 habitam.

604 5560 631 5597 ι)
662 5560 775 5631 Hoc
814 5562 1032 5614 nomine
1063 5559 1289 5629 aliisque
1320 5560 1635 5631 synonymis
1665 5558 1942 5631 dmmoues
1973 5574 2116 5627 saepe

530 5629 829 5699 appellatos
859 5637 968 5685 tam
1004 5628 1240 5694 profanis
1269 5628 1425 5698 quam
1455 5633 1627 5685 sacris
1669 5628 1979 5683 auctoribus
2019 5646 2115 5684 su-

532 5698 718 5766 perius
755 5699 1133 5769 annotavimus
1164 5701 1372 5769 (Collal.
1408 5700 1438 5750 7
1468 5717 1582 5768 cap.
1620 5699 1733 5768 59).
1770 5698 2000 5754 Umbras
2041 5712 2117 5755 ta-

533 5780 657 5818 men
696 5766 859 5819 etiam
892 5768 1080 5821 dixere
1123 5766 1328 5821 animas
1364 5766 1735 5822 defunctorum
1764 5770 1993 5826 subinde
2033 5771 2113 5826 vi-

537 5832 782 5903 ventibus
808 5848 1153 5903 apparentes,
1174 5838 1333 5907 juxta
1357 5838 1486 5899 illud
1511 5838 1718 5905 Virgilii
1742 5854 1756 5893 :

2308 4865 2331 4893 ε
2361 4855 2570 4923 Duplici
2616 4855 2828 4908 ratione
2866 4853 3139 4909 drenmnes
3172 4853 3485 4907 hominibus
3526 4854 3836 4917 subjiciun-

2234 4937 2336 4992 tur,
2368 4924 2688 4980 auctoritate
2728 4926 2935 4979 scilicet
2977 4926 3155 4979 divina
3192 4935 3248 4979 et
3275 4924 3567 4978 diabolica.
3606 4924 3824 4991 Divina,

2231 4998 2283 5051 id
2313 5007 2416 5062 est,
2458 5011 2485 5049 a
2525 4995 2636 5049 Deo
2675 4995 2870 5049 collata
2909 5005 2963 5050 et
3008 4995 3271 5060 instituta,
3321 4995 3555 5062 primum
3605 4998 3829 5062 auido-tn

2228 5068 2479 5122 omnibus
2512 5065 2777 5131 fidelibus,
2803 5066 2896 5121 sed
2924 5069 3192 5135 prtecipue
3218 5066 3478 5133 apostolis
3509 5077 3563 5119 et
3618 5063 3830 5119 Chi-isti

2228 5137 2525 5205 discipulis,
2555 5150 2852 5204 eorumque
2902 5138 3309 5191 successoribus
3338 5136 3603 5190 Ecclesia:
3655 5139 3825 5189 ruini-

2231 5210 2377 5262 stris.
2414 5207 2521 5260 lllis
2563 5208 2704 5261 enim
2747 5207 2886 5261 dedit
2929 5206 3163 5262 Christus
3205 5216 3506 5276 potestatem
3544 5208 3829 5274 spirituum

2222 5278 2635 5348 immundorum,
2669 5290 2724 5330 ut
2754 5279 3001 5348 ejicerent
3032 5295 3136 5333 eos.
3170 5278 3401 5331 Matthmi
3448 5293 3476 5329 x
3497 5292 3511 5340 ;
3533 5277 3705 5348 Marci
3736 5293 3827 5340 in;

2224 5348 2384 5403 Lucte
2416 5365 2492 5402 lx.
2529 5347 2831 5418 Discipulis
2858 5364 2989 5403 vero
3028 5353 3369 5418 sethaginta
3418 5347 3635 5399 duobus
3661 5348 3823 5410 dixit,

2221 5418 2385 5474 Luca)
2416 5435 2486 5472 tt:
2520 5416 2652 5472 Ecce
2690 5419 2807 5472 dedi
2840 5420 2977 5472 vobis
3017 5416 3320 5484 potestatem
3365 5418 3613 5469 calcaadi
3660 5434 3825 5485 supra

2221 5501 2477 5556 serpentes
2496 5496 2542 5540 el
2565 5490 2880 5558 scorpiones,
2896 5500 2942 5543 et
2958 5507 3112 5555 super
3134 5504 3332 5542 omnem
3348 5490 3584 5558 virtutem
3601 5488 3824 5548 inimici,

2217 5571 2266 5613 et
2288 5558 2567 5613 nihilvobis
2585 5557 2802 5613 nocebit.
2820 5560 2954 5614 Hinc
2978 5562 3063 5613 illa
3083 5559 3395 5614 earumdem
3419 5557 3822 5626 discipulorum

2219 5630 2289 5685 de
2318 5632 2416 5683 hac
2444 5637 2731 5697 potestate,
2757 5633 2982 5700 ejusque
3012 5630 3205 5685 effectu
3245 5639 3823 5700 consecutocommu-

2223 5702 2307 5754 nis
2343 5700 2631 5754 exsultatio
2665 5718 2677 5751 :
2714 5697 2958 5769 Domine,
2986 5702 3138 5755 etiam
3175 5699 3432 5753 dwmonia
3466 5697 3821 5768 subjiciuntur

2220 5770 2364 5845 nobis
2388 5771 2439 5821 in
2486 5769 2692 5845 nomine
2724 5781 2833 5845 tuo.
2855 5772 3145 5845 _Ea_i_ndem_
3169 5778 3566 5845 vero__p01estat_
3569 5784 3660 5823 em
3675 5784 3821 5845 “non

2216 5834 2350 5892 solis
2368 5835 2628 5896 apostolis
2655 5849 2711 5896 et
2734 5841 3013 5899 discinulis
3053 5840 3146 5901 sed
3167 5834 3422 5901 omnibus
3437 5838 3821 5913 credentibus.
