4048 6198
287 295 394 352 7δὸ
903 291 1248 347 contum
1290 290 1423 346 \‘lll.
1449 289 1633 345 -ΒΕ
1672 290 2203 349 PRINCIPATIBUS
2241 289 2378 347 seu
2419 288 2944 349 POTESTATIBUS
3505 308 3620 364 754

285 406 393 463 bus
442 407 675 463 obedire
712 424 726 460 :
773 412 867 460 aut
908 403 1058 458 enim
1094 401 1372 457 sanctitati
1412 401 1653 456 ﬁdelium
1703 402 1884 457 divina
1909 408 1963 469 Α
1990 401 2129 455 ctari
2159 408 2214 457 et
2237 401 2477 471 gaudere
2500 411 2867 471 cognoscunt,
2906 402 3055 458 velut
3084 404 3416 465 domesticos
3446 415 3601 483 ejus,

286 501 474 575 gratia
513 516 581 557 ac
606 501 814 556 virtute
843 496 1168 567 subdantur,
1200 505 1228 534 ι
1254 506 1346 551 aut
1372 495 1656 551 sacriﬁciis
1695 493 1892 563 impio—
1996 491 2202 550 habere
2230 493 2391 549 etiam
2423 494 2479 549 in
2510 493 2786 550 daemones
2816 495 2864 550 ei
2895 495 3145 553 subditos
3175 507 3533 568 potestatem.

287 610 417 649 rum
459 608 563 650 seu
589 592 912 663 quibusdam
943 591 1271 645 carminibus
1296 588 1528 657 deliniti,
1563 588 1708 642 velut
1732 585 1889 641 fami-

288 685 529 739 liaribus
572 684 882 740 adulantur.
924 683 1038 750 Qua
1082 680 1338 751 opinione
1372 678 1636 734 Pharisaei
1674 693 1889 749 quoque

291 779 538 848 decepti,
565 779 815 835 arbitrati
854 786 980 833 sunt
1023 778 1183 832 etiam
1224 774 1509 830 Dominum
1547 774 1888 829 Salvatorem

293 870 401 926 hac
439 880 556 926 arte
599 870 880 925 daemoniis
909 869 1239 936 imperasse,
1276 866 1541 931 dicentes,
1576 863 1645 918 In
1677 863 1888 919 Beelze-

297 962 398 1016 bub
427 963 665 1033 principe
690 962 1062 1016 daemoniorum
1099 961 1183 1014 hic
1206 962 1349 1030 ejicit
1380 960 1637 1015 dwmones
1665 957 1885 1030 (Matth.

296 1058 428 1126 xu);
473 1056 769 1110 secundum
813 1056 955 1109 illam
1001 1054 1209 1111 scilicet
1255 1053 1730 1118 consuetudinem,
1781 1069 1886 1123 qua

296 1158 499 1201 norant
540 1162 664 1201 suos
706 1162 886 1216 magos
912 1146 997 1201 vel
1038 1147 1316 1201 maleﬁcos
1349 1161 1446 1214 per
1489 1145 1886 1200 invocationem

300 1240 536 1295 nominis
567 1240 711 1294 illius
740 1254 803 1294 ac
832 1239 993 1293 ritum
1019 1238 1411 1295 sacriﬁciorum
1440 1251 1549 1307 quo
1577 1251 1703 1291 eum
1735 1236 1891 1292 dele-

2582 646 2812 703 CAPUT
2850 647 2969 703 XX.

1992 756 2349 831 Interrogatio
2381 760 2443 811 de
2467 761 2728 831 apostolis
2758 761 2951 830 angelis
2972 805 2986 829 ,
3014 762 3104 831 qui
3142 763 3199 815 in
3246 760 3435 819 Genesi
3469 780 3585 820 cum

2216 830 2427 897 filiabus
2455 829 2720 884 hominum
2739 829 3072 886 concubuiste
3098 833 3360 887 dicuntur.

2065 961 2368 1018 Germanus
2405 981 2417 1015 :
2460 961 2593 1030 Quia
2626 962 2902 1019 Geneseos
2943 965 3106 1020 lectio
3144 966 3305 1035 paulo
3349 977 3477 1022 ante
3527 967 3585 1023 in

1996 1053 2233 1108 medium
2265 1053 2331 1108 de
2363 1053 2768 1122 dispensatione
2815 1056 3023 1125 prolata
3062 1066 3173 1124 est,
3204 1073 3323 1127 quae
3349 1073 3447 1113 nos
3486 1074 3585 1129 op-

1995 1154 2227 1215 portune
2254 1147 2587 1201 commonuit
2614 1154 2673 1200 ut
2712 1147 2764 1202 id
2808 1150 2953 1218 quod
2999 1164 3214 1219 semper
3242 1151 3449 1206 discere
3480 1167 3583 1206 cu-

1994 1238 2300 1307 piebamus,
2332 1253 2475 1294 nunc
2504 1239 2769 1308 possimus
2796 1256 3034 1311 congrue
3063 1244 3365 1312 sciscitari,
3392 1245 3421 1283 b
3451 1246 3581 1315 quid

1369 1371 1627 1427 ALARDI
1664 1370 1892 1427 GAZIEI
1926 1370 2493 1428 COMMENTARIUS.

295 1468 351 1538 id
379 1476 478 1534 est,
514 1467 773 1538 Ecclesia:
805 1468 1107 1538 generatim
1143 1474 1199 1520 et
1237 1464 1290 1517 in
1328 1462 1888 1538 communi__promi_s_it

296 1533 540 1606 (Luc.'x)
572 1533 832 1593 Christus
865 1540 920 1592 in
949 1538 1146 1592 caelum
1194 1549 1520 1606 ascensurus
1565 1534 1670 1606 illis
1707 1533 1887 1606 verbis

293 1604 433 1676 apud
478 1604 718 1662 Marcum
750 1624 872 1678 cap.
907 1623 997 1660 xw
1030 1625 1043 1661 :
1086 1606 1286 1678 Signa,
1327 1621 1414 1657 eos
1437 1604 1523 1678 qui
1551 1604 1882 1678 crediderint,

295 1675 404 1732 lucc
430 1688 703 1741 sequentur
731 1695 749 1733 .'
781 1675 848 1731 In
874 1679 1080 1731 nomine
1106 1675 1217 1729 meo
1245 1675 1497 1746 daemonia
1527 1676 1759 1746 ejicient,
1777 1682 1882 1730 etc.

293 1750 430 1814 Quae
481 1750 697 1817 quidem
747 1748 1035 1817 promissio
1080 1746 1145 1801 ad
1204 1760 1411 1817 omnes
1449 1744 1648 1799 ChriSti
1698 1745 1881 1800 ﬁdeles

299 1816 540 1887 spectat;
574 1835 681 1873 non
709 1816 852 1889 quod
883 1819 1107 1888 singulis
1134 1816 1437 1889 hujnsmodi
1470 1827 1702 1887 potestas
1734 1831 1883 1889 com:

1999 1463 2319 1535 invocando,
2343 1467 2509 1520 immo
2533 1466 2808 1521 adorando
2837 1475 2895 1520 et
2917 1467 3297 1535 sacriﬁcando,
3318 1477 3375 1523 ut
3393 1470 3479 1524 hic
3499 1471 3583 1526 di-

1997 1535 2156 1588 citur.
2184 1534 2451 1671 (ﬂetuum
2485 1537 2571 1591 hic
2603 1538 2896 1591 notandum
2921 1579 2936 1604 ,
2974 1537 3146 1606 primo
3168 1579 3182 1603 ,
3216 1554 3403 1610 magos
3446 1541 3583 1597 nihil

1997 1604 2199 1660 habere
2282 1608 2528 1661 otestatis
2578 1617 2670 1661 aut
2700 1608 2891 1662 virium
2935 1610 2987 1662 in
3035 1609 3341 1671 daemones,
3377 1612 3477 1665 nisi
3509 1627 3580 1667 ex

1996 1604 2199 1660 habere
2228 1604 2528 1678 ‘potestatis
2578 1617 2670 1661 aut
2700 1608 2891 1662 virium
2935 1604 2987 1662 in
3035 1604 3341 1678 daemones:
3377 1612 3477 1665 nisi
3509 1627 3580 1667 ex

1998 1686 2150 1752 pacto
2173 1676 2283 1752 _vel
2322 1677 2561 1744 ipsorum
2592 1678 2933 1752 simulatione
2964 1697 2993 1752 :_
3010 1680 3238 1752 proinde
3283 1676 3387 1736 nun
3421 1697 3582 1752 posse

1995 1747 2143 1819 ipsos
2172 1746 2372 1801 invitos
2399 1763 2593 1817 cogere
2622 1750 2687 1803 ad
2729 1750 2929 1819 aliquid
2973 1746 3275 1806 faciendum
3308 1755 3387 1807 vel
3419 1746 3580 1809 omit-

1993 1818 2233 1882 tendum,
2262 1818 2366 1893 nisi
2394 1820 2515 1893 ﬁcte
2530 1818 2880 1893 etsimulate.
2906 1820 3143 1893 Fingunt
3171 1824 3301 1875 enim
3323 1825 3583 1880 dwmones

299 1890 571 1943 municata
619 1887 808 1965 fuerit,
844 1889 938 1944 sed
980 1887 1179 1965 quibus
1220 1888 1572 1965 conveniebat
1615 1897 1669 1965 ut
1691 1888 1881 1965 _ea_uti
1910 1887 1958 1946 B
1985 1904 2038 1965 se
2065 1905 2097 1941 α
2132 1889 2297 1958 magis
2326 1890 2469 1965 cogi,
2493 1890 2677 1960 quibus
2704 1902 2889 1965 sponte
2931 1887 3285 1963 obtémperant
3324 1906 3371 1948 et
3405 1900 3581 1965 fama-

300 1968 544 2027 possent,
572 1961 787 2029 quando
809 1970 863 2015 et
887 1960 1139 2028 quamdiu
1168 1958 1525 2029 expediretad
1540 1958 1631 2011 Dei
1655 1958 1883 2022 gloriam

301 2028 757 2098 promovendam,
788 2031 853 2085 ad
884 2044 1220 2084 communem
1263 2028 1523 2082 Ecclesia:
1571 2029 1881 2093 utilitatem,

297 2100 367 2153 ad
421 2103 821 2170 propagandam
868 2110 923 2156 et
951 2099 1321 2154 stabiliendam
1351 2099 1531 2154 ﬁdem.
1568 2100 1663 2153 Est
1701 2108 1883 2155 autem

299 2172 612 2239 hujnsmodi
640 2172 863 2227 facultas
902 2172 955 2226 in
998 2170 1237 2225 Ecclesia
1274 2170 1468 2236 duplex
1506 2188 1518 2222 :
1564 2171 1732 2226 altera
1767 2172 1885 2237 pri-

297 2252 451 2307 vata,
478 2244 647 2298 altera
682 2242 921 2310 publica;
958 2243 1181 2309 privata,
1217 2240 1270 2295 id
1298 2250 1402 2304 est,
1434 2242 1754 2308 quibusdam
1781 2241 1883 2296 ho-

300 2314 539 2366 minibus
567 2316 766 2370 sanctis
790 2316 839 2367 in
867 2313 1231 2368 testimonium
1262 2312 1559 2367 sanctitatis
1587 2313 1778 2366 collata
1812 2327 1881 2367 ex

302 2384 560 2450 peculiari
593 2386 681 2437 Dei
712 2385 855 2438 dono
880 2394 933 2437 et
960 2385 1155 2451 gratia,
1190 2398 1352 2452 quam
1380 2392 1574 2437 vocant
1601 2384 1766 2452 gratis
1790 2383 1883 2437 da-

302 2463 432 2507 tam.
465 2455 769 2524 Cujusmodi
794 2455 935 2509 dono
954 2455 1050 2510 SS.
1078 2454 1204 2508 illos
1232 2463 1411 2521 patres
1427 2463 1481 2507 et
1505 2454 1881 2519 anachoretas,

297 2525 427 2578 licet
460 2527 696 2591 privatos
729 2527 993 2589 homines,
1025 2524 1340 2589 Antonium,
1370 2525 1722 2589 Hilarionem,
1748 2526 1887 2578 Pau-

298 2596 408 2649 lum
440 2596 765 2665 simplicem,
787 2597 1075 2652 Macarium
1117 2606 1169 2649 ct
1194 2598 1327 2650 alios
1355 2596 1614 2650 claruisse
1643 2605 1879 2649 constat.

298 2665 452 2739 Unde
482 2666 600 2739 Div.
624 2667 1100 2739 hllieronymusjn
1124 2666 1243 2739 Vita
1276 2666 1566 2739 Hilarionis
1602 2683 1623 2739 :7
1646 2665 1881 2739 Latebat,

295 2738 493 2803 inquit,
525 2738 579 2790 in
608 2737 777 2809 Cypro
805 2735 979 2791 in'sula
1008 2735 1272 2790 Hilarion.
1294 2738 1548 2792 Caeterum
1578 2738 1664 2790 vix
1687 2738 1753 2789 ad
1768 2738 1885 2809 ple-

295 2824 424 2861 num
459 2809 640 2878 viginti
684 2808 934 2862 transiere
981 2808 1109 2878 dies,
1141 2824 1255 2860 cum
1300 2823 1391 2877 per
1416 2823 1614 2861 omnem
1640 2808 1881 2872 insulam,

293 2877 603 2947 quicumque
640 2880 933 2932 immundos
961 2877 1210 2931 habebant
1252 2880 1464 2947 spiritus
1485 2922 1499 2947 ,
1530 2879 1752 2931 clamare
1780 2892 1883 2930 cae-

298 2959 484 3017 perunt
524 2952 719 3003 venisse
751 2949 1077 3002 Hilarionem
1107 2964 1309 3002 servum
1355 2949 1486 3013 Dei,
1523 2956 1573 3000 et
1600 2950 1666 3000 ad
1699 2964 1811 3000 eum
1832 2963 1886 3001 se

296 3020 481 3090 debere
527 3036 823 3090 praperare.
859 3020 975 3073 Hoc
1024 3018 1332 3086 Salamina,
1383 3024 1481 3073 hoc
1517 3018 1760 3090 _Curium,
1792 3019 1887 3071 hoc

299 3088 535 3159 Lapetha
559 3101 607 3143 et
626 3088 799 3145 'urbes
828 3092 1037 3160 reliquae
1062 3090 1477 3144 conclamabant.
1505 3088 1652 3142 Inter
1677 3089 1887 3158 triginta

297 3163 491 3229 igitur,
526 3178 619 3215 nec
647 3162 809 3215 multo
838 3160 1062 3232 amplius
1092 3162 1217 3226 dies,
1245 3162 1448 3214 ducenti
1479 3160 1635 3231 ferme
1662 3170 1766 3213 tam
1792 3159 1887 3232 viri

296 3248 453 3301 quam
479 3232 717 3286 mulieres
745 3233 813 3285 ad
838 3230 955 3285 eum
1000 3233 1294 3301 congregati
1319 3241 1463 3297 sunt,
1490 3232 1579 3295 qui
1622 3247 1796 3284 omnes
1821 3230 1886 3284 ab

294 3302 476 3355 eodem
505 3305 691 3356 curati.
719 3303 843 3357 Haec
886 3302 1268 3373 Hieronymus.
1304 3304 1485 3356 Altera
1515 3311 1753 3371 potestas
1786 3318 1882 3367 pu-

300 3373 466 3436 blica,
489 3388 607 3440 qua:
635 3374 768 3428 solis
799 3373 1055 3429 Ecclesiae
1088 3374 1349 3427 ministris
1377 3376 1657 3441 competit,
1692 3374 1743 3426 in
1769 3374 1887 3441 qui-

300 3444 405 3496 bus
425 3453 504 3497 est
526 3444 658 3498 ordo
684 3445 1096 3510 exorcistarnm,
1120 3458 1349 3512 quorum
1384 3446 1655 3513 proprium
1689 3458 1886 3497 munus

301 3520 390 3567 est
415 3514 687 3572 daemones
715 3516 989 3582 adiurare,
1024 3524 1077 3569 et
1101 3530 1133 3567 e
1158 3516 1478 3581 corporibus
1509 3514 1745 3569 obsessis
1770 3514 1886 3569 sive

299 3587 569 3652 possessis
598 3586 891 3654 expellere.
927 3586 1041 3653 Qua
1084 3585 1150 3639 de
1178 3600 1237 3639 re
1262 3585 1623 3639 'l‘ertullianus
1655 3585 1718 3638 ad
1757 3585 1886 3639 Sca-

296 3656 481 3724 pulam
508 3671 626 3724 cap.
654 3658 688 3710 2
716 3673 729 3707 :
767 3656 1052 3719 Daemones,
1081 3657 1287 3724 inquit,
1316 3673 1419 3708 non
1464 3666 1659 3708 tantum
1684 3656 1886 3720 respui-

299 3739 438 3794 m‘us,
474 3744 646 3780 verum
674 3728 830 3781 etiam
860 3727 1192 3791 revincimus,
1218 3734 1263 3778 et
1291 3727 1517 3793 quotidie
1545 3726 1882 3789 traducimus,

298 3803 350 3847 et
378 3798 439 3868 de
464 3798 755 3851 hominibus
782 3795 1115 3868 expellimus;
1155 3799 1284 3849 sicut
1318 3796 1558 3866 plurimis
1584 3806 1762 3868 notum
1788 3804 1882 3848 est.

304 3868 373 3938 1).Δ
393 3866 694 3938 Cyprianus
722 3868 786 3920 ad
820 3864 1215 3921 Demetrianum
1248 3864 1440 3921 Africa:
1472 3864 1880 3932 proconsulem:

304 3936 385 3990 0h
401 3939 422 3993 l
438 3936 485 3993 si
506 3940 689 3992 audire
709 3939 862 3993 velles
888 3948 935 3993 et
963 3938 1130 3991 videre
1146 3941 1396 4007 quandoa
1411 3939 1553 3991 nobis
1579 3937 1887 4004 adjurantur

299 4021 350 4061 et
372 4019 671 4079 torquentur
700 4010 1055 4075 spiritualibus
1073 4009 1275 4077 ﬂagris,
1305 4020 1350 4062 et
1373 4008 1638 4061 verborum
1666 4016 1887 4079 tormen-

302 4080 368 4131 tis
398 4078 469 4133 de
488 4080 703 4132 obsessis
731 4080 1022 4147 corporibus
1052 4080 1356 4147 ejiciuntur;
1377 4079 1586 4147 quando
1610 4078 1880 4149 ejulantes,

302 4160 350 4202 et
378 4161 631 4219 gementes
679 4166 798 4202 voce
824 4149 1072 4214 humana,
1117 4160 1164 4202 et
1198 4158 1445 4218 potestate
1475 4147 1647 4202 divina
1678 4147 1885 4219 flagella

301 4218 593 4291 ctrverbera
640 4221 907 4274 sentientes
948 4232 1219 4274 venturum
1256 4222 1486 4291 judicent
1548 4218 1886 4291 conﬁtentur!

321 4289 444 4341 Veni
466 4301 517 4362 _et
547 4306 796 4362 cognosce
816 4306 932 4343 vera
952 4307 1190 4362 essequre
1220 4289 1455 4362 dicimus.
1481 4292 1553 4362 Ita
1581 4291 1638 4344 S.
1667 4289 1886 4362 gypriaf

308 4374 429 4413 nus.
465 4360 519 4414 In
558 4358 790 4415 ctincilio
818 4371 1011 4431 quarto
1035 4361 1441 4431 Carthaginensi
1474 4358 1634 4429 (Cap.
1669 4358 1758 4431 7),
1797 4360 1885 4431 cui

305 4432 347 4485 D
396 4434 727 4501 Augustinus
756 4430 1017 4495 interluit,
1047 4432 1117 4485 ita
1151 4433 1288 4485 inter
1327 4442 1551 4485 cazteros
1576 4430 1792 4485 ordines
1818 4430 1886 4486 de

300 4504 570 4557 exorcista
604 4502 907 4557 ordinando
936 4503 1200 4556 traditur:
1229 4501 1501 4557 Exorcista
1529 4518 1643 4555 cum
1671 4501 1883 4554 ordina-

302 4583 408 4639 tur,
450 4575 671 4641 accipiat
710 4574 775 4626 de
802 4589 961 4626 manu
986 4573 1209 4644 episcopi
1240 4572 1477 4644 libellum,
1499 4574 1551 4624 in
1582 4587 1683 4640 quo
1712 4571 1886 4643 scripti

1989 1958 2179 2023 lantur,
2211 1976 2309 2026 quo
2334 1958 2607 2030 magis—eos
2637 1972 2684 2015 et
2710 1958 2842 2016 alios
2873 1958 3128 2027 irretiant,
3160 1974 3205 2017 et
3236 1958 3461 2020 irretitos
3491 1982 3579 2019 re-

1989 2030 2207 2101 tineant,
2237 2038 2295 2101 ut
2334 2030 2491 2085 docet
2518 2032 2581 2085 D.
2616 2035 2945 2101 Augustinus
2975 2034 3066 2087 lib.
3099 2051 3133 2088 n
3180 2035 3248 2089 de
3287 2037 3448 2089 Civit.
3484 2037 3576 2092 Dei

1987 2114 2106 2168 Cap.
2133 2100 2186 2154 6.
2206 2100 2632 2176 _Hincyr:eclarzt
2661 2100 2938 2170 cujusdam
2966 2119 3069 2157 non
3099 2104 3314 2160 obscuri
3344 2107 3580 2176 theologi

1987 2172 2257 2247 sententia
2288 2189 2299 2223 :
2346 2171 2561 2247 Dcemon
2589 2174 2795 2247 simulat
2842 2190 2894 2226 se
2924 2186 3151 2247 captum,
3197 2184 3252 2227 ut
3275 2187 3338 2247 te
3368 2171 3579 2247 carpiaf;

1986 2258 2038 2295 se
2063 2243 2313 2313 vinctum,
2347 2252 2401 2295 ut
2433 2251 2483 2295 te
2512 2244 2732 2307 vinciat;
2760 2259 2812 2295 se
2841 2253 2927 2296 tuo
2957 2244 3172 2313 imperio
3201 2243 3486 2309 subditum,
3520 2256 3580 2300 ut

1987 2319 2036 2365 te
2057 2313 2152 2365 sibi
2185 2312 2373 2367 subdat
2394 2328 2412 2373 ;
2433 2329 2463 2365 a
2485 2322 2533 2364 te
2561 2313 2835 2382 inclusum,
2866 2320 2923 2366 ut
2950 2322 2995 2365 te
3023 2312 3249 2381 ﬁnaliter
3275 2316 3579 2382 concludat;

1986 2383 2137 2452 ﬁngit
2164 2400 2216 2437 se
2240 2395 2328 2436 tua
2353 2392 2463 2436 arte
2489 2383 2700 2452 imagini
2720 2381 2795 2436 vel
2827 2383 2990 2451 lapidi
3019 2382 3314 2453 alligatum,
3356 2397 3409 2437 ut
3435 2381 3579 2452 funi-

1987 2453 2079 2525 bus
2124 2463 2452 2525 peccatorum
2490 2454 2767 2525 religatum
2816 2455 2884 2507 ad
2922 2453 3187 2525 infernum
3226 2464 3272 2507 te
3326 2456 3577 2525 perducat

2022 2524 2271 2609 dlphons.
2307 2523 2712 2609 αιϐαδινοιίιὶζζζ
2752 2540 2768 2579 1
2797 2526 2864 2609 de
2905 2524 3056 2609 Justa
3090 2524 3282 2609 liceret.
3334 2523 3572 2609 Punit.).

2031 2611 2154 2648 orro
2176 2611 2296 2649 cum
2326 2598 2600 2651 daemones
2625 2596 2716 2650 alii
2762 2596 2880 2650 aliis
2910 2597 3015 2650 sint
3046 2597 3406 2664 potentiores,
3449 2596 3572 2665 quia

1987 2666 2312 2734 superiores,
2344 2678 2398 2721 ut
2419 2668 2623 2722 dictum
2655 2674 2756 2731 est,
2796 2682 3137 2737 consequens
3168 2676 3272 2734 est,
3307 2668 3350 2721 si
3386 2682 3572 2733 magus

1991 2744 2204 2802 pactum
2239 2738 2431 2791 habeat
2451 2752 2571 2791 cum
2617 2737 2862 2792 dtemone
2910 2739 3219 2807 superiore,
3270 2753 3427 2807 posse
3476 2755 3572 2807 per

1990 2807 2162 2871 ipsum
2194 2806 2293 2863 sibi
2320 2823 2390 2862 ex
2419 2820 2576 2875 pacto
2606 2807 2953 2862 famulantem
2984 2806 3120 2862 alios
3162 2806 3447 2863 inferiores
3477 2806 3568 2865 co-

1988 2885 2217 2949 gere_ct
2257 2892 2354 2931 suo
2405 2878 2663 2949 obsequio
2709 2879 3015 2949 subjicere.
3046 2879 3327 2946 Quomodo
3378 2881 3574 2949 legitur

1989 2945 2304 3012 Apollonius
2327 2961 2514 3016 magus
2535 2948 2676 3002 inter
2698 2945 3093 3002 alia'mirabilia
3114 2951 3273 3003 etiam
3299 2945 3573 3007 daemones

1989 3018 2213 3091 eiecisse
2244 3016 2632 3091 (Ijhilostratus
2658 3019 2711 3071 in
2751 3020 2864 3091 ejus
2892 3017 3059 3091 Vita).
3094 3020 3159 3073 Et
3188 3020 3342 3075 divus
3371 3022 3567 3091 Grego'

1990 3090 2103 3161 rius
2134 3088 2228 3161 lib.
2254 3105 2271 3143 ι
2298 3088 2640 3158 Dialogorum
2665 3105 2785 3159 cap.
2805 3089 2893 3155 10,
2917 3088 3100 3144 narrat.
3127 3091 3360 3147 nobilem
3384 3088 3544 3161 quain

1991 3158 2113 3231 dam
2166 3159 2418 3214 feminam
2470 3160 2692 3231 magicis
2736 3158 3189 3217 incantationibus
3237 3178 3265 3215 a
3306 3158 3575 3217 dremonlo

1911 3263 1957 3326 c
1991 3230 2890 3326 ﬁkestzniféttastsgdvs."b
2930 3234 3138 3326 inter:
3164 3233 3466 3326 (Ξωιηοςιυιῖι
3498 3236 3576 3326 ιε-

1990 3302 2149 3375 gione
2179 3302 2341 3358 fuisse
2367 3312 2708 3375 occupatam.
2744 3303 2884 3358 Miro
2913 3306 3048 3358 enim
3095 3305 3188 3358 Dei
3216 3307 3575 3375 omnipotentis

1976 3372 2202 3443 judicio,
2238 3372 2436 3443 inquit,
2466 3378 2588 3427 dum
2608 3385 2720 3428 arte
2746 3391 2981 3442 perversa
3016 3392 3147 3428 unus
3179 3376 3240 3429 ab
3270 3391 3328 3428 ea
3355 3372 3575 3444 repelli-

1986 3452 2095 3509 tur,
2125 3446 2181 3497 in
2206 3461 2316 3517 eam
2348 3446 2510 3499 subito
2541 3447 2671 3517 legio
2696 3446 2934 3512 intravit,
2983 3448 3231 3517 capitque
3256 3462 3319 3517 ea:
3354 3446 3450 3500 hoc
3477 3447 3575 3501 illa

1986 3522 2064 3566 tot
2106 3516 2319 3569 motibus
2364 3517 2571 3588 agitari,
2592 3515 2681 3569 ‘tot
2711 3517 2930 3588 uocibus;
2952 3525 3006 3588 et!
3030 3515 3337 3588 clamoribus
3358 3526 3575 3588 perstre-

1986 3601 2125 3655 pere.
2155 3593 2276 3655 quot
2304 3586 2565 3652 spiritibus
2588 3586 2872 3638 tenebatur.
2905 3585 3011 3639 Sed
3044 3586 3111 3639 de
3137 3584 3219 3639 his
3246 3584 3394 3652 plura
3427 3589 3571 3655 apud

1987 3654 2202 3708 Petrum
2232 3654 2543 3722 Tltyraetnn,
2574 3655 2857 3707 Martinum
2880 3655 3117 3708 Delrium
3147 3665 3201 3708 et
3225 3655 3364 3708 alios
3390 3654 3480 3724 qui
3502 3659 3570 3712 de

1987 3725 2324 3776 daemonibus
2347 3734 2401 3776 et
2431 3724 2776 3777 daemoniacis
2803 3725 3154 3790 scripserunt.

2057 3792 2084 3830 δ
2120 3794 2244 3846 Hzrc
2280 3792 2566 3845 difﬁcultas
2596 3792 2914 3860 perantiqua
2960 3803 3135 3846 ortum
3168 3791 3355 3845 habuit
3396 3809 3460 3847 ex
3488 3794 3574 3849 di-

1986 3878 2142 3917 versa
2183 3863 2467 3933 versione,
2501 3870 2555 3914 et
2585 3863 2856 3933 intellectu
2908 3863 3049 3915 illius
3098 3860 3403 3928 sententiae,
3450 3880 3572 3933 quae

1989 3932 2215 3986 habetur
2237 3932 2434 3987 Genes.
2466 3946 2585 3999 cap.
2609 3948 2658 3985 vx
2686 3948 2699 3983 :
2738 3930 2976 3985 Videntes
3000 3934 3097 4001 ﬁlii
3127 3933 3222 3987 Dei
3244 3934 3382 3999 filias
3403 3930 3570 3989 homi-

1987 4020 2108 4056 num
2120 4004 2258 4074 quod
2281 4013 2445 4057 essent
2469 4002 2720 4074 pulchra»,
2737 4016 3041 4074 acceperunt
3061 4005 3157 4058 sibi
3183 4020 3368 4058 uxores
3382 4022 3444 4059 ea:
3464 4023 3574 4060 om-

1987 4073 2139 4129 nibus
2162 4092 2288 4144 quas
2318 4073 2596 4143 elegerant.
2627 4074 2697 4128 Et
2737 4073 2871 4128 infra
2908 4094 2919 4127 :
2953 4074 3196 4145 Gigantes
3225 4084 3394 4128 autem
3424 4089 3573 4132 erant

1986 4157 2361 4219 superterram
2386 4147 2451 4219 int
2487 4145 2826 4219 diebusillis.
2868 4145 3148 4219 Postquam
3193 4148 3325 4201 enim
3355 4147 3575 4219 ingressi

1987 4216 2105 4271 sunt
2131 4218 2229 4287 ﬁlii
2262 4217 2355 4270 Dei
2384 4217 2451 4270 ad
2498 4217 2632 4285 ﬁlias
2671 4216 2965 4282 hominum,
3010 4218 3216 4287 illasque
3263 4216 3572 4287 genuerunt,

1986 4290 2071 4342 isti
2095 4300 2210 4342 sunt
2240 4298 2465 4359 potentes
2485 4306 2516 4340 a
2544 4288 2731 4343 saeculo
2761 4288 2857 4341 viri
2877 4289 3081 4356 famosi.
3100 4288 3196 4344 Ubi
3228 4291 3573 4359 septuaginta

1988 4358 2308 4426 Interpretes
2328 4361 2377 4414 in
2398 4360 2634 4414 editiOue
2654 4360 2954 4418 vetustiori,
2972 4374 3129 4425 quam
3158 4360 3310 4413 Philo
3326 4360 3570 4426 Judzeus,

1990 4429 2252 4499 Eusebius
2280 4431 2440 4484 etalii
2472 4431 2639 4484 secuti
2668 4441 2791 4483 sunt
2819 4428 2999 4497 (Philo
3023 4429 3114 4482 lib.
3140 4432 3201 4483 de
3228 4429 3572 4499 Gigantibus;

1987 4498 2200 4571 Ioseph.
2240 4501 2327 4555 lib.
2371 4517 2389 4554 ι
2426 4501 2597 4567 Antiq.
2638 4517 2684 4553 c.
2723 4505 2790 4571 5_;
2832 4500 3078 4571 Eusebius
3118 4500 3272 4571 libtv
3296 4498 3570 4571 ’Evangel.

1992 4569 2253 4643 I’rtepar.;
2279 4572 2505 4626 Clemens
2532 4569 2815 4643 Aleaandrt
2849 4570 2936 4623 lib.
2971 4585 3026 4622 tn
3057 4580 3102 4623 et
3126 4586 3157 4622 ν
3192 4569 3570 4643 Strom.),pro

299 4630 423 4695 sunt
450 4630 736 4715 exorcismi
752 4684 767 4708 ,
795 4644 993 4697 dicente
1014 4630 1117 4696 'sibi
1142 4630 1377 4715 episcopo
1400 4659 1418 4696 :
1446 4630 1632 4712 Accipe
1664 4630 1886 4715 et__coin-
1908 4630 1963 4690 D
1990 4630 2122 4695 ﬁl’iis'
2146 4630 2536 4715 Dei'verteruttt
2557 4681 2569 4702 ,
2600 4642 2666 4715 oi_
2683 4638 2882 4712 ἄγγελοι
2906 4647 2998 4715 τοῦ
3043 4648 3170 4715 esse
3190 4681 3205 4705 ,
3238 4630 3567 4715 angeliZDei,

304 4711 495 4763 menda
526 4714 802 4782 memoriae,
830 4722 875 4766 et
907 4715 1086 4768 habeto
1130 4711 1422 4782 potestatem
1447 4711 1742 4783 impetrandi
1776 4729 1887 4783 ma-

307 4796 408 4855 nus
434 4796 588 4855 super
607 4781 999 4855 energumenum
1027 4785 1099 4855 (id
1131 4781 1231 4845 est,
1254 4786 1505 4854 agitatum
1523 4781 1561 4837 ia
1591 4781 1882 4855 daemone),

304 4852 414 4905 sive
444 4851 778 4921 baptizatum,
805 4856 907 4910 sire
930 4851 1367 4910 catechumenum.
1402 4856 1631 4924 Eratque
1657 4854 1794 4908 adeo
1831 4851 1884 4908 in

304 4936 408 4976 usu
439 4934 563 4978 tunc
587 4926 840 4992 temporis
862 4927 1102 4992 (sicutet
1132 4925 1294 4994 nunc)
1327 4928 1479 4980 istius
1502 4926 1739 4979 muneris
1765 4924 1886 4979 fun-

303 4995 435 5056 ctio,
470 5003 526 5047 ut
553 4994 694 5050 idem
727 4995 1058 5065 Augustinus
1108 4998 1158 5051 in
1210 4998 1497 5066 proverbio
1539 5000 1698 5066 etiam
1728 5010 1884 5066 usur-

306 5066 536 5131 paverit,
562 5063 1225 5121 rel‘erensDonatistaruui
1258 5068 1309 5120 in
1341 5068 1632 5122 collatione
1656 5063 1883 5119 Cartha-

303 5134 516 5202 ginensi
561 5139 1059 5206 tergiversationes,
1112 5154 1177 5191 ne
1225 5138 1294 5191 ibi
1325 5140 1570 5207 qumdam
1598 5148 1733 5207 acta,
1767 5152 1885 5200 quae

304 5220 493 5259 eorum
517 5205 751 5261 schisnta
777 5208 1187 5273 confunderent,
1224 5205 1528 5276 legerentur
1560 5224 1572 5258 :
1606 5205 1650 5258 0
1675 5222 1883 5272 magna,

305 5278 498 5345 inquit.
520 5279 610 5329 sed
633 5294 733 5330 non
758 5279 991 5330 miranda
1012 5279 1286 5348 confusio!
1304 5278 1509 5345 quando
1528 5277 1659 5348 enim
1685 5276 1886 5329 damon

301 5348 378 5397 sic
410 5349 713 5400 exorcistam
734 5349 961 5409 timeret.
986 5345 1241 5417 quomodo
1269 5350 1546 5400 timuerunt
1580 5345 1881 5415 Donatistte,

304 5433 370 5468 ne
408 5418 507 5469 ista
539 5420 865 5487 legerentur?
893 5421 957 5472 At
986 5420 1052 5472 de
1083 5419 1271 5470 ordine
1303 5426 1357 5471 et
1385 5417 1702 5485 antiquitate
1732 5432 1887 5469 exor—

302 5492 562 5540 cistarum
594 5487 715 5541 vide
745 5492 895 5557 plura
925 5488 1062 5555 apud
1096 5490 1380 5542 B-troniutn
1413 5498 1556 5540 tonio
1587 5487 1756 5555 primo
1781 5490 1883 5541 Ana

304 5558 509 5630 naliu‘m
538 5558 687 5627 (Sub
710 5575 846 5630 anno
877 5559 1068 5611 Christi
1095 5560 1207 5630 56).

380 5638 404 5665 ⁸
432 5627 590 5683 Alter
618 5629 811 5681 modus
838 5627 1457 5689 subiiciendi'dmmones
1477 5671 1489 5692 ,
1517 5638 1601 5680 aut
1631 5630 1691 5681 iis
1722 5630 1890 5697 impe-

308 5701 465 5752 randi
493 5742 505 5759 ,
558 5714 722 5770 quem
776 5700 1010 5751 diximus
1044 5710 1361 5758 potestatem
1402 5701 1741 5763 tlialiolicam,
1791 5716 1891 5770 qua

301 5780 534 5833 utuntur
562 5769 705 5843 magi
737 5780 791 5827 et
823 5771 1052 5827 maleﬁci
1082 5812 1094 5843 ,
1142 5773 1442 5836 daemonum
1473 5775 1707 5839 cultores
1730 5812 1743 5839 ,
1802 5769 1893 5835 eos

1993 4712 2262 4777 quomodo
2287 4714 2416 4766 citat
2444 4711 2604 4765 etiam
2634 4710 2695 4763 D.
2723 4710 3048 4777 Augustinus
3072 4714 3160 4765 lib.
3192 4728 3284 4767 xw
3315 4713 3381 4766 de
3407 4712 3571 4768 Civit.

1996 4782 2089 4836 Dei
2106 4796 2229 4851 cap.
2251 4784 2343 4839 25.
2362 4782 2578 4850 Peperit
2604 4790 2779 4834 autem
2807 4780 2921 4835 haec
2947 4783 3256 4852 angelorum
3281 4784 3572 4851 appellatio

1994 4867 2276 4920 perperam
2318 4854 2488 4922 posita
2534 4853 2793 4904 maximas
2835 4852 3201 4920 difﬁcultates,
3235 4865 3286 4909 et
3311 4856 3361 4907 in
3393 4854 3571 4909 varias

1990 4928 2303 4989 sententias,
2334 4926 2495 4976 immo
2521 4923 2679 4975 etiam
2705 4936 2919 4976 errores
2951 4934 3159 4980 mentes
3192 4925 3462 4979 hominum
3486 4924 3570 4977 di-

1990 4995 2199 5064 straxit.
2232 4994 2461 5057 Quidam
2508 4995 2649 5046 enim
2694 5001 2945 5060 putarunt
2990 4995 3300 5064 angelorum
3351 4995 3568 5048 nomine

1988 5063 2282 5131 signiﬁcari
2326 5065 2545 5134 angelos
2594 5073 2842 5128 sanetos,
2876 5066 2964 5127 qui
3015 5063 3126 5118 tum
3179 5066 3403 5131 primum
3443 5079 3567 5119 cum

1994 5133 2308 5187 mulieribus
2334 5133 2629 5204 peccarint,
2661 5143 2715 5187 et
2738 5134 2808 5187 ob
2842 5135 2890 5185 id
2924 5150 2952 5186 e
2975 5135 3113 5204 cmlo
3137 5135 3336 5189 exclusi
3370 5145 3423 5186 et
3445 5149 3572 5201 pro-

1993 5204 2175 5274 scripti
2206 5203 2344 5258 sint.
2368 5205 2459 5260 Sic
2491 5205 2801 5259 Lactantius
2830 5204 2923 5257 lib.
2956 5220 2991 5257 tl
3034 5203 3207 5257 Divin.
3244 5204 3414 5257 Instit.
3447 5221 3567 5274 cap.

1996 5272 2062 5325 15
2090 5272 2113 5326 ;⁷
2135 5273 2283 5339 Cum,
2318 5275 2507 5345 inquit,
2559 5292 2798 5328 numerus
2832 5276 3094 5328 hominum
3138 5276 3369 5345 cwpisset
3405 5272 3573 5327 incre-

1994 5361 2151 5410 scere,
2186 5344 2458 5415 providens
2498 5346 2637 5399 Deus
2667 5363 2726 5398 ne
2772 5346 3036 5415 fraudibus
3065 5346 3170 5397 suis
3199 5344 3457 5408 diabolus,
3489 5347 3573 5399 cui

1995 5416 2055 5468 ab
2081 5417 2228 5470 initio
2246 5427 2391 5470 terra:
2416 5417 2625 5470 dederat
2654 5426 2967 5487 potestatem,
3000 5417 3077 5469 vel
3098 5426 3466 5487 corrumperet,
3497 5424 3575 5466 vet

1996 5489 2310 5553 disperderet
2341 5489 2569 5541 homines
2599 5486 2725 5557 quos
2748 5490 2800 5540 in
2831 5488 3040 5541 exordio
3072 5488 3278 5557 fecerat,
3311 5486 3446 5557 misit
3472 5502 3574 5557 gan-

1992 5561 2135 5629 gelos
2180 5560 2246 5613 ad
2297 5560 2509 5613 tutelam
2551 5554 2835 5627 cultumque
2876 5554 3079 5627 generis
3119 5556 3351 5617 humani,
3393 5554 3578 5629 quibus

1996 5625 2236 5701 prmcepit
2276 5642 2394 5683 ante
2442 5632 2612 5684 omnia
2658 5647 2720 5682 ne
2755 5625 2913 5701 terra;
2958 5629 3264 5701 contagione
3300 5625 3573 5701 maculati,

1995 5696 2291 5755 substantia:
2314 5703 2526 5756 caelestis
2552 5702 2843 5753 amitterent
2881 5698 3203 5771 dignitatem.
3240 5697 3424 5766 Itaque
3459 5696 3577 5771 illos

1998 5788 2113 5828 cum
2154 5773 2441 5835 hominibus
2469 5782 2837 5829 commorantes
2866 5767 3161 5829 dominator
3184 5771 3274 5826 ille
3300 5778 3448 5825 terra:
3478 5767 3572 5834 t'ql~
