4048 6198
553 299 665 364 ⁸189

1593 291 1874 350 JOANNIS
1915 290 2230 347 CASSIANI
2267 288 2756 346 COLLATIONES.

3720 288 3846 349 760

553 421 962 493 perstitiontbus
984 426 1102 472 lSllS
1127 423 1178 470 et
1204 411 1481 482 sacrilegis
1509 409 1611 464 fuit
1637 409 1845 464 artibus
1875 421 1938 461 ac
1960 405 2141 477 profa-
2167 407 2222 468 Α
2245 402 2593 459 mundatione
2621 401 2812 456 diluvii
2843 403 2975 456 alias
3005 403 3234 456 mundus
3263 401 3475 472 expiari
3496 416 3603 458 non
3630 415 3842 474 posset.

566 519 637 571 iis
664 516 912 578 inlectus,
945 512 1123 565 sciens
1163 506 1362 561 nullum
1417 517 1477 557 se
1517 516 1675 572 posse
1712 515 1877 569 super
1909 499 1992 552 his
2020 513 2134 552 me-

550 605 836 661 morialem
885 603 1083 656 librum
1111 600 1164 653 in
1196 611 1375 651 arcam
1416 608 1638 665 prorsus
1679 593 1897 655 inferre,
1940 591 1994 646 in
2033 605 2137 660 qua

494 729 508 740 ρ
550 707 670 754 erat
700 711 802 749 una
833 708 954 748 cum
985 700 1142 760 patre
1188 688 1336 758 justo
1384 701 1446 741 ac
1497 685 1699 740 sanctis
1752 683 2005 739 fratribus
2051 684 2137 737 in-

485 785 509 833 ’ἐ
551 805 852 859 gressurus,
887 797 913 824 α
942 787 1202 842 scelestas
1223 791 1368 837 artes
1389 796 1452 835 ac
1485 779 1705 849 profana
1727 788 2030 833 commenta
2059 776 2139 831 di-

552 897 833 937 versorum
867 879 1206 935 metallorum
1235 875 1469 938 laminis,
1502 887 1619 942 quae
1639 872 1847 926 scilicet
1876 885 2139 940 aquarum

462 957 511 984 ⁴“
553 973 908 1030 inundatione
933 969 1206 1038 corrumpi
1235 983 1341 1022 non
1377 972 1622 1035 possent,
1656 973 1710 1019 et
1731 962 2036 1018 durissimis
2064 962 2141 1014 la-

553 1067 771 1136 pidibus
795 1065 1096 1133 insculpsit.
1129 1063 1281 1129 Quae,
1312 1062 1513 1118 diluvio
1539 1071 1779 1132 peracto,
1819 1060 2006 1116 eadem
2038 1073 2144 1130 qua

554 1157 828 1213 celaverat
866 1157 1180 1210 curiositate
1227 1155 1575 1223 perquirens,
1628 1153 2031 1223 sacrilegiorum
2084 1166 2145 1206 ac

555 1261 834 1318 perpetuat
865 1249 1116 1316 nequitiae
1163 1247 1513 1302 seminarium
1561 1247 1860 1302 transmisit
1884 1246 1938 1300 in
1969 1255 2142 1315 poste-

556 1355 673 1396 ros.
712 1340 820 1394 Hac
849 1341 1028 1409 itaque
1052 1340 1260 1392 ratione
1286 1339 1376 1392 illa
1399 1339 1581 1406 opinio
1602 1338 1768 1408 vulgi,
1793 1353 1896 1406 qua
1919 1336 2146 1391 credunt

557 1433 780 1502 angelos
829 1434 916 1486 vel
965 1431 1230 1486 maleﬁcia
1255 1431 1340 1486 vel
1380 1429 1625 1486 diversas
1657 1440 1803 1485 artes
1839 1428 2147 1487 hominibus

559 1527 867 1592 tradidisse,
903 1527 955 1579 in
985 1526 1214 1580 veritate
1241 1525 1505 1593 completa
1536 1533 1637 1577 est.
1671 1521 1698 1560 δ
1745 1522 1821 1576 De
1846 1522 1957 1576 illis
1995 1535 2145 1590 ergo,

559 1619 1018 1690 quemadmodum
1050 1618 1310 1684 diximus,
1344 1616 1470 1671 ﬁliis
1513 1600 1646 1671 Séth
1673 1623 1726 1670 et
1758 1614 1968 1668 ﬁliabus
1993 1611 2146 1676 Cain,

563 1713 854 1782 nequiores
887 1709 984 1763 ﬁlii
1032 1711 1296 1779 procreati
1327 1719 1472 1774 sunt,
1502 1710 1592 1779 qui
1623 1708 1840 1762 fuerunt
1886 1707 2150 1761 robustis-

2247 497 2320 551 lta
2351 512 2479 565 ergo
2507 494 2636 549 ﬁliis
2663 493 2792 550 Setb
2824 494 3062 548 libidinis
3094 495 3438 566 instigatione
3484 501 3844 567 transgressi

2241 589 2374 643 illud
2425 587 2740 642 mandatum
2789 587 2932 656 quod
2962 587 3030 642 ab
3057 588 3290 642 exordio
3326 587 3514 643 mundi
3547 587 3708 657 hujus
3743 605 3844 644 na-

2243 682 2398 737 turali
2430 680 2686 735 instinctu
2711 680 3012 734 diutissime
3033 678 3209 734 fuerat
3235 680 3594 750 custoditum,
3613 697 3845 739 necesse

2246 776 2348 830 fuit
2374 789 2469 844 per
2491 774 2726 827 litteram
2771 773 2906 842 legis
2935 783 3118 842 postea
3149 775 3385 843 reparari
3417 789 3432 827 :
3470 771 3670 828 Filiam
3701 785 3847 829 tuam

2243 885 2348 922 non
2375 867 2522 921 dabis
2548 868 2661 936 ﬁlio
2687 870 2799 938 ejus
2829 883 3066 932 uxorem,
3098 882 3190 919 nec
3212 868 3273 921 de
3300 866 3513 936 ﬁliabus
3542 884 3723 922 eorum
3755 886 3847 922 ac—

2244 961 2400 1028 cipies
2428 958 2538 1028 ﬁlio
2561 966 2670 1023 tuo,
2702 958 2789 1028 qui
2815 959 3054 1012 seducent
3077 959 3235 1011 corda
3273 968 3460 1023 vestra,
3485 968 3541 1012 ut
3563 960 3849 1014 discedatis

2244 1069 2278 1106 a
2304 1053 2412 1104 Deo
2455 1061 2641 1114 vestro,
2675 1061 2722 1104 et
2765 1050 3048 1119 sequamini
3092 1051 3217 1104 deos
3266 1067 3470 1115 earum,
3500 1066 3564 1103 ac
3608 1051 3852 1106 serviatis

2245 1144 2319 1197 eis
2351 1142 2366 1166 ‘
2382 1141 2538 1196 Deut.
2569 1157 2638 1195 vu
2656 1139 2695 1209 ).

2814 1271 3042 1328 CAPUT
3091 1271 3235 1327 XXII

2253 1433 2484 1504 Objectio
2515 1431 2948 1504 quemadmodum
2974 1431 3149 1504 generi
3176 1429 3302 1504 Sella
3331 1433 3686 1504 cumﬁliabus
3718 1435 3847 1488 Cain

2320 1502 2542 1574 profana
2583 1503 2882 1556 commixtio
2923 1511 3042 1555 ante
3077 1502 3406 1555 interdictum
3450 1503 3583 1575 legis
3623 1506 3850 1573 potueris

2324 1575 2591 1642 imputari.

2322 1707 2624 1763 Germanus
2659 1724 2670 1759 :
2700 1706 2890 1761 Merito
2921 1707 3185 1777 potuisset
3209 1706 3315 1760 illis
3340 1721 3406 1761 ex
3438 1707 3540 1762 hac
3577 1723 3845 1776 praesum-

561 1804 683 1856 simi
713 1810 1028 1864 venatores,
1056 1800 1435 1855 violentissimi
1460 1815 1523 1854 ac
1550 1799 2134 1864 truculentissimiviri,
2171 1801 2218 1862 B
2245 1800 2427 1870 ptione
2473 1799 2710 1868 conjugii
2748 1799 2955 1853 crimen
3009 1799 3454 1868 transgressionis
3500 1799 3742 1864 ascribi,
3791 1799 3837 1853 si

564 1894 654 1962 qui
685 1908 782 1960 pro
810 1893 1133 1946 enormitate
1163 1906 1449 1961 corporum
1472 1892 1557 1946 vel
1583 1891 1919 1947 crudelitatis
1943 1907 2006 1946 ac
2035 1907 2148 1946 ma-

563 1987 713 2054 litiae,
764 1989 1005 2056 gigantes
1037 1990 1330 2056 nuncupati
1358 1997 1483 2041 sunt
1514 1984 1732 2057 (Cenes.
1776 1986 1874 2057 vr).
1904 1987 1966 2040 Hi
1998 2002 2150 2041 nam-

562 2094 666 2144 que
700 2077 956 2130 ﬁnitimos
983 2079 1226 2146 populari
1252 2092 1315 2132 ac
1335 2078 1549 2146 rapinas
1571 2079 1712 2132 inter
1731 2077 1974 2132 homines
1997 2093 2148 2132 exer-

563 2185 687 2223 cere
721 2169 876 2238 primi
921 2179 1223 2237 coeperunt.
1256 2169 1436 2239 praeda
1464 2171 1640 2239 potius
1670 2170 1947 2239 exigentes
1985 2169 2148 2223 vitam

562 2276 737 2322 suam,
781 2278 940 2331 quam
973 2263 1170 2317 sudore
1199 2265 1378 2330 operis
1415 2264 1498 2318 sui
1544 2277 1606 2317 ac
1654 2262 1840 2317 labore
1876 2263 2148 2328 contenti;

563 2365 617 2407 et
640 2369 868 2424 quorum
897 2371 1067 2424 usque
1086 2356 1224 2410 adeo
1246 2356 1454 2411 scelera
1480 2364 1947 2425 supercreverant,
1965 2364 2021 2408 ut
2051 2354 2149 2409 nisi

2256 1894 2376 1947 data
2407 1891 2598 1946 fuisset
2626 1891 2732 1946 illis
2761 1891 2862 1945 ista
2897 1891 3223 1960 prteceptio;
3251 1899 3307 1958 at
3335 1905 3459 1943 cum
3489 1891 3844 1958 sejunctionis

2256 1983 2410 2037 istius
2439 1982 2785 2038 observantia
2815 1982 3044 2036 necdum
3071 1981 3245 2048 aliqua
3279 1979 3472 2034 inisset
3500 1981 3842 2035 constitutio—

2257 2092 2325 2130 ne
2368 2076 2608 2141 prtelixa,
2648 2073 3100 2142 quemadmodum
3145 2071 3252 2126 illis
3293 2072 3574 2141 permixtio
3614 2073 3842 2141 generis

2256 2169 2323 2223 ad
2363 2184 2563 2223 noxam
2593 2167 2781 2222 debuit
2811 2167 3084 2236 imputari,
3125 2181 3246 2234 quas
3277 2165 3425 2218 nullo
3456 2166 3614 2219 fuerat
3658 2165 3838 2219 inter-

2257 2262 2397 2317 dicta
2427 2261 2712 2315 mandato?
2746 2270 2768 2298 ο
2801 2259 2913 2314 Lex
2943 2260 3087 2314 enim
3119 2272 3225 2314 non
3257 2259 3529 2328 praeterita
3567 2257 3704 2313 solet
3729 2259 3841 2314 cri-

2259 2356 2426 2420 mina,
2460 2353 2554 2410 sed
2585 2353 2762 2408 futura
2792 2352 3068 2408 damnare.

1629 2492 1885 2546 ALARDI
1922 2490 2148 2547 GAZIEI
2187 2490 2740 2548 COMMENTARIUS.

567 2609 724 2676 (Vide
771 2607 1000 2660 Plinium
1049 2603 1188 2676 Hist.
1227 2603 1313 2655 lib.
1365 2619 1505 2676 xxx,
1527 2619 1642 2672 cap.
1679 2604 1731 2676 lg)
1767 2622 1778 2655 :
1820 2601 2140 2676 Docueruﬁnt,

565 2673 656 2736 ait,
691 2679 915 2729 homines
945 2675 1077 2741 quod
1104 2676 1357 2727 daemones
1386 2674 1577 2726 artibus
1605 2673 1917 2744 quibusdam
1945 2675 2145 2728 obedire

568 2749 866 2802 mortalibus
911 2754 1135 2814 possent,
1184 2762 1244 2797 ac
1285 2745 1418 2797 velut
1449 2761 1509 2797 ea:
1538 2746 1748 2815 fornace
1800 2747 2049 2814 quadam,
2098 2757 2146 2799 et

567 2820 768 2887 ofﬁcina
797 2817 1008 2868 malitiw
1044 2824 1204 2867 totum
1234 2817 1504 2887 mundum,
1536 2817 1794 2887 subtracto
1831 2819 2034 2884 pietatis
2063 2817 2145 2869 lu-

568 2885 720 2954 mine,
772 2889 1046 2953 impietatis
1089 2890 1228 2952 [unto
1270 2886 1608 2952 repleverunt.
1661 2885 1766 2939 Pro
1817 2889 1894 2941 his
1935 2897 1980 2939 et
2027 2888 2145 2942 aliis

568 2959 829 3012 nonnullis
856 2959 1023 3010 causis
1057 2957 1300 3009 diluvium
1329 2958 1520 3008 mundo
1562 2956 1913 3011 introductum
1944 2966 2014 3011 est
2037 3000 2050 3020 ,
2097 2967 2143 3011 et

569 3047 740 3082 omnes
769 3029 854 3097 qui
882 3037 1025 3081 erant
1058 3044 1206 3098 super
1234 3038 1414 3086 terras,
1445 3028 1596 3082 deleti
1622 3038 1764 3094 sunt,
1795 3037 2003 3098 excepta
2034 3029 2146 3082 Noe

570 3102 788 3164 familia,
821 3099 908 3166 qui
957 3115 1069 3149 cum
1111 3099 1270 3150 tribus
1305 3099 1427 3163 ﬁliis
1474 3115 1744 3165 eorumque
1786 3099 2031 3152 umoribus
2061 3116 2148 3152 su-

569 3173 779 3239 perfuit,
813 3170 1080 3239 exquibus
1112 3184 1246 3220 unus
1282 3168 1444 3220 Cham
1474 3171 1677 3222 nomine
1704 3171 1908 3223 cuidam
1937 3185 1999 3222 ea:
2023 3169 2146 3238 ﬁliis

2249 2604 2598 2658 dilaberentur
2627 2607 2690 2658 ab
2722 2606 3034 2669 hominibus,
3067 2621 3181 2675 qua:
3209 2607 3272 2659 ab
3302 2607 3373 2659 eis
3401 2607 3612 2659 inventa
3643 2608 3837 2674 fuerant

2249 2685 2338 2726 aut
2360 2685 2636 2743 antequam
2658 2678 2879 2730 venirent
2907 2677 2975 2728 ad
3001 2677 3361 2746 cognitionem,
3388 2676 3700 2743 deperirent,
3730 2693 3840 2728 cum

2251 2747 2572 2812 prtrdizrisset
2630 2747 2797 2799 Adam
2843 2748 3314 2800 exterminationem
3363 2763 3538 2799 rerum
3590 2750 3832 2809 omnium,

2249 2833 2404 2887 unam
2430 2817 2561 2885 ignis
2590 2818 2794 2879 virtute,
2826 2818 3044 2871 alteram
3070 2833 3322 2887 aquarum
3345 2818 3392 2868 vi
3419 2834 3482 2869 ac
3510 2820 3840 2871 multitudine

2249 2886 2359 2955 fore
2380 2897 2677 2954 venturam;
2705 2887 2832 2942 duas
2857 2891 3096 2955 facientes
3116 2886 3408 2952 columnas,
3436 2888 3599 2940 aliam
3622 2905 3686 2941 ex
3707 2889 3837 2952 lapi-
3859 2916 3868 2924 ι

2249 2957 2420 3022 dibus,
2453 2958 2609 3010 aliam
2647 2975 2710 3013 ex
2747 2958 3028 3024 lateribus;
3065 2959 3309 3012 ambabus
3330 3003 3344 3023 ,
3372 2974 3486 3028 quae
3518 2962 3835 3022 invenerant,

2251 3031 2660 3094 conscripserunt
2681 3047 2698 3092 ;
2721 3038 2777 3081 ut
2798 3031 2841 3083 si
2859 3038 3148 3083 constructa
3163 3029 3402 3082 lateribus
3414 3032 3840 3083 exterminaretur

2252 3098 2316 3150 ab
2345 3100 2606 3160 imbribus,
2630 3101 2833 3170 lapidea
2857 3116 3156 3167 permanens
3191 3101 3480 3153 hatninibus
3500 3099 3739 3154 discendi
3759 3116 3840 3153 co-

2255 3170 2392 3242 piam
2439 3171 2666 3236 faceret;
2705 3179 2752 3242 et
2790 3186 2905 3242 qua:
2941 3171 3184 3236 inscripta
3224 3170 3536 3242 continebat,
3563 3171 3842 3241 spectanda

570 3232 697 3298 suis.
731 3232 820 3309 qui
853 3232 1088 3291 Misraim
1122 3239 1497 3359 appellabatur,
1549 3256 1579 3291 a
1625 3256 1723 3309 quo
1755 3232 2144 3310 zEggptiorum,
2177 3232 2222 3294 C
2253 3232 2532 3293 exhiberet.
2593 3232 2663 3292 lta
2723 3232 3014 3307 Iosephus.
3074 3232 3243 3308 Quam
3304 3232 3602 3294 historiam'
3644 3243 3837 3310 insigni

570 3323 615 3359 rt
642 3309 1066 3359 Babyloniorum.
1093 3325 1151 3359 ac
1230 3323 1462 3359 ersarum
1489 3325 1667 3359 (lenus.
1686 3311 1822 3359 male
1845 3320 2153 3359 conmertam
2258 3319 2511 3359 noemate
2541 3313 2804 3359 exnressit
2825 3322 2873 3359 et
2903 3312 3193 3359 illustravit
3218 3310 3538 3359 Guilielmus
3567 3311 3837 3359 Salustius

570 3323 615 3362 (Ἰ
642 3309 1066 3380 Babyloniorum,
1093 3325 1153 3380 ac
1181 3309 1462 3380 Persarum
1488 3325 1667 3380 genus,
1686 3309 2153 3380 male’compertam

573 3377 820 3450 magicam
867 3379 1077 3431 tradidit
1121 3378 1465 3451 disciplinam.
1499 3377 1654 3451 Hunc
1684 3388 1856 3451 gentes
1892 3377 2008 3449 qua:
2034 3387 2155 3432 tunc

571 3447 736 3512 erant,
769 3451 1094 3504 Zoroastrem
1135 3447 1537 3519 appellaverunt,
1573 3447 1912 3502 admirantes
1934 3451 2153 3511 primum

573 3523 784 3590 magica:
821 3523 947 3573 artis
986 3529 1264 3579 auctorem,
1305 3521 1450 3589 cujus
1482 3521 1682 3573 nomine
1712 3521 1864 3572 etiam
1893 3520 2008 3573 libri
2038 3521 2156 3590 plu-

571 3593 688 3644 rimi
735 3609 887 3660 super
935 3591 1031 3644 Itoc
1077 3590 1347 3642 habentur.
1406 3590 1533 3644 llzec
1579 3591 1832 3645 (llemens
1889 3591 2150 3660 pontifex.

571 3664 741 3716 Porro
780 3661 1069 3717 Zoroastes
1101 3662 1184 3715 vel
1215 3661 1499 3715 Zoroaster
1532 3676 1636 3715 non
1681 3679 1838 3729 unus,
1873 3662 1967 3715 sed
2000 3663 2152 3717 multi

573 3732 741 3799 fuere,
778 3745 833 3788 ut
860 3750 926 3786 ex
958 3733 1202 3786 Arnobio
1243 3741 1297 3786 et
1321 3733 1439 3785 aliis
1470 3731 1638 3786 refert
1666 3733 1734 3786 Μ.
1768 3732 1979 3786 Delrius
2007 3733 2102 3785 lib.
2136 3751 2150 3787 I

570 3804 640 3857 de
671 3806 836 3874 Magia
868 3804 1017 3874 (Cap.
1042 3803 1116 3872 3).
1149 3803 1360 3856 Primus
1384 3803 1472 3856 ille
1493 3802 1800 3868 Chaldmus,
1833 3805 1900 3858 de
1929 3818 2037 3873 quo
2065 3803 2153 3859 hic

571 3876 766 3942 agitur,
819 3876 960 3928 ﬁlius
1007 3875 1140 3936 Noe,
1192 3877 1331 3926 alias
1374 3875 1531 3941 llam,
1575 3875 1690 3928 sive
1736 3875 1902 3928 Chant
1953 3875 2150 3938 dictus,

575 3948 764 4014 magia:
788 3949 1056 4007 inventor,
1085 3945 1153 3998 de
1181 3960 1285 4012 quo
1315 3944 1565 4014 Clemens
1598 3947 1870 3999 Romanus
1895 3959 2092 4012 supra;
2119 3961 2150 3999 a

571 4013 681 4082 quo
704 4032 850 4084 saape
877 4019 930 4069 in
962 4018 1134 4069 sacris
1162 4015 1356 4068 litteris
1390 4013 1561 4084 (Psal.
1587 4030 1672 4068 CIV
1693 4026 1740 4068 et
1765 4015 1852 4083 cv)
1885 4015 2150 4084 Egyptus

570 4096 713 4139 terra
745 4087 912 4142 Cham
946 4097 1305 4151 nuncupatur,
1352 4096 1574 4137 auctore
1619 4086 1678 4136 D.
1727 4086 2054 4150 llieronytno
2096 4087 2146 4138 in

571 4156 774 4220 Quaest.
794 4157 1092 4212 Hebraicis.
1111 4155 1394 4209 Secundus
1418 4155 1756 4218 Bactrianus,
1786 4169 1878 4207 seu
1913 4155 2151 4208 Baetria-

572 4240 766 4279 norutn
821 4243 948 4289 rex,
982 4228 1071 4295 qui
1101 4239 1220 4277 cum
1249 4224 1386 4277 Nino
1419 4240 1543 4291 rege
1573 4227 1919 4294 Assyriorum
1951 4225 2147 4278 bellum

570 4296 754 4360 gessit,
804 4311 832 4347 a
873 4311 982 4363 quo
1019 4306 1074 4347 ct
1112 4296 1284 4363 victus
1316 4302 1369 4346 et
1403 4308 1570 4361 regno
1612 4299 1798 4360 pulsus
1827 4302 1945 4358 est;
1989 4311 2147 4361 quem

573 4375 749 4416 tamen
797 4362 992 4418 Suidas
1035 4379 1161 4417 cum
1204 4362 1385 4428 priore
1425 4365 1758 4419 confundere
1795 4365 2027 4418 videtur.
2073 4365 2148 4421 De

570 4433 759 4505 eodem
793 4435 996 4487 Plinius
1024 4445 1079 4488 et
1103 4433 1345 4505 Justinus
1369 4434 1607 4489 historici
1632 4434 1799 4505 (Plin.
1826 4435 1863 4488 ι.
1890 4450 1994 4488 xxx
2020 4453 2063 4490 c.
2093 4439 2143 4501 ις

567 4503 708 4556 Just.
741 4505 827 4560 lib.
858 4521 905 4568 t;
937 4506 1093 4558 Clem.
1127 4503 1165 4556 l.
1197 4520 1212 4558 ι
1242 4504 1541 4573 Stromat.).
1571 4503 1785 4559 Tertius
1816 4505 2146 4571 Pamphilius

567 4589 788 4646 genere,
820 4576 908 4643 qui
936 4587 989 4629 et
1017 4576 1150 4629 Erus
1180 4575 1376 4637 dictus,
1409 4577 1476 4630 de
1501 4591 1608 4646 quo
1633 4577 1885 4631 Clemens
1914 4576 2145 4632 Alexan-

567 4645 774 4698 drinus.
809 4647 1040 4711 Quartus
1071 4647 1306 4711 denique
1340 4645 1631 4701 Armenius
1669 4647 1923 4702 l-lostanis
1954 4662 2142 4712 nepos.

641 4725 665 4752 τι
702 4716 958 4771 Videntur
1011 4717 1122 4770 haec
1172 4733 1237 4770 ex
1291 4717 1637 4771 llebrteorum
1694 4733 1798 4772 non
1853 4718 2141 4773 admodum

565 4795 712 4860 eet-ta
745 4797 798 4840 et
829 4790 1136 4842 authentica
1171 4787 1461 4860 traditione
1502 4798 1760 4860 accepta:
1793 4803 1914 4860 cum
1946 4805 2048 4844 nec
2077 4790 2142 4844 D.

566 4857 945 4927 Hieronymus,
976 4873 1077 4914 nec
1115 4859 1253 4912 alius
1292 4853 1991 4928 antiquorum'scriptorum
2024 4876 2137 4916 me-

564 4929 803 4982 minerit.
845 4929 1044 4982 lloruni
1091 4940 1272 4984 tamen
1303 4932 1496 4984 similia
1527 4931 1716 4985 scribit
1743 4939 1932 4984 auctor
1965 4931 2143 4986 Histo-

560 5000 656 5053 ria:
686 5001 1035 5072 Scholasticaa
1065 5000 1164 5069 (In
1195 4999 1374 5054 Cenes.
1407 5017 1525 5068 cap.
1558 5003 1751 5072 χχχιιι)
1784 5019 1796 5052 :
1828 5001 2018 5066 Ninus,
2053 5002 2138 5056 in-

558 5073 690 5143 quit,
725 5072 842 5124 vicit
871 5070 1054 5137 Cham,
1085 5073 1173 5141 qui
1200 5072 1374 5125 adhuc
1404 5072 1618 5133 vivebat,
1651 5085 1696 5125 et
1725 5070 1968 5143 regnabat
1997 5073 2140 5143 apud

558 5139 899 5212 Bactrianos;
937 5144 1032 5206 vel,
1075 5139 1130 5194 ut
1159 5145 1324 5212 placet
1349 5144 1486 5204 aliis,
1519 5143 1570 5195 in
1599 5139 1844 5206 Thracia,
1877 5156 1922 5197 et
1952 5139 2134 5212 appel-

557 5210 760 5264 labatur
791 5211 1084 5272 Zoroaster,
1115 5210 1344 5266 inventor
1373 5213 1586 5281 magicaz
1631 5217 1787 5277 artis;
1814 5215 1899 5282 qui
1925 5222 1973 5264 et
2002 5210 2135 5268 hanc

557 5291 602 5331 ct
634 5294 821 5348 septem
866 5285 1098 5336 liberales
1139 5295 1271 5336 artes
1300 5285 1685 5352 quatuordecim
1714 5284 1963 5337 columnis
2007 5287 2136 5338 scri-

2173 4616 2224 4675 D

2258 3319 2511 3378 poemate
2541 3313 2804 3380 expressit
2825 3322 2873 3365 et
2903 3312 3193 3365 illustravit
3218 3310 3538 3366 Guilielmus
3567 3311 3841 3366 Salustius

2258 3391 2411 3446 poeta
2439 3380 2626 3453 Gallus
2653 3381 2710 3453 (2
2738 3381 2909 3435 Hebd.
2944 3380 3039 3433 ult.
3071 3383 3288 3452 poem).
3314 3381 3433 3435 Tali
3461 3382 3628 3450 igitur
3650 3399 3842 3437 exent-

2257 3453 2369 3522 plo,
2402 3452 2496 3505 sed
2531 3452 2789 3518 perversa
2819 3452 3158 3506 aemulatione
3201 3461 3257 3506 et
3300 3453 3526 3506 solertia
3573 3454 3668 3522 (ut
3713 3463 3844 3507 sunt

2258 3520 2353 3591 lilii
2386 3522 2542 3591 hujus
2572 3523 2754 3577 s:rcnli
2798 3539 2901 3577 non
2945 3524 3122 3576 minus
3164 3523 3478 3591 prudentes,
3512 3520 3673 3576 immo
3706 3539 3840 3590 pru-

2257 3590 2532 3664 dentiores
2565 3593 2688 3647 ﬁliis
2719 3593 2878 3664 lucis)
2904 3590 3178 3664 credibile
3196 3603 3280 3647 est
3309 3600 3367 3648 et
3394 3594 3649 3648 Chamum
3677 3594 3837 3648 illum

2256 3661 2478 3731 impium
2513 3671 2570 3718 et.
2603 3663 2822 3733 magicis
2859 3661 3064 3718 artibus
3094 3664 3335 3718 deditum
3376 3679 3502 3718 suas
3535 3674 3678 3718 artes
3715 3679 3841 3719 sce-

2259 3733 2420 3787 lestas
2445 3741 2498 3786 et
2526 3734 2747 3800 profana
2778 3744 3107 3800 commenta,
3138 3745 3194 3788 ut
3225 3735 3312 3790 hic
3348 3733 3602 3800 habetur,
3645 3750 3716 3789 ne
3754 3735 3841 3790 di-

2255 3803 2402 3857 luvio
2449 3807 2708 3873 perirent,
2751 3805 3092 3859 diversorum
3142 3804 3486 3860 metallorum
3528 3807 3745 3859 laminis
3785 3814 3842 3861 et

2255 3873 2561 3928 durissimis
2616 3876 2882 3944 lapidibus
2924 3876 3290 3944 impressisse,
3347 3875 3726 3945 insculpsisse,
3786 3886 3841 3931 et

2254 3954 2377 4017 post
2423 3947 2682 4017 diluvium
2723 3946 2971 4001 docuisse
3008 3955 3258 4016 posteros
3301 3960 3452 4012 suos,
3502 3948 3692 4017 sicque
3743 3963 3842 4016 per

2254 4015 2441 4068 orbem
2470 4015 2876 4073 disseminasse.

2325 4085 2351 4122 δ
2384 4087 2464 4139 Ex
2495 4087 2730 4141 nefando
2755 4087 3040 4142 concubitu
3070 4096 3415 4156 posterorum
3445 4087 3576 4143 Setb
3604 4097 3658 4142 et
3688 4088 3837 4142 Enos

2253 4155 2342 4280 (lin
2374 4172 2604 4224 quorum
2637 4157 2851 4212 familiis
2881 4155 3163 4212 colebatur
3194 4159 3368 4228 Deus)
3399 4171 3460 4214 et
3491 4170 3837 4225 posterorum

2297 4228 2405 4280 ain.
2445 4227 2539 4280 aui
2572 4227 2731 4280 idolis
2765 4228 2966 4280 dudum
2999 4229 3329 4280 serviebant.
3364 4231 3616 4280 nrodiere
3644 4231 3837 4280 ainan-

2297 4228 2405 4299 ain,
2445 4227 2539 4294 qui
2572 4227 2731 4285 idolis
2765 4228 2966 4283 dudum
2999 4227 3616 4299 serviebant,’prodiere
3644 4231 3838 4297 gigan-

2255 4306 2356 4368 tes,
2392 4298 2636 4352 homines
2675 4299 2926 4352 immanis
2963 4298 3438 4368 magnitudinis’ac
3471 4300 3834 4368 proceritatis.

2251 4365 2427 4436 Atque
2477 4385 2546 4422 ex
2605 4369 2918 4424 istiusmodi
2959 4365 3235 4424 hominum
3274 4365 3505 4439 disparis
3547 4371 3727 4424 cultus
3775 4386 3842 4425 ac

2253 4439 2531 4505 religionis
2577 4439 2962 4508 conjunctione
3011 4441 3250 4508 cognitio
3309 4440 3401 4492 Dei
3450 4454 3677 4506 prorsus
3733 4455 3844 4495 ex-

2252 4509 2450 4580 stincta
2481 4518 2563 4562 est
2593 4509 2652 4580 (Ι
2683 4508 2823 4564 Petr.
2849 4511 2955 4579 ill),
2985 4520 3337 4580 praeterquam
3365 4508 3420 4562 in
3451 4508 3654 4580 familia
3689 4509 3842 4578 Noe,

2252 4577 2305 4631 id
2345 4587 2465 4652 est,
2493 4577 2620 4633 octo
2665 4577 2964 4652 animabus,
2987 4577 3120 4649 quae
3152 4577 3243 4652 per
3283 4595 3450 4633 arcam
3472 4578 3644 4652 ‘salva:
3676 4577 3842 4648 {actin

2249 4659 2385 4714 sunt,
2418 4650 2467 4702 id
2495 4661 2597 4714 est,
2625 4667 2655 4705 a
2683 4651 2884 4705 diluvio
2915 4648 3438 4720 ereptzn.'Cazterum
3472 4648 3538 4703 ι).
3575 4653 3843 4718 Augusti-

2250 4736 2349 4791 nus
2375 4721 2534 4774 docet
2568 4721 2728 4775 etiam
2762 4721 3005 4791 gigantes
3032 4723 3326 4788 exstitisse,
3358 4733 3646 4791 antequam
3675 4721 3841 4777 fatui-

2242 4790 2344 4913 Ἐπ’
2375 4791 2606 4914 δεὲιέὶθι
2643 4789 2785 4846 Cain
2815 4789 3101 4848 Connubiis
3131 4789 3579 4862 juugerenturlt
3610 4791 3690 4846 De
3719 4792 3836 4848 Civ.

2297 4877 2342 4914 ei
2368 4879 2415 4914 ε.
2549 4901 2562 4914 .

2297 4863 2344 4914 ei
2368 4879 2415 4914 c.
2445 4863 2562 4917 25).

2320 4863 2576 4996 ἔῖίιὲἒέί,
2628 4934 2848 5001 punire;
2899 4934 3193 5004 praeterita,
3242 4934 3294 4987 id
3337 4945 3445 5003 εει,
3491 4945 3616 4988 ante
3656 4934 3836 5004 legem

2243 5002 2407 5056 latam
2425 5005 2734 5058 commissa.
2762 5002 2917 5072 Quod
2935 5003 3058 5058 aliis
3077 5004 3253 5058 verbis
3269 5005 3346 5058 ait
3366 5002 3832 5059 iurisconsultus:

2242 5072 2521 5148 Legemad
2532 5076 2797 5148 praeterita
2813 5093 2918 5130 non
2946 5077 3153 5148 extendi
3181 5073 3266 5148 (ι.
3292 5073 3503 5148 Legem,
3528 5092 3581 5148 c.
3601 5077 3664 5128 de
3689 5075 3840 5148 Legi-

2242 5143 2356 5208 bus,
2389 5144 2479 5216 lib.
2513 5143 2540 5198 ι
2561 5143 2816 5202 Decretal.
2851 5149 2932 5201 tit.
2963 5147 3053 5216 2).
3085 5145 3240 5213 Quod
3267 5143 3482 5216 axioma
3513 5147 3678 5199 etiam
3705 5143 3836 5216 ju're

2238 5215 2502 5269 canonico
2532 5230 2852 5283 expressum
2882 5225 2972 5270 est
2999 5215 3099 5271 sub
3137 5217 3219 5270 tit.
3265 5215 3342 5270 De
3373 5215 3836 5270 constitutionibus

2237 5298 2358 5357 cap.
2387 5284 2422 5337 2
2449 5302 2462 5340 :
2489 5285 2698 5357 Quoties
2727 5304 2910 5342 novum
2933 5287 3058 5354 quid
3077 5287 3344 5348 statuitur,
3377 5288 3450 5340 ita
3478 5287 3607 5340 solet
3635 5288 3833 5357 futuris

2235 5355 2454 5429 formam
2497 5356 2780 5429 imponere,
2823 5367 2878 5411 ut
2927 5358 3206 5429 dispendiis
3249 5359 3510 5424 preterita
3558 5355 3660 5411 non
3705 5373 3836 5410 con-

2235 5428 2452 5489 demnet,
2493 5443 2556 5480 ne
2592 5428 2950 5483 detrimentum
2976 5428 3095 5482 ante
3124 5429 3517 5489 prohibitionem
3559 5429 3835 5481 incurrant

2232 5497 2546 5565 ignorantes,
2593 5500 2728 5567 quod
2770 5516 2854 5553 eos
2895 5497 3219 5569 postmodum
3266 5500 3485 5569 dignum
3525 5508 3601 5552 est
3645 5499 3833 5553 vetitos

2230 5570 2502 5620 sustinere.
2536 5569 2598 5622 Et
2627 5585 2748 5638 cap.
2780 5571 2874 5622 lin.
2902 5570 3099 5624 ibidem
3129 5589 3140 5620 :
3176 5567 3304 5622 Cum
3328 5567 3468 5637 leges
3500 5579 3547 5622 et
3576 5571 3833 5623 constitu-

2231 5638 2388 5690 tiones
2421 5639 2609 5707 futuris
2635 5652 2830 5692 certum
2856 5642 2920 5694 sit
2951 5641 3073 5693 dare
3102 5642 3317 5710 formam
3351 5642 3592 5710 negotiis,
3622 5657 3726 5694 non
3762 5641 3831 5694 ad

2230 5714 2492 5777 prteterita
2523 5711 2660 5779 facta
2692 5713 2826 5763 trahi
2850 5712 3050 5774 debent,
3084 5711 3181 5764 nisi
3211 5712 3516 5764 nominatim
3546 5713 3613 5764 de
3639 5722 3833 5779 priete-

2231 5781 2343 5834 ritis
2381 5783 2432 5836 in
2471 5781 2543 5836 eis
2583 5792 2837 5837 caveatur.
2888 5781 3060 5839 Porro
3102 5780 3445 5840 manifestum
3494 5790 3580 5838 est
3631 5780 3829 5853 hujus-

559 5352 690 5415 psit;
718 5363 907 5422 septem
933 5355 1104 5416 (eaeis,
1153 5364 1199 5423 et
1231 5362 1422 5419 septeni
1452 5354 1689 5406 lalrritiis
1726 5363 1903 5406 centra
1942 5356 2133 5423 duplex

554 5423 688 5473 ortis
727 5424 1004 5484 excidium,
1051 5422 1186 5491 quod
1231 5425 1458 5491 futurum
1493 5426 1749 5488 audierat,
1783 5422 2020 5477 alterum
2043 5442 2133 5490 per

553 5506 759 5555 auriam,
789 5499 1007 5546 alterum
1048 5511 1164 5546 vero
1199 5511 1289 5564 per
1324 5495 1510 5564 ignem.
1554 5497 1675 5547 lituo
1715 5496 1823 5559 ille,
1866 5496 2126 5560 imitatus,

555 5571 612 5632 ιιι
639 5577 885 5628 apparet,
907 5563 1219 5631 Josephttm,
1249 5563 1477 5632 quiihnic
1505 5567 1690 5619 eadem
1719 5576 1806 5618 aut
1837 5565 2030 5618 similia
2061 5565 2128 5620 de

551 5628 688 5684 Seth
742 5634 963 5702 ejustpie
1014 5628 1299 5700 nepotibus
1344 5634 1498 5688 refert
1552 5638 1631 5688 his
1683 5637 1860 5688 verbis
1908 5635 2065 5702 (Lib.
2113 5654 2126 5689 ι

551 5702 723 5773 ᾼηιὶᾳ.
758 5719 804 5754 c.
839 5708 891 5764 4,
925 5721 987 5756 ea:
1014 5721 1141 5754 vers.
1179 5704 1375 5773 Ruﬁni)
1409 5723 1419 5757 :
1457 5704 1788 5773 Disciplinam
1832 5721 1997 5757 rerum
2033 5723 2129 5762 ca?-

549 5767 756 5830 l¢stium
811 5785 857 5825 et
889 5786 1124 5828 ornatum
1163 5767 1332 5826 earum
1358 5767 1605 5841 primitus
1631 5779 1964 5840 invenerunt;
1994 5786 2039 5833 cl
2067 5795 2128 5834 ne
