4048 6198
2415 181 2464 210 “4
2515 195 2576 204 ....

2712 215 2714 223 ι
2763 209 2895 223 ἐπε-ο-

217 289 346 351 761
875 288 1221 347 COLLATIO
1262 289 1392 346 VIII.
1426 320 1496 332 —
1529 289 1616 346 DE
1657 289 2180 350 PRINCIPATIBUS
2222 293 2356 351 SEU
2400 294 2946 356 PO'I‘ESTATIBUS.

123 400 191 474 τε·
836 402 1061 460 εΑιιυτ
1102 401 1296 460 xxut.

225 495 555 569 Responsio
578 497 724 569 quod
754 498 978 552 naturali
1009 498 1118 567 lege
1143 497 1206 550 ab
1233 497 1380 550 initio
1407 496 1638 569 homines
1652 495 1862 568 judicio

3453 311 3561 370 76‘)

1884 407 1940 467 Δ
1963 418 2029 459 ac
2055 404 2273 473 vindex,
2301 416 2374 472 et,
2411 417 2468 462 ut
2492 407 2625 478 ipsis
2653 409 2951 483 Scriptum
2980 414 3162 470 verbis
3189 418 3437 489 eloquar,
3467 427 3563 481 ad-

1961 499 2131 568 jutrix
2173 501 2419 569 apposita
2459 513 2542 558 est
2579 503 2830 560 Mosaicae
2870 506 3001 576 legis
3039 522 3226 564 severa
3271 513 3558 583 districtio,

677 585 770 624 seu
798 584 956 638 patrue
981 571 1187 638 fuerunt
1217 568 1440 622 obnoxii.

343 681 594 739 Serenus
625 700 639 735 :
672 690 699 719 ι
725 681 866 738 Deus
899 681 1168 736 hominem
1207 695 1418 747 creans,
1451 695 1661 735 omnem
1697 692 1859 738 natu-

244 773 468 829 raliter
497 774 549 830 ei
584 774 866 829 scientiam
897 775 1028 842 legis
1056 773 1304 839 inseruit,
1343 788 1462 843 qua:
1495 773 1542 828 si
1577 773 1768 828 fuisset
1791 776 1862 830 ab

248 867 500 922 homine
531 867 827 923 secundum
857 868 1185 936 propositum
1226 866 1456 928 Domini,
1503 875 1561 920 ut
1594 878 1854 937 coeperat,

251 959 569 1023 custodita,
600 973 708 1013 non
735 960 912 1027 utique
936 958 1295 1013 necessarium
1320 958 1510 1013 fuisset
1531 959 1693 1013 aliam
1716 959 1855 1025 dari,

255 1065 396 1120 quae
423 1066 525 1120 per
554 1050 789 1106 litteram
818 1059 998 1119 postea
1030 1051 1364 1120 promulgata
1403 1062 1506 1106 est.
1553 1051 1684 1106 Erat
1720 1053 1865 1106 enim

254 1138 612 1210 superﬂuum
647 1142 983 1196 extrinsecus
1013 1141 1195 1196 oll‘erri
1233 1143 1561 1210 remedium,
1601 1143 1743 1212 quod
1772 1144 1868 1198 ad-

261 1236 383 1291 huc
419 1237 744 1291 intrinsecus
781 1236 996 1304 vigebat
1034 1236 1324 1293 insertum.
1369 1236 1477 1290 Sed
1508 1235 1535 1273 ι)
1568 1235 1690 1306 quia
1725 1235 1860 1304 haec,

266 1338 338 1383 ut
386 1329 637 1395 diximus,
678 1329 896 1397 penitus
936 1340 1198 1398 corrupta
1241 1329 1356 1398 jam
1397 1328 1572 1384 fuerat
1616 1328 1866 1385 libertate

265 1438 482 1494 usuque
521 1424 803 1494 peccandi,
845 1423 999 1478 velut
1044 1423 1203 1494 hujus
1244 1433 1470 1478 exactor
1512 1433 1567 1478 et
1610 1431 1865 1478 executor

1967 601 2027 645 ut
2071 592 2157 646 vel
2203 602 2346 648 metu
2395 609 2567 662 pmnte
2616 599 2900 665 praesentis
2944 613 3050 654 non
3098 603 3312 669 penitus
3359 605 3560 662 bonum

1965 681 2206 738 scientia:
2251 685 2512 740 naturalis
2565 691 3043 758 exstingueretur,
3092 695 3386 749 secundum
3439 714 3562 764 pro-

1967 774 2143 844 phetat
2163 777 2487 831 sententiam
2501 777 2750 846 dicentis,
2775 791 2796 820 ο
2816 780 3002 854 Legem
3013 783 3156 837 dedit
3177 786 3230 838 in
3246 786 3564 855 adjutorium

1965 866 2170 938 (Galat.
2200 869 2302 940 ιιι),
2335 867 2363 907 ά
2392 887 2512 940 quae
2550 874 2712 927 etiam
2757 875 3051 931 secundum
3093 877 3412 948 Apostolum
3449 897 3558 951 p32-

1967 962 2207 1032 dagogus
2237 963 2383 1018 velut
2409 965 2645 1033 parvulis
2685 965 2808 1021 data
2852 967 3017 1024 fuisse
3055 969 3400 1039 describitur,
3438 989 3562 1029 eru-

1967 1054 2120 1108 diens
2151 1054 2360 1109 scilicet
2391 1070 2488 1111 eos
2516 1065 2678 1127 atque
2717 1059 3052 1126 custodiens,
3082 1077 3150 1117 ne
3174 1063 3245 1118 ab
3276 1064 3362 1118 illa
3392 1065 3559 1120 disci-

1971 1144 2146 1213 plina,
2191 1145 2242 1198 in
2290 1160 2394 1215 qua
2436 1149 2747 1204 naturaliter
2791 1150 2998 1206 fuerant
3026 1152 3292 1220 instituti,
3325 1157 3558 1225 quadam

1967 1237 2238 1292 oblivione
2267 1237 2604 1293 discederent
2638 1238 2774 1311 (Isa.
2801 1241 2940 1312 vin).
2975 1242 3106 1298 Nam
3137 1245 3261 1314 quia
3285 1247 3355 1301 sit
3383 1248 3558 1304 homi-

1967 1331 2050 1384 nis
2099 1331 2276 1384 omnis
2315 1331 2539 1386 scientia
2572 1331 2705 1402 legis
2735 1333 2802 1388 ab
2832 1334 2984 1390 initio
3031 1338 3320 1393 creationis
3361 1341 3555 1408 inlusa,

1969 1422 2092 1479 hinc
2117 1423 2404 1480 manifeste
2427 1424 2682 1493 probatur
2701 1427 2844 1497 quod
2871 1437 2893 1465 θ
2918 1429 3166 1484 mandata
3192 1431 3326 1501 legis
3349 1433 3556 1504 absque

1357 1565 1613 1622 ALARDI
1650 1564 1876 1622 GAZIEI
1911 1563 2481 1622 COMMENTARIUS.

262 1681 410 1734 modi
444 1682 610 1742 dicta.
639 1683 758 1736 sive
784 1683 1054 1737 axiomata
1081 1697 1190 1736 non
1221 1680 1444 1750 intelligi
1472 1681 1540 1736 de
1567 1681 1682 1748 lege
1711 1690 1858 1735 atter-

263 1768 360 1814 na,
393 1769 514 1820 qua:
545 1760 628 1806 est
649 1752 765 1822 ipsa
798 1753 895 1807 Dei
927 1752 1214 1822 sapientia.
1245 1763 1340 1807 aut
1367 1752 1432 1805 de
1462 1751 1576 1820 lege
1607 1751 1856 1816 naturali,

262 1838 395 1888 qum
439 1824 646 1875 homini
692 1825 994 1878 innascitur
1041 1825 1092 1876 in
1134 1824 1248 1892 ipsa
1292 1823 1605 1877 conditione
1653 1832 1861 1877 naturte

267 1894 400 1960 (ltzts
430 1894 575 1946 enim
609 1894 760 1962 leges
797 1909 903 1948 non
948 1896 1267 1948 antecedunt
1305 1895 1554 1952 crimina,
1599 1909 1720 1961 qua:
1765 1909 1862 1959 pu-

267 1965 547 2031 niantur),
597 1967 690 2016 setl
741 1965 807 2018 de
860 1966 978 2033 lege
1033 1967 1280 2032 positiva,
1329 1965 1448 2017 sive
1496 1964 1694 2026 divina,
1745 1965 1861 2018 sive

271 2036 531 2096 hutnana,
579 2050 702 2104 quae
741 2035 806 2087 ad
852 2037 1120 2100 praeterita
1164 2050 1266 2089 non
1299 2034 1625 2100 extenditur,
1671 2033 1772 2087 nisi
1809 2034 1860 2088 id

270 2113 582 2172 ρκβιέιιιςιῐς
635 2109 798 2160 etiam
850 2109 1065 2175 quando
1111 2108 1247 2160 ratio
1296 2106 1427 2174 legis
1473 2105 1898 2159 antecessisset,

275 2177 476 2238 legent,
511 2180 586 2229 ait
606 2176 793 2230 doctor
817 2177 1090 2231 Navarrtts
1113 2175 1202 2244 (In
1231 2177 1420 2230 Relect.
1454 2192 1569 2245 cap.
1601 2175 1662 2231 Si
1690 2193 1860 2246 quan-

219 2273 224 2276 -
273 2247 390 2315 do).
425 2246 594 2314 Cujus
626 2249 885 2300 rationem
917 2249 1084 2302 habes
1109 2247 1352 2317 superius
1381 2261 1713 2313 expressam.

356 2326 380 2352 α
413 2317 770 2381 Naturaliter,
801 2317 852 2371 id
880 2329 991 2376 est.
1028 2321 1079 2372 in
1113 2321 1224 2388 ipsa
1263 2327 1469 2373 natur-.e
1501 2319 1860 2385 institutione,

275 2387 391 2452 vel,
424 2399 478 2441 ut
507 2389 666 2443 habet
695 2389 828 2443 intra
849 2430 862 2452 ,
895 2389 963 2444 ab
991 2387 1144 2444 initio
1171 2389 1484 2454 creationis,
1513 2399 1568 2443 et
1596 2405 1715 2442 cum
1747 2389 1860 2458 ipsa

275 2469 493 2512 natura.

353 2527 381 2566 δ
423 2531 526 2582 Lex
558 2541 760 2583 natura:
785 2530 1030 2584 humanis
1057 2530 1325 2585 mentibus
1356 2530 1638 2598 impressa,
1669 2531 1781 2584 sive
1808 2532 1859 2584 in

269 2600 532 2655 cordibus
557 2600 830 2655 hominum
861 2603 1081 2671 scripta,
1108 2617 1227 2667 qu
1261 2603 1388 2654 nihil
1421 2601 1562 2654 aliud
1593 2612 1670 2655 est
1701 2616 1859 2668 quam

274 2671 548 2725 dictamen
575 2682 734 2724 rectm
765 2671 1012 2736 rationis,
1039 2681 1300 2740 quatenus
1332 2671 1489 2725 docet
1519 2673 1642 2737 quid
1667 2673 1862 2741 cuique

277 2741 544 2810 agendum
569 2742 943 2810 l'ttgieudumve
973 2745 1076 2807 sit,
1105 2752 1366 2812 quatenus
1397 2750 1673 2809 corrupta,
1707 2744 1864 2796 tuerit

278 2814 368 2866 vel
399 2813 595 2867 abolita
629 2829 724 2881 per
753 2823 1058 2881 peccatum,
1108 2813 1243 2868 scite
1285 2813 1502 2882 exponit
1533 2813 1590 2867 S.
1627 2812 1864 2867 Thomas

280 2882 369 2936 his
412 2885 589 2938 verbis
638 2885 851 2953 (l-2,q.
883 2885 974 2948 9i,
1004 2903 1054 2937 α.
1090 2885 1147 2950 6)
1191 2901 1203 2935 :
1247 2885 1327 2937 Ad
1371 2887 1533 2954 legem
1575 2883 1864 2937 naturalem

279 2955 534 3022 pertinent
585 2957 750 3026 primo
778 2956 981 3022 quidem
1011 2955 1248 3026 quazdam
1277 2967 1527 3026 prlecepta
1557 2955 1866 3007 communis-

278 3026 438 3091 sima,
469 3025 719 3088 qutesunl
745 3025 974 3078 omnibus
1003 3037 1126 3078 nota
1149 3042 1168 3090 ;
1214 3025 1448 3093 quwdatn
1478 3035 1652 3078 autem
1679 3040 1863 3077 secun-

279 3097 432 3147 daria
458 3107 706 3166 prtz'cepta
747 3097 907 3166 magis
938 3097 1167 3163 propria,
1198 3111 1310 3165 qua:
1336 3105 1452 3148 sunt
1481 3096 1627 3164 quasi
1659 3094 1866 3166 conclu-

1891 1797 1939 1858 Β

1969 1682 2203 1734 eruditur
2231 1691 2514 1757 exspectat;
2551 1683 2639 1736 sed
2671 1682 2900 1757 alienum
2934 1687 3153 1757 custodit
3181 1687 3347 1757 ﬁlium
3378 1691 3554 1756 pwda-

1967 1769 2163 1828 gogus,
2211 1753 2388 1828 abeo,
2432 1763 2701 1828 postquam
2729 1754 2820 1828 ille
2864 1757 2931 1808 ad
2979 1753 3258 1828 legitimum
3293 1753 3556 1826 capienda:

1966 1823 2292 1901 Inereditatis
2314 1833 2514 1901 tempus
2547 1825 2806 1901 advenerit
2830 1868 2844 1891 ,
2877 1823 3188 1883 recess'urus.
3239 1823 3468 1901 Denique
3507 1842 3556 1885 et

1964 1909 2146 1967 nomen
2179 1895 2446 1967 pwdagogi
2477 1893 2574 1948 hoc
2609 1897 2776 1964 ipsunt
2801 1908 2981 1963 sonat;
3025 1909 3170 1952 etest
3204 1893 3548 1967 compositum

1963 1965 2026 2042 ab
2053 1980 2110 2017 eo
2131 1963 2269 2042 quod
2290 1963 2635 2042 pueras‘agat,
2657 1967 2713 2042 id
2740 1977 2833 2042 est,
2865 1969 3054 2024 ductet.
3089 1969 3268 2036 Itaque
3289 1963 3334 2025 el
3359 1973 3553 2042 Mogsis

1965 2034 2050 2089 lea:
2089 2034 2598 2109 populo'lascivienti
2645 2039 2714 2090 ad
2759 2039 2922 2092 instar
2969 2034 3236 2109 pwdagogi
3282 2034 3550 2098 severioris

1963 2101 2195 2177 apposita
2221 2117 2319 2171 est,
2348 2117 2405 2160 ut
2437 2110 2709 2183 custodiret
2737 2125 2822 2162 eos
2848 2151 2862 2169 ,
2895 2121 2940 2162 et
2964 2101 3158 2183 futura:
3184 2101 3317 2179 "ﬁdei
3347 2130 3551 2183 purpo-

1963 2187 2100 2230 raret
2135 2192 2151 2228 :
2180 2193 2294 2246 qute
2315 2190 2578 2246 postquam
2600 2181 2752 2240 venit,
2785 2191 2828 2231 et
2855 2182 3157 2233 credidimus
3187 2185 3237 2236 in
3266 2181 3549 2248 Christum,

1956 2249 2071 2315 jam
2101 2264 2202 2299 non
2228 2265 2407 2300 sumus
2432 2251 2522 2300 sub
2553 2251 2861 2316 paedagogo;
2904 2259 3040 2300 tutor
3068 2268 3100 2302 α
3138 2252 3282 2303 nobis
3321 2265 3552 2307 curator-

1962 2335 2058 2383 que
2101 2319 2403 2390 discedunt;
2443 2328 2489 2390 et
2533 2318 2817 2388 legitimum
2853 2321 3020 2372 letalis
3063 2330 3256 2390 tempus
3295 2323 3546 2389 ineuntes,

1963 2391 2069 2442 ueri
2092 2388 2190 2456 ﬁlii
2218 2389 2314 2440 Dei
2344 2389 2668 2442 nominamur
2690 2430 2703 2450 ,
2731 2399 2835 2442 etc.

2038 2469 2062 2496 θ
2098 2460 2276 2514 Multis
2309 2460 2572 2526 exetnplis
2606 2460 2838 2513 ostendit
2867 2468 3134 2530 praecepta
3166 2461 3300 2527 legis
3342 2471 3548 2515 naturm

1964 2529 2131 2583 fuisse
2175 2531 2244 2584 ab
2292 2533 2522 2600 antiquis-
2572 2530 2818 2584 Patribus
2866 2547 2972 2584 non
3011 2529 3181 2584 selum
3213 2541 3338 2586 ante
3372 2531 3544 2599 legem

1965 2604 2240 2668 scriptam,
2273 2602 2324 2654 id
2355 2614 2456 2664 est,
2493 2601 2800 2665 Mosaicam,
2840 2617 3023 2654 verum
3053 2603 3214 2655 etiam
3247 2613 3372 2656 ante
3401 2602 3540 2657 dilu-

1966 2671 2110 2726 vium
2153 2673 2460 2726 observata.
2508 2672 2740 2725 Primum
2773 2673 3080 2734 exemplum
3111 2674 3244 2727 Abel
3271 2672 3420 2741 justi,
3449 2675 3540 2743 qui

1968 2744 2195 2796 naturali
2242 2743 2496 2795 instinctu
2529 2753 2579 2795 et
2625 2743 2785 2796 ductu
2831 2744 3098 2798 intellexit
3131 2744 3237 2798 Deo
3269 2745 3543 2799 oll'erentla

1966 2826 2085 2865 esse
2115 2816 2316 2886 optima
2348 2829 2594 2886 qumque.
2642 2813 2820 2886 Quare
2862 2813 3044 2866 obtulit
3089 2817 3151 2867 de
3188 2817 3548 2886 primogenitis

1966 2885 2130 2952 gregis
2178 2885 2292 2945 sui,
2327 2894 2372 2935 et
2403 2885 2466 2935 de
2508 2884 2748 2954 adipibus
2787 2900 2963 2936 eorum
3003 2901 3022 2938 :
3059 2885 3200 2954 quod
3248 2884 3378 2953 ipse
3408 2887 3546 2939 Deus

1967 2965 2147 3024 postea
2178 2954 2474 3024 declaravit
2513 2953 2630 3022 lege
2669 2970 2761 3022 per
2790 2954 3006 3024 Moysen
3041 2953 3141 3007 lata
3171 3001 3184 3022 ,
3228 2957 3548 3024 pra-cipiens

1965 3023 2066 3096 sibi
2112 3023 2290 3078 oil'erri
2339 3025 2724 3096 primogenita.
2774 3023 2888 3077 χιιι
2918 3025 3085 3079 Exod.
3137 3023 3286 3080 Unde
3327 3023 3545 3096 intelligi

1967 3094 2128 3166 voluit
2156 3111 2269 3164 qua:
2302 3095 2482 3148 inultis
2507 3105 2622 3158 post
2651 3096 2863 3149 sarculis
2895 3112 2986 3158 per
3017 3097 3186 3166 legem
3227 3098 3387 3151 Musis
3412 3094 3544 3162 prai-

277 3167 451 3248 δίο-ηεξ
494 3163 1131 3248 propinquis-principiis.
1185 3163 1444 3248 Quantum
1491 3181 1610 3248 ergo
1663 3163 1733 3217 ad
1771 3166 1863 3219 illa
1891 3169 1937 3233 C
1969 3163 2181 3248 scripta
2211 3175 2261 3219 et
2311 3176 2575 3248 praecepta
2617 3177 2739 3248 sunt
2786 3163 3153 3248 llebr:t:is,'ca
3187 3167 3299 3248 ⁸ῖίιιι)
3328 3169 3449 3248 inde
3479 3168 3547 3220 ab

279 3237 537 3308 principia
563 3235 869 3299 cinnnmnia,
901 3237 986 3291 lea:
1013 3235 1261 3291 naturalis
1291 3237 1434 3290 nullo
1465 3235 1613 3308 modo
1639 3245 1800 3305 potest
1829 3253 1861 3289 a

281 3306 522 3360 cordibus
543 3309 810 3361 hominum
839 3309 996 3361 deleri
1029 3310 1080 3361 in
1109 3310 1420 3362 universum.
1456 3306 1667 3360 Deletur
1696 3318 1862 3361 tamen

281 3380 338 3430 in
371 3380 665 3444 particulari
694 3380 939 3449 operabili
969 3421 983 3446 ,
1026 3391 1272 3447 quatenus
1307 3379 1432 3434 ratio
1470 3379 1743 3448 impeditur
1768 3395 1862 3449 ap-

285 3449 480 3514 plicare
505 3466 768 3502 commune
807 3451 1118 3520 principium
1146 3450 1213 3502 ad
1244 3450 1553 3518 particulare
1584 3449 1860 3520 operabile,

282 3532 489 3590 propter
517 3522 974 3589 concupiscentiam
1005 3521 1081 3574 vel
1107 3520 1336 3588 aliquam
1357 3521 1514 3573 aliam
1552 3522 1857 3588 passionem.

285 3594 544 3654 Quantum
576 3608 692 3644 vero
721 3593 790 3642 ad
812 3593 916 3644 alia
944 3600 1196 3657 prtrcepla
1221 3591 1551 3655 secundaria,
1585 3602 1748 3658 potest
1777 3594 1862 3646 lea:

283 3664 532 3715 naturalis
561 3663 723 3715 deleri
751 3662 812 3715 de
841 3663 1078 3716 cordibus
1107 3662 1389 3722 hominum,
1421 3661 1493 3714 vel
1521 3671 1730 3730 propter
1755 3679 1863 3714 ma-

284 3735 363 3784 las
391 3735 760 3797 persuasiones,
791 3735 866 3785 uel
910 3735 1060 3786 etiam
1086 3744 1293 3802 prapter
1326 3748 1503 3794 pravas
1531 3733 1858 3785 consuetudi-

283 3819 374 3854 nes
395 3813 443 3856 et
468 3803 671 3857 habitus
699 3815 1005 3868 corruptos;
1049 3808 1176 3856 sicut
1199 3804 1337 3871 apud
1373 3805 1620 3863 quosdam
1649 3818 1750 3854 non
1781 3819 1862 3854 re-

281 3875 595 3942 putabuntur
624 3876 897 3928 latrocinia
927 3885 1136 3944 peccata
1161 3918 1174 3934 ,
1218 3873 1296 3926 uel
1343 3875 1495 3944 etiam
1524 3874 1646 3923 t'itia
1685 3881 1861 3944 contra

285 3954 547 4008 naturam,
587 3945 817 3997 utetiam
860 3942 1130 4011 Apostolus
1160 3946 1282 3997 dicit
1305 3944 1373 3996 ad
1405 3943 1684 3996 Romanos.
1739 3942 1861 3994 Haec

283 4016 344 4067 S.
375 4015 628 4070 Thomas.
664 4016 742 4068 Ex
768 4016 957 4084 quibus
988 4014 1300 4083 exponenda
1326 4013 1646 4084 relinquitur
1674 4012 1761 4065 illa
1795 4013 1856 4066 Ι).

286 4085 571 4153 Augustini
601 4082 863 4139 sententia
899 4086 988 4139 ΙιΙ).
1020 4082 1327 4140 ttConfeSs.
1360 4100 1478 4152 cap.
1508 4082 1543 4135 4
1586 4099 1598 4135 :
1641 4087 1746 4153 Lex
1770 4092 1860 4135 tua

283 4152 476 4222 scripta
507 4167 580 4209 est
607 4157 661 4208 in
699 4155 935 4208 cordibus
965 4155 1225 4210 hominum
1251 4197 1264 4220 ,
1298 4171 1453 4224 quant
1492 4171 1580 4206 nec
1612 4152 1719 4206 ulla
1747 4155 1862 4221 qui-

285 4226 404 4278 dem
431 4227 563 4279 delet
593 4227 848 4295 iniquitas.
891 4227 965 4280 De
989 4243 1090 4292 qua
1123 4229 1246 4282 item
1282 4228 1398 4292 lege
1429 4226 1501 4278 ait
1530 4225 1806 4279 Psaltnista
1843 4241 1858 4278 :

289 4296 570 4365 Signatum
611 4307 684 4350 est
733 4314 886 4364 super
930 4313 1022 4350 nos
1064 4298 1232 4351 lunten
1274 4297 1444 4350 vultus
1491 4297 1561 4348 tui
1587 4337 1599 4356 ,
1646 4295 1861 4348 Domine

286 4364 461 4437 (Psal.
494 4368 588 4437 tv).
641 4367 717 4421 De
756 4369 943 4422 eadem
975 4369 1259 4433 Apostolus
1303 4367 1525 4419 Roman.
1561 4381 1596 4418 ιι
1631 4384 1642 4418 :
1677 4365 1860 4420 Gentes

281 4452 398 4510 quia
424 4439 580 4510 legem
603 4437 950 4510 nonhabent,
991 4438 1297 4491 naturaliter
1343 4454 1400 4510 ea
1442 4453 1556 4502 quae
1590 4438 1712 4504 legis
1742 4447 1858 4510 sunt

283 4507 496 4577 faciunt.
530 4507 626 4563 Ubi
655 4509 846 4564 Glossa
878 4525 890 4561 :
927 4510 1058 4572 Quia
1083 4511 1176 4563 etsi
1212 4524 1310 4561 non
1337 4507 1519 4560 habent
1551 4511 1711 4576 legem
1734 4507 1862 4559 scri-

281 4588 442 4650 ptam,
471 4580 655 4650 habent
681 4588 848 4633 tamen
878 4579 1038 4650 legem
1077 4578 1362 4632 naturalem
1381 4618 1394 4639 ,
1425 4593 1524 4645 qua
1553 4577 1759 4650 quilibet
1784 4577 1862 4628 in-

285 4647 466 4718 telligit
504 4659 550 4702 et
593 4649 689 4703 sibi
717 4647 949 4704 conscius
970 4660 1043 4704 est
1073 4650 1196 4720 quid
1220 4651 1284 4702 sit
1322 4652 1503 4702 bonunt
1532 4656 1577 4699 et
1603 4647 1725 4715 quid
1755 4663 1864 4700 ma-

284 4721 416 4772 lum.

364 4798 386 4826 ο
422 4788 591 4863 itaex
620 4789 864 4863 versione
895 4789 1037 4844 LXX
1068 4807 1080 4842 :
1110 4790 1259 4863 νόμον
1283 4790 1382 4863 γὰρ
1404 4791 1454 4851 ἐς
1476 4788 1702 4863 βοήθιιᾳν
1730 4785 1860 4863 ἕδωτ

364 4811 386 4826 "
427 4811 499 4841 lla
527 4811 591 4842 CX
620 4811 864 4844 VCI'SIOIIP-
895 4811 1037 4844 [4AA
1068 4811 1080 4842 ἶ
1110 4811 1382 4911 νομονέαρ
1404 4811 1454 4851 ες
1476 4811 1702 4860 ροησιιαν
1730 4811 1860 4842 σαω-

284 4879 394 4931 nan.
422 4858 640 4927 Vulgata
671 4862 842 4931 v_ersio
867 4863 1150 4914 obscurior
1177 4879 1188 4912 :
1221 4861 1261 4912 A
1329 4862 1489 4931 legem
1515 4861 1694 4926 magis,
1720 4869 1767 4911 et
1792 4859 1861 4911 ad

283 4930 627 4982 testimonium
659 4929 790 4996 (lsa.
823 4936 957 5001 vm).
990 4946 1144 4999 supp.
1176 4929 1445 4998 respicere
1475 4931 1696 4983 debetis.
1728 4931 1858 4994 Qui-

283 5003 380 5053 bus
424 5002 603 5053 verbis
640 5003 892 5055 monebat
942 5002 1082 5055 Deus
1121 5001 1334 5055 iudices
1395 5010 1449 5053 ut
1507 5002 1674 5069 legem
1707 5015 1859 5054 suam

281 5079 404 5142 ante
425 5073 608 5142 oculos
631 5087 844 5142 semper
865 5072 1144 5137 haberent,
1173 5081 1228 5126 et
1258 5086 1546 5138 numquam
1576 5087 1642 5124 ex
1671 5085 1857 5124 eorum

285 5140 478 5195 animis
507 5143 624 5209 ejus
652 5140 929 5197 excideret
968 5145 1248 5196 tnetttoria.

353 5209 494 5283 diAd
541 5214 756 5266 Galatas
799 5229 857 5266 ιιι
905 5231 916 5265 :
958 5211 1064 5266 Lex
1104 5221 1412 5283 ptedagogus
1454 5221 1623 5265 noster
1667 5211 1764 5277 fuit
1807 5212 1861 5265 in

279 5280 500 5347 Christo,
530 5295 581 5333 ut
610 5300 672 5336 ex
700 5284 802 5350 fide
820 5285 1186 5352 justi/icemur.
1221 5280 1286 5336 At
1311 5280 1395 5336 ubi
1425 5284 1554 5335 venit
1582 5283 1860 5353 ﬁdes,jam

281 5369 381 5403 non
411 5368 580 5423 sumus
607 5355 696 5406 sub
728 5355 1030 5423 pa'dagOgo.
1068 5355 1162 5408 Ubi
1191 5357 1464 5422 eleganter
1498 5353 1559 5406 D.
1596 5352 1862 5423 lliertiny-

280 5437 427 5496 inus:
461 5422 810 5493 Ptedagogus,
845 5435 938 5484 att.
959 5425 1181 5496 parvulis
1197 5425 1506 5496 assignatur,
1526 5433 1578 5474 ut
1595 5422 1856 5496 lascivit-ns

279 5493 563 5558 refrenetur
591 5504 739 5560 tetas,
772 5507 818 5547 et
848 5493 1007 5564 prona
1034 5496 1086 5547 in
1115 5495 1234 5546 ritia
1257 5494 1413 5546 corda
1440 5502 1723 5564 teneantur;
1738 5495 1858 5547 dum

279 5574 451 5634 tenera
471 5566 656 5618 studiis
683 5567 913 5617 eruditur
944 5566 1182 5630 infantia,
1215 5575 1260 5615 ct
1293 5566 1361 5616 ad
1389 5566 1604 5634 majores
1634 5563 1858 5628 phsloso-

282 5633 414 5698 phite
432 5646 478 5688 et
500 5637 734 5707 regenth
755 5637 1045 5757 felﬁttbtlcw
1066 5636 1364 5700 disciplinas
1386 5633 1518 5688 metu
1540 5649 1699 5703 poena:
1720 5650 1858 5687 coer-

282 5705 381 5755 cita
423 5717 764 5757 uranaratur.
871 5722 934 5757 on
979 5715 1143 5757 tamen
1192 5707 1496 5757 nmdannaus
1531 5706 1767 5757 mauister
1808 5715 1857 5757 el

281 5705 381 5755 cita
423 5705 764 5776 praeparatur.
817 5705 934 5757 Non
979 5715 1143 5758 tamen
1191 5707 1496 5776 pmdagnqus
1531 5706 1767 5773 magister
1808 5715 1857 5758 el

277 5785 425 5844 pater
452 5787 524 5830 est
534 5793 554 5844 δ
573 5793 664 5829 nec
691 5777 1036 5833 htwcdilatem
1059 5786 1106 5829 et
1134 5776 1396 5831 scientiam
1421 5776 1686 5850 ptt'dagugi
1708 5777 1748 5832 is
1770 5779 1856 5849 qui

1889 4552 1943 4611 D

1967 3237 2186 3290 exordio
2216 3237 2400 3291 mundi
2429 3236 2480 3290 in
2517 3251 2613 3290 usu
2645 3238 2807 3292 fuisse
2838 3241 2974 3306 apud
3007 3254 3162 3293 veros
3196 3239 3286 3293 Dei
3310 3241 3543 3294 cultores

1967 3306 2252 3378 (Chrysost.
2286 3309 2425 3362 hom.
2455 3311 2522 3362 Ἡ
2552 3309 2603 3360 in
2639 3308 2867 3373 Genes.).
2905 3309 3208 3364 Secundum
3240 3312 3542 3378 exemplum

1963 3378 2134 3432 Noetii
2161 3420 2175 3440 ,
2207 3382 2294 3438 qui
2327 3383 2487 3435 etiam
2523 3379 2621 3434 sub
2663 3381 2778 3448 lege
2808 3391 3012 3434 natura:
3049 3391 3102 3434 et
3135 3380 3352 3433 scientia
3388 3389 3544 3433 natu-

1967 3451 2094 3514 rali,
2123 3463 2178 3502 ut
2209 3451 2292 3504 hic
2325 3451 2577 3511 habetur,
2621 3452 2775 3518 longe
2801 3463 2924 3506 ante
2956 3452 3124 3520 legem
3152 3451 3433 3504 Mosairatn
3463 3451 3545 3504 in-

1966 3522 2171 3575 tellexit
2190 3538 2307 3589 qum
2336 3521 2607 3573 immunda
2637 3533 2821 3574 essent
2847 3523 3121 3573 animalia.
3170 3520 3544 3575 Censebantur

1965 3602 2142 3644 autem
2169 3592 2438 3644 immunda
2471 3602 2708 3656 tempore
2750 3592 2878 3654 legis
2927 3602 3132 3643 naturae
3168 3605 3226 3641 ea
3274 3607 3392 3652 qttze
3435 3607 3540 3644 non

1966 3661 2158 3714 IlCt‘bztl,
2210 3661 2323 3712 Deo
2372 3658 2600 3721 offerre;
2656 3671 2894 3726 tempore
2943 3675 3069 3712 vero
3121 3659 3252 3723 legis
3296 3660 3540 3713 Mosaicae

1967 3730 2238 3783 immunda
2263 3731 2402 3781 dicta
2428 3729 2764 3795 suntqnibns
2794 3727 2960 3782 Judtei
3005 3729 3055 3780 in
3108 3728 3348 3780 Levitico
3397 3731 3540 3781 vesci

1967 3799 2420 3866 prohibebantur;
2474 3813 2592 3862 qua:
2639 3797 2851 3864 quidem
2902 3798 3196 3850 verisimile
3244 3808 3325 3848 est
3364 3806 3539 3866 etiam

1966 3865 2127 3922 Noaci
2151 3883 2246 3922 seu
2269 3867 2438 3920 Noetii
2462 3876 2702 3932 tempore
2726 3882 2818 3931 pro
2843 3867 3130 3920 immundis
3155 3866 3325 3919 habita
3351 3865 3538 3930 fuisse,

1967 3956 2072 3991 non
2115 3937 2254 4007 quod
2301 3937 2570 3990 immunda
2603 3949 2946 3990 censerentur
2974 3953 3034 3989 ex
3067 3946 3253 3989 natura
3298 3953 3391 3990 sua
3425 3941 3537 4005 (qui

1966 4010 2065 4063 fuit
2095 4025 2246 4064 error
2277 4007 2732 4071 Manichaeorum),
2761 4008 2854 4060 sed
2888 4017 3104 4073 propter
3131 4008 3350 4072 ligttratn
3383 4017 3437 4060 et
3467 4009 3539 4061 si-

1964 4081 2359 4149 gniﬁcationetn
2384 4080 2633 4146 aliquam,
2657 4079 2770 4132 sive
2787 4079 3148 4147 allegoricae),
3167 4079 3278 4131 sive
3302 4078 3538 4149 tropolo-

1965 4147 2156 4222 gicum.
2204 4152 2280 4205 De
2319 4166 2421 4219 qua
2455 4150 2572 4205 vide
2612 4151 2670 4205 S.
2703 4150 2960 4203 Thomam
2997 4151 3198 4222 μῆνα.
3235 4147 3369 4212 10‘2;
3419 4149 3535 4212 1-2,

1965 4221 2019 4292 q.
2055 4224 2175 4288 105,
2209 4232 2309 4276 art.
2347 4223 2396 4276 l.
2453 4223 2646 4275 Ilarum
2678 4231 2870 4292 tamen
2886 4236 3064 4274 rerum
3096 4221 3398 4292 observatio
3427 4233 3535 4273 non

1965 4291 2082 4349 erat
2109 4303 2233 4348 ante
2259 4294 2427 4358 legem
2459 4293 2619 4347 Mosis
2647 4293 2826 4361 aliquo
2855 4291 2949 4346 Dei
2981 4301 3249 4358 praecepto
3275 4299 3366 4343 aut
3392 4291 3530 4360 lege,

1965 4375 2022 4418 ut
2049 4376 2259 4426 vocant,
2291 4364 2534 4433 positiva,
2567 4363 2870 4417 hominibus
2896 4362 3158 4433 imperata
3185 4362 3314 4433 :Ased
3343 4364 3532 4427 partim

1964 4437 2220 4490 instinctu
2256 4431 2369 4498 Dei,
2409 4436 2598 4503 partim
2629 4433 2852 4486 naturali
2885 4431 3536 4503 rationisjudicio;_prtn-

1966 4508 2122 4576 cipue
2146 4515 2320 4559 autem
2353 4500 2628 4576 tttajorunt
2643 4504 2928 4558 traditione
2951 4545 2964 4568 ,
3007 4504 3062 4576 iu
3091 4500 3531 4576 consuetudinem

1967 4569 2274 4645 cultumque
2306 4569 2541 4630 inducta.
2587 4574 2824 4645 Tertium
2854 4572 3155 4641 exemplum
3192 4569 3530 4645 Etto_c_l_ti,_qui

1965 4647 2164 4700 dicitur
2185 4639 2487 4700 ambulasse
2506 4660 2627 4700 cum
2650 4644 2759 4698 Deo
2778 4642 2973 4700 Genes.
3001 4639 3057 4708 v,
3077 4641 3215 4712 quod
3241 4642 3368 4695 nihil
3390 4639 3532 4695 aliud

1965 4727 2050 4771 est
2074 4733 2230 4786 quam
2258 4716 2537 4771 ambulare
2565 4718 2616 4769 in
2649 4716 2731 4786 via
2767 4715 3000 4786 Ι)οιιιὶιιί,
3045 4714 3129 4767 vel
3172 4713 3536 4786 in_prazce_ptis

1965 4783 2104 4854 ejus,
2136 4787 2237 4842 hoc
2260 4795 2361 4850 est,
2391 4797 2572 4841 sancte
2597 4793 2652 4840 et
2688 4785 2957 4853 inculpate
2983 4787 3193 4848 vivere,
3227 4783 3320 4838 Dei
3347 4784 3535 4837 volun-

1967 4859 2059 4911 tati
2090 4869 2143 4912 et
2177 4859 2458 4924 prteceptis
2490 4859 2895 4920 obtemperare;
2944 4856 2992 4909 in
3023 4870 3251 4920 summa,
3289 4855 3396 4908 Deo
3425 4854 3536 4922 pla-

1963 4943 2110 4988 cere,
2138 4927 2582 4994 quemadmodum
2613 4925 2750 4979 LXX
2780 4925 3102 4992 lnterpretes
3128 4942 3220 4990 pro
3247 4942 3310 4979 eo
3341 4940 3535 4992 posue-

1963 5008 2126 5051 runt:
2157 5000 2262 5050 Deo
2285 4999 2495 5064 placuit.
2515 4999 2771 5062 Quartum
2792 4997 3098 5064 exemplum
3125 4997 3248 5051 Sent
3271 5007 3322 5048 et
3344 4994 3530 5057 .laphet

1965 5069 2193 5121 liliorum
2221 5067 2347 5128 Noe,
2377 5069 2466 5136 qui
2492 5068 2651 5121 etiam
2685 5067 2910 5119 naturali
2940 5069 3138 5120 lumine
3168 5076 3530 5136 cognoverunt

1968 5139 2131 5205 patris
2157 5134 2517 5191 verettdanon
2549 5153 2670 5191 esse
2692 5136 2986 5206 detegenda
3015 5179 3028 5201 ,
3073 5139 3236 5206 immo
3269 5147 3366 5187 nec
3392 5134 3532 5206 aspi-

1964 5204 2152 5263 cienda
2181 5217 2464 5272 antequam
2512 5210 2594 5262 lex
2635 5204 2840 5261 diceret
2884 5221 2896 5259 :
2943 5205 3329 5276 Turpitudinem
3377 5204 3535 5276 patris

1965 5281 2037 5331 tui
2064 5295 2167 5331 non
2195 5278 2462 5332 reuelabis.
2519 5281 2769 5342 Quintum
2812 5272 3114 5342 exemplum
3161 5274 3413 5335 Ahrahm,
3445 5272 3532 5341 qui

1965 5351 2124 5423 etiam
2149 5349 2346 5423 lumine
2373 5350 2602 5423 naturali
2629 5351 2758 5402 satis
2781 5349 3046 5401 intellexit
3067 5347 3235 5423 spolia
3266 5344 3531 5423 Pentapo-

1963 5422 2175 5474 litarum
2221 5421 2288 5474 ab
2339 5419 2575 5472 hostibus
2625 5430 2936 5486 recuperata
2981 5418 3119 5470 veris
3149 5414 3383 5486 dominis
3412 5427 3533 5486 esse

1962 5492 2288 5546 restituenda
2312 5507 2326 5554 ;
2358 5491 2594 5545 decimas
2615 5483 2774 5543 etiam
2791 5488 2916 5557 jure
2940 5501 3142 5540 natura:
3163 5483 3534 5557 sacerdotibus

1961 5563 2184 5616 debitas.
2214 5551 2430 5617 Sex-tum
2462 5561 2761 5628 exemplum
2788 5551 3026 5626 ejusdem
3056 5555 3286 5628 Abrahzc
3315 5566 3367 5606 et
3394 5551 3532 5628 Loth

1964 5635 2170 5701 nepotis
2198 5634 2334 5705 ejus,
2367 5633 2453 5701 qui
2486 5625 2647 5705 etiam
2671 5631 2776 5705 sub
2817 5625 2930 5705 le_.:e
2963 5639 3174 5705 naturae
3197 5625 3534 5705 hospitalita-

1963 5697 2067 5757 tem
2102 5697 2406 5757 exercuisse
2437 5713 2489 5757 et
2530 5703 2827 5770 hospitibus
2859 5700 3206 5756 humanitatis
3232 5697 3409 5770 ol'licia
3434 5697 3534 5748 itu-

1964 5775 2210 5846 pendissc
2253 5776 2506 5848 leguntur
2555 5768 2850 5846 (SiT/tam.
2899 5773 3014 5840 2-2,
3066 5791 3114 5845 (ί.
3161 5771 3249 5838 87,
3297 5783 3350 5825 a.
3381 5768 3442 5846 ις
3483 5771 3534 5827 et
