4048 6198
592 238 695 294 767

1644 237 1916 295 ιοΑΝΝιε
1953 237 2267 297 CASSIANI
2304 240 2808 299 COLLATIONES.

3788 250 3905 300 768

590 362 745 412 erant
765 352 980 409 talionis
1001 354 1313 423 aequalitate
1337 351 1561 419 injurias
1583 353 1829 421 proprias
1851 353 2060 420 ulcisci,
2082 354 2181 409 sed
2205 360 2260 422 Α
2282 357 2412 411 sicut
2436 360 2554 423 lac,
2587 358 2796 426 inquit,
2846 358 3067 413 mulsisti
3098 375 3209 425 me,
3258 368 3309 413 et
3358 359 3657 429 coagulasti
3703 375 3797 413 me
3845 372 3901 411 iu

592 444 823 503 lethales
859 446 1039 501 calces
1065 460 1130 499 ac
1166 444 1397 500 telorum
1430 441 1652 498 vulnera
1684 457 1786 514 pro
1822 444 1976 513 alapa
2016 443 2178 500 levis-

591 542 730 595 sima
767 539 1137 609 rependebant
1159 580 1174 606 ,
1211 546 1267 592 et
1291 551 1387 606 pro
1410 550 1521 591 uno
1557 535 1720 591 dente
1760 538 2179 605 percutientium

590 633 801 687 animas
816 632 1162 700 expetebant.
1181 628 1286 684 Sed
1312 643 1414 684 nec
1441 628 1548 683 dici
1577 635 1788 697 poterat
1808 628 1913 683 illis
1933 646 1947 682 :
1967 627 2180 699 Diligitc

589 725 831 777 inimicos
860 734 1048 778 vestros
1078 721 1295 794 (Matth.
1323 726 1401 791 v),
1424 721 1476 775 in
1507 721 1709 792 quibus
1730 736 1955 791 magnus
1978 720 2180 776 fructus

591 822 647 867 et
675 814 885 867 utilitas
912 813 1239 878 ducebatur,
1272 821 1333 867 ut
1359 813 1560 867 amicos
1589 826 1716 868 suos
1741 812 2055 883 diligerent,
2084 812 2183 868 de-

590 906 858 960 clinarent
882 921 1011 960 vero
1055 906 1123 960 ab
1161 904 1413 973 inimicis,
1443 916 1497 961 et
1535 906 1653 961 solo
1684 906 1752 960 ab
1780 907 1858 961 eis
1880 906 2006 961 odio
2033 905 2178 961 desi-

591 1008 803 1066 nerent,
830 1014 930 1055 nec
949 1000 1262 1071 opprimere
1282 1000 1404 1055 illos
1424 1010 1478 1055 et
1494 1000 1804 1056 interﬁcere
1832 1000 2175 1057 festinarent.

1152 1109 1378 1166 CAPUT
1425 1109 1597 1165 XXV.

590 1203 859 1275 Quomodo
898 1204 1306 1275 intelligendum
1334 1205 1401 1257 sit
1431 1205 1571 1272 quod
1597 1205 1650 1258 in
1676 1202 1959 1275 Evangelia
1987 1205 2177 1261 dicitur

694 1275 757 1328 de
793 1272 1007 1327 diabolo
1031 1315 1044 1338 ,
1086 1272 1216 1344 quia
1256 1275 1475 1330 mendax
1520 1284 1632 1340 est,
1682 1284 1729 1329 et
1756 1272 1901 1346 pater
1932 1279 2046 1350 ejus

654 1366 791 1421 lllud
846 1381 975 1421 vero
1020 1366 1162 1436 quod
1192 1381 1289 1422 vos
1315 1366 1384 1420 de
1430 1366 1648 1421 diabolo
1676 1377 1942 1434 moverat,
1988 1377 2014 1407 ι
2052 1369 2177 1439 quia

587 1459 813 1513 mendax
839 1469 947 1523 est,
1004 1467 1052 1511 et
1103 1465 1250 1527 pater
1276 1460 1420 1527 eius,
1451 1458 1597 1528 quod
1625 1458 1888 1514 videlicet
1919 1468 2031 1513 tam
2060 1460 2177 1528 ipse

583 1566 745 1620 quam
798 1561 950 1620 pater
1004 1565 1135 1604 suus
1193 1552 1427 1605 mendax
1475 1551 1823 1621 pronuntiari
1870 1551 2173 1607 videatura

587 1645 814 1700 Domino
840 1643 1028 1712 (Joan.
1051 1641 1203 1713 vui),
1238 1644 1370 1696 satis
1407 1641 1705 1696 absurdum
1736 1652 1820 1697 est
1844 1641 1950 1698 hoc
1968 1642 2055 1697 vel
2089 1643 2170 1698 le-

2289 464 2492 502 caseum
2514 488 2531 517 ,
2586 448 2785 504 ossibus
2843 460 2891 504 et
2932 451 3103 504 nervis
3151 451 3419 505 inseruisti
3443 466 3525 505 me
3564 448 3737 521 (Job.
3774 467 3806 504 x
3834 451 3899 519 )2

2284 541 2353 595 Et
2381 540 2644 595 Dominus
2674 541 2744 596 ad
2772 540 3103 596 Jeremiam:
3136 540 3457 613 Priusquam
3509 551 3561 597 te
3603 543 3894 613 formarem

2283 636 2337 688 in
2352 642 2520 698 utero,
2537 635 2658 688 novi
2684 642 2733 688 te
2752 633 3053 706 (Jerem.t).
3079 634 3892 704 Ecclesiastesveroutriusque

2282 725 2606 780 substantias
2649 734 2895 782 naturam
2922 737 3084 796 atque
3123 729 3425 798 originem,
3476 730 3890 784 examinatione

2282 827 2431 872 ortus
2457 828 2619 888 atque
2642 820 2781 874 initii
2805 861 2821 886 ,
2855 836 2923 875 ex
2955 836 3062 891 quo
3095 822 3350 878 videlicet
3375 838 3727 893 unaquaeque
3762 839 3887 893 pro-

2281 912 2480 975 cessit,
2510 922 2569 968 et
2603 913 3049 970 consideratione
3079 915 3205 970 ﬁnis
3232 916 3299 970 ad
3344 932 3503 986 quem
3536 932 3903 987 unaquaeque

2280 1001 2609 1068 contendit,
2664 1004 2803 1058 satis
2848 1004 3135 1060 evidenter
3185 1021 3248 1060 ac
3297 1006 3518 1076 proprie
3565 1008 3879 1077 colligens,

2282 1094 2590 1163 pariterque
2622 1094 2689 1150 de
2720 1096 2972 1164 corporis
2996 1097 3158 1164 hujus
3189 1107 3355 1166 atque
3399 1099 3603 1153 animae
3651 1082 3941 1169 separa-E-

2284 1184 2430 1239 tione
2459 1183 2741 1253 disputans
2762 1225 2777 1250 ,
2803 1186 2876 1240 ita
2899 1186 3122 1242 disserit
3147 1205 3161 1239 :
3197 1186 3514 1256 Priusquam
3547 1200 3882 1244 convertatur

2280 1276 2447 1346 pulvis
2475 1275 2530 1329 in
2563 1285 2749 1329 terram
2783 1278 2917 1331 sicut
2958 1278 3057 1346 fuit
3078 1320 3094 1345 ,
3152 1288 3203 1333 et
3249 1279 3464 1350 spiritus
3491 1292 3784 1335 revertatur
3810 1283 3878 1334 ad

2279 1364 2448 1421 Deum
2473 1368 2564 1437 qui
2582 1368 2727 1422 dedit
2748 1384 2862 1422 eum
2880 1369 3108 1440 (Eccles.
3133 1370 3408 1441 xu).Quid
3432 1374 3674 1443 apertius
3696 1374 3879 1443 potuit

2281 1457 2490 1523 dicere,
2523 1474 2683 1529 quam
2715 1468 2779 1514 ut
2804 1461 3086 1515 materiam
3117 1466 3332 1528 carnis,
3367 1478 3528 1531 quam
3579 1463 3874 1524 pulverem

2279 1554 2618 1620 nominavit,
2663 1555 2789 1623 quia
2842 1555 2910 1610 de
2959 1555 3193 1610 hominis
3245 1556 3458 1611 semine
3487 1557 3654 1611 sumit
3696 1572 3875 1613 exor-

2283 1647 2429 1701 dium
2460 1688 2475 1713 ,
2507 1647 2734 1717 ejusque
2763 1647 2977 1703 videtur
3007 1648 3313 1703 ministerio
3343 1649 3637 1716 seminari,
3667 1650 3821 1704 velut
3844 1666 3877 1706 e

582 1739 721 1792 viter
751 1737 988 1805 opinari.
1037 1734 1113 1791 Ut
1157 1737 1301 1790 enim
1329 1735 1504 1804 lpaulo
1537 1744 1665 1790 ante
1702 1736 1978 1803 diximus,
2013 1736 2174 1805 spiri-
2202 1726 2250 1786 Β
2280 1747 2422 1794 terra
2453 1752 2754 1806 sumptam,
2787 1739 2980 1794 iterum
3010 1740 3211 1795 reverti
3250 1742 3643 1811 pronuntiaret
3671 1740 3741 1796 ad
3766 1752 3876 1797 ter-

584 1838 670 1882 tus
719 1828 975 1896 Spiritum
1025 1842 1133 1882 non
1167 1836 1428 1897 generat,
1463 1828 1604 1881 sicut
1642 1842 1743 1882 nec
1781 1828 2017 1882 animam
2053 1829 2174 1897 qui-

582 1920 702 1974 dem
721 1928 903 1988 potest
926 1918 1103 1972 anima
1132 1933 1451 1989 procreare,
1470 1918 1602 1973 licet
1618 1920 2020 1975 concretionem
2049 1935 2173 1975 car-

581 2014 666 2067 nis
688 2028 792 2066 nou
818 2011 1127 2067 dubitemus
1152 2012 1388 2066 humano
1406 2011 1619 2068 semine
1641 2013 1970 2080 coalescere,
2002 2013 2075 2067 ita
2104 2013 2174 2068 de

582 2115 813 2171 utraque
840 2103 1149 2159 substantia
1172 2145 1187 2169 ,
1233 2103 1287 2159 id
1319 2114 1445 2172 est,
1476 2105 1657 2158 carnis
1680 2114 1733 2159 et
1764 2105 1959 2158 animae
1985 2146 1999 2168 ,
2051 2119 2173 2173 qua:

580 2198 666 2253 cui
697 2193 1006 2253 ascribatur
1055 2200 1267 2254 auctori
1289 2240 1303 2261 ,
1332 2199 1596 2267 Apostolo
1622 2198 1960 2253 manifestius
1981 2199 2173 2254 distino

581 2300 801 2362 guente.
834 2290 1034 2346 Deinde
1064 2300 1237 2361 patres
1263 2335 1276 2357 ,
1310 2294 1515 2363 inquit,
1549 2293 1721 2346 carnis
1769 2304 1957 2347 nostra:
1984 2292 2173 2346 habui-

580 2403 694 2441 mus
740 2386 1063 2450 eruditores,
1093 2397 1143 2439 et
1186 2386 1585 2451 reverebamur,
1642 2402 1745 2439 non
1795 2386 1958 2439 multo
2010 2385 2174 2457 magis

579 2479 913 2550 subjiciemur
942 2477 1079 2547 patri
1113 2477 1394 2547 spirituum
1444 2486 1493 2530 et
1545 2479 1772 2530 vivemus
1806 2475 1996 2548 (Hebr.
2032 2476 2173 2547 xu)?

579 2567 714 2637 Quid
749 2567 850 2624 hac
881 2568 1148 2622 divisione
1175 2568 1377 2622 clarius
1415 2570 1590 2637 potuit
1619 2569 1881 2635 delinire,
1914 2580 1971 2624 ut
1993 2571 2173 2626 carnis

580 2662 804 2732 quidem
839 2671 1042 2715 nosme
1072 2671 1253 2729 patres
1283 2660 1533 2716 homines
1558 2663 1941 2730 pronuntiaret
1961 2703 1973 2723 ,
2008 2661 2035 2700 ι)
2059 2664 2176 2717 ani-

580 2766 794 2807 marum
826 2766 957 2806 vero
1000 2752 1168 2805 Deum
1199 2752 1380 2807 solum
1426 2767 1550 2807 esse
1602 2762 1814 2821 patrem
1864 2763 2177 2809 constanter

580 2844 962 2915 exprimeret?
1017 2844 1357 2915 Quamquam
1390 2853 1446 2901 et
1485 2846 1537 2899 in
1568 2847 1684 2915 ipsa
1720 2847 1968 2917 corporis
2014 2846 2176 2916 hujus

580 2938 932 2994 concretione
961 2948 982 2976 ε
1021 2937 1385 2992 ministerium
1418 2939 1793 2993 tantummodo
1842 2938 2051 2993 homini
2101 2940 2176 2993 sit

582 3031 966 3089 ascribendum
998 3072 1011 3097 ,
1062 3047 1274 3087 summa
1315 3048 1449 3088 vero
1512 3032 1845 3087 conditionis
1901 3033 2012 3087 Deo
2056 3047 2178 3087 om-

2275 1846 2429 1895 ram;
2460 1830 2710 1899 spiritum
2752 1846 2918 1897 vero,
2981 1832 3075 1901 qui
3108 1846 3213 1887 non
3271 1846 3369 1901 per
3423 1832 3873 1887 commixtionem

2275 1938 2439 1978 sexus
2464 1924 2746 1993 utriusque
2794 1934 3117 1993 procreatur
3140 1965 3155 1990 ,
3210 1925 3307 1979 sed
3351 1924 3669 1994 specialiter
3698 1941 3727 1979 a
3765 1927 3875 1980 Deo

2273 2018 2395 2072 solo
2442 2018 2730 2080 tribuitur,
2782 2017 2850 2072 ad
2906 2028 3184 2072 auctorem
3228 2032 3388 2072 suum
3432 2017 3617 2071 redire
3646 2018 3874 2086 signat?

2275 2109 2429 2175 Quod
2489 2106 2700 2163 etiamd
2730 2123 2827 2179 per
2886 2109 3033 2163 illam
3093 2109 3187 2164 Dei
3243 2108 3699 2171 insufﬂationem,
3754 2124 3869 2177 qua

2277 2201 2445 2255 Adam
2475 2200 2722 2269 primitus
2746 2200 3011 2254 animavit
3036 2200 3190 2270 (Gen.
3228 2199 3287 2269 ιι)
3316 2242 3331 2266 ,
3363 2200 3645 2255 evidenter
3677 2202 3868 2275 expri-

2276 2294 2462 2347 mitur.
2497 2293 2681 2362 ltaque
2712 2292 2796 2346 his
2820 2292 3148 2347 teStimoniis
3196 2293 3481 2347 manifeste
3512 2293 3821 2362 colligimus
3850 2331 3866 2355 ,

2276 2396 2485 2457 patrem
2518 2386 2807 2454 Spirituum
2852 2386 3123 2441 neminem
3171 2385 3283 2441 dici
3330 2400 3495 2455 posse
3539 2386 3645 2439 nisi
3704 2385 3865 2441 Deum

2276 2480 2489 2545 solum,
2545 2479 2639 2550 qui
2690 2494 2784 2534 eos
2829 2494 2895 2533 ex
2944 2478 3149 2546 nihilo,
3194 2495 3315 2534 cum
3367 2479 3641 2545 voluerit,
3700 2478 3867 2543 facit;

2278 2569 2526 2625 homines
2580 2584 2712 2624 vero
2764 2571 2949 2624 carnis
3007 2580 3210 2625 nostrae
3258 2582 3442 2638 patres
3493 2571 3869 2625 tantummodo

2276 2662 2568 2717 nominari.
2601 2660 2790 2728 Itaque
2834 2669 2891 2715 et
2927 2658 3174 2715 diabolus
3230 2660 3537 2715 secundum
3586 2661 3691 2715 hoc
3724 2663 3871 2730 quod

2276 2756 2364 2810 vel
2416 2755 2635 2823 spiritus
2665 2753 2753 2807 vel
2786 2753 3013 2822 angelus
3044 2753 3218 2807 bonus
3244 2761 3461 2807 creatus
3500 2761 3621 2819 est,
3669 2766 3869 2823 patrem

2279 2845 2552 2902 neminem
2581 2843 2772 2897 habuit
2805 2843 2910 2897 nisi
2938 2842 3110 2897 Deum
3156 2843 3498 2897 conditorem
3540 2859 3725 2899 suum.
3774 2845 3870 2912 Qui

2279 2954 2402 2993 cum
2427 2936 2678 3006 superbia
2705 2935 2897 2991 fuisset
2926 2936 3123 3002 elatus,
3155 2944 3210 2990 et
3228 2935 3461 2991 dixisset
3483 2937 3538 2990 in
3563 2937 3736 2992 corde
3754 2952 3869 3003 suo,

2280 3032 2570 3086 Ascendam
2618 3046 2772 3099 super
2817 3029 3144 3083 altitudinem
3210 3028 3475 3092 nubium,
3550 3047 3642 3084 ero
3695 3030 3873 3085 similis

582 3129 729 3182 nium
745 3125 999 3191 creatori,
1020 3126 1238 3180 dicente
1266 3126 1433 3179 David
1461 3144 1473 3178 :
1498 3126 1686 3180 Manus
1705 3136 1805 3179 tua:
1833 3127 2063 3195 fecerunt
2096 3143 2177 3181 me
2201 3101 2249 3168 (ἶ
2279 3125 2546 3180 Altissimo
2573 3122 2753 3195 (Isaia:
2782 3125 2899 3185 xiv)
2917 3164 2932 3189 ,
2967 3121 3145 3177 factus
3168 3131 3251 3177 est
3282 3122 3520 3177 mendax
3546 3164 3561 3187 ,
3588 3133 3639 3177 et
3662 3124 3716 3177 in
3743 3126 3876 3177 veri-

582 3227 630 3272 et
660 3218 1042 3289 plasmaverunt
1063 3232 1143 3270 me
1172 3215 1292 3285 (Ps.
1310 3215 1523 3288 cxviu).
1547 3217 1614 3271 Et
1630 3217 1958 3282 beatusJob,
1985 3216 2175 3271 Nonne

2284 3226 2387 3269 tate
2434 3232 2537 3269 non
2579 3216 2747 3279 stetit,
2795 3213 2891 3268 sed
2943 3212 3011 3268 de
3049 3212 3269 3283 proprio
3310 3213 3568 3283 nequitia:
3623 3214 3876 3269 thesauro

1664 3307 1924 3362 ALARDI
1961 3308 2196 3363 GAZAII
2234 3305 2800 3364 COMMENTARIUS.

582 3403 637 3456 id
664 3401 801 3472 quod
830 3401 1053 3472 sopitum
1074 3409 1183 3453 erat
1207 3400 1324 3453 hinc
1346 3400 1729 3472 accenderetur,
1758 3399 1849 3453 sed
1872 3416 1932 3453 ne
1953 3399 2009 3452 id
2033 3402 2170 3464 quod

584 3471 794 3526 ardebat
839 3471 975 3524 ultra
1026 3472 1416 3537 extenderetur;
1469 3471 1710 3543 imposita
1758 3477 1831 3523 est
1861 3472 1997 3543 enim
2026 3474 2171 3543 justa

582 3544 807 3615 vindicta
830 3588 842 3609 ,
876 3557 990 3615 qua:
1032 3545 1173 3615 juste
1214 3542 1425 3615 debetur
1451 3542 1495 3594 ei
1520 3541 1820 3615 quipassus
1849 3541 2000 3615 fuerit
2028 3541 2171 3613 inju-

584 3617 737 3667 rimn.
783 3613 932 3685 Quod
980 3611 1148 3667 autem
1180 3611 1388 3666 debetur
1410 3653 1423 3676 ,
1463 3614 1556 3666 etsi
1613 3611 1824 3685 benigne
1851 3611 2125 3685 remittitur
2150 3655 2166 3679 ,

584 3701 684 3738 non
716 3695 884 3737 tamen
914 3684 1086 3754 inique
1108 3685 1371 3755 repetitur.
1400 3685 1472 3736 Ita
1499 3682 1850 3752 Augustinus.
1883 3682 2012 3748 Quae
2034 3685 2171 3740 ratio

583 3757 743 3811 docet
765 3755 1001 3821 Judzros,
1032 3755 1246 3809 talionis
1272 3755 1573 3823 mqualitate
1602 3756 1826 3811 minime
1862 3765 2167 3820 contentos,

586 3838 643 3880 ut
674 3827 759 3880 hic
782 3827 1017 3889 dicitur,
1066 3836 1318 3896 acceptas
1348 3825 1568 3895 injurias
1611 3825 1945 3894 gravioribus
1992 3825 2171 3894 poenis

587 3912 732 3965 saepe
761 3897 1061 3951 vindicasse
1084 3939 1097 3961 ,
1125 3907 1179 3951 et
1204 3910 1301 3964 pro
1326 3897 1475 3964 alapa
1508 3897 1772 3951 levissima
1807 3896 2035 3951 lethales
2054 3896 2169 3951 cal-

586 3982 679 4021 ces
701 4008 716 4032 ,
743 3968 794 4021 id
824 3978 905 4022 est
924 4012 938 4035 ,
977 3968 1173 4034 pedum
1203 3968 1339 4020 ictus
1387 3982 1574 4035 graves
1603 3976 1657 4019 et
1696 3966 2058 4035 periculosos,
2116 3976 2172 4021 et

587 4038 819 4092 telorum
850 4040 1071 4092 vulnera
1091 4080 1106 4103 ,
1139 4038 1190 4091 id
1219 4047 1298 4089 est
1326 4077 1340 4100 ,
1368 4052 1463 4103 pro
1495 4038 1728 4089 minimis
1756 4036 1964 4104 injuriis
1993 4038 2168 4089 maxi-

588 4124 701 4161 mas
718 4108 1053 4177 rependisse.
1081 4109 1246 4161 Porro
1268 4106 1406 4159 hanc
1431 4107 1646 4159 talionis
1669 4107 1835 4177 legent
1861 4148 1889 4177 ,ί
1910 4117 2001 4159 aut
2022 4115 2172 4177 certe

586 4174 806 4246 pravam
838 4179 952 4246 ejus
989 4178 1487 4246 interpretationem
1518 4174 1737 4230 sustulit
1763 4174 2013 4230 Christus
2035 4176 2171 4231 Mat-

589 4247 713 4300 thazi
743 4263 778 4298 v
803 4288 818 4310 ,
869 4259 922 4300 et
953 4263 1049 4314 pro
1094 4262 1159 4301 ea
1206 4246 1576 4313 perfectiorem
1608 4247 1885 4301 cliaritatis
1906 4290 1919 4311 ,
1958 4248 2170 4300 miseri-

587 4316 789 4370 cordiae
816 4326 869 4370 et
895 4318 1164 4385 patientiae
1222 4318 1393 4385 legem
1449 4317 1683 4384 indixit,
1714 4331 1816 4386 qua
1861 4332 1964 4370 nou
1997 4318 2169 4371 solum

586 4386 770 4440 docuit
800 4403 895 4440 nos
946 4402 1050 4439 non
1098 4395 1356 4457 expetere
1399 4386 1721 4452 vindictam,
1780 4401 1965 4441 verum
2008 4390 2167 4441 etiam

588 4458 854 4526 patienter
887 4457 1107 4527 injurias
1136 4459 1405 4519 tolerare;
1434 4471 1536 4512 nec
1566 4457 1798 4512 tolerare
1830 4457 1991 4511 modo
2012 4498 2025 4517 .
2075 4458 2170 4513 sed

588 4538 805 4595 Optare,
835 4535 891 4580 et
916 4529 982 4580 de
1010 4528 1074 4581 iis
1094 4528 1307 4596 gloriari
1335 4544 1349 4593 ;
1378 4528 1610 4595 denique
1640 4528 1960 4595 percutienti
1990 4543 2088 4582 nos
2118 4530 2170 4583 in

587 4614 689 4652 una
719 4598 934 4651 maxilla
956 4639 971 4663 ,
1005 4598 1228 4653 alteram
1259 4600 1536 4665 praebere;
1590 4599 1790 4653 volenti
1820 4598 1975 4653 nobis
2019 4600 2169 4653 tuni-

586 4683 705 4724 cam
734 4669 952 4732 tollere,
982 4671 1145 4722 etiam
1175 4669 1392 4736 pallium
1414 4670 1741 4738 relinquere.

658 4748 684 4777 α
726 4740 851 4793 Haec
878 4740 1047 4793 altera
1078 4739 1364 4793 difficultas
1408 4739 1652 4808 superius
1681 4754 1709 4791 a
1733 4739 2004 4794 Germano
2032 4755 2157 4809 pro.

586 4810 759 4878 posita
783 4827 794 4861 :
826 4825 986 4879 quam
1012 4811 1199 4865 eodem
1235 4809 1346 4864 fere
1374 4813 1534 4864 modo
1553 4810 1714 4863 solvit
1738 4810 1802 4863 D.
1835 4811 2162 4879 Augustinus

581 4897 689 4951 quo
714 4880 800 4951 hic
825 4881 990 4934 abbas
1012 4882 1250 4937 Serenus
1284 4898 1297 4933 :
1329 4880 1389 4934 In
1420 4880 1499 4935 his
1525 4881 1685 4934 verbis
1705 4920 1720 4942 ,
1751 4880 1919 4949 inquit
1950 4880 2157 4949 (Tract.

580 4950 651 5006 2‘4
674 4954 726 5005 in
750 4950 962 5021 lnam),
992 4952 1198 5021 quidam
1232 4951 1488 5005 diabolum
1518 4962 1819 5023 putaverunt
1842 4951 2026 5023 habere
2068 4970 2165 5023 pa-

581 5032 709 5075 trem
728 5066 741 5089 ,
776 5032 825 5075 et
854 5025 1165 5092 quaesierunt
1186 5023 1295 5092 quis
1321 5034 1447 5076 esset
1474 5021 1665 5076 diaboli
1696 5034 1837 5089 pater
1861 5022 1886 5073 Ρ
1937 5022 2040 5075 Hic
2069 5021 2160 5077 est

579 5108 729 5146 error
758 5092 1184 5147 Manichazorum.
1239 5092 1360 5146 Non
1405 5095 1543 5146 enim
1571 5096 1733 5146 omnis
1762 5094 1847 5161 qui
1877 5096 2117 5147 mentitur
2142 5137 2156 5160 ,

580 5175 725 5230 pater
748 5165 1001 5217 mendacii
1018 5165 1095 5216 sui
1120 5174 1229 5218 est:
1257 5164 1302 5217 si
1318 5165 1453 5216 enim
1474 5165 1535 5217 ab
1558 5163 1663 5217 alio
1678 5165 1996 5216 mendacium
2010 5180 2157 5217 acce—

576 5236 699 5303 pisti
720 5244 766 5287 et
788 5235 987 5305 dixisti,
1004 5246 1057 5287 tu
1076 5235 1280 5305 quidem
1292 5237 1529 5287 mentitus
1550 5250 1624 5299 es,
1642 5236 1728 5288 sed
1738 5245 1884 5305 pater
1904 5236 2157 5289 mendacii

576 5319 683 5356 non
706 5322 777 5357 es.
810 5303 910 5359 Ille
932 5320 1049 5359 vero
1082 5303 1194 5373 quia
1220 5322 1322 5357 non
1350 5305 1560 5359 aliunde
1589 5303 1783 5375 accepit
1812 5306 2156 5375 mendacium,

574 5388 677 5442 quo
694 5375 964 5429 mendacio
983 5385 1243 5447 tamquam
1256 5392 1444 5428 veneno
1456 5392 1660 5447 serpens
1683 5374 1939 5427 hominem
1962 5378 2160 5428 occide-

575 5452 651 5514 ret
680 5486 693 5506 ,
723 5456 868 5514 pater
904 5455 977 5499 est
1006 5447 1294 5509 mendacii,
1326 5450 1456 5499 sicut
1491 5446 1628 5498 Deus
1654 5457 1792 5514 pater
1820 5448 2157 5498 estveritatis.

575 5512 653 5567 lta
667 5512 1015 5584 Augustinus.
1052 5516 1131 5570 Ex
1154 5531 1258 5581 quo
1278 5517 1628 5585 intelligimus
1645 5512 1914 5570 diabolum
1935 5516 2038 5567 dici
2069 5531 2158 5581 pa.

581 5593 715 5655 trem
748 5586 1009 5639 mendacii
1037 5628 1051 5649 ,
1082 5588 1199 5649 quia
1229 5590 1431 5655 primus
1462 5598 1646 5639 unctor
1680 5598 1731 5640 et
1766 5589 2015 5638 inventor
2042 5590 2158 5653 ejus

576 5653 675 5705 fuit
695 5664 793 5734 ,ιρι
830 5653 1240 5722 quodammodo
1268 5658 1397 5711 illud
1444 5662 1680 5733 peperit,
1717 5666 1773 5711 ut
1802 5657 1987 5713 Patres
2013 5672 2162 5715 coms

579 5733 813 5781 "tuniter
846 5735 1137 5785 θιυοιιιιιιι.

2345 3399 2373 3438 δ
2414 3400 2637 3454 Animas
2667 3397 2961 3452 rationales
2982 3412 3009 3449 a
3036 3398 3155 3451 solo
3181 3397 3287 3451 Deo
3308 3397 3481 3451 creari
3509 3439 3523 3463 ,
3549 3406 3604 3452 et
3628 3398 3877 3456 humanis

2271 3472 2587 3539 corporibus
2635 3469 2687 3522 in
2718 3472 2833 3535 ipso
2882 3468 3252 3539 generationis
3285 3477 3559 3521 momento
3619 3469 3873 3534 infundi,

2271 3537 2445 3610 eaque
2484 3542 2693 3595 ratione
2744 3541 2910 3593 Deum
2968 3537 3076 3591 dici
3132 3540 3714 3610 patremrspirituum,
3773 3557 3876 3596 seu

2271 3608 2611 3672 animarum,
2643 3610 2865 3674 docent,
2913 3618 3111 3678 praeter
3158 3608 3304 3663 hunc
3348 3609 3609 3664 Serenum
3636 3651 3650 3671 ,
3702 3612 3874 3667 etiam

2271 3683 2363 3737 alii
2400 3684 2583 3735 Patres
2607 3681 2755 3735 illum
2780 3681 2957 3733 locum
2981 3679 3225 3747 Apostoli
3252 3680 3697 3750 interpretantes.
3741 3680 3878 3739 Vide

2270 3753 2327 3809 S.
2362 3754 2623 3808 Thomam
2658 3753 2710 3803 in
2737 3751 3149 3805 commentario.

2347 3836 2367 3862 ο
2411 3824 2523 3877 Non
2553 3833 2731 3876 tamen
2758 3832 2816 3875 ut
2845 3820 3081 3889 simplici
3105 3822 3464 3875 instrumento
3488 3862 3505 3886 ,
3540 3823 3634 3876 sed
3663 3833 3722 3876 ut
3740 3837 3873 3878 cau-

2272 3910 2346 3950 sce
2378 3894 2728 3964 particulari;
2772 3892 2935 3964 homo
2974 3895 3117 3964 enim
3169 3892 3444 3946 hominem
3496 3905 3725 3960 generat
3756 3934 3770 3955 .
3823 3907 3879 3950 et

2271 3962 2700 4035 so|,'secundum
2731 3962 3123 4030 Philosophum
3150 3978 3165 4026 ;
3208 3963 3301 4016 sed
3335 3974 3393 4015 ut
3412 3978 3591 4018 causas
3622 3966 3878 4019 secunda:

2273 4047 2325 4090 et
2353 4036 2686 4090 secundarim
2710 4074 2725 4097 ,
2783 4035 2923 4087 Deus
2964 4044 3141 4088 autem
3169 4044 3228 4087 ut
3259 4036 3431 4102 prima
3454 4044 3510 4089 et
3550 4037 3875 4091 universalis

2273 4120 2452 4161 causa.

2342 4175 2369 4214 ά
2410 4175 2689 4245 lnspiravit
2719 4175 2850 4228 enim
2879 4176 2931 4227 in
2962 4175 3143 4243 faciem
3185 4175 3295 4242 ejus
3337 4176 3657 4242 spiraculum
3702 4180 3821 4231 vitaD
3853 4219 3868 4239 ,

2272 4257 2318 4301 et
2342 4248 2511 4314 factus
2538 4254 2611 4299 est
2639 4248 2789 4299 homo
2816 4248 2869 4299 in
2890 4247 3115 4299 animam
3138 4248 3387 4299 viventem
3415 4245 3624 4314 (Cenes.
3658 4245 3741 4313 tt).
3770 4248 3873 4303 Ubi

2272 4332 2369 4386 per
2395 4317 2729 4385 spiraculum
2770 4318 2897 4369 vitae
2950 4316 3263 4383 intelligitur
3310 4318 3516 4378 anima,
3552 4318 3717 4373 simul
3748 4333 3872 4373 cum

2272 4387 2390 4456 ipsa
2417 4389 2766 4451 productione
2788 4402 2881 4440 seu
2906 4388 3230 4441 formatione
3252 4387 3491 4454 corporis
3507 4402 3538 4439 a
3564 4388 3679 4441 Deo
3705 4390 3878 4456 inspi-

2272 4468 2385 4512 rata
2413 4469 2467 4512 et
2499 4458 2692 4511 infusa.
2720 4458 2895 4511 Monet
2920 4467 3095 4511 tamen
3127 4456 3185 4512 S.
3214 4457 3439 4510 Thomas
3466 4456 3739 4521 inspirare
3760 4476 3875 4513 mm

2274 4545 2379 4582 esse
2399 4528 2757 4593 accipiendum
2788 4527 3169 4596 corporaliter;
3199 4528 3284 4581 sed
3330 4524 3562 4597 idemest
3584 4565 3600 4590 ,
3634 4526 3817 4596 inquit
3856 4575 3871 4597 ,

2271 4599 2556 4670 inspirare,
2590 4598 2725 4668 quod
2752 4600 2991 4670 spiritum
3023 4599 3213 4667 facere.
3244 4598 3404 4670 Porro
3436 4595 3651 4670 Moyses
3670 4595 3875 4670 valens

2275 4668 2577 4736 signiﬁcare
2630 4669 2959 4723 creationem
3011 4672 3205 4723 anima:
3258 4668 3581 4732 rationalis,
3634 4668 3871 4739 ejusque

2275 4740 2596 4793 inlusionem
2656 4739 2709 4793 in
2763 4754 2961 4809 corpus
2990 4740 3221 4804 Adaini,
3286 4752 3415 4792 usus
3464 4748 3547 4791 est
3597 4741 3870 4809 vocabulo

2269 4810 2668 4880 inspirationis,
2718 4810 2832 4863 sive
2886 4810 3305 4867 insufflationis.
3362 4809 3556 4875 triplici
3610 4811 3862 4865 ralione:

2272 4880 2331 4933 ιο
2361 4882 2575 4949 quidem
2604 4921 2616 4939 .
2670 4888 2731 4933 ut
2772 4881 2949 4947 placet
2995 4880 3370 4941 'l‘lieodoreto,
3412 4894 3522 4948 quo
3578 4880 3865 4949 intelliga-

2266 4960 2354 5004 tur
2398 4961 2503 5005 tain
2537 4950 2747 5005 facilem
2778 4952 2886 5005 Deo
2936 4954 3264 5005 creationem
3294 4965 3417 5005 esse
3466 4950 3663 5003 animus
3696 4954 3863 5004 ratio-

2269 5023 2403 5075 nalis
2431 5038 2587 5091 quam
2616 5022 2765 5075 facile
2790 5032 2874 5074 est.
2902 5022 3102 5076 homini
3127 5022 3313 5075 flatura
3342 5036 3406 5073 ex
3440 5035 3540 5073 ore
3578 5036 3675 5074 suo
3700 5025 3866 5075 cmit-

2267 5102 2412 5155 tere;
2432 5094 2497 5145 ἓιο
2520 5101 2577 5146 ιιι
2599 5092 2723 5145 inde
2747 5092 3126 5160 Colliget-emus
3150 5092 3386 5145 animam
3408 5091 3731 5145 rationalem
3754 5110 3863 5147 non

2266 5164 2418 5218 educi
2449 5163 2517 5217 de
2542 5164 2774 5230 potentia
2809 5167 3046 5216 materiae
3069 5204 3082 5225 ,
3114 5175 3171 5216 ut
3192 5162 3387 5215 anima:
3413 5161 3726 5223 brutorum,
3759 5164 3858 5216 sed

2265 5234 2608 5288 extrinsecus
2655 5234 2958 5293 advenire.
3019 5240 3206 5300 utpote
3251 5248 3281 5284 a
3339 5234 3447 5285 Deo
3499 5241 3735 5285 creatam
3786 5250 3857 5286 ex

2267 5303 2468 5371 nihilo,
2512 5305 2740 5372 ideoque
2768 5304 3178 5358 immaterialem
3209 5311 3262 5355 et
3293 5303 3656 5355 immortalem
3689 5318 3811 5357 esse
3841 5320 3856 5366 ;

2264 5375 2326 5428 5°
2357 5384 2413 5427 ut
2441 5374 2769 5445 significaret
2790 5373 3023 5427 animam
3055 5372 3213 5445 simul
3242 5373 3411 5445 creari
3445 5382 3498 5425 et
3540 5372 3750 5445 infundi
3807 5376 3857 5426 in

2265 5442 2513 5512 θοι-μυεῖ
2534 5446 2676 5498 Deus
2701 5445 2841 5499 enim
2875 5443 3107 5497 creando
3134 5458 3254 5496 eam
3287 5442 3552 5505 infundit,
3587 5453 3643 5495 et
3673 5444 3858 5495 inlun-

2266 5515 2444 5569 dendo
2496 5524 2684 5579 creat,
2747 5514 2936 5569 eodem
2995 5521 3193 5581 puncto
3251 5514 3550 5579 temporis,
3606 5516 3858 5581 quamvis

2266 5586 2456 5642 Ordine
2479 5598 2681 5640 natura:
2714 5586 2858 5650 prius
2889 5586 2957 5635 sit
2981 5584 3213 5635 animam
3246 5584 3420 5638 creari
3453 5598 3617 5651 quam
3644 5582 3859 5642 infundi

2269 5658 2286 5729 (
2310 5657 2438 5713 Vide
2458 5657 2725 5715 Pererium
2752 5656 2803 5710 in
2831 5670 2946 5711 eum
2973 5654 3195 5723 locum).
