4036 6216
150 262 257 321 ’169

1231 257 1577 317 COLLATIO
1619 256 1712 314 IX.
1751 288 1819 305 σ-
1850 257 1939 313 DE
1975 257 2348 315 ORATIONE.

3344 264 3450 323 ’ΠΟ

148 374 488 432 mendacium
534 374 822 432 proferens
844 417 860 443 ,
932 389 1043 429 non
1098 372 1275 429 solum
1325 376 1581 443 mendax,
1641 374 1738 430 sed
1765 378 1821 439 Α
1843 376 2029 432 obrem
2056 378 2341 432 Dominum
2377 378 2756 448 deprecemur,
2790 387 2851 434 ut
2876 380 2928 434 in
2956 376 3141 446 nobis,
3174 381 3261 438 vel
3283 384 3451 439 titnor

148 470 311 524 etiam
347 476 494 539 pater
536 468 707 538 ipsius
757 467 1029 523 mendacii
1060 466 1236 522 factus
1261 477 1345 522 est
1373 467 1554 540 (Joan.
1586 472 1701 539 vin)
1727 514 1742 540 ,

145 577 253 632 quo
285 561 547 615 deitatem
573 560 779 614 homini
830 560 1219 628 repromittens
1247 574 1310 614 ac
1337 559 1549 627 dicens,
1582 562 1749 617 Eritis

145 656 277 707 sicut
306 653 382 706 dii
407 650 616 723 (Genes.
636 654 745 721 tu),
764 652 820 705 in
848 652 1060 705 veritate
1080 668 1182 706 non
1209 652 1366 718 stetit,
1385 652 1483 707 sed
1510 654 1575 707 ab
1602 654 1747 708 initio

150 745 323 800 factus
346 755 429 799 est
470 745 766 809 homicida,
798 744 884 799 vel
911 744 1082 799 Adam
1118 745 1169 797 in
1197 744 1568 799 conditionem
1600 763 1746 802 mor-

150 836 382 891 talitatis
415 837 711 903 inducens,
741 836 825 891 vel
849 837 988 890 Abel
1011 837 1360 906 iustigatione
1385 851 1482 892 sua
1510 853 1606 907 per
1636 854 1750 894 ma-

148 942 279 981 num
340 927 531 982 fratris
586 926 925 982 iuterimens.
982 926 1092 982 Sed
1152 928 1262 997 jam
1322 928 1746 998 disputationem

150 1028 397 1071 nostram
431 1017 659 1072 duarum
687 1015 861 1072 ferme
904 1018 1147 1072 noctium
1189 1018 1569 1075 lucubratione
1618 1035 1749 1076 con-

147 1109 344 1163 fectam
375 1111 715 1179 subsequens
747 1124 942 1163 aurora
963 1110 1283 1177 concludit,
1329 1124 1393 1165 ac
1421 1110 1490 1166 de
1523 1112 1747 1181 profun-

149 1201 378 1257 dissimo
392 1203 755 1272 quaestionum
775 1202 966 1271 pelago
986 1204 1239 1274 cymbam
1253 1203 1563 1259 collationis
1587 1205 1747 1274 hujus

151 1294 221 1349 ad
252 1297 579 1351 tutissimum
609 1296 812 1350 silentii
862 1306 1074 1362 portum
1119 1297 1506 1366 compendium
1547 1309 1748 1354 nostrae

150 1388 471 1442 rusticitatis
495 1388 736 1441 attraxit.
766 1387 824 1441 ln
852 1404 961 1457 quo
1001 1388 1219 1458 quidem
1254 1390 1516 1457 profundo
1545 1400 1748 1460 quanto

152 1494 252 1535 nos
281 1480 508 1534 interius
529 1480 687 1534 ﬁatus
717 1479 894 1535 divini
930 1480 1168 1547 Spiritus
1219 1481 1548 1547 introduxit,
1596 1490 1748 1537 tanto

154 1572 399 1626 diffusior
430 1572 745 1641 praecedens
776 1572 1059 1627 oculorum
1089 1572 1260 1627 aciem
1292 1588 1512 1643 semper
1535 1577 1747 1644 aperie-

152 1673 241 1719 tur
268 1666 606 1720 immensitas
630 1705 646 1730 ,
673 1679 767 1729 ac,
800 1664 1097 1720 secundum
1148 1667 1474 1720 sententiam
1499 1667 1747 1722 Salomoo

1853 468 2005 538 ejus,
2040 470 2126 525 vel
2156 470 2398 525 charitas
2421 511 2437 538 ,
2493 485 2618 539 qum
2647 472 2844 527 cadere
2881 473 3057 528 nescit
3082 514 3096 538 ,
3148 473 3447 530 immobilis

1852 572 2203 630 perseveret,
2260 576 2380 632 quae
2439 575 2539 615 nos
2596 571 2650 615 et
2701 562 2973 631 sapientes
3018 570 3071 617 tn
3125 564 3442 619 hominibus

1849 653 2044 721 faciat,
2075 664 2129 709 et
2174 670 2203 709 a
2245 654 2443 709 diaboli
2488 653 2616 709 telis
2666 663 2925 723 protegat
2974 670 3187 725 semper
3218 658 3443 712 illaesos.

1854 746 1946 801 His
1995 750 2197 802 etenim
2247 746 2561 802 custodibus
2611 745 2947 816 impossibile
2998 757 3081 800 est
3131 750 3440 819 quempiam

1852 839 2075 908 laqueos
2101 839 2293 894 mortis
2320 838 2647 903 incurrere;
2700 837 2840 891 inter
2866 836 3133 905 perfectos
3180 848 3361 893 autem
3398 851 3450 893 et

1851 929 2197 998 imperfectos
2228 930 2329 985 ista
2366 929 2621 984 distantia
2653 936 2770 993 est,
2804 927 2947 997 quod
2994 928 3047 981 in
3092 928 3199 982 illis
3229 930 3443 998 quidem

1851 1022 1956 1076 ﬁxa
1981 1033 2029 1077 et
2058 1023 2138 1091 (ut
2178 1023 2250 1075 ita
2295 1020 2549 1088 dixerim)
2600 1020 2864 1075 maturior
2909 1020 3153 1074 charitas
3205 1022 3450 1074 tenacius

1850 1128 2212 1181 perseverans
2261 1114 2466 1167 ﬁrmius
2497 1111 2686 1184 [Lips.
2736 1113 2791 1164 in
2820 1128 2986 1180 marg.
3022 1110 3272 1166 stabilius
3307 1108 3447 1182 ]eos

1849 1204 2123 1275 cusmdit,
2156 1220 2218 1259 ac
2262 1205 2477 1260 facilius
2504 1203 2636 1258 facit
2680 1206 2733 1258 in
2766 1205 3050 1259 sanctitate
3102 1204 3339 1270 durare;
3395 1205 3446 1258 in

1853 1297 1938 1352 his
1963 1312 2094 1353 vero
2124 1298 2270 1353 velut
2298 1298 2567 1353 inﬁrmius
2596 1298 2830 1366 collata,
2888 1312 2951 1352 ac
2980 1298 3193 1352 facilius
3222 1300 3448 1368 refrige-

1848 1404 2045 1454 scens,
2083 1392 2243 1445 citius
2273 1392 2555 1461 compellit
2589 1406 2686 1447 eos
2733 1400 3080 1461 peccatorum
3117 1392 3325 1462 laqueis
3384 1407 3449 1448 ac

1850 1485 2051 1551 saepius
2077 1485 2369 1553 implicari.
2395 1485 2602 1551 Quibus
2631 1484 2862 1550 auditis,
2894 1484 2967 1538 ita
2992 1500 3092 1539 nos
3138 1485 3448 1541 collationis

1851 1575 2012 1646 hujus
2042 1592 2227 1633 sermo
2273 1576 2667 1644 inﬂammavit,
2711 1587 2771 1631 ut
2819 1593 2943 1632 cum
2996 1578 3203 1647 majore
3250 1580 3447 1634 mentis

1850 1670 2066 1736 ardore,
2097 1672 2363 1727 abeuntes
2393 1686 2423 1726 a
2459 1671 2603 1726 cella
2631 1670 2776 1726 senis
2804 1685 2963 1741 quam
2994 1678 3119 1726 ante
3141 1672 3440 1739 venientes,

152 1756 239 1812 πίε
269 1802 283 1826 ,
314 1758 521 1827 longi!“
553 1756 644 1811 “et
666 1771 694 1810 ³
723 1756 879 1811 ῐιοδίε
924 1758 1091 1825 magis
1136 1772 1290 1826 quam
1343 1767 1497 1820 εταίὶ
1542 1768 1589 1811 ει
1638 1760 1745 1811 alla
1775 1777 1823 1836 Β
1848 1762 2109 1818 doctrina:
2131 1765 2248 1833 ejus
2276 1764 2666 1834 plenitudinem
2691 1763 2985 1818 sitiretnus.

152 1850 492 1918 profunditas
513 1891 528 1916 ,
556 1851 670 1917 quis
699 1849 914 1902 inveniet
962 1865 1074 1903 eam
1104 1846 1330 1917 (Eccles.
1362 1850 1505 1919 vn)?
1543 1850 1744 1916 Quam-

1118 2049 1628 2159 COLLA
1644 2051 1814 2158 TI
1814 2058 1910 2160 0
1987 2052 2432 2159 NON/4
2463 2133 2494 2171 ,

1250 2237 1404 2312 Quae
1443 2241 1540 2300 est
1585 2239 1792 2316 prima
1835 2240 2084 2302 abbatis
2130 2240 2328 2301 Isaac.

1570 2379 1655 2431 DE
1697 2380 2034 2432 ORATIONE.

678 2616 905 2675 CAPUT
947 2614 1237 2671 PRIMUM.

226 2720 311 2774 De
354 2722 606 2787 perpetua
640 2710 905 2766 orationis
942 2716 1104 2778 atque
1158 2705 1473 2761 incessabili
1497 2705 1747 2775 jugitate,

155 2812 307 2886 quod
340 2820 361 2848 °
394 2811 446 2864 in
496 2807 737 2862 secundo
789 2802 1197 2858 lnstitutionum
1245 2801 1382 2855 libro
1426 2800 1754 2870 promissum

160 2917 285 2971 est.
317 2900 638 2958 collationes
687 2897 835 2953 senis
862 2895 1025 2964 hujus
1057 2909 1216 2964 quem
1251 2908 1394 2948 nunc
1432 2894 1485 2947 in
1518 2891 1756 2947 medium

1855 2613 2211 2683 proferimus,
2264 2614 2315 2669 id
2362 2623 2477 2680 est,
2528 2612 2559 2652 δ
2604 2614 2817 2669 abbatis
2870 2614 3039 2681 lsaac,
3090 2613 3317 2669 Domino
3364 2614 3445 2667 fa-

1857 2716 2054 2773 vente,
2086 2708 2452 2776 complebunt.
2487 2708 2695 2774 Quibus
2729 2708 3032 2777 explicatis,
3062 2716 3116 2762 et
3161 2708 3447 2778 praeceptis

1857 2799 2186 2854 beatissimae
2224 2800 2501 2855 memoria:
2546 2814 2702 2869 papa:
2748 2798 3022 2867 Castoris,
3072 2809 3127 2855 et
3172 2798 3447 2855 dssiderio

1860 2899 2078 2954 vestro,
2111 2902 2134 2930 ο
2160 2906 2192 2946 o
2220 2891 2540 2947 beatissime
2578 2906 2718 2961 papa
2759 2891 2971 2959 Leonti,
2996 2898 3052 2947 et
3072 2900 3257 2947 sancte
3282 2891 3448 2945 frater

1240 3027 1495 3085 ALARDI
1534 3026 1769 3083 GAZAEI
1809 3025 2376 3082 COMMENTARIUS.

236 3146 269 3175 ι
295 3134 384 3191 Sic
418 3132 561 3187 enim
592 3132 712 3198 ejus
740 3127 860 3181 libri
892 3140 1014 3196 cap.
1058 3125 1091 3179 9
1119 3140 1132 3176 :
1166 3123 1301 3188 Quia
1342 3138 1436 3198 nos
1469 3119 1536 3198 ad
1568 3120 1762 3173 oratio-
1790 3119 1836 3182 C
1867 3120 2212 3198 reperiuntur
2251 3118 2493 3198 ejusdem
2550 3119 2787 3173 nominis
2838 3118 3104 3198 episcopi,
3157 3119 3301 3198 iique
3325 3121 3446 3198 _viri

163 3224 296 3263 num
335 3192 703 3258 canonicaritm
736 3192 1344 3263 modumvconsequenter
1390 3192 1756 3245 Institutorum

166 3280 305 3332 ordo
350 3274 605 3341 provexit,
653 3286 871 3340 quorum
918 3264 1674 3341 pleniorenttractatumlice-t.
1708 3264 1761 3315 in

166 3333 481 3403 collationes
522 3333 785 3396 seniorum
814 3333 1145 3401 reservemus,
1178 3336 1365 3389 ibidem
1395 3335 1597 3405 plenius
1621 3333 1762 3402 dige-

169 3420 329 3482 sturi,
378 3433 492 3471 cum
527 3415 590 3467 de
619 3429 792 3467 earum
822 3410 1071 3480 qualitate
1099 3404 1437 3482 seujugitate
1461 3404 1636 3482 _uerbis
1676 3415 1763 3482 eo—

170 3508 291 3545 rum
316 3475 567 3541 disserere
596 3475 922 3557 casperintus,
963 3490 1066 3557 etc.
1098 3475 1273 3557 Porro
1297 3477 1385 3532 hic
1411 3475 1761 3557 advertatle-

169 3574 317 3624 ctor,
350 3558 491 3627 quod
520 3546 682 3609 initio'
704 3553 860 3627 hujus
882 3548 1429 3627 οῃειιίε-ιιιοιιιιίιιιιιεἸ
1457 3546 1760 3627 Institutio-

171 3617 315 3687 ηυηι
337 3617 504 3684 libros
550 3617 821 3680 communi
856 3617 1122 3676 vocabulo
1171 3618 1431 3688 appellari
1477 3617 1761 3670 duodecim

172 3705 348 3758 libros
373 3698 642 3760 Cassiani,
687 3696 773 3763 qui
820 3692 1173 3763 Collationes
1200 3688 1548 3763 antecedunt,
1591 3700 1763 3753 eoque

176 3775 341 3828 titulo
374 3759 773 3825 Institutiontiin
803 3765 969 3818 libros
1000 3777 1028 3814 a
1055 3761 1208 3815 libris
1231 3759 1590 3813 Collationum
1616 3771 1763 3809 com-

172 3844 413 3899 muniter
460 3838 736 3906 distingui.
776 3833 961 3908 Quoad
1006 3846 1289 3908 [clusero
1328 3840 1383 3883 et
1413 3837 1764 3908 utrorumque

174 3896 482 3982 subjectum
514 3925 577 3965 ac
608 3896 820 3982 finem.w
838 3905 977 3982 hanc
1001 3901 1297 3982 Cassianus
1326 3915 1393 3982 eo
1427 3896 1767 3982 [locioindicat

175 3966 542 4041 differentiam
574 4000 587 4033 :
616 3978 903 4046 Siquidem,
935 3972 1207 4047 inqttit,_hi
1230 3970 1388 4047 libelli
1423 3969 1656 4047 (scilicet
1682 3966 1767 4047 lu-

175 4040 544 4114 stitutiunum)
572 4052 640 4105 ad
663 4040 929 4103 exterioris
952 4040 1174 4097 [tantinis
1199 4040 1584 4120 pobservantiam
1611 4046 1658 4092 et
1684 4040 1768 4120 in:

177 4107 494 4182 stitutionem
523 4107 865 4177 emnobiorum
906 4113 1651 4190 competentiusaptabitntur;
1687 4107 1767 4190 illi

175 4216 299 4252 vero
327 4198 391 4249 ad
418 4194 746 4263 disciplinam
776 4182 1056 4249 interioris,
1085 4202 1151 4263 ac_
1174 4184 1546 4263 perfectionem
1572 4182 1764 4243 cordis,

176 4280 226 4321 et
275 4256 701 4320 anachoretarum
737 4263 891 4314 vitam
934 4268 1088 4327 atque
1117 4256 1405 4309 doctrinam
1438 4256 1609 4321 potius
1653 4266 1763 4321 per-

180 4338 439 4392 tinebunt.
475 4337 595 4390 Haec
624 4336 717 4387 ibi.
761 4405 766 4406 γ
1054 4398 1067 4406 _
1133 4398 1143 4406 ,
1393 4396 1404 4406 _
1451 4394 1462 4406 ,

254 4410 283 4447 b
314 4410 429 4462 Duo
463 4406 716 4475 prmcipui
758 4405 1009 4475 leguntur
1054 4394 1495 4475 hujus__no_minis
1534 4391 1770 4475 anacho-

179 4492 316 4535 reta:
351 4498 363 4532 :
394 4467 533 4532 alter
586 4467 890 4536 Thebaeus,
943 4472 1056 4523 sive
1106 4471 1157 4522 in
1208 4467 1498 4520 Thebaidis
1526 4467 1768 4536 _regione

182 4563 457 4614 versatus,
503 4549 570 4601 de
604 4560 709 4614 quo
745 4534 1003 4614 frequens
1032 4539 1236 4614 mentio
1264 4540 1324 4614 in.
1352 4536 1483 4614 Vitis
1524 4534 1769 4614 Patrum,

180 4602 931 4688 etv—apud'SOph'rouium'itt
971 4610 1134 4688 _Prato
1186 4606 1460 4688 Spirituali
1488 4619 1607 4688 cap.
1640 4602 1771 4684 l6l_;

178 4675 334 4747 alter.
355 4692 405 4741 in
434 4675 682 4753 Scythica
714 4683 932 4751 regione
945 4680 1309 4753 demoratus,
1327 4678 1529 4753 de_quo
1553 4675 1637 4753 hic
1663 4675 1776 4753 agi-

178 4744 295 4816 ttir.
331 4759 464 4812 Nam
506 4744 692 4809 decem
718 4744 903 4818 prima:
933 4748 1267 4803 Collationes
1298 4744 1631 4818 in_Scytltica
1661 4746 1777 4798 sive

182 4832 403 4888 Scotica
433 4839 618 4882 eremo
651 4816 845 4877 habita:
891 4830 1040 4883 sunt,
1087 4830 1143 4871 ut
1184 4818 1317 4870 alias
1347 4816 1547 4888 dictum
1587 4826 1690 4888 est,
1722 4825 1778 4869 et

181 4886 420 4957 Leontio
461 4913 525 4951 ac
550 4894 794 4950 Helladio
822 4890 1092 4962 episc0pis
1139 4889 1224 4942 hic
1262 4886 1551 4941 nominatis
1579 4886 1778 4953 pariter

183 4975 403 5027 dicatae.

264 5055 286 5082 ο
319 5043 394 5096 De
430 5036 834 5095 nomenclatura
865 5048 1016 5109 papae
1056 5040 1110 5088 et
1138 5027 1435 5109 beatissimi
1469 5025 1595 5109 vide
1625 5033 1777 5078 nota-

186 5116 391 5168 tionem
424 5111 488 5164 ad
521 5110 751 5179 primam
780 5099 1154 5179 praefationem
1185 5099 1439 5179 Auctoris
1469 5099 1623 5179 initio
1645 5111 1777 5164 ope-

186 5186 291 5238 ris.
333 5185 407 5239 De
455 5170 679 5235 Leontio
724 5170 978 5231 nonnulla
1010 5174 1418 5249 subnotavimus
1446 5170 1512 5222 ad
1547 5170 1773 5249 prii‘natn

188 5254 570 5323 praefationem
601 5249 989 5323 Collationum,
1018 5246 1110 5299 ubi
1148 5242 1337 5323 eodem
1371 5241 1593 5323 honoris
1620 5239 1776 5323 titulo

188 5311 315 5379 eum
358 5332 585 5378 exornat
614 5321 927 5384 Cassianus,
960 5312 1502 5386 quemadmodumet
1544 5311 1775 5386 Faustus

190 5396 480 5449 Rheicnsis
531 5395 815 5459 episcOpus
860 5380 923 5442 in'
954 5380 1282 5459 praefatione
1320 5382 1442 5459 libri
1473 5384 1539 5459 de
1581 5380 1777 5459 Libero

190 5465 458 5528 Arbitrio,
503 5454 589 5519 ubi
626 5454 739 5536 lucc
779 5454 1059 5536 inscriptio
1084 5455 1351 5536 :"Domino
1394 5454 1691 5536 beatissimo
1717 5466 1778 5532 ac

190 5526 613 5589 reverendissimo
642 5532 858 5584 Leontio
897 5544 1066 5598 papae,
1105 5526 1448 5598 Faustusget
1470 5526 1639 5598 initio
1664 5526 1779 5589 epi-

192 5606 385 5661 stola:
423 5606 573 5670 Quod
618 5620 710 5669 pro
752 5594 1098 5655 sollicitudine
1138 5595 1410 5673 pastorali,
1462 5594 1599 5647 beate
1644 5607 1779 5673 papa

193 5676 408 5741 Leonti,
428 5662 546 5731 istc.
582 5662 777 5728 ν’θιυιῐι
809 5686 997 5740 magna
1045 5662 1509 5741 ambiguitasestL
1523 5675 1578 5717 et
1602 5662 1781 5741 expli-

195 5756 324 5809 catu
341 5735 600 5813 difﬁcilis,
621 5744 689 5799 de
714 5757 820 5814 quo
855 5735 939 5799 hic
968 5750 1157 5813 agatur
1184 5737 1438 5793 Leontio.
1468 5735 1605 5793 Tres
1634 5735 1782 5795 enim

1870 3191 2139 3257 praeclari,
2189 3202 2243 3245 et
2272 3190 2373 3261 ipsi
2410 3192 2547 3245 inter
2591 3206 2648 3244 se
2678 3199 2733 3244 et
2765 3198 2949 3244 nostro
2980 3192 3138 3244 etiam
3185 3188 3449 3245 Cassiano

1868 3261 1981 3315 fere
2016 3263 2298 3326 coaetanei,
2343 3271 2434 3315 aut
2479 3270 2638 3316 aetate
2680 3269 2826 3315 certe
2859 3261 3036 3322 vicini.
3086 3272 3139 3315 et
3186 3260 3448 3316 Gallicani

1866 3347 2077 3396 omnes,
2112 3333 2464 3396 Arelatensis,
2500 3331 2969 3401 Forojuliacensis,
3012 3332 3446 3399 Burdegalensis.

1866 3403 2094 3458 Leontio
2141 3405 2441 3457 Arelatensi
2488 3404 2743 3471 scriptam
2798 3418 2827 3456 a
2877 3402 3101 3456 Sidonio
3151 3403 3445 3469 Apollinari

1865 3474 2148 3544 epistolam
2184 3474 2395 3528 tertiam
2422 3472 2541 3526 libri
2587 3475 2723 3527 sexti
2743 3474 2954 3544 asserit
2981 3471 3093 3544 Jac.
3133 3472 3452 3544 Sirmoudus

1866 3543 1910 3599 e
1940 3544 2214 3599 Societate
2246 3545 2370 3598 Jesu
2409 3544 2694 3613 theologus
2739 3543 2794 3597 in
2843 3543 2985 3596 notis
3029 3543 3095 3596 ad
3146 3543 3447 3609 Sidonium,

1867 3627 2051 3669 contra
2075 3614 2266 3668 Savari
2294 3612 2630 3677 opinionem.
2660 3613 2845 3679 Multa,
2876 3614 3072 3681 inquit,
3104 3622 3230 3666 sunt
3252 3615 3302 3666 in
3329 3631 3452 3668 ver-

1868 3686 1950 3739 bis
1984 3684 2215 3746 Sidonii,
2246 3698 2368 3751 quae
2414 3684 2725 3736 Arelatens.
2758 3682 3061 3751 designent,
3094 3693 3150 3735 ut
3193 3684 3331 3747 quod
3374 3686 3454 3736 ait

1867 3756 1935 3809 de
1976 3754 2262 3822 privilegio
2307 3753 2434 3817 loci,
2486 3761 2539 3805 et
2565 3753 2632 3805 de
2660 3751 2854 3822 togatis
2882 3753 2992 3805 illic
3029 3754 3448 3819 perorantibus;

1870 3821 2264 3880 Arelatensium
2288 3832 2464 3877 autem
2489 3823 2800 3888 episcopum
2821 3821 2904 3875 his
2924 3823 3257 3891 temporibus
3281 3823 3454 3877 fuisse

1870 3895 2175 3961 Leontium,
2208 3894 2351 3947 nulla
2391 3901 2478 3947 est
2503 3892 2795 3947 dubitatio.
2846 3892 2957 3946 Hoc
2993 3896 3134 3945 enim
3166 3892 3456 3946 ostendunt

1871 3967 2035 4020 Hilari
2089 3980 2237 4034 papae
2285 3964 2557 4033 epistolae,
2611 3978 2676 4018 ex
2738 3963 2932 4034 quibus
2986 3964 3146 4016 etiam
3196 3964 3455 4017 docemur

1872 4032 2169 4092 Leontium
2200 4032 2380 4090 sedem
2424 4036 2606 4089 iniisse
2648 4048 2789 4087 anno
2826 4032 2952 4099 462,
2986 4035 3085 4086 hoc
3130 4043 3229 4096 est,
3267 4034 3453 4087 decem

1870 4110 1987 4178 plus
2014 4109 2189 4161 minus
2214 4107 2370 4178 anuis
2399 4118 2523 4159 ante
2553 4105 2870 4178 Sidonium;
2917 4103 3154 4178 synodus
3186 4114 3453 4178 prieterea

1872 4174 2226 4241 Arelatensis,
2246 4177 2397 4244 cujus
2423 4177 2665 4230 meminit
2691 4175 2937 4241 Faustus,
2962 4175 3048 4229 cui
3072 4174 3286 4243 prmfuit
3310 4176 3451 4230 ident

1872 4250 2148 4313 Leontius,
2183 4258 2236 4301 et
2263 4247 2466 4301 Ruricii
2513 4247 2738 4315 epistola
2774 4245 2839 4299 15
2885 4247 2949 4299 ad
2981 4245 3235 4300 Ennium
3271 4247 3323 4299 in
3351 4262 3455 4311 qua

1873 4320 2098 4375 Leontio
2135 4334 2272 4372 nunc
2306 4320 2411 4372 vita
2444 4318 2625 4371 functo
2657 4318 2907 4371 Aslonium
2935 4318 3263 4371 successisse
3292 4317 3457 4385 signi-

1874 4392 2018 4445 ficat.
2072 4390 2146 4444 lta
2188 4388 2530 4452 Sirmoudus,
2555 4402 2707 4442 suam
2755 4389 3079 4441 sententiam
3128 4386 3195 4439 de
3227 4386 3458 4439 Leontio

1876 4462 2176 4515 Arelatensi
2228 4459 2365 4512 haud
2405 4458 2837 4523 improhabiliter
2875 4458 3220 4511 conﬁrmans.
3257 4456 3456 4511 Verum

1798 4499 1849 4559 Β
1876 4533 1923 4586 ei
1955 4531 2274 4585 adversatur
2304 4499 2590 4583 Annalium
2628 4529 2859 4596 scriptor
2892 4529 3328 4582 accuratissimus
3358 4528 3459 4580 Ba-

1876 4602 2084 4663 ronius,
2137 4601 2346 4654 duobus
2401 4601 2453 4653 in
2500 4600 2652 4666 locis,
2710 4600 2795 4652 tibi
2844 4597 2983 4652 hunc
3034 4598 3340 4661 Leontium,
3391 4600 3458 4651 ad

1880 4688 2039 4741 quem
2071 4671 2321 4727 Sidonius
2356 4671 2565 4735 scribit,
2610 4684 2714 4723 non
2744 4668 3140 4741 Arelatensem,
3171 4669 3263 4722 sed
3296 4668 3461 4741 Foro-

1874 4740 2161 4812 jttlieusem
2223 4743 2535 4812 episcopum
2592 4740 2805 4793 astruit.
2859 4740 3093 4794 Primum
3159 4741 3301 4793 enim
3358 4740 3458 4792 suh

1878 4810 2018 4868 anno
2039 4813 2239 4866 Christi
2272 4810 2378 4864 445
2406 4812 2842 4865 commemoratis
2883 4820 2938 4865 et
2968 4826 3155 4879 magna
3203 4826 3267 4863 ex
3302 4821 3458 4878 parte

1882 4884 2123 4939 recitatis
2152 4884 2349 4936 litteris
2374 4881 2569 4935 Leonis
2606 4896 2755 4949 papa:
2780 4882 3035 4936 adversus
3068 4881 3325 4935 l-lilaritnn
3361 4880 3457 4930 da-

1883 4958 1949 5007 tis
1994 4954 2058 5007 ad
2108 4954 2392 5021 episcopos
2437 4952 2623 5006 Gallia:
2673 4954 2988 5006 Viennensis
3022 4951 3168 5019 (Leo,
3206 4967 3297 5021 rep.
3339 4949 3458 5021 90),

1881 5024 2096 5093 subjicit
2126 5019 2242 5077 hinc
2269 5023 2530 5076 Banmius
2559 5040 2570 5073 :
2603 5022 2758 5075 Addit
2784 5022 2864 5075 Itis
2888 5022 3119 5091 pontifex
3143 5019 3456 5071 admonitio-

1882 5092 1997 5149 nem
2026 5096 2093 5147 ad
2138 5095 2341 5148 eosdem
2372 5094 2656 5164 episc0pos,
2700 5109 2762 5145 ne
2799 5109 2893 5161 pro
2934 5092 3028 5143 levi
3065 5106 3229 5164 causa
3259 5096 3461 5164 sentcn-

1882 5168 2009 5220 tiam
2045 5166 2268 5231 inferant
2308 5154 2895 5226 excolitntitnicationis;
2938 5154 3463 5231 prwfecitqueulaeon-

1881 5238 2007 5290 tium
2037 5227 2349 5307 episcopum,
2383 5244 2437 5287 ut
2466 5238 2578 5307 eju_s_
2619 5248 2871 5307 consensu
2894 5227 3082 5307 futurae
3111 5228 3293 5307 synodi
3321 5227 3464 5307 innea

1880 5296 2140 5378 provin'ria
2169 5296 2505 5378 celebrentur:
2531 5302 2663 5378 Erat
2692 5296 3043 5378 Leontiuslille
3072 5303 3338 5378 episcopus
3364 5296 3465 5378 F0:

1885 5368 2059 5449 rojulii
2103 5379 2155 5431 in
2201 5375 2376 5449 Gallia
2428 5373 2798 5449 Narbonensit
2825 5371 3048 5449 celebris.
3072 5372 3211 5438 fama
3256 5370 3351 5449 vir,
3395 5368 3463 5419 ad

1884 5438 2029 5521 qdem
2059 5458 2227 5503 exstat
2271 5445 2477 5499 Sidonii
2506 5444 2823 5521 Apollinaris
2867 5438 3104 5521 epistola,
3150 5455 3263 5521 qua,
3296 5441 3462 5521 ipsum

1885 5510 1965 5573 liis
2014 5520 2255 5571 laudibus
2291 5524 2441 5566 ornat
2475 5530 2493 5566 :
2523 5512 2718 5564 Nostra
2768 5510 3095 5563 mediocritas
3144 5518 3293 5563 (etate
3327 5511 3463 5574 uitat,

1887 5600 2115 5658 tempore
2170 5584 2454 5669 dignitatis,
2516 5582 2782 5669 privilegio
2834 5583 2954 5663 loci,
3004 5581 3157 5633 laude
3218 5582 3461 5669 sc'i'entiw,‘

1887 5651 2023 5713 dono
2069 5651 2393 5717 conscientias
2432 5662 2608 5706 vestrm
2633 5652 2785 5718 facile
2828 5653 3079 5717 uincatur,
3122 5661 3214 5704 etc.
3248 5651 3375 5705 ch
3400 5653 3464 5705 ad

1888 5729 2162 5785 Leontium
2193 5724 2463 5787 Sidonius.
2495 5738 2611 5779 cum
2622 5725 2737 5797 jam
2763 5730 2892 5780 esset
2914 5723 3179 5797 episcopus
3213 5725 3467 5780 Avernstts
