4048 6198
158 319 285 376 775
1295 316 1638 376 COLLATIO
1676 312 1775 373 IX.
1795 341 1872 360 --
1891 313 1981 372 DE
2020 311 2386 372 ORATIONE.
3375 321 3483 380 774

162 442 189 469 ι
212 440 418 502 egesta
444 434 602 501 prius
624 447 774 487 omnt
801 439 1181 502 repurgattone
1207 431 1484 499 vitiorum,
1516 441 1570 486 et
1600 427 1785 485 eﬁ'usis
1810 432 1861 491 Α
1889 425 2106 481 cationc
2137 424 2856 495 formatur,eorumdemque
2877 431 3088 480 actuum
3120 431 3482 495 procumben-

158 527 451 579 succidiis
481 524 827 594 mortuisque
868 523 1152 580 ruderibus
1179 524 1509 594 passionum,
1542 525 1677 578 viva:
1701 523 1782 593 (ut
1889 519 2030 574 tibus
2083 517 2240 573 nobis
2288 513 2354 570 ad
2385 531 2594 586 pacem,
2641 513 2936 571 verborum
2969 531 3180 588 quoque
3216 519 3303 572 vel
3351 533 3476 574 seu.

162 613 368 685 aiunt)
423 630 489 669 ac
537 614 728 669 solida
779 625 934 669 terrae
985 614 1219 683 pectoris
1267 616 1458 681 nostri,
1489 615 1654 670 immo
1705 613 1782 670 illi
1895 625 2056 665 suum
2089 620 2214 665 ante
2250 609 2436 665 oculos
2483 611 2655 678 imago
2687 608 3016 680 prmludens,
3049 617 3142 663 aut
3179 609 3337 663 irasci
3381 625 3480 665 nos

170 708 534 776 evangelica:
567 717 737 778 petra:
770 707 1072 785 superiecta
1111 705 1307 761 fuerim
1338 706 1697 776 simplicitatis
1730 707 1784 761 et
1887 703 2182 759 secundum
2219 700 2610 771 prtecedentem
2658 701 2972 771 qualitatem
3019 698 3197 765 faciet,
3241 709 3331 753 aut
3378 700 3479 755 tri-

170 797 523 854 humtlitatis
550 797 859 853 ﬁrmissima
887 798 1256 865 fundamenta,
1287 797 1480 866 quibus
1512 797 1628 852 lucc
1670 805 1784 852 tur-
1896 795 2048 866 stari,
2079 805 2168 848 aut
2197 795 2661 862 concupiscentias
2688 805 2947 847 causasve
2972 793 3275 862 prmteritas
3304 802 3477 848 retra-

170 891 260 945 ris
295 890 629 961 spiritalium
667 893 922 946 virtutum
969 863 1333 943 molitionibus
1363 888 1690 943 exstruenda
1732 895 1786 942 et
1895 863 2074 949 ctare;
2117 893 2207 937 aut
2235 886 2346 938 risu
2378 883 2543 948 fatuo,
2579 883 2719 953 quod
2751 885 2914 938 etiam
2949 884 3114 952 pudet
3153 885 3356 944 dicere.
3389 901 3482 938 cu-

176 983 557 1038 immobiliter
584 985 760 1038 valeat
804 982 1054 1046 stabiliri,
1088 991 1142 1037 et
1179 983 1243 1036 ad
1281 997 1491 1035 summa
1522 982 1784 1036 caelorum
1889 978 2140 1048 jusquatn
2185 975 2395 1029 surrilis
2441 975 2566 1029 dicti
2613 975 2698 1030 vel
2745 976 2866 1029 facti
2913 974 3224 1030 titillatione
3257 977 3477 1042 pulsari,

183 1074 417 1144 fastigia
461 1075 786 1131 conﬁdentia
836 1074 1067 1144 propria:
1112 1073 1382 1128 ﬁrmitatis
1410 1075 1601 1128 attolli.
1645 1074 1784 1127 Fun-

185 1166 474 1222 damentis
496 1171 692 1222 etenim
719 1167 912 1220 talibus
936 1167 1282 1231 innitentem,
1307 1166 1553 1236 quamvis
1579 1167 1788 1236 passio-

194 1276 335 1315 num
387 1260 583 1316 imbres
634 1259 924 1328 largissimi
974 1259 1401 1328 profundantur,
1459 1257 1704 1328 quamvis
1743 1257 1792 1312 ei

193 1352 640 1420 persecutionum
685 1351 908 1405 violenti
941 1359 1216 1404 torrentes
1266 1351 1438 1402 instar
1470 1349 1652 1403 arietis
1684 1347 1790 1402 illi-

189 1443 416 1507 dantur,
461 1445 705 1514 quamvis
735 1444 908 1498 irruat
955 1453 1010 1498 et
1041 1443 1320 1497 incumbat
1362 1441 1794 1496 adversariorum

193 1538 483 1606 Spirituum
539 1551 681 1590 stcva
727 1544 1054 1604 tempestas,
1108 1549 1216 1588 non
1262 1534 1438 1588 solum
1482 1534 1640 1588 ruina
1691 1549 1795 1588 non

195 1628 396 1695 diruet,
431 1628 528 1683 sed
559 1643 659 1683 nec
688 1628 804 1698 ipsa
830 1628 1174 1695 aliquatenus
1205 1625 1424 1681 vexabit
1452 1626 1725 1697 impulsio.

824 1718 1055 1774 CAPUT
1090 1719 1173 1772 Ill.

315 1790 766 1859 Quemadmodum
795 1802 1008 1860 paretur
1040 1806 1170 1858 pura
1199 1797 1244 1843 et
1267 1789 1465 1842 sincera
1497 1789 1688 1842 oratio.

273 1883 348 1938 Et
379 1883 580 1936 idcirco
610 1893 665 1936 ut
707 1897 772 1938 eo
811 1881 1026 1936 fervore
1073 1896 1134 1936 ac
1179 1881 1432 1950 puritate,
1481 1895 1580 1950 qua
1609 1879 1787 1944 debet,

198 1975 383 2031 emitti
437 1974 608 2044 possit
656 1975 848 2038 oratio,
893 1971 1006 2028 haec
1057 1980 1180 2027 sunt
1220 1969 1543 2026 omnimodis
1601 1971 1790 2025 obser—

205 2069 408 2125 vanda.
441 2068 679 2124 Primum
705 2067 1007 2123 sollicitudo
1033 2082 1207 2121 rerum
1234 2063 1528 2120 carnalium
1561 2079 1790 2133 genera-

202 2159 330 2215 liter
363 2157 735 2215 abscindenda
781 2168 890 2224 est;
941 2157 1136 2212 deinde
1176 2157 1374 2211 nullius
1417 2157 1618 2226 negotii
1661 2170 1790 2210 cau-

202 2264 352 2304 saeve
382 2265 490 2304 non
521 2249 691 2303 solum
721 2264 868 2312 cura,
898 2247 994 2302 sed
1031 2261 1096 2302 ne
1136 2246 1397 2302 memoria
1441 2245 1658 2315 quidem
1702 2259 1792 2315 pe-

204 2343 359 2397 nitus
408 2341 759 2409 admittenda,
815 2337 1281 2402 detractationes,
1333 2339 1639 2410 vaniloqnia
1693 2352 1793 2394 seu

204 2434 588 2504 multiloqttia,
641 2434 994 2489 scurrilitates
1042 2447 1257 2503 quoque
1306 2432 1556 2486 similiter
1604 2447 1792 2497 ampu-

210 2527 391 2592 tanda,
434 2525 531 2579 ira:
565 2541 672 2592 prze
723 2523 976 2579 omnibus
1019 2523 1134 2578 sive
1176 2523 1409 2577 tristitia:
1455 2522 1795 2592 perturbatio

208 2618 449 2673 funditus
490 2616 747 2685 eruenda,
795 2615 1249 2685 concupiscentiae
1289 2615 1524 2668 carnalis
1573 2629 1634 2668 ac
1668 2613 1788 2683 phi-

210 2712 457 2784 largyriae
499 2711 686 2765 noxius
714 2709 888 2764 fomes
936 2708 1202 2764 radicitus
1249 2707 1583 2774 evellendus,
1632 2716 1686 2762 et
1718 2709 1789 2763 ita

211 2805 294 2859 his
321 2821 380 2859 ac
421 2804 687 2859 similibus
715 2803 866 2858 vitiis
894 2803 1136 2858 extrusis
1166 2803 1378 2872 penitus
1421 2813 1476 2857 et
1517 2802 1789 2872 abscissis,

210 2913 331 2967 qua:
372 2897 647 2951 hominum
679 2910 892 2966 quoque
924 2903 1151 2965 possunt
1177 2903 1359 2964 patere
1392 2894 1790 2962 conspectibus,

213 2989 434 3058 talique,
487 2997 543 3042 ιιι
595 2987 870 3050 diximus,
913 2987 1149 3057 repurgii
1207 2986 1597 3042 cmundatione
1657 2999 1795 3053 prae-

209 3083 397 3146 missa,
429 3095 544 3150 quae
585 3080 942 3146 simplicitatis
974 3087 1028 3134 et
1057 3080 1378 3135 innocentiae
1413 3079 1647 3149 puritate
1673 3089 1796 3147 per-

1893 1080 1985 1124 aut
2019 1070 2082 1123 ad
2131 1069 2336 1135 priores
2376 1067 2535 1123 faciet
2576 1069 2805 1123 volitare
2833 1068 3132 1124 discursus.
3183 1068 3246 1122 Et
3277 1068 3480 1123 idcirco

1897 1160 2152 1232 quidquid
2183 1159 2463 1214 orantibus
2507 1161 2659 1214 nobis
2693 1160 2939 1215 nolumus
2980 1168 3036 1214 ut
3082 1161 3301 1229 irrepat,
3347 1169 3474 1214 ante

1897 1255 2200 1307 orationem
2233 1252 2298 1306 de
2324 1251 2522 1306 abditis
2551 1252 2720 1305 nostri
2753 1250 2985 1320 peetoris
3007 1252 3296 1306 extrudere
3329 1252 3480 1306 feSti-

1897 1345 2109 1412 nemus,
2154 1354 2212 1396 ut
2245 1342 2374 1397 illttd
2418 1343 2658 1413 Apostoli
2702 1343 2970 1412 possimus
3004 1343 3227 1412 implere
3261 1361 3272 1394 :
3304 1354 3327 1380 ο
3357 1343 3484 1396 Sine

1899 1434 2271 1489 intermissione
2296 1443 2437 1487 orate
2463 1435 2509 1503 (l
2539 1433 2718 1488 Thess.
2751 1436 2804 1503 ν)
2836 1454 2844 1486 :
2880 1433 2967 1496 Et,
3001 1432 3065 1486 In
3106 1435 3238 1486 omni
3273 1435 3383 1486 loco
3411 1433 3482 1486 le-

1898 1535 2071 1582 vantes
2113 1543 2267 1596 puras
2297 1545 2476 1580 manus
2521 1529 2628 1580 sine
2653 1529 2730 1579 ira
2775 1535 2823 1580 et
2859 1527 3228 1596 disceptatione
3270 1524 3315 1597 (l
3345 1524 3479 1578 Tim.

1901 1617 1985 1690 tt).
2021 1618 2166 1672 Alias
2192 1633 2422 1686 namque
2451 1618 2760 1672 mandatum
2794 1617 2932 1672 istud
2968 1618 3226 1687 perﬁcere
3258 1631 3362 1671 non
3389 1631 3483 1671 va—

1905 1715 2158 1780 lebimus,
2189 1716 2289 1768 nisi
2324 1731 2476 1769 mens
2508 1726 2686 1769 nostra
2729 1717 2793 1769 ab
2835 1719 2977 1770 omni
3009 1717 3258 1771 ι’ἰιίοτιιιιι
3291 1717 3480 1787 puriﬁ-

1826 1819 1873 1878 B
1904 1817 2019 1863 cata
2061 1809 2331 1878 cozttagio,
2375 1808 2665 1862 virts'ibus
2709 1819 2910 1862 tantum
2959 1809 3104 1863 velut
3154 1809 3486 1864 naturalibus

1898 1901 2055 1958 bonis
2086 1899 2306 1966 dedita,‘
2327 1900 2440 1970 jugi
2472 1901 2860 1972 omnipotentis
2905 1897 2997 1956 Dei
3028 1901 3485 1971 contemplatione

1903 2004 2176 2064 pascatur.

2508 2085 2734 2142 CAPUT
2782 2085 2869 2141 lV.

1895 2178 1973 2234 De
2000 2181 2280 2234 mobilitate
2326 2181 2514 2250 animcc
2535 2222 2548 2244 ,
2581 2180 2772 2246 pluma?
2811 2190 2884 2232 vet
2915 2179 3156 2250 pennata:
3188 2189 3486 2248 comparata

2449 2249 2556 2321 [AL
2589 2265 2696 2302 com
2705 2251 2936 2317 parata}.

1968 2342 2177 2399 Etenim
2207 2353 2231 2379 ο
2259 2349 2490 2411 quantas
2538 2339 2729 2392 animus
2760 2355 2866 2392 non
2917 2340 3091 2406 inepte
3122 2339 3487 2395 subtilissima

1897 2434 2090 2504 plumm
2116 2451 2212 2489 seu
2247 2449 2433 2504 penna:
2464 2432 2745 2487 levissima:
2767 2440 3130 2499 comparatur,
3161 2445 3280 2501 quze
3310 2432 3353 2484 si
3390 2433 3487 2485 Ιιιιε

1896 2529 2062 2582 moris
2103 2528 2397 2598 cuiuspiam
2445 2527 2778 2580 extrinsecus
2816 2525 3106 2580 accidentis
3137 2525 3483 2594 corruptione

1896 2619 2076 2673 vitiata
2107 2635 2211 2674 non
2242 2619 2400 2673 fuerit
2449 2618 2533 2672 vel
2567 2617 2737 2672 infusa
2769 2659 2782 2683 ,
2833 2616 3128 2673 mobilitate
3174 2618 3488 2675 substantia!

1903 2725 2034 2776 sua),
2071 2709 2368 2764 tenuissimi
2399 2710 2620 2779 spiritus
2643 2710 2973 2778 adjumento,
3005 2711 3147 2764 velut
3171 2711 3488 2766 naturaliter

1901 2801 1968 2855 ad
2001 2801 2250 2855 sublimia
2280 2802 2629 2868 ccelestiaqtte
2653 2803 2977 2855 sustollitur.
3011 2801 3103 2856 Sin
3137 2817 3265 2857 vero
3295 2804 3484 2860 humo-

1904 2895 1978 2948 ris
2009 2895 2320 2961 cujusquam
2349 2893 2629 2963 aspergine
2653 2894 2736 2946 vel
2769 2893 3036 2947 infusione
3071 2894 3230 2949 fuerit
3257 2903 3491 2966 prtegraan

1897 2995 2014 3039 vata
2043 3028 2057 3052 ,
2103 3002 2208 3039 non
2260 2985 2418 3040 modo
2462 2985 2519 3038 in
2565 2985 2741 3039 nullos
2767 3000 2954 3040 aereos
3006 2987 3213 3042 volatus
3259 2989 3489 3046 naturali

1901 3079 2200 3133 mobilitate
2238 3079 2555 3150 rapUtbilur,
2580 3080 2673 3133 sed
2699 3079 2857 3132 etiam
2887 3079 2951 3134 ad
2984 3080 3086 3134 ima
3114 3091 3269 3138 terra:
3292 3099 3490 3139 conce-

218 3173 413 3235 t‘tcitur,
438 3172 683 3238 iacienda
714 3182 839 3225 sunt
889 3172 1118 3240 primum
1153 3172 1426 3240 profundae
1474 3171 1793 3226 humilitatis
1822 3199 1867 3262 ο
1901 3171 1975 3242 pti
2022 3171 2264 3225 butum-is
2305 3171 2542 3239 pondere
2588 3171 2932 3238 deprimetur.
2971 3171 3043 3226 lla
3078 3189 3226 3228 mens
3275 3190 3492 3245 quoque

215 3265 531 3319 inconcussa
565 3263 931 3328 fundamenta,
977 3278 1096 3334 qua:
1144 3264 1355 3319 scilicet
1384 3265 1577 3318 turrim
1627 3265 1794 3317 intra-

218 3363 392 3409 turam
415 3355 580 3410 caelos
596 3355 809 3409 Valeant
831 3356 1101 3410 sustinere
1126 3373 1138 3408 :
1163 3355 1362 3410 deinde
1378 3354 1794 3424 superponenda

216 3447 471 3501 virtutum
502 3447 822 3516 spiritalium
850 3448 1169 3512 exstructio,
1203 3455 1257 3502 et
1283 3445 1349 3500 ab
1378 3447 1525 3501 omni
1547 3447 1794 3502 discursu

218 3551 378 3610 atque
406 3541 722 3609 evagatione
751 3541 954 3596 lubrica
1006 3541 1219 3595 animus
1251 3539 1595 3604 inhibendus,
1639 3548 1697 3594 ut
1724 3541 1794 3595 ita

217 3633 474 3704 paulatim
499 3633 562 3688 ad
589 3633 1100 3701 contemplationem
1127 3632 1221 3686 Dei
1249 3647 1310 3686 ac
1340 3632 1606 3700 spiritalis
1635 3634 1798 3687 intul-

219 3734 308 3780 tus
331 3726 548 3795 incipiat
578 3727 876 3781 sublimari.
899 3725 926 3765 δ
952 3725 991 3792 (⁸
1037 3723 1220 3796 idquid
1252 3727 1394 3782 enim
1427 3736 1550 3781 ante
1580 3729 1793 3781 oratio-

217 3817 303 3872 nis
331 3819 516 3872 horam
551 3820 725 3873 anima
764 3829 945 3873 nostra
991 3820 1320 3888 conceperit,
1356 3833 1578 3874 necesse
1615 3827 1698 3871 est
1739 3826 1799 3872 ut

221 3912 497 3966 orantibus
539 3911 694 3966 nobis
741 3928 838 3981 per
875 3912 1232 3980 ingestionem
1280 3912 1674 3966 recurdationis
1709 3925 1799 3964 oc-

221 4014 424 4058 currat.
458 4003 821 4072 Quamobrem
869 4004 1054 4074 quales
1105 4013 1320 4058 orantes
1360 4003 1608 4057 volumus
1653 4002 1802 4058 inve-

220 4095 348 4161 niri,
377 4096 514 4150 tales
543 4111 645 4150 nos
669 4105 794 4150 ante
821 4096 1077 4151 orationis
1107 4105 1319 4165 tempus
1352 4111 1660 4165 praeparare
1705 4094 1800 4150 de-

225 4188 438 4242 bemus.
484 4187 565 4241 Ex
609 4187 928 4256 praecedenti
958 4188 1100 4243 enim
1132 4196 1275 4242 statu
1314 4203 1469 4243 mens
1506 4189 1560 4242 in
1605 4187 1802 4257 suppli-

1901 3276 2109 3331 nostra,
2142 3266 2185 3319 si
2215 3265 2594 3320 accedentibus
2618 3265 2765 3320 vitiis
2792 3265 3046 3335 curisque
3074 3268 3358 3322 mundanis
3397 3283 3491 3339 ago

1902 3369 2117 3429 gravata
2144 3376 2248 3412 non
2283 3360 2462 3422 luerit,
2496 3360 2738 3413 noximve
2767 3358 3001 3413 libidinis
3043 3360 3266 3416 humore
3295 3376 3487 3415 corru-

1905 3461 2014 3522 pta,
2048 3453 2196 3505 velut
2235 3451 2462 3506 naturali
2491 3452 2736 3519 puritatis
2765 3465 2876 3506 suae
2903 3452 3162 3506 beneﬁcio
3189 3455 3485 3522 sublevata,

1904 3543 2180 3597 levissimo
2207 3544 2460 3610 Spiritalis
2492 3543 2854 3596 meditationis
2883 3541 3064 3597 aftlatu
3114 3545 3490 3599 sublitnabitur

1903 3634 1969 3686 ad
2019 3648 2269 3701 superna,
2300 3643 2353 3685 et
2405 3633 2622 3684 humilia
2652 3633 2909 3686 deserens
2939 3644 3096 3700 atque
3143 3644 3351 3690 terrena
3375 3675 3390 3700 ,
3419 3637 3488 3691 ad

1903 3725 2146 3780 ccelcstia
2169 3732 2222 3776 et
2245 3722 2524 3776 invisibilia
2547 3724 2914 3776 transferetur.
2943 3724 3096 3779 Unde
3123 3729 3338 3796 proprie
3355 3729 3486 3783 satis

1906 3815 2190 3884 praeceptis
2217 3813 2506 3867 Dominicis
2546 3815 2940 3867 admonemur:
2987 3814 3167 3870 Videte
3215 3817 3486 3886 nequando

1903 3914 2174 3976 graventur
2201 3903 2362 3955 corda
2394 3913 2556 3954 vestra
2587 3903 2638 3955 in
2680 3903 2896 3972 crapula
2925 3915 2972 3958 et
2999 3906 3238 3960 ebrietate
3263 3915 3310 3960 et
3351 3908 3485 3964 curis

1903 3996 2238 4054 amatoribus
2270 3995 2449 4067 (Luem
2469 3994 2602 4063 nt).
2631 3994 2695 4048 Et
2720 3995 2919 4050 idcirco
2945 3999 2987 4052 si
3016 3998 3264 4052 volumus
3286 4001 3457 4055 oratio
3480 4026 3488 4037 -

1905 4109 2000 4148 nes
2034 4101 2248 4147 nostras
2294 4105 2398 4145 non
2447 4090 2619 4144 solum
2650 4090 2811 4145 etrlos
2843 4092 2933 4146 sed
2965 4093 3123 4147 etiam
3168 4109 3286 4162 quae
3322 4107 3486 4162 super

1903 4187 2074 4242 caelos
2093 4193 2218 4238 sunt
2248 4192 2529 4253 penetrare
2550 4225 2564 4250 ,
2599 4198 2847 4238 curemus
2878 4195 3112 4240 mentem
3141 4186 3207 4241 ab
3236 4186 3486 4242 omnibus

1291 4298 1552 4353 ALAltDl
1591 4285 1820 4355 GAZ/El
1859 4295 2423 4354 COMMENTARIUS.

309 4395 335 4425 ⁸
354 4388 632 4462 Ciaeonius
654 4406 686 4445 e
712 4393 1087 4460 manuscriptis
1112 4393 1245 4462 legit
1277 4409 1289 4445 :
1325 4391 1512 4462 Egesta
1538 4394 1676 4445 omni
1703 4410 1786 4446 re-

229 4460 414 4530 purgio
441 4462 698 4527 uitiorum,
739 4472 785 4515 et
821 4462 1022 4530 eﬂ'ossis
1049 4460 1308 4517 succiduis
1350 4460 1663 4530 monitisque
1699 4481 1788 4516 ru-

227 4532 432 4586 deribus
473 4536 783 4600 passionum,
813 4544 917 4588 etc.
951 4535 1079 4596 Quae
1121 4544 1267 4590 certe
1296 4533 1456 4586 lectio
1485 4538 1790 4603 germanior

228 4611 290 4656 ut
316 4612 367 4656 et
391 4608 728 4659 communior
755 4606 883 4658 mihi
929 4605 1158 4658 videtur.
1193 4605 1456 4669 Quorsum
1501 4606 1643 4657 enim
1673 4620 1792 4672 spe-
1823 4611 1874 4672 ι)

227 4681 420 4733 ctaret,
452 4683 542 4725 aut
579 4690 734 4741 quem
765 4691 976 4728 sensum
1010 4677 1232 4730 haberet
1261 4673 1599 4742 illttd,e/7'usis
1631 4676 1797 4729 succi-

229 4742 360 4802 diis,
399 4756 519 4795 cum
551 4746 806 4810 succidia,
837 4748 921 4800 vel
944 4746 1258 4810 surcidiutn,
1295 4745 1520 4799 Varroni
1566 4747 1795 4813 aliisque

228 4813 547 4886 auctoribus
576 4815 704 4868 nihil
731 4817 872 4870 aliud
905 4817 974 4869 sit
1000 4831 1160 4885 quam
1193 4832 1365 4871 massa
1407 4818 1584 4871 carnis
1613 4819 1792 4886 porci-

229 4900 315 4938 [ιω
345 4884 522 4950 salita,
557 4886 683 4938 etin
710 4884 1067 4942 necessarium
1102 4902 1254 4940 usum
1285 4899 1535 4946 servata:
1569 4884 1627 4942 et
1655 4889 1733 4942 vel
1762 4903 1792 4941 a

229 4955 582 5018 succidendo,
629 4959 768 5024 quod
808 4959 1017 5026 quoties
1059 4972 1192 5018 opus
1232 4967 1316 5012 est
1346 4959 1671 5021 succidatur,
1708 4958 1793 5014 vel

229 5029 406 5093 potius
450 5041 476 5076 a
511 5027 696 5080 suibus
744 5029 1013 5082 caedendis
1055 5028 1237 5082 dicta?
1272 5028 1419 5084 Unde
1452 5030 1590 5083 idem
1623 5029 1791 5083 Varro

229 5096 300 5148 de
327 5096 400 5149 tte
422 5095 636 5150 Rustica
662 5099 755 5152 lib.
788 5113 822 5152 ll
845 5101 1020 5165 capite
1040 5099 1072 5152 4
1101 5099 1232 5151 dicit
1254 5101 1502 5164 ignavum
1532 5110 1622 5152 aut
1649 5113 1794 5152 sum-

233 5172 478 5238 ptuosum
510 5182 628 5222 esse
675 5170 963 5238 agricolam
997 5170 1084 5237 qui
1125 5171 1414 5224 succidiam
1455 5169 1797 5237 suspenderit

232 5234 287 5308 in
339 5239 585 5308 carnario
636 5234 976 5294 ab'laniario
1015 5234 1199 5308 potius
1252 5256 1407 5308 quam
1461 5234 1797 5308 ex'proprio

231 5305 414 5388 fundo.
457 5305 668 5363 Rudera
708 5321 884 5366 autem
927 5305 1182 5366 vocantur
1219 5305 1451 5376 lapidum
1491 5305 1796 5388 fragmenta

233 5382 558 5450 passimper
585 5394 744 5450 agros
775 5397 978 5449 sparsa,
1015 5392 1105 5435 attt
1146 5391 1303 5434 terra:
1333 5382 1636 5447 permixta;
1681 5397 1798 5448 quae

227 5455 287 5501 et
313 5449 564 5503 succidua
591 5449 862 5515 dicuntur,
904 5453 1027 5521 quia
1065 5451 1131 5505 ad
1171 5451 1470 5504 cadendum
1516 5467 1678 5517 prona
1705 5467 1720 5516 ;
1747 5460 1802 5507 et

229 5529 464 5583 mortua,
501 5522 624 5589 quia
656 5523 784 5576 nulli
812 5526 932 5577 usui
964 5533 1120 5589 apta;
1162 5521 1390 5589 ideoque
1433 5521 1596 5574 effodi
1624 5529 1681 5574 et
1707 5539 1802 5576 ex-

228 5591 463 5663 purgari
487 5591 671 5663 solita,
703 5607 870 5663 usque
899 5593 968 5646 ad
1009 5604 1206 5647 terram
1251 5595 1422 5645 vivam
1452 5601 1505 5646 et
1546 5593 1796 5663 solidam,

228 5670 292 5714 ut
317 5659 408 5714 hic
436 5661 650 5728 dicitur,
687 5669 744 5718 ut
781 5659 896 5719 into
933 5663 1276 5718 fundamenta
1315 5663 1602 5730 jaciantur.
1650 5659 1802 5719 Unde

236 5730 458 5804 pulchra
480 5732 712 5789 sumitur
732 5734 1047 5804 metaphora
1071 5736 1135 5788 ad
1161 5734 1452 5802 spiritualis
1472 5735 1802 5804 fundamenti

232 5802 556 5871 positionem
594 5802 1037 5873 adaptata,‘qute
1090 5804 1332 5872 sequenti
1385 5807 1562 5874 capite
1604 5803 1803 5862 clarius

1897 4391 2218 4459 explicatur.
2252 4391 2418 4444 Porro
2453 4405 2762 4459 repurgtum
2793 4406 2890 4460 pro
2925 4402 3304 4459 repurgattone
3334 4411 3482 4462 posr-

1900 4470 2011 4516 tttm
2064 4477 2223 4517 nemo
2251 4479 2357 4517 non
2400 4463 2670 4531 intelligit,
2709 4478 2809 4531 qua
2845 4479 2974 4518 voce
3017 4466 3176 4517 etiam
3208 4469 3372 4520 utitur
3400 4481 3487 4521 se-

1905 4535 2090 4602 quenti
2116 4535 2312 4600 capite.

1971 4603 1999 4642 ιι
2032 4604 2106 4657 lta
2138 4605 2300 4657 etiam
2333 4605 2487 4659 divus
2511 4603 2799 4671 Gregorius
2824 4620 2853 4656 χ
2888 4604 3076 4658 Moral.
3100 4619 3197 4672 cap
3227 4604 3486 4662 l6.Setn-

1904 4688 2152 4747 perante
2182 4678 2442 4730 orationis
2476 4685 2714 4747 tempora
2756 4674 2916 4728 debet
2964 4676 3191 4747 sollicite
3241 4681 3484 4747 conspici

1900 4745 2154 4814 quidquid
2181 4757 2357 4813 potest
2381 4752 2431 4800 in
2459 4745 2700 4800 oratione
2723 4747 3016 4811 reprobari.
3038 4744 3484 4815 Smpeimtnuitda

1901 4819 1985 4871 vel
2033 4815 2216 4870 illicita
2264 4819 2508 4884 qutedam
2543 4818 2593 4867 in
2628 4816 2806 4876 animo
2845 4832 3156 4882 versamus,
3215 4821 3425 4886 quoties
3457 4835 3488 4875 a

1899 4888 2149 4954 precibus
2179 4902 2445 4941 vacamus.
2472 4887 2575 4942 Sed
2599 4901 2718 4939 cum
2747 4901 2805 4939 se
2835 4904 2984 4942 utens
3005 4891 3071 4943 ad
3104 4891 3340 4945 studium
3371 4906 3486 4945 ora-

1902 4958 2062 5011 tionis
2089 4961 2364 5023 erexerit,
2408 4973 2592 5011 earum
2624 4971 2802 5009 rerum
2853 4959 3111 5027 imagines
3143 4961 3486 5016 reverberata

1902 5028 2122 5097 patitur,
2154 5029 2347 5096 quibus
2383 5029 2613 5083 libenter
2645 5029 2790 5093 prius
2818 5031 2988 5083 otiosa
3023 5033 3384 5095 premebatur.
3418 5031 3486 5085 Et

1901 5098 2066 5152 infra:
2105 5098 2258 5166 Saepe
2282 5101 2426 5151 curis
2453 5099 2631 5152 mundi
2655 5099 2878 5153 libenter
2901 5116 3244 5168 occupantur.
3263 5117 3492 5168 euntque

1902 5179 2019 5238 post
2044 5168 2158 5240 hate
2182 5169 2358 5223 studio
2393 5170 2647 5224 orationis
2681 5171 3028 5234 intendiutus,
3061 5187 3390 5240 nequaquam
3424 5186 3484 5226 se

1903 5239 2143 5310 mensad
2169 5242 2407 5294 cmiestia
2437 5241 2625 5310 erigit,
2676 5243 2796 5309 quia
2833 5242 3040 5306 pondus
3088 5241 3222 5295 hanc
3257 5239 3484 5297 terrena:

1904 5309 2284 5365 sollicitudirds
2315 5310 2365 5363 in
2398 5309 2716 5379 prot'uudutn
2742 5312 2947 5364 mersit.

1979 5390 2002 5418 °
2038 5381 2094 5434 lu
2125 5381 2203 5434 bis
2235 5381 2444 5436 duabus
2471 5384 2753 5437 sententiis
2778 5382 3031 5436 fundatur
3059 5397 3295 5451 sequens
3325 5384 3488 5437 colla-

1906 5453 1998 5518 tio,
2030 5468 2147 5522 quae
2191 5462 2276 5505 est
2316 5454 2546 5507 secunda
2578 5453 2786 5507 abbatis
2824 5455 2996 5518 Isaac;
3031 5453 3173 5507 unde
3215 5465 3487 5522 sumptum

1906 5523 2024 5591 ejus
2051 5533 2448 5591 argumentum,
2483 5524 2557 5577 De
2587 5525 2832 5578 orationis
2853 5525 3080 5593 jngitate
3113 5525 3217 5578 sive
3268 5526 3492 5578 assidui-

1909 5603 2036 5659 tate,
2063 5597 2156 5736 ;t‘b;
2193 5595 2414 5663 proinde
2446 5596 2511 5650 de
2539 5597 2622 5651 his
2652 5595 2983 5650 commodius
3013 5606 3199 5665 agetur
3219 5596 3430 5667 (Collat.
3456 5611 3491 5654 Χ

1909 5681 2027 5736 cap.
2062 5693 2064 5695 -
2162 5705 2174 5718 .

1909 5681 2027 5733 cap.
2062 5681 2174 5733 υ).

1981 5735 2008 5772 ά
2032 5735 2208 5790 Aliam
2241 5737 2646 5794 similitudinem
2682 5755 2777 5794 seu
2805 5739 3262 5807 comparationem
3295 5737 3492 5797 anith

1909 5822 2032 5862 cum
2063 5808 2202 5862 mola
2231 5811 2448 5880 aquaria
2473 5811 2597 5868 vide
2624 5813 2806 5868 eollat.
2840 5811 2864 5864 l
2897 5825 2996 5882 cap
3030 5810 3111 5868 18.
