4048 6198
574 324 679 381 775
1626 309 1906 373 JOANNIS
1943 313 2249 372 CASSIANI
2286 306 2776 369 COLLATIONES.
3769 302 3889 362 716

578 438 807 495 terrenis
834 438 983 493 vitiis
1012 443 1356 507 expurgatam
1386 432 1701 503 cunctisque
1731 431 2038 487 mundatam
2063 429 2161 485 fae-
2188 434 2242 492 Α
2266 430 2525 501 propheta
2550 447 2563 483 :
2593 427 2622 467 ι)
2653 425 3105 497 Expergiscimini,
3135 425 3336 494 inquit,
3376 442 3457 493 qu.
3493 428 3611 480 estis
3632 427 3799 492 ebrii,
3837 438 3889 481 et

577 534 729 585 cibus
776 532 1086 600 passionum
1114 528 1177 581 ad
1206 525 1587 581 sublimitatem
1620 524 1918 593 perducere
1947 534 2164 576 natura-
2266 539 2421 577 nona
2444 523 2563 575 vino
2595 518 2779 590 (Joelis
2820 516 2881 589 ι).
2924 517 3073 572 Alius
3119 532 3373 586 quoque:
3420 515 3797 584 Obstupescite
3837 526 3887 569 et
3925 524 3934 601 χ’

578 623 707 688 lem,
745 632 802 676 ut
828 623 901 675 ita
927 620 994 673 ad
1033 621 1195 674 Deum
1225 617 1395 673 oratio
1426 616 1543 685 ejus
1584 616 1732 671 nullo
1759 616 2007 672 vitiorum
2039 629 2167 683 pon-
2267 616 2618 681 admiramini,
2651 616 2899 683 ﬂuctuate
2924 623 2972 666 et
2999 610 3263 675 vacillate,
3287 609 3615 663 inebriamini
3637 651 3653 675 ,
3680 620 3735 663 et
3775 627 3883 664 non
3922 632 3927 691 β

578 716 707 770 dere
733 720 1060 783 praegravata
1082 707 1430 765 conscendat.
2268 726 2299 762 a
2321 710 2470 770 sino;
2496 704 2851 768 movemini,et
2872 719 2973 757 non
2997 704 3061 755 ab
3089 703 3323 755 ebrietate
3347 700 3530 772 (Isaia:
3550 700 3744 773 xxxx).
3764 700 3883 756 Cu-
3919 730 3923 769 ;

1201 822 1438 878 CAPUT
1478 821 1543 876 ν,
2264 801 2354 871 jus
2376 798 2652 854 ebrietatis
2678 806 2734 851 et
2757 795 2990 865 crapulae
3013 796 3190 848 vinum
3217 805 3614 863 consequenter
3641 809 3883 849 necesse

753 897 832 950 De
861 894 1030 949 causis
1068 893 1252 965 quibus
1283 910 1426 947 mens
1453 901 1630 946 nostra
1657 899 1987 963 aggravetur.

648 985 953 1041 Notandum
980 994 1160 1039 tamen
1182 984 1377 1052 quibus
1399 998 1469 1037 ex
1492 982 1675 1037 causis
1699 982 1911 1049 gravari
1931 988 2163 1034 mentem

580 1079 838 1132 Dominus
858 1076 1243 1145 designaverit.
1260 1074 1374 1129 Non
1393 1074 1537 1127 enim
1566 1070 1849 1137 adulteria,
1869 1086 1975 1124 non
2005 1070 2172 1125 forni-

579 1170 841 1231 cationes,
866 1182 973 1221 non
1005 1165 1313 1231 homicidia,
1343 1180 1449 1220 non
1480 1163 1865 1232 blasphemias,
1891 1177 1995 1215 non
2024 1163 2169 1231 rapi-

582 1274 700 1323 nas,
731 1274 850 1328 quas
875 1258 1121 1311 mortalia
1146 1270 1266 1311 esse
1296 1266 1350 1309 et
1377 1254 1703 1308 damnabilia
1728 1253 1905 1307 nullus
1931 1251 2164 1323 ignorat,

580 1352 674 1405 sed
710 1352 983 1419 crapulam
1014 1348 1192 1416 posuit
1219 1357 1273 1402 et
1299 1346 1636 1412 ebrietatem,
1670 1355 1724 1401 et
1744 1358 1902 1399 curas
1931 1346 2044 1399 sive
2063 1345 2171 1398 sol-

581 1441 885 1497 licitudines
906 1440 1190 1494 saeculares
1209 1438 1363 1510 (Luc.
1387 1439 1523 1505 ut).
1553 1437 1684 1504 Qua:
1706 1437 1760 1489 in
1787 1444 1993 1489 tantum
2014 1448 2171 1490 nemo

588 1536 868 1590 hominum
900 1533 1083 1587 mundi
1109 1532 1266 1601 hujus
1294 1542 1450 1585 cavet
1475 1539 1569 1583 aut
1591 1529 1919 1583 damnabilia
1942 1528 2167 1597 judicat,

583 1638 638 1683 ut
668 1630 828 1682 etiam
875 1625 1152 1690 nonnulli,
1204 1623 1348 1692 quod
1381 1622 1545 1691 pudet
1574 1621 1756 1675 dicere
1782 1662 1796 1686 ,
1850 1619 2170 1688 semetipsos

582 1718 875 1774 monachos
924 1722 1294 1784 nuncupantes
1347 1714 1534 1767 iisdem
1579 1712 1711 1780 ipsis
1756 1710 2170 1765 distentionibus

2271 902 2356 949 est
2407 901 2466 947 ut
2502 891 2797 948 secundum
2853 888 3165 957 prophetam
3220 887 3367 941 furor
3420 886 3723 941 draconum
3785 888 3922 955 sit.?

2272 985 2559 1054 Ipsumque
2588 985 2773 1037 vinum
2820 981 2889 1037 de
2932 995 3035 1049 qua
3085 980 3264 1033 radice
3310 977 3569 1047 procedat
3616 981 3880 1033 adverte.
3917 965 3923 971 ’

2272 1074 2358 1129 Ea:
2382 1076 2529 1129 vinea
2557 1074 2700 1129 enim
2732 1073 3077 1128 Sodomorum
3104 1071 3221 1124 vitis
3244 1085 3441 1134 eorum,
3474 1079 3520 1122 et
3540 1082 3879 1123 sarmentum

2273 1182 2445 1221 eorum
2478 1182 2541 1219 ea:
2580 1162 2892 1219 Gomorrha.
2943 1162 3032 1216 Vis
3075 1162 3233 1215 etiam
3268 1162 3499 1214 fructum
3533 1162 3657 1214 vitis
3714 1162 3880 1215 istius

2274 1268 2435 1327 atque
2482 1257 2742 1312 sarmenti
2771 1270 2988 1324 germen
3044 1253 3379 1323 agnoscere?
3414 1252 3525 1307 Uva
3565 1270 3749 1306 eorum
3774 1271 3879 1306 uva

2281 1348 2441 1419 fellis,
2475 1348 2650 1400 botrus
2677 1346 3039 1400 amaritudinis
3068 1346 3123 1398 in
3148 1345 3273 1413 ipsis
3302 1344 3483 1415 (Deut.
3507 1344 3702 1415 xxx").
3732 1346 3879 1410 Quze

2276 1439 2479 1503 omnia,
2509 1438 2611 1492 nisi
2642 1437 2904 1492 fuerimus
2934 1438 3142 1491 cunctis
3175 1435 3320 1489 vitiis
3350 1438 3657 1505 expurgati,
3709 1445 3765 1489 et
3798 1439 3879 1489 ab

2274 1534 2521 1589 omnium
2554 1532 2861 1601 passionum
2901 1530 3116 1599 crapula
3144 1529 3337 1594 sobrii,
3367 1530 3567 1599 absque
3594 1531 3876 1583 ebrietate

2274 1625 2382 1679 vini
2400 1624 2788 1693 epularumque
2810 1624 3048 1676 omnium
3071 1620 3367 1685 affluentia,
3382 1623 3486 1676 erit
3508 1637 3603 1676 cor
3618 1633 3871 1676 nostrum

2275 1716 2538 1770 ebrietate
2568 1725 2622 1769 et
2653 1714 2873 1783 crapula
2904 1715 3073 1783 magis
3101 1714 3258 1767 noxia
3289 1725 3703 1784 praegravatum.
3724 1714 3865 1769 Nam

584 1812 731 1867 velut
762 1808 993 1863 innoxiis
1021 1816 1076 1863 et
1096 1805 1692 1873 utilibusimplicentur.
1721 1802 1891 1869 IlQuae
1914 1801 2011 1855 tria
2040 1801 2168 1856 licet
2200 1811 2241 1868 Β
2270 1808 2391 1878 quia
2424 1808 2716 1862 saeculares
2743 1822 2889 1862 cura:
2915 1808 3078 1861 etiam
3110 1806 3161 1861 iu
3195 1823 3313 1873 nos,
3342 1810 3429 1877 qui
3461 1807 3622 1862 nullis
3652 1810 3865 1863 actibus

583 1902 878 1958 secundum
926 1901 1159 1954 litteram
1205 1904 1509 1966 perpetrata
1561 1901 1851 1964 aggravent
1895 1892 2166 1957 animam,

582 2003 743 2063 atque
771 2009 800 2047 a
832 1992 944 2047 Deo
969 1999 1223 2060 separent
1252 2004 1313 2043 ac
1353 1988 1660 2056 deprimant
1685 1986 1751 2040 ad
1793 1995 2005 2039 terrena
2025 2024 2038 2047 ,
2086 1992 2169 2038 est

595 2096 774 2141 tamen
804 2098 989 2140 eorum
1017 2082 1189 2137 facilis
1213 2080 1524 2145 declinatio,
1557 2086 1611 2133 ct
1640 2077 1877 2132 maxime
1898 2075 2051 2129 nobis
2078 2073 2171 2144 qui

586 2188 696 2233 tam
728 2178 884 2247 longa
919 2176 1220 2231 remotione
1248 2174 1315 2227 ab
1344 2174 1490 2227 omni
1533 2171 1715 2227 saeculi
1750 2168 1909 2238 hujus
1947 2181 2173 2222 conver-

587 2272 798 2324 satione
847 2267 1225 2336 disjungimur,
1257 2273 1312 2319 et
1347 2265 1462 2318 istis
1492 2261 1795 2316 visibilibus
1824 2259 1967 2314 curis
2014 2266 2173 2327 atque

585 2362 939 2420 ebrietatibus
962 2370 1011 2415 et
1048 2358 1280 2427 crapulis
1309 2358 1524 2425 penitus
1576 2356 1721 2409 nulla
1751 2353 2033 2408 occasione
2062 2352 2171 2405 mi-

587 2468 823 2508 scemur.
854 2451 1051 2505 Verum
1105 2458 1188 2503 est
1233 2449 1336 2501 alia
1366 2462 1581 2517 quoque
1606 2446 1823 2514 crapula
1850 2454 1904 2499 et
1939 2445 2171 2499 ebrietas

584 2542 848 2612 Spiritalis
876 2539 1150 2593 difficilius
1178 2539 1452 2604 evitanda,
1484 2553 1613 2591 cura
1641 2551 1853 2607 quoque
1880 2551 1944 2590 ac
1971 2536 2175 2590 sollici—

589 2634 717 2689 tudo
740 2631 1039 2695 saecularis,
1070 2645 1190 2700 quia
1218 2645 1316 2685 nos
1345 2631 1506 2684 etiam
1538 2641 1659 2699 post
1687 2630 1924 2683 omnium
1959 2631 2175 2683 faculta-

588 2735 701 2779 tum
750 2731 1052 2777 uostrarum
1113 2722 1401 2790 perfectam
1458 2724 1911 2777 renuntiationem
1962 2731 2017 2778 et
2063 2723 2169 2777 vini

587 2815 975 2885 epularumque
1001 2815 1391 2868 continentiam
1423 2825 1758 2880 cunctarum,
1790 2826 1844 2871 et
1881 2815 2093 2885 quidem
2118 2816 2171 2870 in

587 2906 875 2963 solitudine
901 2909 1224 2965 constitutos
1270 2909 1575 2979 frequenter
1608 2910 1851 2974 involvit,
1883 2909 1951 2964 de
1980 2909 2172 2978 quibus

2272 1899 2455 1953 mundi
2486 1900 2640 1953 istius
2678 1898 3057 1965 admiscemur,
3091 1897 3287 1953 cadere
3318 1913 3718 1969 nonnumquam
3742 1916 3864 1970 pus-

2270 1990 2412 2056 sint,
2448 1988 2731 2044 manifesta
2759 1990 2971 2044 ratione
3012 1998 3344 2044 monstratur
3370 1992 3658 2045 secundum
3686 2008 3858 2061 regu-

2274 2084 2382 2138 lam
2415 2083 2707 2147 seniorum,
2731 2084 2819 2152 qui
2840 2083 3095 2151 quidquid
3124 2083 3495 2138 necessitatem
3526 2084 3691 2139 victus
3716 2100 3863 2154 quo-

2274 2178 2461 2233 tidiani
2490 2186 2543 2232 et
2565 2176 2933 2234 inevitabilem
2959 2192 3113 2231 usum
3136 2178 3313 2231 carnis
3337 2178 3564 2242 excedit,
3593 2177 3659 2231 ad
3680 2193 3862 2235 saecu-

2276 2271 2441 2325 larem
2464 2269 2790 2323 deﬁnierunt
2817 2283 3000 2323 curam
3025 2276 3081 2322 et
3106 2268 3523 2324 sollicitudinem
3552 2270 3858 2339 pertinere;

2279 2370 2355 2426 ut,
2390 2362 2539 2417 verbi
2569 2362 2773 2432 gratia,
2803 2362 2847 2416 si
2874 2376 2996 2415 cum
3029 2362 3201 2430 possit
3230 2365 3471 2431 operatio
3500 2364 3660 2417 unius
3698 2364 3855 2417 solidi

2279 2452 2653 2509 necessitatem
2713 2454 2881 2507 nostri
2938 2453 3181 2522 corporis
3220 2454 3501 2523 expedire,
3535 2454 3599 2507 ad
3629 2454 3861 2508 duorum

2275 2546 2362 2599 vel
2392 2544 2551 2597 trium
2574 2542 2867 2597 solidorum
2908 2544 3314 2611 acquisitionem
3348 2544 3693 2611 nosmetipsos
3728 2559 3863 2611 [tl'O-

2278 2637 2528 2706 pensiorc
2577 2636 2805 2689 velimus
2860 2649 3025 2704 opere
3074 2650 3135 2688 ac
3186 2634 3370 2689 labore
3414 2634 3752 2703 distendere;
3811 2646 3864 2692 et

2284 2738 2307 2767 ο
2334 2742 2455 2781 cum
2484 2727 2711 2781 duarum
2736 2726 2985 2782 velamen
3014 2725 3247 2780 sufficiat
3277 2728 3600 2792 tunicarum,
3619 2730 3684 2780 ad
3710 2744 3864 2783 usuin

2278 2819 2487 2874 scilicet
2513 2819 2684 2874 noctis
2704 2832 2767 2872 ac
2786 2818 2911 2881 diei,
2934 2815 2959 2854 ἀ
2979 2818 3178 2872 domini
3203 2820 3358 2871 trium
3382 2819 3465 2871 vel
3489 2828 3721 2887 quatuor
3750 2822 3863 2875 ﬁeri

2281 2927 2661 2981 procuremus;
2704 2926 2936 2982 cumque
2982 2910 3139 2966 unius
3170 2911 3282 2966 sive
3326 2911 3550 2966 duarum
3608 2913 3863 2968 habitatio

1672 3042 1928 3097 ALARDI
1968 3040 2197 3097 GAZ/El
2232 3041 2795 3099 COMMENTARIUS.

663 3168 687 3196 α
717 3157 934 3215 Scilicet
955 3156 1196 3227 crapula,
1229 3155 1501 3227 ebrietas,
1528 3164 1750 3227 etcurru
1777 3156 1890 3227 sive
1917 3155 2175 3210 sollieitu-
2202 3158 2247 3219 C
2281 3165 2581 3210 mentorum
2628 3156 2835 3224 copiam
2880 3170 2943 3209 ac
2972 3155 3364 3224 supellectilem
3411 3170 3757 3225 comparant,
3813 3175 3867 3216 et

590 3231 745 3286 dines
766 3225 1075 3291 saeculares,
1090 3228 1284 3296 quibus
1299 3226 1544 3280 monachi
1562 3225 1786 3278 subinde
1808 3226 2170 3293 implicantur.

660 3300 687 3339 ιι
740 3301 796 3354 1η
844 3298 1032 3352 Bibliis
1085 3295 1248 3367 regiis
1300 3300 1447 3367 locus
1498 3296 1582 3349 hic
1625 3296 1811 3367 Graece
1846 3300 1915 3348 ita
1944 3295 2169 3364 legitur:

588 3372 837 3443 ixvriyba‘rs
865 3371 907 3423 oi
947 3365 1214 3443 piesm'e;
1242 3371 1294 3443 ἐξ
1323 3365 1457 3443 οἶνον
1480 3368 1646 3421 αὐτῶν
1664 3408 1678 3429 ,
1711 3365 1811 3418 hoc
1830 3377 1914 3443 est
1932 3406 1947 3431 ,
1989 3383 2176 3443 φερετ-
2206 3410 2211 3416 .

588 3436 865 3513 gisci'mini,
891 3436 1133 3513 qui__ebrii
1164 3441 1284 3513 estis
1314 3454 1377 3490 ea;
1401 3440 1708 3513 vinonvestro
1725 3452 1743 3498 ;
1761 3438 1869 3513 vel,
1903 3446 1961 3489 ut
1987 3436 2176 3513 Hiero-

590 3507 785 3582 nymus
810 3507 1071 3565 red—didit:
1096 3512 1150 3582 in
1169 3510 1286 3582 trino
1310 3517 1495 3582 vestro.
1514 3507 1782 3582 Caeterum
1807 3508 2006 3562 fatetur
2031 3508 2173 3563 idem

593 3576 949 3653 Hieronymus
978 3581 1116 3653 apud
1161 3580 1512 3653 Septuaginta
1543 3577 1681 3653 legi;
1718 3576 1787 3630 Et
1826 3594 1928 3653 non
1968 3595 1999 3631 a
2029 3582 2170 3653 uino.

589 3654 720 3721 Ejus
747 3650 909 3707 verba
935 3663 1061 3707 sunt
1088 3652 1141 3705 in
1171 3664 1294 3719 cap.
1319 3650 1546 3721 lJoelis,
1574 3650 1771 3718 quibus
1795 3650 1972 3721 varias
2000 3650 2174 3705 ebrie-

589 3720 714 3779 tatis
762 3723 1093 3792 spiritualis,
1141 3721 1208 3775 de
1246 3737 1350 3790 qua
1395 3720 1482 3792 hic
1511 3721 1714 3789 agitur,
1747 3720 1954 3789 species
1984 3722 2052 3792 ita
2088 3736 2173 3776 re-

588 3790 809 3850 censcti
865 3792 1033 3846 Nulla
1070 3809 1149 3846 res
1188 3793 1262 3844 ita
1314 3790 1530 3843 inebriat
1558 3800 1612 3844 ut
1641 3792 1796 3844 animi
1835 3791 2167 3856 perturbatio.

588 3865 680 3919 Est
729 3866 941 3919 ebrietas
969 3878 1085 3933 qua:
1124 3863 1267 3916 ducit
1302 3862 1368 3914 ad
1408 3870 1637 3933 mortem_.
1676 3860 1801 3914 Haec
1826 3861 2172 3915 abominanda

589 3937 807 3989 ebrietas
834 3946 925 3988 est.
956 3929 1045 3987 Est
1071 3934 1150 3985 ira
1176 3948 1290 4000 qua:
1305 3933 1567 4000 justitiam
1588 3929 1685 3983 Dei
1717 3948 1819 3984 non
1842 3941 2099 4001 operatur,
2123 3942 2170 3985 et

587 4009 749 4075 furori
781 4006 1019 4077 proxima
1047 4006 1231 4077 mentis
1261 4018 1367 4055 sua:
1411 4002 1654 4069 impotem
1699 4002 1821 4077 facit
1839 4019 1859 4066 ;
1890 4002 1944 4077 in
1972 4012 2169 4055 tantum

589 4070 639 4129 ut
675 4070 809 4130 labia
837 4084 1076 4139 tremant,
1102 4072 1276 4126 dentes
1297 4082 1621 4138 concrepent,
1646 4070 1813 4123 vultus
1837 4073 2031 4138 pallore
2051 4087 2167 4123 mu-

588 4156 742 4198 tetur.
773 4145 910 4211 Quid
932 4144 1153 4211 referam
1182 4143 1243 4195 de
1273 4141 1461 4211 gaudio
1488 4151 1535 4193 et
1558 4141 1839 4207 voluptate,
1872 4152 1919 4194 et
1948 4143 2170 4198 maxime

586 4230 778 4276 amore,
796 4210 884 4281 qui
914 4210 1129 4266 excaecat
1159 4213 1331 4264 cordis
1360 4211 1554 4276 oculos,
1585 4220 1635 4264 et
1662 4210 1792 4264 nihil
1813 4212 1957 4264 aliud
1981 4228 2164 4265 aman-

586 4292 704 4345 tem,
736 4280 834 4335 nisi
884 4282 936 4334 id
962 4283 1098 4351 quod
1124 4292 1262 4334 amat
1309 4281 1534 4349 cogitare
1562 4281 1809 4347 permittit
1834 4284 1859 4336 ?
1886 4280 2073 4335 Annon
2095 4294 2167 4337 est

585 4353 801 4405 dicenda
832 4354 1068 4417 ebrietas,
1100 4368 1213 4403 cum
1251 4360 1458 4422 propter
1488 4352 1585 4403 vile
1620 4361 1843 4405 scortum
1874 4364 1920 4407 et
1949 4354 2167 4419 ignomi-

585 4425 781 4476 niosam
803 4424 1031 4489 corporis
1054 4431 1247 4492 partem
1275 4426 1462 4475 animm
1487 4422 1693 4475 libertas
1718 4424 1773 4474 in
1796 4422 1999 4476 serviles
2022 4424 2166 4477 blan-

585 4494 759 4565 ditias
784 4494 1064 4545 inclinatur
1085 4533 1100 4557 ,
1142 4509 1257 4544 cum
1288 4496 1444 4565 furto,
1478 4494 1695 4565 scelere,
1729 4502 1877 4563 atque
1925 4496 2164 4565 perjuriis

585 4580 705 4626 opes
736 4564 936 4630 futuras
960 4575 1217 4631 prwparat
1266 4564 1548 4630 voluptati;
1594 4573 1639 4616 et
1676 4579 1791 4616 cum
1842 4564 2073 4618 videatur
2100 4567 2163 4620 ab

582 4635 841 4697 omnibus,
859 4650 911 4686 se
934 4637 1151 4687 aestimat
1172 4650 1272 4686 non
1298 4634 1454 4687 videri
1473 4636 1497 4687 ?
1517 4635 1623 4688 Sed
1645 4644 1691 4687 et
1710 4637 1926 4688 avaritia
1947 4646 2163 4690 exccecat

583 4705 810 4757 animum
843 4708 989 4776 ejus,
1019 4706 1098 4756 cui
1129 4702 1275 4776 nihil
1304 4706 1467 4776 satis;
1517 4716 1563 4757 et
1609 4706 1865 4759 muliebris
1900 4707 2079 4776 timor,
2113 4716 2160 4760 et

583 4776 809 4827 dulcium
835 4774 1023 4843 cupido
1048 4775 1302 4827 vitiorum.
1338 4774 1487 4828 Unde
1516 4776 1703 4829 dicitur
1740 4777 1807 4827 ad
1837 4792 1951 4829 eos:
1984 4774 2161 4845 Evigi-

581 4847 683 4899 late
704 4855 749 4898 et
775 4845 1205 4915 expergiscimini,
1228 4847 1314 4915 qui
1339 4846 1462 4898 ebrii
1490 4848 1627 4913 estis,
1656 4863 1974 4915 nequaquam
1993 4863 2022 4898 a
2046 4849 2158 4901 vino

584 4919 660 4989 (ut
691 4917 743 4968 in
774 4915 894 4989 solis
920 4913 1452 4989 LXX__continetur),
1493 4917 1581 4989 s_ed
1618 4913 1753 4969 omni
1783 4918 2159 4985 perturbatione

578 4986 839 5040 uitiorum.
867 4987 943 5041 lta
974 4986 1445 5057 Daliieronymus.
1495 4987 1636 5055 Ergo
1670 4990 1803 5040 hanc
1830 4989 2148 5054 Cassianus,

580 5071 635 5112 ut
666 5074 972 5127 germanam
1008 5056 1148 5111 LXX
1180 5056 1473 5127 lectionem
1516 5057 1613 5111 huc
1646 5059 1761 5110 loco
1787 5067 2003 5113 secutus
2030 5070 2113 5112 est
2136 5098 2151 5124 ,

584 5130 803 5196 Vulgata
841 5139 1016 5183 autem
1066 5129 1224 5182 lectio
1270 5138 1389 5182 est:
1432 5126 1877 5198 Expergiscimini,
1903 5129 2059 5193 ebrii,
2109 5140 2156 5183 et

574 5202 714 5267 ﬂete,
744 5209 788 5252 et
816 5200 1036 5264 ululate,
1064 5216 1237 5253 onmes
1274 5200 1361 5268 qui
1387 5198 1552 5252 bibitis
1580 5201 1751 5252 uinum
1781 5202 1832 5253 in
1855 5200 2152 5264 dulcedine,

575 5270 816 5337 quoniam
840 5274 989 5339 periit
1011 5271 1073 5322 ab
1104 5286 1191 5323 ore
1219 5278 1402 5322 uestro.

654 5351 675 5378 ο
711 5338 883 5394 Locus
909 5340 1131 5408 insignis
1158 5341 1225 5393 de
1259 5338 1581 5406 parcimonia
1612 5348 1667 5394 et
1694 5338 1995 5409 frugalitate
2037 5353 2153 5395 mo-

574 5411 763 5464 nachis
794 5412 1046 5465 sectanda
1070 5450 1085 5475 ,
1130 5420 1186 5465 et
1216 5411 1433 5463 vitando
1460 5413 1583 5465 luxu
1609 5451 1624 5473 ,
1658 5426 1719 5464 ac
1751 5412 2147 5479 superfluitate,

573 5490 683 5535 tum
713 5486 764 5535 in
796 5482 1123 5550 quotidianis
1147 5483 1468 5549 sumptibus,
1501 5492 1610 5534 tum
1654 5482 1705 5533 in
1734 5482 2002 5544 vestibus,
2039 5493 2147 5534 tum

572 5551 627 5606 in
660 5550 813 5606 cellis
838 5592 853 5617 ,
896 5554 1007 5607 sive
1057 5552 1345 5619 cubiculis,
1377 5564 1467 5605 aut
1498 5552 1804 5604 domiciliis.
1848 5552 1911 5604 Et
1935 5552 2148 5617 quidem

567 5623 711 5690 quod
741 5622 807 5674 ad
833 5631 1010 5677 vestes
1040 5624 1264 5685 attinet,
1314 5636 1638 5690 magnopere
1671 5622 1845 5675 hacin
1874 5629 2026 5689 parte
2055 5623 2148 5675 de-

571 5691 821 5761 linquunt
844 5692 1085 5745 nonnulli
1111 5690 1397 5761 monachi,
1426 5694 1514 5761 qui
1540 5731 1554 5755 ,
1602 5707 1706 5745 uno
1733 5701 1827 5745 aut
1851 5692 2026 5745 altero
2052 5690 2148 5745 ha-

571 5760 684 5816 bitu
735 5760 962 5813 honesto
995 5760 1215 5815 minime
1240 5760 1477 5816 contenti
1507 5802 1522 5829 ,
1576 5776 1823 5831 magnam
1853 5762 1956 5819 sibi
1985 5764 2149 5821 vesu-

2279 3227 3030 3301 undequ‘aquectiacervant;
3074 3228 3384 3301 necauituo
3412 3230 3695 3301 quiescere
3741 3248 3868 3301 pus-

2280 3309 2426 3369 sunt,
2452 3298 2551 3369 nisi
2576 3299 2808 3366 quinque
2835 3308 2926 3369 aut
2953 3314 3047 3351 sex
3075 3298 3305 3364 tunicas,
3328 3299 3551 3353 totidem
3582 3298 3759 3369 togas,
3785 3315 3866 3358 tot

2276 3368 2619 3435 chlamydes,
2671 3378 2750 3422 tot
2796 3368 3031 3436 reliquas
3063 3380 3241 3422 vestes
3292 3370 3394 3422 sibi
3444 3368 3657 3438 quoquo
3698 3375 3864 3427 modo

2280 3448 2592 3504 procurent;
2623 3449 2678 3491 ut
2709 3438 2936 3492 habeant
2963 3439 3014 3491 in
3041 3440 3281 3506 singulas
3311 3455 3449 3507 pene
3473 3440 3861 3508 hebdomadas,

2275 3523 2344 3561 ne
2373 3508 2548 3562 dicam
2578 3511 2629 3562 in
2659 3509 2799 3571 dies.
2831 3525 2965 3562 nova
2994 3526 3209 3577 semper
3238 3522 3295 3562 et
3327 3512 3532 3564 diversa
3566 3517 3860 3568 mutaturia

2277 3580 2755 3643 vestimentorum,
2790 3594 3015 3648 quorum
3048 3596 3212 3633 uuttm
3252 3592 3345 3633 aut
3386 3582 3607 3634 alterum
3632 3583 3859 3641 abunde

2276 3650 2564 3721 sufficeret.
2598 3650 2710 3715 Qua
2753 3650 2803 3702 in
2846 3665 2902 3702 re
2950 3665 3195 3719 magnam
3239 3650 3356 3704 sive
3401 3652 3612 3721 Regulae
3637 3663 3695 3707 et
3726 3672 3860 3721 pro-

2274 3718 2523 3773 fessionis
2579 3721 2950 3783 oblivionem,
3006 3731 3099 3773 aut
3146 3723 3445 3789 neglectum
3464 3718 3556 3785 ,vsi
3590 3740 3695 3777 non
3726 3718 3861 3781 eon-

2278 3798 2535 3863 temptum
2565 3806 2675 3859 prie
2708 3806 2765 3863 se
2795 3792 2973 3844 ferunt
3000 3809 3011 3843 :
3040 3791 3258 3861 Regulae
3287 3793 3536 3861 quidem,
3562 3810 3690 3863 quae
3718 3798 3853 3852 dicit

2273 3860 2497 3937 {affigere
2527 3860 2932 3937 monacho-duas
2954 3860 3169 3937 tunicas,
3199 3874 3244 3914 et
3264 3860 3404 3937 duas
3430 3860 3663 3937 cucullos
3691 3865 3856 3937 (Reg.

2275 3929 2342 3983 Ι).
2380 3930 2569 3985 Bened.
2606 3948 2722 3999 cap.
2774 3931 2893 4001 35);
2947 3941 2994 3983 et
3046 3932 3096 3983 in
3136 3933 3369 3987 omnibus
3423 3929 3855 3991 considerandam

2273 4002 2419 4075 illaut
2436 4003 2737 4056 sententiain
2769 4002 2986 4075 Actuuni
3012 4002 3375 4071 Apostolorum
3397 4020 3413 4055 :
3441 4006 3560 4075 quia
3586 4007 3855 4061 dirideba-

2273 4081 2357 4144 tur
2377 4074 2616 4144 singulis,
2652 4083 2801 4139 prout
2832 4074 3008 4139 cuique
3036 4090 3162 4139 opus
3187 4086 3293 4127 erat
3322 4074 3461 4144 (Act.
3503 4086 3574 4143 γ),
3608 4092 3712 4129 non
3739 4093 3855 4133 am-

2275 4142 2429 4209 plius.
2464 4142 2822 4214 Professionis
2844 4184 2858 4207 ,
2891 4159 2992 4210 qua
3027 4142 3392 4211 paupertatem
3439 4142 3805 4214 evangelicum
3834 4191 3850 4213 ,

2271 4226 2391 4266 eum
2421 4228 2523 4282 qua
2565 4215 2720 4268 luxus
2770 4213 2858 4266 ille
2887 4224 2938 4283 et
2967 4214 3407 4268 vestimentorum
3440 4213 3592 4283 Copia
3632 4232 3696 4271 ex
3734 4219 3853 4273 dia-

2270 4292 2444 4337 metro
2476 4295 2691 4352 pugnat,
2723 4282 2993 4350 complexi
3015 4298 3133 4336 Stlttl
3159 4296 3211 4337 et
3238 4282 3546 4339 servaturos
3576 4303 3635 4341 se
3662 4300 3852 4344 sancte

2273 4353 2658 4419 promiserunt.
2693 4353 2844 4408 Unde
2874 4353 2929 4406 in
2960 4354 3188 4409 concilio
3218 4355 3531 4408 Tridentin
3566 4358 3739 4422 (Sess.
3780 4361 3855 4416 9.5
3910 4362 3917 4367 ’

2269 4438 2385 4496 cap.
2417 4425 2450 4496 2
2479 4428 2539 4477 de
2578 4424 2851 4496 Regular.)
2882 4425 3120 4496 graviter
3147 4430 3391 4496 statuitur
3412 4435 3467 4475 ut
3494 4424 3855 4493 Regalaribus

2269 4494 2529 4547 mobilium
2560 4494 2707 4548 usum
2755 4496 2831 4559 (iu
2875 4494 3067 4560 quibus
3095 4496 3231 4549 haud
3261 4494 3415 4547 dubie
3446 4508 3621 4548 vestes
3651 4503 3851 4563 prmci.

2191 4538 2244 4598 D
2271 4579 2432 4633 puum
2468 4569 2639 4619 locum
2677 4538 2947 4630 obiinetit)
2978 4566 3052 4618 ita
3087 4567 3367 4633 superiores
3413 4538 3851 4633 permittahtrysit

2268 4651 2444 4688 eorum
2465 4637 2884 4707 supellexistatui
2913 4644 3244 4703 paupertatis,
3276 4652 3427 4705 quant
3457 4639 3668 4706 professi
3701 4654 3847 4707 sunt,

2268 4708 2530 4758 conveniat
2546 4723 2565 4771 ;
2586 4706 2814 4777 nihilque
2834 4709 3085 4776 super/lui
3109 4709 3161 4758 in
3185 4725 3242 4759 ea
3262 4710 3344 4770 sit,
3375 4707 3500 4760 nihil
3529 4709 3683 4761 etiam
3712 4706 3851 4778 quod

2266 4777 2333 4828 sit
2369 4779 2709 4830 necessarium
2734 4778 2806 4830 eis
2836 4778 3134 4846 denegetur.
3164 4778 3314 4843 Quod
3330 4780 3503 4847 siquis
3523 4781 3673 4832 aliter
3698 4777 3850 4847 quid-

2266 4862 2415 4918 quam
2443 4857 2610 4900 tenere
2650 4848 2993 4918 deprehensus
3032 4851 3215 4917 fuerit,
3258 4850 3301 4900 is
3340 4852 3543 4903 biennio
3589 4854 3755 4904 activa
3802 4867 3850 4906 et

2264 4917 2467 4990 passiva
2487 4934 2605 4990 uoce
2627 4917 2852 4985 priuatus
2879 4919 2963 4981 sit,
2979 4930 3127 4987 atque
3148 4922 3301 4990 etiam
3317 4922 3473 4986 juxta
3501 4937 3607 4974 suae
3635 4921 3850 4990 Regula-

2264 4997 2311 5039 et
2339 4988 2535 5058 ordinis
2557 4990 2937 5041 constitutiones
2968 4992 3211 5057 puniatur
3238 4988 3293 5056 (Ι
3299 5008 3333 5043 η
3355 5007 3474 5058 cap.
3506 4992 3536 5044 7
3565 5001 3608 5044 et
3640 4988 3723 5046 55‘
3741 4993 3846 5046 Re-

2261 5056 2472 5131 gulte)._
2482 5058 2587 5113 Sed
2613 5061 2679 5113 de
2711 5061 2934 5113 vestium
2966 5056 3134 5131 abusu
3173 5071 3229 5114 et
3256 5056 3486 5116 excessiu
3538 5063 3654 5116 vide
3686 5064 3772 5131 plu
3787 5081 3844 5115 ra

2262 5129 2401 5195 apud
2432 5129 2896 5184 'l‘urrccrematum
2920 5137 2975 5183 et
2994 5129 3371 5185 Tritheniium.

2332 5196 2359 5235 ά
2388 5198 2705 5253 Observavit
2726 5197 2995 5270 Cuycliius
3024 5203 3079 5253 in
3100 5201 3421 5269 quihusdam
3447 5203 3725 5257 codicibus
3745 5220 3844 5271 pro

2261 5268 2471 5323 Domini
2504 5272 2606 5339 legi
2633 5268 2823 5343 nobis,
2847 5270 2898 5324 iu
2929 5271 3048 5343 aliis
3080 5268 3325 5335 Demum,
3378 5275 3429 5326 iu
3478 5275 3599 5328 aliis
3640 5268 3842 5343 aliquot

2258 5354 2387 5393 mss.
2421 5341 2737 5394 vocabulum
2786 5340 2997 5395 Domini
3050 5356 3378 5410 expunetum
3423 5358 3574 5409 esse,
3631 5355 3688 5397 at
3733 5340 3841 5399 non

2259 5422 2427 5465 reete.
2465 5411 2585 5464 Vult
2615 5414 2758 5465 enim
2787 5413 2968 5466 dicere
2995 5412 3158 5464 abbas
3202 5412 3373 5475 Isaac,
3405 5416 3549 5482 quod
3582 5418 3684 5469 etsi
3708 5415 3843 5469 dua-

2257 5495 2375 5533 rum
2409 5486 2706 5536 tunicarqu
2732 5483 2848 5537 sive
2879 5492 3119 5551 togarum
3154 5483 3397 5537 velamen
3437 5484 3707 5549 sufficiat,
3759 5486 3845 5541 his

2258 5559 2436 5606 tamen
2467 5569 2574 5606 non
2604 5556 2873 5619 contenti,
2905 5567 3256 5623 procuremus
3310 5554 3469 5608 trium
3502 5558 3585 5609 vel
3612 5566 3845 5623 quatuor

2255 5624 2556 5704 tunicarum
2586 5623 2789 5678 domini
2827 5638 2922 5680 seu
2949 5636 3294 5692 possessores
3323 5626 3465 5692 fieri,
3497 5633 3560 5680 ut
3586 5627 3846 5699 superius

2254 5703 2555 5763 exposttum
2583 5704 2686 5749 est.
