4036 6216
205 289 310 350 ’177

1284 282 1627 347 COLLATIO
1664 279 1758 345 IX.
1789 318 1862 332 -—
1886 285 1975 343 DE
2014 277 2383 345 ΟΒΑΤΙΟΝΕ.

3368 292 3482 361 778

202 407 432 465 sufﬁciat
468 408 753 472 cellarum,
784 406 1079 460 ambitione
1115 406 1360 460 saaculari
1401 415 1561 476 atque
1598 404 1791 475 ampli-
1818 407 1872 467 Α
1895 404 2043 459 solus
2065 418 2203 471 eras,
2235 418 2357 458 cum
2392 402 2520 458 illud
2549 404 2819 472 crederes,
2851 408 2945 463 sed
2977 406 3075 465 fuit
3114 408 3257 467 alius
3282 418 3485 486 tecum,

202 500 385 553 tudine
432 498 706 562 delectati,
738 509 968 568 quatuor
998 513 1095 552 seu
1135 498 1367 567 quinque
1393 499 1579 562 cellas,
1610 506 1663 553 et
1693 499 1789 553 bas

202 592 417 647 easdem
469 591 720 662 exquisiti
748 600 971 646 ornatus
1011 602 1067 646 et
1115 592 1426 659 capaciores
1452 607 1615 662 quam
1661 605 1789 646 usus

203 682 508 749 desiderat,
541 692 888 738 exstruamus
909 724 924 749 ,
954 692 978 721 ⁸
1008 684 1317 754 passionem
1362 684 1600 741 libidinis
1638 700 1792 740 mun-

205 774 361 831 dialis
391 776 442 831 in
471 776 661 847 quibus
691 791 977 848 possumus
1018 775 1393 847 praeferentes.

814 888 1042 946 CAPUT
1088 888 1177 943 Vl.

208 980 286 1036 De
311 983 501 1038 visione
523 983 794 1056 cujusdam
814 984 967 1056 senis,
1002 998 1155 1053 quam
1175 997 1329 1056 super
1354 981 1535 1053 fratris
1563 982 1791 1054 inquieta

698 1055 988 1122 Operatione
1020 1054 1299 1124 prospexit.

273 1143 426 1211 Quod
457 1159 564 1198 non
608 1144 727 1198 sine
773 1143 1029 1198 instinctu
1066 1144 1370 1198 daemonum
1403 1142 1518 1198 fieri
1560 1145 1791 1201 manife-

204 1237 442 1291 stissima
490 1252 589 1291 nos
617 1238 991 1307 experimenta
1038 1237 1357 1294 docuerunt.
1407 1239 1539 1295 Nam
1570 1240 1789 1309 quidam

202 1326 613 1394 probatissimus
664 1327 938 1382 seniorum
987 1343 1106 1383 cum
1139 1329 1394 1383 transiret
1414 1329 1567 1399 juxta
1599 1330 1789 1385 cellam

201 1414 383 1470 fratris
414 1417 717 1486 cujusdam,
756 1418 856 1473 bac
882 1419 1066 1486 animi,
1101 1435 1259 1489 quam
1283 1420 1537 1485 diximus,
1569 1423 1789 1492 aegritu-

202 1508 328 1564 dine
355 1510 677 1573 laborantis,
722 1520 911 1581 utpote
952 1512 1042 1581 qui
1071 1511 1123 1566 in
1157 1513 1499 1569 exstruendis
1527 1530 1789 1584 reparan-

202 1602 393 1673 disque
417 1604 701 1674 superﬂuis
725 1605 1001 1673 inquietus
1025 1606 1353 1675 quotidianis
1374 1607 1791 1664 distentionibus

199 1695 521 1771 desudaret;
546 1707 599 1751 et
629 1698 840 1751 eminus
870 1699 1244 1767 conspexisset
1269 1714 1392 1754 eum
1422 1700 1567 1769 gravi
1594 1700 1791 1755 malleo

1892 512 2051 567 quem
2086 512 2191 551 non
2224 496 2423 563 vidisti,
2455 496 2544 565 qui
2579 498 2675 551 tibi
2705 497 2757 551 in
2790 501 2890 554 hoc
2918 516 3082 571 opere
3112 520 3218 559 non
3252 516 3359 561 tam
3384 507 3489 562 ad-

1887 588 2035 658 jutor
2065 604 2223 659 quam
2252 588 2682 643 violentissimus
2711 589 2977 658 impulsor
3008 596 3242 651 astabat.
3290 598 3360 652 Et
3404 598 3490 653 id-

1892 680 2036 736 circo
2073 680 2323 735 morbum
2365 681 2604 735 ambitus
2648 682 2924 736 smcularis
2976 686 3172 739 nostris
3212 690 3485 744 mentibus

1898 782 1919 810 ο
1947 787 2052 827 non
2078 773 2277 839 inesse,
2313 786 2419 827 non
2453 773 2636 843 utique
2685 786 2875 826 eorum
2908 782 3113 829 tantum
3147 779 3488 846 negotiorum

1893 865 2215 921 abstinentia
2243 866 2645 935 comprobabit,
2675 880 2817 935 quae,
2859 865 3074 920 etiamsi
3102 867 3355 934 velimus,
3388 885 3489 925 ex-

1894 969 2083 1030 petere
2118 959 2203 1014 vel
2228 958 2447 1029 explere
2479 974 2585 1014 non
2617 972 2931 1028 possumus;
2962 974 3139 1029 neque
3165 959 3377 1016 illarum
3405 978 3493 1019 re-

1894 1067 2015 1106 rum
2048 1052 2372 1120 despectus,
2424 1066 2560 1122 quas
2593 1052 2636 1106 si
2687 1050 3156 1120 aii‘ectaverimus,
3198 1062 3307 1108 tam
3351 1057 3494 1126 apud

1896 1143 2207 1213 spirituales
2228 1143 2374 1197 viros
2396 1157 2555 1212 quam
2580 1142 2722 1212 apud
2748 1143 2935 1197 smculi
2953 1144 3202 1199 homines
3225 1147 3503 1203 notabich

1898 1234 2069 1304 prima
2099 1234 2278 1290 fronte
2306 1234 2629 1301 reddemur;
2661 1235 2757 1291 sed
2787 1251 2909 1291 cum
2939 1238 3100 1292 etiam
3119 1238 3208 1293 illa
3240 1254 3358 1308 quae
3395 1254 3494 1296 no-

1896 1336 2026 1381 stra:
2082 1337 2377 1398 suppetunt
2426 1329 2715 1397 potestati,
2760 1338 2815 1384 et
2845 1330 3130 1385 honestate
3160 1332 3385 1401 quadam
3418 1334 3495 1388 vi-

1896 1418 2093 1475 dentur
2118 1421 2344 1487 obnubi,
2365 1421 2543 1491 rigida
2566 1422 2760 1478 mentis
2790 1422 3134 1479 districtione
3162 1425 3491 1493 reSpuimus.

1897 1513 1963 1567 Et
1988 1530 2180 1569 revera
2231 1529 2337 1569 non
2388 1515 2564 1569 minus
2596 1516 2712 1570 haec
2757 1530 2879 1585 quae
2928 1531 3090 1585 parva
3146 1516 3403 1572 videntur
3440 1527 3496 1574 et

1895 1607 2136 1673 minima,
2166 1622 2391 1677 quaeque
2417 1607 2484 1661 ab
2507 1606 2590 1661 his
2618 1607 2709 1677 qui
2733 1616 2930 1662 nostra:
2955 1606 3312 1677 professionis
3342 1619 3492 1678 sunt,

1893 1698 2170 1753 cernimus
2200 1698 2575 1753 indifferenter
2603 1698 2834 1766 admitti,
2873 1713 2973 1768 pro
2994 1700 3253 1769 qualitate
3275 1718 3368 1757 sua
3399 1718 3494 1773 ag-

199 1801 389 1842 saxum
414 1788 760 1845 durissimum
784 1800 1175 1857 conterentem,
1196 1791 1791 1863 vidissetquebJEthio-
1819 1789 1867 1849 B
1894 1798 2124 1859 gravant
2158 1799 2425 1858 mentem,
2457 1804 2617 1859 quam
2666 1789 2755 1843 illa
2801 1790 3005 1860 majora
3034 1806 3155 1860 quae
3194 1793 3493 1848 secundum

203 1898 326 1951 pem
353 1884 638 1952 quemdam
670 1893 937 1940 astantem
968 1885 1065 1951 illi,
1093 1894 1148 1939 et
1174 1900 1277 1939 una
1297 1900 1422 1963 cum.
1440 1884 1629 1939 eodem
1656 1887 1793 1941 ictus

199 1975 383 2029 mallei
410 1975 614 2045 junctis
640 1979 1016 2046 consertisque
1040 1976 1289 2030 manibus
1311 1976 1611 2030 illidentem
1640 1991 1793 2032 eum-

200 2081 310 2135 que
337 2067 402 2121 ad
434 2069 616 2137 operis
665 2068 811 2123 illius
837 2069 1145 2123 instantiam
1178 2068 1357 2137 ignitis
1408 2068 1608 2124 facibus
1640 2069 1791 2124 ξηειί-

197 2168 420 2227 gantem
451 2199 465 2223 ,
498 2159 797 2214 diutissime
816 2160 1070 2224 substitit,
1097 2159 1181 2215 vel
1211 2160 1618 2228 impressionem
1642 2160 1795 2217 diris-

195 2249 327 2304 simi
350 2250 634 2316 daemonis,
659 2252 740 2304 vel
765 2250 1010 2308 fraudem
1032 2260 1192 2305 tantae
1212 2252 1474 2306 illusionis
1496 2253 1790 2309 admirans.

194 2339 339 2394 Cum
368 2344 510 2396 enim
546 2342 704 2396 nimia
733 2343 1048 2399 lassitudine
1075 2343 1327 2414 fatigatus
1356 2343 1543 2409 frater,
1574 2346 1792 2416 requie-

193 2445 358 2485 scere
379 2431 600 2502 jamque
629 2432 788 2488 linem
829 2435 981 2505 operi
1013 2436 1271 2491 voluisset
1299 2437 1603 2507 imponere,
1636 2438 1793 2493 insti-

193 2523 416 2592 gatione
474 2524 695 2593 spiritus
746 2523 889 2580 illius
935 2527 1208 2582 animatus
1266 2528 1461 2583 iterum
1516 2543 1796 2585 resumere

192 2613 454 2670 malleum
482 2657 497 2681 ,
543 2632 642 2671 nec
692 2616 945 2673 desinere
970 2620 1038 2672 ab
1070 2619 1369 2675 intentione
1415 2621 1576 2690 coepti
1616 2620 1795 2690 operis

193 2709 524 2779 urgebatur,
558 2710 632 2764 ita
658 2721 715 2766 ut
740 2710 931 2766 iisdem
962 2711 1078 2781 ejus
1105 2713 1796 2783 incitamentisinfatigabi~

192 2800 330 2856 liter
356 2810 691 2858 sustentatus
722 2804 851 2857 tanti
897 2804 1096 2859 laboris
1122 2819 1229 2859 non
1262 2804 1491 2860 sentiret
1519 2806 1794 2873 injuriam.

192 2893 445 2949 Tandem
468 2894 630 2964 igitur
652 2909 821 2951 senex
853 2904 959 2949 tam
992 2896 1112 2950 dira
1139 2896 1403 2951 daemonis
1433 2896 1798 2954 luditicatione

192 2996 519 3059 permotus,
571 2988 636 3042 ad
685 2988 875 3043 cellam
930 2987 1111 3045 fratris
1141 2989 1401 3057 divertit,
1450 2991 1799 3061 salutansque

192 3095 356 3145 eum,
380 3081 538 3148 Quid,
566 3081 758 3151 inquit,
788 3089 893 3149 est,
925 3081 1110 3149 frater,
1148 3083 1289 3138 istud
1321 3098 1456 3153 opus
1481 3083 1622 3153 quod
1651 3084 1798 3154 agis?

1898 1899 2058 1938 suum
2086 1890 2287 1938 statum
2317 1882 2658 1936 saecularium
2686 1896 2876 1937 sensus
2903 1881 3173 1937 inebriare
3199 1898 3494 1941 consueve-

1898 1984 2055 2042 runt,
2090 1989 2197 2029 non
2230 1974 2470 2028 sinentes
2501 1972 2606 2045 [ΑΙ.
2652 1988 2751 2030 nec
2782 1974 3024 2046 sinunt],
3057 1975 3306 2046 deposita
3361 1979 3494 2034 faece

1897 2076 2113 2123 terrena
2138 2110 2151 2135 ,
2188 2066 2255 2122 ad
2286 2066 2456 2121 Deum
2491 2068 2542 2120 in
2571 2082 2677 2137 quo
2706 2081 2921 2137 semper
2962 2066 3139 2122 defixa
3178 2084 3300 2124 esse
3331 2069 3495 2126 debet

1898 2161 2127 2215 intentio
2150 2202 2166 2229 ,
2201 2159 2528 2216 monachum
2573 2162 2844 2229 respirare
2868 2200 2884 2225 ,
2924 2160 3010 2214 cui
3038 2161 3106 2215 ab
3150 2162 3242 2216 illo
3278 2177 3493 2219 summo

1899 2250 2044 2306 bono
2075 2252 2160 2306 vel
2190 2265 2353 2321 parva
2381 2250 2675 2320 separatio,
2698 2264 2842 2305 mors
2864 2264 3102 2320 praesens
3128 2265 3192 2305 ac
3223 2254 3496 2320 pernicio-

1897 2342 2144 2400 sissimus
2174 2344 2426 2399 interitus
2464 2352 2548 2400 est
2574 2343 2895 2399 credendus.
2924 2342 3168 2411 Cumque
3215 2359 3366 2398 mens
3400 2345 3496 2400 tali

1901 2436 2060 2491 fuerit
2090 2435 2482 2506 tranquillitate
2530 2435 2744 2490 fundata
2765 2476 2777 2498 ,
2809 2434 2896 2489 vel
2932 2434 3001 2490 ab
3031 2435 3274 2489 omnium
3305 2450 3495 2491 carna-

1900 2528 2029 2583 lium
2058 2528 2368 2596 passionum
2400 2527 2631 2583 nexibus
2659 2526 2924 2593 absoluta,
2952 2534 3006 2581 et
3036 2527 3113 2580 illi
3138 2526 3231 2580 uni
3257 2541 3495 2581 summo-

1900 2636 2002 2690 que
2027 2621 2171 2676 bono
2199 2622 2541 2676 tenacissima
2562 2620 2850 2675 adhaeserit
2881 2620 3058 2675 cordis
3081 2620 3327 2688 intentio,
3348 2622 3495 2690 Apo-

1901 2714 2150 2768 stolicum
2211 2714 2340 2768 illud
2398 2714 2682 2782 implebit,
2741 2713 2870 2767 Sine
2923 2715 3297 2768 intermissione
3352 2723 3496 2768 orate

1903 2806 1945 2876 (l
1985 2805 2163 2860 Thess.
2190 2806 2269 2875 v).
2300 2805 2389 2868 Et,
2422 2804 2489 2858 In
2517 2807 2657 2858 omni
2695 2804 2808 2857 loco
2839 2804 3069 2858 levantes
3094 2820 3249 2874 puras
3278 2821 3494 2872 manus,

1901 2904 2012 2955 sine
2040 2901 2120 2953 ira
2150 2909 2195 2953 et
2217 2900 2594 2968 disceptatione
2615 2898 2656 2966 (Ι
2691 2896 2823 2950 Tim.
2857 2898 2917 2965 ιι)
2976 2897 3085 2951 Hac
3114 2898 3259 2952 enim
3292 2898 3497 2963 purita-

1904 2999 1978 3059 te,
2006 2991 2169 3046 sidici
2197 2998 2392 3060 potest,
2420 3004 2581 3044 sensu
2613 2988 2807 3043 mentis
2822 2989 3081 3058 absorpto
3097 3004 3159 3045 ac
3186 2992 3253 3044 de
3274 2999 3496 3045 terreno

1905 3084 2011 3139 situ
2054 3085 2122 3139 ad
2178 3084 2473 3154 Spiritalem
2530 3089 2691 3152 atque
2739 3082 3040 3152 angelicam
3086 3081 3496 3137 similitudinem

192 3171 273 3225 At
310 3172 437 3227 ille:
468 3172 835 3241 Laboramns,
882 3173 991 3240 ait,
1035 3181 1222 3228 contra
1259 3175 1400 3229 istud
1450 3176 1797 3231 durissimum
1828 3174 1874 3237 C
1906 3177 2233 3241 reformato,
2284 3175 2540 3245 quidquid
2571 3175 2623 3228 in
2650 3189 2709 3229 se
2738 3174 3037 3245 receperit,
3074 3174 3335 3245 quidquid
3388 3182 3496 3228 tra-

193 3278 394 3317 saxum
421 3305 435 3328 ,
465 3264 661 3332 vinue
708 3264 837 3318 illud
873 3266 1142 3335 potuimus
1174 3265 1463 3336 aliquando
1492 3276 1794 3322 conterere.

195 3356 285 3411 Ad
319 3355 432 3412 haec
452 3371 643 3413 senex:
670 3356 815 3413 Bene
842 3356 1046 3425 dixisti,
1067 3359 1153 3414 vix
1184 3360 1488 3430 potuimus;
1514 3375 1623 3415 non
1653 3361 1795 3416 enim

1907 3271 2163 3331 ctaverit.
2192 3267 2453 3340 quidquid
2481 3267 2674 3339 egerit,
2721 3268 3010 3338 purissima
3036 3282 3100 3323 ac
3127 3266 3494 3323 sincerissima

1904 3363 2007 3418 erit
2035 3362 2229 3417 oratio.

1293 3515 1547 3570 ALARDI
1588 3514 1825 3571 ΕΑΖᾸΞΙ
1863 3514 2433 3573 COMMENTARIUS.

273 3662 305 3690 α
339 3651 393 3706 ld
418 3660 519 3718 est,
553 3651 898 3708 ambitionem
925 3652 1276 3719 mundanam,
1300 3658 1360 3705 ut
1390 3652 1675 3721 Dionysius
1702 3668 1792 3706 ex-

235 3727 413 3779 osuit.

196 3742 656 3848 poguliiemouem
689 3794 742 3847 in
776 3792 946 3847 forma
977 3792 1251 3862 Ethiopis
1276 3793 1592 3861 plerumque
1626 3806 1791 3860 appa-

194 3880 332 3922 rere
370 3865 587 3919 solitum
632 3865 882 3934 superius
929 3865 1111 3917 inultis
1153 3864 1792 3934 exertiplisrostendimus

196 3934 381 4010 (Coll:
414 3935 449 3988 2
476 3952 524 3989 c.
562 3933 732 4010 13))Δ
760 3934 956 4004 quibus
987 3936 1087 3987 alia
1125 3934 1353 4002 plurima
1384 3933 1507 4010 addi
1537 3944 1785 4010 possent.

277 4019 303 4046 ε
350 4006 640 4077 Perperam
682 4006 768 4060 hic
822 4014 877 4059 et
908 4020 1097 4075 magna
1145 4005 1460 4076 typograpbi
1509 4005 1793 4059 oscitantia

195 4081 413 4133 omissa
446 4080 545 4132 fuit
580 4079 631 4131 in
677 4082 855 4144 priore
896 4086 1078 4131 nostra
1130 4076 1367 4131 editione
1428 4077 1640 4139 vocnla,
1690 4092 1794 4130 non

195 4152 217 4223 (
251 4148 405 4220 quod
452 4158 635 4223 tamen
664 4149 847 4223 vitium
880 4151 1039 4223 etiam
1160 4147 1432 4223 nonnullis
1474 4147 1796 4223 antiquiori-

195 4219 317 4277 bus
350 4221 747 4288 exetnplaribus
775 4219 1128 4285 deprehendit
1154 4220 1446 4287 Cuychius,
1479 4226 1539 4272 ut
1582 4219 1633 4272 in
1678 4221 1796 4287 ejus

197 4290 364 4347 notis
403 4291 757 4360 castigatoriis
793 4290 976 4343 videre
1015 4296 1099 4344 est
1132 4290 1170 4356 ),
1226 4303 1331 4359 qua
1360 4290 1569 4345 sublata
1600 4304 1797 4345 conse-
1848 4334 1856 4344 .

194 4375 392 4433 quens
450 4372 530 4415 est
569 4378 787 4416 sensum
845 4361 996 4414 reddi
1049 4361 1269 4433 omnino
1295 4362 1626 4433 contrarium
1653 4402 1667 4425 ,
1698 4375 1800 4415 nec

195 4431 399 4488 ritimis
429 4447 457 4485 a
488 4435 711 4487 veritate
754 4447 912 4498 quam
945 4447 973 4483 a
1006 4439 1184 4484 mente
1225 4431 1476 4485 Auctoris
1522 4433 1753 4486 alienum
1782 4472 1797 4497 ,

196 4516 263 4558 ut
300 4511 451 4572 patet
494 4503 819 4557 aiteudcuti.
871 4502 1076 4556 Sensus
1104 4501 1260 4572 enim
1294 4516 1459 4555 verus
1504 4510 1608 4563 est,
1638 4517 1799 4572 quem

201 4570 511 4643 Dionysius
537 4574 789 4627 Cartbus.
822 4586 912 4626 sua
935 4570 1245 4639 paraphrasi
1271 4574 1355 4643 vel
1378 4573 1558 4640 potius
1574 4570 1802 4627 clariore

191 4642 464 4715 syntaxi,
516 4654 569 4695 et
609 4643 856 4695 ordinata
901 4644 1187 4715 verborum
1216 4642 1380 4715 serie,
1429 4656 1527 4715 seu
1556 4652 1804 4715 constru-

184 4710 441 4778 ctione,
505 4721 563 4765 ut
612 4722 832 4777 vocant,
893 4710 1182 4764 elucidavit
1236 4711 1378 4765 hunc
1426 4711 1479 4765 in
1537 4714 1800 4767 modum:

189 4782 543 4840 Abstinentia
565 4824 578 4845 ,
612 4798 699 4835 seu
728 4783 941 4835 cessatio
970 4783 1031 4853 ab
1052 4782 1155 4834 illis
1185 4784 1405 4853 negotiis
1428 4797 1541 4851 quae
1569 4798 1806 4838 exercere

191 4874 312 4910 non
354 4870 658 4920 possumus,
712 4853 909 4905 etiamsi
950 4852 1179 4919 velimus,
1239 4852 1286 4907 et
1333 4854 1589 4918 despectio
1634 4867 1806 4906 rerum

190 4928 449 5008 illarum
467 4940 689 5008 quorum
712 4924 957 5008 appetitio
993 4923 1181 5008 faceret
1212 4925 1503 5006 nosprima
1529 4927 1701 4992 fronte
1724 4940 1803 5008 re:
1831 4948 1883 5008 ι)

192 4995 585 5069 prehensibiles
633 4994 750 5048 tam
790 4995 933 5063 apud
976 4994 1426 5069 spiritalesgviros
1457 5011 1609 5069 quam
1661 4996 1801 5069 apud

193 5065 493 5121 saeculares
520 5068 769 5131 homines,
801 5082 904 5118 non
934 5067 1057 5118 satis
1083 5065 1355 5117 ostendunt
1382 5065 1561 5117 vitium
1588 5067 1802 5118 secula-

192 5140 275 5191 ris
311 5136 609 5191 ambitionis
640 5137 829 5190 nostris
873 5136 1126 5189 mentibus
1156 5151 1259 5188 non
1286 5135 1450 5188 inesse
1498 5152 1517 5189 :
1547 5136 1636 5188 sed
1678 5136 1803 5188 dum

193 5211 375 5261 etiam
419 5208 589 5277 rigida
629 5209 811 5261 mentis
864 5207 1179 5260 districtione
1214 5207 1501 5277 respuimus
1552 5206 1647 5277 illa
1689 5222 1803 5276 qua:

192 5290 408 5332 nostra:
451 5276 727 5347 suppetunt
769 5281 1035 5343 potestati,
1066 5287 1247 5331 etcum
1293 5276 1518 5348 quadam
1544 5276 1803 5331 honestate

192 5351 457 5403 videntur
486 5366 631 5419 posse
659 5349 853 5419 (iuberi.
885 5350 972 5403 Sic
1004 5348 1305 5419 Dionysius.
1330 5348 1424 5403 (lui
1456 5351 1657 5417 optime
1674 5364 1804 5403 con-

191 5430 381 5473 sonat
424 5421 611 5473 harum
657 5418 1019 5474 Collationum
1051 5418 1252 5473 Gallica
1281 5424 1298 5443 ‘
1334 5422 1512 5474 versio
1542 5436 1571 5473 a
1598 5419 1806 5483 Joanne

195 5489 527 5544 Lavardinu
581 5491 720 5545 edita
781 5506 886 5545 una
951 5506 1071 5543 cum
1139 5491 1579 5545 annotationibus
1644 5491 1800 5545 Dom.

192 5559 659 5631 CuycbiiGallice
680 5561 863 5617 itidem
893 5561 1185 5629 translatis,
1208 5563 1353 5617 nulla
1383 5572 1560 5617 tamen
1581 5562 1717 5631 ejus,
1748 5569 1807 5616 ut

268 5711 480 5768 ‘lluius
518 5720 680 5762 tamen
723 5715 963 5763 versionis
1002 5727 1098 5762 non
1141 5714 1367 5767 meminit
1414 5714 1713 5767 Possevinus
1752 5717 1802 5768 in

196 5780 460 5842 apparatu
488 5774 621 5823 inter
644 5788 792 5839 oper,
816 5774 1089 5827 Lavardini.

424 5858 702 5924 Ps'rnoe.
740 5848 978 5953 XLIX.

1933 3651 2055 3706 rimi
2085 3650 2333 3705 Auctoris
2366 3650 2499 3703 facta
2550 3651 2841 3704 mentione.
2887 3648 2976 3703 Sic
3033 3648 3193 3716 igitur
3230 3650 3324 3705 ille
3354 3652 3496 3710 hunc

1933 3668 2055 3706 l‘lml
2085 3668 2333 3705 AllClOl‘lS
2366 3668 2499 3703 taeta
2550 3668 2841 3704 mentione.
2887 3668 2976 3703 me
3033 3668 3193 3716 lglllll'
3230 3668 3324 3705 me
3354 3668 3496 3710 nunc

1893 3668 2068 3776 focum
2094 3720 2311 3788 proprio
2337 3719 2591 3774 idiomate
2619 3720 2883 3774 reddidit:
2906 3716 3050 3770 Pour
3069 3729 3200 3771 caste
3222 3736 3372 3775 cause
3396 3741 3497 3778 non

1894 3793 2171 3845 seulement
2203 3790 2530 3842 l‘abstinence
2552 3832 2566 3855 ,
2618 3806 2682 3843 ou
2720 3789 2965 3857 delayde
2999 3804 3087 3860 cas
3108 3805 3318 3860 negoces
3344 3836 3357 3858 ,
3402 3811 3497 3858 qua

1896 3879 2024 3915 nous
2048 3877 2110 3913 ne
2137 3875 2366 3929 pouvons
2395 3876 2618 3927 εχει-(εν,
2656 3876 2767 3913 ores
2790 3876 2888 3930 que
2912 3875 3040 3912 nous
3067 3858 3115 3930 le
3138 3858 3401 3926 voulions;
3432 3883 3496 3919 ne

1898 3935 1945 3987 le
1971 3932 2206 4001 mespris,
2231 3941 2278 3983 et
2308 3932 2429 3983 reiet
2451 3930 2515 3984 de
2542 3948 2621 3984 ces
2647 3929 2843 3991 choses.
2863 3929 3126 3998 lesquelles
3147 3931 3191 3983 si
3211 3948 3339 3985 nous
3368 3934 3496 4001 a/fe-

1898 4016 2066 4066 ctons,
2097 4013 2144 4056 et
2170 4002 2465 4056 convoitons
2485 4046 2499 4069 ,
2527 4018 2655 4055 nous
2680 4003 2898 4055 rendent
2922 4002 3139 4054 soudain
3177 4003 3496 4072 reprehensi-

1899 4074 2002 4128 bles
2031 4081 2142 4127 lant
2168 4090 2227 4126 en
2258 4073 2308 4125 la
2339 4087 2577 4142 presence
2600 4072 2688 4126 des
2726 4072 2953 4125 hommes
2981 4071 3263 4139 spirituels,
3296 4091 3393 4143 qua
3416 4094 3496 4130 δε-

1897 4147 2103 4209 culicrs,
2138 4160 2201 4197 ne
2247 4152 2528 4196 monstrent
2561 4159 2651 4207 pas
2681 4160 2820 4197 asses
2861 4143 3264 4212 sufﬁsamment,
3311 4162 3409 4213 que
3450 4148 3498 4202 le

1900 4216 2056 4288 peché
2078 4217 2139 4269 de
2161 4214 2444 4288 l‘ambition
2467 4214 2708 4288 seculiere
2733 4231 2793 4267 ne
2816 4230 2992 4284 repose
3014 4214 3158 4288 point
3181 4216 3373 4288 dedens
3398 4234 3497 4273 nos

1899 4285 2079 4358 esprits
2104 4302 2122 4341 :
2147 4286 2276 4338 mais
2300 4285 2433 4348 bieu,
2465 4285 2638 4353 quand
2664 4301 2784 4337 avec
2810 4302 2909 4338 une
2938 4286 3165 4338 estroitte
3192 4285 3401 4358 rigueur
3430 4290 3496 4343 de

1903 4357 2069 4411 nostre
2116 4373 2246 4421 ante,
2284 4373 2411 4409 nous
2441 4359 2680 4409 reiettons
2727 4365 2836 4409 lout
2876 4372 2931 4409 ce
2959 4357 3047 4425 qui
3077 4357 3293 4409 estsnbz
3324 4370 3497 4414 nostra

1902 4429 2193 4499 puissance,
2223 4438 2270 4499 et
2295 4427 2591 4499 qui_semble
2620 4427 2834 4499 pouvoir
2854 4436 2987 4482 estre
3014 4436 3210 4499 retenti,
3238 4444 3302 4480 ou
3321 4446 3496 4497 passe-

1902 4496 1967 4553 dé
1995 4515 2114 4553 avec
2143 4498 2359 4568 quelque
2388 4496 2702 4551 honncsteté.
2737 4498 3006 4553 Hactenus
3039 4496 3279 4552 Gallicus
3318 4502 3492 4555 inter-

1906 4584 2050 4638 pres.
2084 4569 2421 4622 Manifestum
2449 4579 2628 4621 autem
2652 4576 2734 4622 est
2759 4582 3001 4622 nomrum
3043 4570 3359 4623 collatorem
3406 4572 3495 4627 hic

1906 4641 2173 4710 respicere
2210 4649 2483 4710 postrema
2516 4640 2603 4691 illa
2630 4639 2793 4692 verba
2822 4639 3177 4708 przecedentis
3199 4653 3317 4709 cap.
3340 4681 3353 4703 ,
3377 4644 3498 4710 qui-

1904 4711 2005 4764 bus
2027 4708 2606 4763 vitiiunfamhitionisiu
2630 4710 2948 4778 quibusdam
2974 4708 3346 4765 monachisita
3372 4708 3499 4780 per-

1912 4780 2203 4851 strinxerat
2230 4780 2505 4851 :|Cumque
2525 4781 2674 4832 unius
2706 4782 2807 4834 sive
2827 4781 3051 4834 duarum
3081 4782 3325 4835 habitatio
3350 4783 3496 4851 sum-

1908 4852 2007 4923 cia‘t
2039 4850 2378 4923 cellularum,
2403 4850 2938 4905 ambitionesteculari
2972 4863 3123 4923 atque
3153 4850 3502 4923 amplitudine

1911 4919 2179 4983 delectati,
2227 4935 2448 4987 quatuor
2493 4937 2581 4974 seu
2623 4923 2843 4991 quinque
2872 4919 3047 4989 cellas,
3078 4934 3124 4976 et
3160 4921 3252 4975 ltas
3289 4922 3501 4977 easdem

1907 4992 2208 5061 exquisitius
2236 5002 2464 5055 ornatas,
2501 5002 2544 5045 et
2568 4994 2856 5060 capaciores
2883 5011 3033 5062 quam
3067 5009 3186 5046 usus
3213 4991 3499 5056 desiderat,

1907 5072 2225 5117 exstruamus
2246 5104 2261 5128 ,
2292 5064 2577 5131 passionem
2617 5064 2841 5117 libidinis
2876 5062 3152 5117 mundialis
3172 5103 3184 5122 ,
3215 5063 3267 5114 in
3311 5062 3501 5131 quibus

1908 5150 2200 5205 possumus,
2230 5138 2572 5205 prmferentes.
2598 5132 2693 5187 Cui
2722 5135 2849 5187 vitio
2891 5133 3202 5205 ambitionis
3228 5147 3322 5186 seu
3372 5131 3498 5205 libi-

1911 5202 2054 5258 dinis
2083 5202 2369 5259 mundialis
2398 5205 2636 5258 ostendit
2670 5205 2828 5258 modo
2857 5204 3138 5270 subjacerc
3169 5218 3274 5256 non
3318 5202 3498 5259 solum

1909 5277 1999 5345 qui
2028 5276 2129 5329 sibi
2162 5275 2509 5345 impossibilia
2539 5317 2552 5340 ,
2596 5284 2687 5327 aut
2713 5290 2742 5327 a
2774 5288 2871 5326 suo
2902 5284 3041 5327 statu
3082 5282 3135 5326 et
3181 5272 3498 5329 conditione

1912 5344 2085 5400 aliena
2115 5344 2412 5410 sectantur,
2446 5355 2534 5397 aut
2566 5345 2654 5412 qui
2681 5360 2840 5409 nova,
2871 5344 3112 5409 insolita,
3141 5353 3231 5397 aut
3258 5345 3499 5411 singula-

1910 5419 2014 5483 ria,
2045 5419 2125 5471 vel
2156 5433 2370 5487 quoquo
2391 5416 2550 5487 modo
2579 5414 2764 5487 illicita
2793 5426 2843 5467 et
2867 5414 3135 5487 prohibita
3166 5414 3421 5470 affectant
3445 5424 3497 5470 et

1908 5485 2328 5556 concupiscunt;
2361 5485 2454 5538 sed
2494 5485 2664 5556 etqni
2704 5485 2972 5552 snperﬂua
3006 5494 3057 5538 et
3093 5488 3306 5539 curiosa
3336 5499 3498 5553 appe-

1908 5567 2023 5613 tunt
2046 5601 2059 5623 ,
2090 5553 2229 5627 puta
2266 5560 2450 5622 plures
2482 5553 2728 5627 cellulas,
2762 5556 2847 5627 vel
2891 5556 3195 5611 ornatiores
3225 5556 3309 5610 vel
3341 5570 3497 5623 capa.

1908 5630 2083 5683 ciores
2107 5623 2267 5695 'quaiu
2301 5623 2596 5679 necessitas
2624 5626 2883 5693 requirat,
2916 5628 3126 5682 etiamsi
3159 5641 3344 5682 eorum
3371 5628 3497 5679 sub-

1909 5701 2016 5754 sint
2044 5697 2406 5779 poteSIati,_et
2436 5698 2663 5749 honesto
2694 5697 2873 5768 aliquo
2906 5709 3173 5767 prmtextu
3213 5696 3496 5759 videantur

1908 5786 2068 5843 posse
2096 5782 2363 5823 excusari.
