4036 6216
556 218 663 276 779

1153 328 1384 385 CAPUT
1429 328 1537 383 VII.

556 428 743 486 Utrum
783 423 998 497 majoris
1044 422 1359 491 dimruttatis
1398 423 1462 473 sit
1502 420 1759 497 custodire
1809 421 2142 490 cogitationes

1018 496 1210 559 bonas,
1249 509 1399 561 quam
1446 492 1679 560 parare?

623 610 926 666 Germanus
974 625 985 658 :
1034 604 1247 659 Utinam
1290 603 1453 656 simili
1500 602 1664 657 modo
1699 609 1860 670 atque
1890 611 1915 639 ⁸
1947 602 2137 656 eadem

553 702 811 757 facilitate
853 715 955 769 qua
998 696 1205 750 semina
1244 692 1566 763 spiritalium
1603 693 1986 763 cogitationum
2020 695 2137 762 ple-

550 811 779 863 rumque
834 791 1172 859 concipimus
1203 829 1219 854 ,
1273 788 1443 843 etiam
1487 789 1900 857 perpetuitatem
1948 803 2135 842 earum

550 886 827 955 possidere
862 896 1167 951 possemus.
1199 878 1333 935 Cum
1356 881 1498 934 enim
1523 879 1727 933 fuerint
1754 880 1867 934 sive
1900 895 1995 948 per
2024 894 2137 933 me—

546 980 773 1033 moriam
795 978 1221 1047 Scripturarum.
1255 990 1351 1029 seu
1385 991 1479 1044 per
1505 972 1938 1029 recordationem
1970 973 2134 1040 spiri-

546 1072 732 1127 talium
763 1083 1098 1138 quorumquo
1126 1077 1344 1121 actuum
1365 1108 1379 1129 ,
1429 1066 1511 1120 vel
1559 1075 1708 1119 certe
1753 1080 1845 1133 per
1878 1064 2134 1117 intuitum

538 1164 1022 1219 Sacramentorum
1054 1158 1356 1213 cmlestium
1390 1168 1581 1211 nostro
1610 1155 1774 1210 corde
1804 1162 2084 1223 concepta:
2117 1194 2132 1219 ,

545 1255 854 1310 insensibili
905 1252 1137 1323 quadam
1192 1250 1313 1319 fuga
1359 1250 1522 1318 lapsa:
1570 1249 1894 1318 quantocius
1938 1261 2135 1301 evane-

544 1357 720 1401 scunt.
742 1346 995 1414 Cumque
1020 1342 1437 1412 aliasquaslibet
1468 1342 1783 1395 occasiones
1810 1339 2132 1409 spiritalium

544 1456 801 1495 sensuum
837 1452 987 1493 mens
1017 1446 1199 1491 nostra
1229 1436 1512 1503 repererit,
1544 1449 1730 1488 rursus
1748 1435 1863 1487 aliis
1890 1432 2135 1501 irrepen-

543 1532 711 1595 tibus,
756 1532 887 1599 ipsa:
930 1545 1143 1597 quoque
1185 1543 1303 1596 qua:
1349 1525 1699 1594 apprehensis
1746 1525 1989 1591 fuetant,
2046 1525 2132 1578 lu-

540 1624 688 1679 brica
720 1622 1053 1678 volubilitate
1084 1620 1408 1689 diffugiunt,
1450 1620 1521 1673 ita
1557 1628 1612 1672 ut
1636 1619 1836 1672 nullam
1876 1628 2131 1671 coostan-

1614 208 1895 265 JOANNIS
1934 207 2246 265 CASSIANI
2285 209 2776 266 COLLATIONES.

2167 334 2217 395 Α
2245 329 2385 396 genti
2420 326 2598 382 cordis
2643 327 2971 382 contritione
3011 338 3174 397 atque
3204 327 3375 381 animi
3401 328 3655 395 puritate,
3687 338 3755 381 et
3793 328 3866 381 il-

3746 209 3864 266 7δο

2247 419 2601 473 luminatione
2632 421 2803 473 sancti
2837 419 3073 488 Spiritus
3094 461 3107 485 ,
3157 419 3400 472 arbitror
3437 418 3864 489 comprehendi

2244 527 2348 566 non
2384 527 2561 579 posse.
2594 512 2695 565 Tot
2718 513 2863 566 enim
2890 522 3013 564 sunt
3036 519 3167 581 quot
3196 512 3248 564 in
3276 510 3453 564 anima
3485 527 3611 577 una,
3641 512 3769 565 imo
3802 511 3863 565 in

2242 604 2450 659 cunctis
2480 604 2780 663 animabus.
2808 613 2981 659 status
3011 614 3215 672 queunt
3243 605 3641 673 qualitatesque
3667 616 3865 673 geno-

2241 699 2372 752 rari.
2409 698 2476 752 Et
2502 698 2625 751 ideo
2658 697 2786 752 licet
2813 698 3045 751 sciamus
3074 712 3175 751 nos
3200 712 3301 766 pro
3334 696 3671 751 hebetudine
3719 709 3861 751 cor-

2241 791 2322 843 dis
2373 791 2542 843 nostri
2592 790 2877 844 universas
2907 793 3212 844 orationum
3269 791 3480 859 species
3511 806 3619 844 non
3674 805 3860 859 pom

2244 883 2569 951 perSpicere,
2599 892 2775 936 tamen
2806 882 2857 935 in
2888 891 3143 950 quantutn
3174 881 3519 951 mediocritas
3546 883 3858 950 experien-

2242 975 2327 1029 tiae
2358 983 2557 1029 nostra:
2582 975 2798 1044 assequi
2830 974 3191 1043 praevaluerit,
3222 973 3476 1043 digerere
3506 988 3600 1028 eas
3620 984 3856 1029 utcum-

2238 1082 2342 1135 que
2392 1065 2743 1119 tentabimus.
2802 1065 2828 1103 δ
2875 1064 3186 1120 Secundum
3241 1078 3549 1118 mensuram
3596 1079 3855 1134 namque

2241 1162 2487 1231 puritatis
2522 1161 2572 1215 in
2602 1174 2705 1228 qua
2734 1172 2888 1213 mens
2916 1172 3258 1227 unaquaeque
3304 1157 3514 1226 proﬁcit
3535 1197 3550 1222 ,
3577 1165 3633 1211 et
3658 1157 3851 1226 quali-

2242 1262 2405 1308 tatem
2445 1262 2617 1305 status
2663 1251 2717 1305 in
2748 1267 2854 1320 quo
2883 1250 2969 1305 vel
2997 1266 3062 1304 ex
3094 1250 3470 1304 accidentibus
3512 1251 3847 1315 inclinatur,

2239 1348 2324 1402 vel
2352 1363 2446 1417 per
2467 1362 2618 1401 suam
2648 1354 2937 1399 renovatur
2962 1344 3299 1407 industriam,
3336 1345 3450 1412 ipsa
3477 1359 3692 1415 quoque
3718 1359 3848 1398 mo-

2239 1441 2436 1495 mentis
2488 1440 2717 1509 singulis
2769 1438 3135 1505 reformatur,
3188 1437 3473 1493 ctidcirco
3530 1438 3845 1493 uniformes

2237 1534 2511 1587 orationes
2538 1534 2710 1587 emitti
2743 1546 2956 1600 semper
2982 1545 3009 1583 a
3034 1530 3249 1585 nemine
3272 1546 3430 1599 posse
3458 1532 3837 1586 certissimum

2235 1638 2341 1680 est.
2374 1628 2548 1681 Aliter
2574 1626 2717 1680 enim
2750 1626 2975 1693 quisque
3016 1625 3288 1694 supplicat
3318 1640 3442 1678 cum
3492 1625 3673 1679 alacer
3700 1636 3785 1679 est
3814 1669 3833 1693 ,

542 1718 670 1769 tiam
722 1716 803 1769 sui
852 1715 1094 1768 rrtiuens
1148 1713 1397 1775 animus,
1458 1727 1555 1764 nec
1603 1719 1871 1779 potestate
1917 1710 2131 1777 propria
2164 1726 2209 1785 Β
2238 1718 2393 1773 aliter
2429 1734 2550 1772 cum
2591 1716 2825 1771 tristitia
2855 1732 2950 1771 seu
2977 1716 3369 1785 desperationis
3402 1716 3644 1785 pondere
3686 1732 3832 1787 pne.

539 1820 846 1865 sanctarum
878 1807 1264 1875 cogitationum
1289 1805 1574 1873 possidens
1598 1804 1932 1868 firitiitatetn,
1961 1805 2126 1859 etiam

540 1914 667 1957 tunc
718 1917 838 1956 cum
892 1916 985 1955 cas
1032 1902 1245 1953 videtur
1274 1910 1565 1967 utcumque
1592 1897 1826 1952 retinere
1856 1939 1869 1960 ,
1906 1897 2128 1952 fortuito

539 1996 683 2059 illas,
718 2004 771 2048 et
796 2010 902 2048 non
931 1993 998 2047 de
1021 1993 1310 2057 industria,
1337 1993 1659 2061 concepisse
1682 1992 1955 2046 credatur.
1986 1993 2129 2057 Quo-

541 2087 705 2142 modo
735 2087 880 2140 enim
930 2095 1080 2140 ortus
1122 2100 1308 2139 earum
1358 2095 1542 2138 nostro
1586 2084 1809 2138 arbitrio
1854 2086 2128 2153 putabitur

538 2181 907 2244 ascribendns,
941 2195 1166 2248 quarum
1194 2179 1591 2245 perseverantia
1644 2195 1752 2231 non
1791 2180 2039 2233 consistit
2071 2179 2124 2232 in

542 2274 733 2328 nobis?
762 2274 865 2328 Sed
898 2289 964 2327 ne
994 2274 1131 2327 forte
1160 2272 1261 2326 sub
1289 2271 1446 2341 hujus
1475 2273 1790 2340 qumstionis
1816 2271 2067 2340 indagine
2094 2287 2124 2326 a

538 2376 717 2434 coepto
747 2365 1075 2420 narrationis
1107 2364 1300 2417 ordine
1344 2362 1558 2429 longius
1588 2374 1875 2429 evagantes
1907 2363 2124 2428 exposi-

540 2460 738 2511 tionem
781 2456 1111 2525 propositam
1146 2470 1310 2522 super
1339 2455 1602 2508 orationis
1630 2463 1774 2508 statu
1805 2455 2005 2509 diutius
2036 2470 2121 2509 re—

538 2549 836 2610 tardcmns,
871 2562 969 2601 suo
1003 2548 1142 2599 hanc
1170 2546 1400 2614 tempori
1432 2554 1809 2610 reservantes,
1853 2546 1919 2599 de
1950 2544 2126 2614 quali-

538 2650 645 2695 tate
695 2639 958 2692 orationis
1012 2638 1406 2691 instantissime
1456 2651 1768 2705 quaesumus
1815 2636 2119 2701 informari,

539 2730 840 2801 praesertim
892 2746 1015 2784 cum
1073 2731 1223 2784 nullo
1264 2738 1507 2798 tempore
1560 2746 1659 2784 nos
1709 2731 1777 2783 ab
1806 2746 1867 2785 ea
1908 2744 2125 2785 cessare

536 2827 726 2882 beatus
759 2824 1051 2893 Apostolus
1081 2831 1297 2877 moneat
1327 2823 1513 2876 dicens
1546 2841 1557 2875 :
1594 2823 1719 2878 Sine
1744 2824 2125 2877 intermissione

537 2926 677 2971 orate
706 2916 749 2988 (Ι
778 2917 958 2971 Thess.
997 2915 1074 2986 v).
1108 2914 1177 2970 Et
1208 2915 1328 2969 ideo
1362 2916 1592 2984 primum
1623 2916 1690 2969 de
1718 2915 1974 2983 qualitate
2004 2916 2122 2984 ejus

537 3008 909 3063 desideramus
955 3007 1186 3069 institui,
1232 3006 1284 3059 id
1332 3016 1449 3071 est,
1504 3006 1681 3075 qualis
1720 3008 1909 3061 debeat
1945 3006 2119 3061 emitti

2238 1818 2490 1881 gravatur
2514 1852 2527 1874 ,
2578 1810 2737 1865 aliter
2766 1825 2886 1864 cum
2919 1810 3247 1878 spiritalibus
3276 1810 3620 1864 successibus
3653 1814 3823 1880 viget,

2236 1904 2391 1957 aliter
2416 1916 2540 1956 cum
2588 1902 3052 1972 impugnationem
3088 1902 3231 1955 mole
3282 1901 3626 1971 deprimitur,
3661 1904 3821 1957 aliter

2231 2008 2352 2048 cum
2384 1994 2596 2047 veniam
2647 2004 3014 2061 peccatorum,
3046 1994 3203 2049 aliter
3231 2009 3352 2048 cum
3394 1996 3811 2064 acquisitionem

2228 2087 2415 2156 gratia:
2442 2100 2537 2139 seu
2586 2086 2877 2155 cujuslibet
2927 2085 3140 2139 virtutis
3189 2086 3472 2153 exposcit,
3525 2087 3608 2141 vel
3658 2095 3820 2141 certe

2228 2178 2645 2231 exstinctionem
2674 2177 2966 2245 cujuslibet
2994 2176 3108 2230 vitii
3132 2177 3479 2243 deprecatur,
3512 2178 3666 2233 aliter
3688 2192 3811 2232 cum

2229 2268 2667 2323 consideratione
2720 2268 2985 2337 gehennae
3042 2281 3107 2321 ac
3158 2266 3319 2319 futuri
3374 2267 3564 2335 judicii
3625 2269 3819 2324 timore

2228 2362 2645 2431 compungitur,
2701 2362 2859 2415 aliter
2886 2375 3006 2415 cum
3059 2374 3157 2428 spe
3209 2359 3510 2414 futurorum
3552 2361 3812 2417 bonorum

2228 2453 2603 2523 desiderioque
2627 2453 3013 2518 inflammatur,
3043 2453 3201 2507 aliter
3240 2469 3361 2508 cum
3394 2454 3447 2507 ln
3479 2456 3817 2509 necessitati-

2228 2547 2329 2601 bus
2357 2562 2417 2600 ac
2447 2546 2701 2615 periculis
2723 2586 2737 2612 ,
2792 2547 2952 2600 aliter
2976 2560 3097 2600 cum
3146 2546 3198 2601 in
3236 2548 3523 2602 securitate
3560 2561 3624 2599 ac
3653 2556 3811 2600 tran-

2226 2639 2495 2707 quillitate
2532 2648 2778 2692 versatur
2799 2679 2815 2706 ,
2839 2639 2993 2693 aliter
3019 2655 3141 2693 cum
3166 2651 3613 2695 sacramentorum
3636 2637 3814 2695 cale-

2227 2730 2388 2783 stium
2421 2728 2844 2783 revelationibus
2872 2730 3195 2797 illustratur,
3252 2732 3409 2787 aliter
3458 2745 3579 2786 cum
3612 2732 3818 2787 sterili-

2227 2829 2334 2876 tate
2364 2822 2616 2876 virtutum
2648 2837 2711 2877 ac
2732 2837 2990 2877 sensuum
3018 2823 3268 2878 ariditate
3296 2824 3705 2895 constringitur.

2845 2916 3071 2972 CAPUT
3112 2918 3203 2972 IX.

2503 3008 2583 3062 De
2604 3010 2990 3079 quadripartito
3018 3011 3307 3063 orationum
3344 3013 3531 3079 specie.

537 3114 753 3169 semper
781 3099 991 3164 oratio;
1024 3098 1222 3153 deinde
1253 3099 1478 3167 qualiter
1507 3098 1649 3152 hanc
1669 3100 1938 3163 eamdem,
1970 3115 2117 3168 qum-
2146 3096 2191 3158 C
2298 3102 2365 3156 Et
2394 3102 2598 3155 ideirco
2625 3102 2707 3155 bis
2738 3117 2903 3169 super
2930 3104 3232 3157 orationum
3255 3102 3518 3172 qualitate
3551 3102 3811 3172 digestis,

537 3208 769 3265 cumque
798 3202 901 3256 est,
938 3192 1217 3263 possidere
1260 3193 1351 3246 vel
1392 3208 1646 3245 exercere
1688 3193 1804 3247 sine
1842 3194 2118 3248 intermis-

537 3289 690 3343 sione
715 3288 1003 3360 possimus.
1051 3284 1166 3339 Non
1198 3284 1343 3339 enim
1390 3300 1551 3352 parva
1591 3284 1773 3338 cordis
1818 3285 2120 3340 intentione

537 3398 654 3437 eam
687 3381 871 3451 perfici
895 3394 1075 3449 posse,
1098 3389 1151 3433 et
1184 3378 1521 3447 experientia
1552 3378 1885 3447 qumidiana,
1918 3390 1971 3434 et
1997 3394 2122 3448 pro-

537 3476 745 3529 secutio
775 3485 877 3527 tua:
909 3472 1211 3527 sanctitatis
1244 3471 1512 3537 ostendit,
1546 3472 1635 3541 qui
1669 3473 1825 3526 finem
1868 3473 2120 3527 monachi

536 3579 601 3620 ac
626 3564 790 3619 totius
828 3563 1172 3633 perfectionis
1212 3562 1426 3616 culmen
1459 3562 1510 3616 in
1555 3563 1814 3618 orationis
1861 3578 2116 3619 consum-

540 3657 775 3712 matione
802 3656 1102 3711 consistere
1131 3653 1392 3709 definisti.

1127 3745 1354 3802 CAPUT
1396 3747 1530 3801 Vill.

676 3843 962 3917 Responsio
984 3842 1047 3895 de
1072 3840 1285 3894 diversis
1313 3842 1603 3894 orationum
1624 3842 1979 3910 qualitatibus.

602 3938 751 3993 Isaac
802 3954 814 3990 :
863 3934 1157 3992 Universas
1186 3933 1492 3988 orationum
1540 3936 1749 4003 species
1796 3936 2001 4005 absque
2029 3936 2113 3992 in-

2228 3194 2354 3249 licet
2385 3210 2490 3249 non
2519 3203 2778 3264 quantum
2811 3196 3057 3263 exposcit
3087 3197 3327 3248 materia:
3357 3195 3687 3263 magnitudo,
3714 3194 3817 3248 sed

2227 3296 2484 3357 quantum
2515 3287 2603 3340 vel
2637 3287 2891 3357 temporis
2933 3287 3167 3341 admittit
3204 3286 3450 3356 angustia
3477 3327 3490 3350 ,
3547 3286 3631 3341 vel
3662 3294 3817 3340 certe

2224 3396 2420 3449 capere
2454 3382 2690 3436 tenuitas
2734 3382 2931 3451 ingenii
2992 3382 3186 3449 nostri,
3221 3391 3274 3435 et
3311 3381 3493 3435 cordis
3552 3379 3818 3449 prievalet

2230 3472 2530 3540 hebetndo,
2565 3473 2739 3541 major
2759 3473 2915 3526 nobis
2950 3488 3091 3526 nunc
3124 3474 3366 3526 imminet
3393 3472 3677 3526 difﬁcultas
3700 3514 3712 3536 ,
3749 3481 3814 3524 ut

2226 3564 2370 3634 ipsas
2399 3564 2668 3633 sigillatim
2696 3566 2995 3619 orationum
3024 3566 3231 3633 species
3263 3580 3600 3634 exponamus
3623 3606 3637 3629 ,
3667 3578 3811 3632 quas

2230 3658 2519 3727 Apostolus
2541 3658 2928 3727 quadripartita
2956 3657 3163 3712 ratione
3186 3656 3455 3719 distinxit.
3482 3658 3555 3712 ita
3580 3656 3765 3711 dicens
3793 3674 3809 3710 :

2228 3749 2487 3819 Deprecor
2536 3751 2704 3816 itaque
2756 3750 2918 3817 primo
2963 3749 3187 3801 omnium
3245 3750 3360 3816 ﬁeri
3409 3748 3809 3813 obsecrationes,

2227 3844 2502 3905 orationes,
2530 3843 2922 3911 postulationes,
2943 3842 3225 3910 gratiarum
3240 3841 3467 3893 actiones
3488 3841 3531 3913 (l
3556 3839 3690 3894 Tim.
3724 3841 3809 3911 tt).

2227 3937 2358 4002 Quae
2407 3948 2427 3975 ε
2464 3952 2569 3990 non
2622 3935 2860 3989 inaniter
2890 3933 2957 3987 ab
3007 3932 3264 4002 Apostolo
3295 3932 3369 3986 ita
3424 3932 3594 3989 fuisse
3634 3932 3811 3989 divisa

1618 4049 1873 4101 ALARDI
1913 4050 2144 4105 GAZ/El
2183 4050 2738 4105 COMMENTARIUS.

604 4158 629 4184 ⁸
665 4146 831 4213 llujus
859 4144 938 4198 rei
965 4141 1172 4209 insigne
1202 4138 1831 4213 exemplumobservare
1872 4150 2025 4211 potes
2060 4144 2113 4198 in

532 4220 593 4273 Ι).
630 4209 964 4284 Augustino,
1012 4210 1452 4284 toto_pr-.esertim
1504 4209 1642 4261 libro
1670 4209 2111 4284 octavosnarum

531 4279 972 4346 C0tifessiontttit,
997 4296 1103 4349 quo
1133 4279 1343 4331 initium
1375 4293 1483 4331 suae
1515 4282 1882 4333 COIth'I‘SiUIIiS
1909 4284 2114 4337 descri-

532 4358 607 4411 bit
634 4377 644 4410 :
677 4366 729 4410 et
758 4353 944 4407 confer
975 4354 1114 4403 hunc
1142 4351 1317 4421 locum
1342 4363 1460 4401 cum
1501 4364 1622 4416 cap.
1653 4352 1714 4403 17
1747 4361 1799 4405 ct
1828 4351 1893 4407 '18
1926 4356 2114 4421 prima!

531 4425 858 4490 collationis,
881 4424 968 4475 ubi
1000 4422 1068 4475 de
1097 4420 1484 4488 cogitationum
1512 4422 1809 4476 mobilitate
1839 4433 1893 4476 et
1918 4420 2113 4480 mentis

532 4498 883 4558 instabilihte
918 4494 1113 4562 agitur.

2225 4154 2543 4197 sostomum.
2593 4143 2789 4197 Verum
2854 4140 3191 4197 (εισιιηηυιιὶοι-
3236 4150 3290 4195 et
3335 4138 3664 4210 probabilior
3718 4147 3807 4193 est

2224 4214 2450 4267 aliorum
2484 4214 2701 4268 Patrum
2734 4214 3024 4279 sententia,
3059 4212 3300 4265 diversas
3349 4212 3651 4264 orationum
3679 4223 3805 4273 Spe-

2224 4283 2335 4337 cies
2364 4285 2445 4340 his
2478 4285 2690 4339 vet-ibus
2717 4287 2784 4337 ab
2813 4284 3070 4351 Apostolo
3092 4281 3399 4351 designatas
3428 4287 3508 4347 (ut
3533 4281 3691 4334 docet
3720 4280 3807 4336 hic

2224 4354 2443 4423 abbas),
2464 4372 2582 4423 qua:
2610 4360 2767 4409 etiam
2790 4358 2839 4408 in
2858 4355 3047 4410 Crmco
3075 4352 3807 4420 textudistinguuntur-.Nam

2224 4425 2399 4492 primo
2432 4427 2549 4479 loco
2580 4428 2792 4493 ponitur
2815 4426 3037 4491 δεήσεις,
3072 4423 3304 4478 secundo
3328 4424 3659 4495 προσευχάς,
3692 4432 3806 4495 ter-

2228 4497 2301 4548 tio
2328 4492 2589 4562 ἐντεύξειςζ
2619 4499 2896 4567 Secundo,
2930 4495 3181 4567 quoniam
3215 4496 3321 4567 hinc
3355 4492 3567 4567 j‘iartitio
3599 4500 3653 4543 et
3677 4492 3798 4567 «iis:

639 4569 665 4607 δ
687 4568 933 4621 Variatur
958 4560 1149 4637 oratio
1171 4574 1268 4629 pro
1310 4562 1457 4637 varia
1501 4561 1853 4637 dispositione
1895 4569 2118 4622 orantis.
2146 4567 2200 4625 D
2230 4568 2417 4637 tinctio
2454 4560 2785 4625 subob~cura
2821 4560 3063 4637 apparet,
3092 4563 3372 4637 videndum
3407 4560 3639 4637 breviter
3661 4561 3798 4637 quid

532 4640 598 4696 Et
627 4641 740 4692 haec
771 4638 937 4705 prima
972 4634 1189 4703 partitio
1213 4632 1492 4697 orationis,
1524 4649 1696 4702 eaque
1720 4635 2018 4704 indefinito,
2046 4655 2116 4696 ex

534 4722 689 4782 parte
717 4706 967 4782 subjecti.

603 4793 624 4820 ι
653 4780 823 4833 Verba
856 4777 1093 4845 Apostoli
1129 4776 1180 4829 in
1208 4774 1388 4845 priore
1417 4774 1481 4829 ad
1512 4774 1858 4830 Timotheum
1883 4793 2002 4846 cap.
2038 4797 2110 4836 tt:

534 4852 753 4906 Obsecro
771 4850 925 4917 igitur
951 4851 1172 4914 primum
1199 4846 1423 4899 omnium
1442 4846 1554 4912 ﬁeri
1578 4847 1969 4905 obsecrationes.
1992 4870 2109 4906 oru-

528 4926 709 4983 tiones,
739 4920 1121 4988 postulationes,
1158 4918 1439 4985 gratiarum
1473 4919 1698 4971 actiones
1718 4960 1730 4979 ,
1760 4928 1865 4973 etc.
1904 4922 2111 4985 Quibus

529 4995 723 5048 similia
759 5001 887 5046 sunt
930 4993 1019 5044 illa
1051 4991 1114 5042 ad
1151 4990 1381 5055 Philipp.
1410 5003 1438 5038 v
1468 5006 1479 5040 :
1510 4989 1569 5041 In
1617 4991 1757 5041 omni
1802 4996 2032 5043 oratione
2059 5003 2108 5047 et

528 5064 871 5118 obsecratione
915 5077 1032 5114 cum
1070 5061 1361 5131 gratiarum
1397 5062 1598 5113 actione
1640 5062 1904 5124 petitiones
1932 5075 2113 5119 vestra:

526 5137 843 5187 innotescunt
876 5131 1012 5203 apud
1040 5129 1215 5204 Deum.
1245 5129 1449 5204 Qubus
1484 5133 1659 5183 verbis
1688 5144 1943 5185 censetur
1967 5136 2111 5204 Apo-

527 5208 702 5259 stolus
722 5202 951 5257 voluisse
976 5202 1304 5265 distinguere
1331 5202 1476 5252 velut
1500 5210 1727 5265 quatuor
1750 5218 1969 5269 genera,
1994 5202 2111 5262 sive

527 5278 737 5343 Species
784 5274 1065 5326 orationis.
1126 5271 1223 5326 Ubi
1278 5273 1447 5339 primo
1484 5272 1775 5324 notandum
1823 5272 1889 5327 de
1939 5275 2108 5332 tribus

528 5347 717 5416 primis
749 5345 970 5397 vocibus
991 5344 1253 5417 quosdam
1279 5343 1585 5417 existimare
1608 5358 1700 5396 eas
1724 5358 1843 5396 esse
1872 5359 2109 5417 synoiiy-

526 5412 665 5481 inas,
696 5426 748 5470 et
779 5418 844 5468 ab
866 5415 1126 5483 Apostolo
1154 5413 1312 5467 simul
1346 5412 1612 5465 adhibitas
1642 5422 1696 5466 et
1726 5426 2012 5483 congestis
2039 5412 2106 5472 ad

529 5488 789 5555 majorem
816 5485 1117 5555 emphasim
1139 5491 1193 5537 et
1212 5484 1524 5555 monitionis
1549 5484 1845 5553 energiam.
1872 5486 2105 5543 Proinde

524 5553 766 5612 noluisse
798 5553 1111 5624 Apo'stoltnn
1149 5570 1241 5623 per
1273 5553 1369 5607 has
1416 5568 1575 5606 voces
1617 5555 1961 5623 partitionem
2006 5559 2105 5611 ali-

524 5644 683 5696 quam
714 5626 1002 5696 indicare,
1031 5626 1124 5678 sed
1158 5640 1268 5696 rem
1309 5624 1550 5696 eamdem
1580 5626 1833 5696 pluribus
1880 5628 2101 5684 vocibus

525 5694 840 5764 synonymis
865 5694 1159 5752 inculcare.
1193 5695 1266 5748 lta
1310 5694 1745 5765 Theophylactus
1772 5707 1895 5768 post
1922 5699 2094 5770 Chry-

2226 4636 2412 4693 Patres
2442 4640 2507 4694 de
2533 4656 2595 4695 ea
2620 4630 3239 4706 scripturnreliquerint.
3269 4635 3430 4704 Igitur
3463 4632 3523 4687 S.
3557 4630 3799 4706 llilarius

2221 4711 2463 4763 scribens
2488 4712 2536 4763 in
2570 4702 2830 4777 psiiltnun:
2865 4724 2999 4764 CXL:
3024 4702 3279 4773 'Qttatuor,
3300 4702 3481 4777 inquit
3524 4702 3660 4770 (Lib.
3686 4719 3702 4777 ι
3734 4702 3801 4755 de

2221 4777 2376 4833 Bonis
2411 4776 2616 4847 Operib.
2650 4783 2701 4834 in
2737 4783 2916 4844 partic.
2945 4779 3091 4849 εεὲ).
3127 4794 3311 4849 genera
3336 4776 3803 4849 orationum__Apo-

2216 4849 2380 4904 slolus
2420 4843 2527 4906 esse
2566 4852 2818 4921 significat
2863 4853 2931 4903 ad
2975 4843 3297 4902 Timotheum
3327 4846 3571 4921 scribens.
3623 4843 3797 4896 Exora

2216 4936 2335 4990 ergo
2364 4924 2531 4990 primo
2558 4918 2785 4977 omnium
2808 4922 2920 4992 ﬁcri
2946 4918 3593 4992 precationes,orationes,
3625 4924 3802 4986 pastu-

2215 4987 2430 5065 lationes
2452 5036 2465 5055 ,
2509 4987 3080 5065 gratiarum-actiones.
3135 4987 3463 5065 Ilumititatis
3490 4996 3693 5065 .nOSU'tI'
3724 4993 3798 5036 cst

2216 5058 2922 5133 deprecarifmagniﬁcentiw
2958 5062 3047 5115 Dei
3077 5069 3146 5113 est
3181 5060 3345 5133 arari,
3379 5058 3501 5133 fidei
3526 5068 3598 5133 cst
3615 5066 3795 5133 postu-

2214 5126 2344 5203 lare,
2378 5126 2714 5203 confessionis
2738 5143 2779 5187 et
2811 5134 2981 5187 laudis
3004 5130 3364 5203 estgratulari.
3389 5126 3795 5203 AS.gAtnbrosius

2213 5202 2305 5255 lib.
2341 5220 2390 5257 Vl
2422 5198 2487 5260 de
2518 5205 2883 5259 Sacramentis
2911 5221 3030 5269 cap.
3056 5198 3124 5253 vv:
3157 5198 3422 5257 Incttoari,
3458 5199 3649 5269 inquit,
3675 5212 3793 5269 ora-

2212 5274 2283 5324 tio
2312 5274 2453 5327 debet
2485 5294 2514 5327 a
2544 5273 2641 5328 Dei
2671 5276 2853 5340 laude;
2883 5267 3105 5345 sequitur
3127 5269 3319 5345 deinde
3338 5268 3639 5345 obstinatio,
3664 5267 3793 5345 sicut

2221 5344 2498 5413 Apostolus
2537 5348 2705 5398 docuit
2749 5337 2956 5398 dici'nsf
2986 5342 3207 5413 Obsecro
3241 5343 3459 5407 primum
3488 5338 3603 5413 ﬁeri
3651 5337 3792 5413 obsc-

2211 5407 2409 5486 oration
2419 5433 2493 5480 es,
2510 5420 2791 5486 gratiarum
2818 5418 3059 5468 actiones.
3083 5411 3264 5486 Prima
3276 5427 3393 5486 ergo
3406 5410 3568 5462 oratio
3584 5407 3792 5486 tandem

2208 5483 2353 5538 debet
2391 5481 2574 5542 habere
2606 5488 2733 5555 Dei,
2765 5487 2985 5541 secunda
3010 5483 3435 5555 supplicationem
3459 5481 3651 5555 ,ξεν-(ἕρ
3690 5493 3793 5555 Δρο-

2206 5558 2535 5642 ςιιιιαιὶοηρηι
2561 5601 2573 5625 ,
2616 5549 2801 5642 quarta
2848 5549 3082 5627 gratiaru
3112 5549 3794 5642 'actiotionrmkUPi(primo

2204 5625 2321 5679 loco
2340 5630 2483 5697 ponit
2503 5621 2821 5693 orationem,
2848 5621 3567 5702 quant__voratlaudempei.
3604 5621 3794 5702 SaAu-

2200 5691 2447 5767 gusti'nus
2480 5703 2636 5772 epist.
2692 5702 2759 5757 59
2786 5691 2849 5755 ad
2869 5691 3177 5755 'Paulinum
3208 5695 3312 5750 late
3342 5694 3409 5749 de
3435 5692 3518 5749 bis
3566 5691 3795 5749 vocibus
