4048 6198
304 294 415 351 785
1387 304 1731 363 COLLATIO
1767 305 1862 363 1x.
1891 338 1961 352 —-
1986 312 2078 369 DE
2120 312 2491 376 ORATIONE.
3509 315 3626 398 πε

298 428 409 468 nos
448 414 801 483 purissimam
832 418 1076 487 corporis
1096 418 1397 475 castitatem
1424 434 1523 476 seu
1559 420 1897 478 immobilem
1925 431 1982 492 Α
2004 427 2173 483 simas
2194 431 2498 500 saepissime
2520 431 2773 488 novimus
2804 447 2997 503 preces
3024 435 3332 508 ignitasque
3364 446 3604 516 prodire,

300 506 629 574 patientiam
676 510 1010 566 exhibituros
1048 526 1169 567 esse
1200 521 1482 582 perpetuo,
1530 513 1614 568 vel
1659 529 1781 569 cum
1832 516 1900 573 de
2010 522 2081 574 ita
2114 530 2173 575 ut
2199 531 2416 578 constet
2447 538 2636 579 omnes
2673 525 2770 579 has
2809 542 2945 595 quas
2973 527 3327 597 praediximus
3366 537 3595 603 species,

301 598 477 653 corde
505 610 698 655 nostro
726 603 937 658 radices
968 605 1062 658 ira;
1087 605 1201 659 sive
1247 605 1475 659 tristitiae
1504 615 1735 662 mortem
1766 623 1899 680 ope-
2005 616 2254 669 omnibus
2282 618 2439 671 utiles
2466 632 2529 671 ac
2585 622 2921 673 necessarias
2967 619 3218 687 inveniri,
3273 632 3332 677 ut
3378 623 3431 679 in
3490 643 3597 684 uno
3682 704 3697 714 ’Δ

301 690 477 714 ...Α-ιιι..
510 706 765 714 --..-.-_.---
792 694 875 714 r_-,_
907 696 976 714 ιιι
1007 710 1025 714 Α
1067 712 1078 714 μ
1167 713 1172 714 ,
1241 698 1255 714 ι
1705 701 1718 714 ι
1791 703 1801 713 ι
1825 703 1858 714 ι.
2090 708 2102 714 -
2369 711 2379 714 -
2755 713 2796 714 ,,

300 690 480 744 rantis
510 706 768 747 vovemus
790 694 1029 750 funditus
1056 698 1344 764 eruendas,
1378 714 1498 767 quae
1535 715 1657 754 cum
1687 701 1894 758 desidia
2001 708 2304 778 eodemque
2331 711 2449 763 viro
2490 726 2632 765 nunc
2674 713 2892 781 quidem
2939 714 3409 784 obsecrationum,
3456 734 3599 776 nunc

300 783 718 854 resolutiatque
741 787 805 839 ad
832 788 1049 856 antiqua
1098 788 1226 843 vitia
1271 800 1639 859 recurrentes,
1669 793 1894 851 minime
1999 811 2180 855 autem
2236 804 2569 869 orationum,
2629 819 2772 858 nunc
2820 804 3267 873 postulationum,
3324 822 3486 876 puras
3531 823 3597 864 ac
3677 851 3679 853 .

300 874 620 942 fecerimus,
654 880 858 933 erimus
882 881 1182 934 orationum
1216 890 1521 937 nostrarum
1556 898 1620 939 ac
1640 895 1891 943 votorum
1997 893 2430 949 ferventissimas
2471 895 2893 964 supplicationes
2938 896 3180 952 variatus
3219 899 3431 954 emittat
3458 899 3593 955 afie-
3686 922 3689 925 λ

298 966 411 1033 rei,
437 967 754 1040 diceturque
778 972 931 1026 nobis
958 991 970 1024 :
1004 971 1191 1027 Melius
1230 984 1307 1028 est
1354 992 1456 1029 non
1496 993 1689 1041 uouere,
1737 997 1890 1050 quam
1997 997 2146 1052 ctus;
2174 994 2353 1041 tamen
2377 986 2549 1055 prima
2574 987 2639 1041 ad
2670 987 2994 1057 incipientes
3020 989 3233 1044 videtur
3258 992 3589 1059 peculiarius

298 1072 504 1124 vovere,
535 1070 581 1113 et
626 1078 726 1114 non
770 1062 980 1118 reddere
1040 1062 1209 1132 (Eccl.
1261 1064 1339 1136 v).
1392 1068 1545 1133 Quod
1590 1071 1841 1126 secundm

1996 1082 2290 1150 pertinere,
2325 1080 2416 1151 qui
2463 1082 2645 1136 adhuc
2692 1080 2941 1137 vitiorum
3001 1099 3221 1138 suorum
3272 1086 3477 1140 aculeis
3522 1101 3588 1143 ac

295 1146 551 1204 Graecum
584 1150 689 1206 dici
716 1162 894 1221 potest
924 1171 937 1206 :
973 1163 999 1191 θ
1029 1155 1221 1210 Melius
1263 1166 1339 1211 est
1387 1175 1493 1212 non
1532 1175 1700 1228 orare,
1737 1178 1841 1232 qua

1994 1177 2255 1230 memoria
2284 1175 2686 1241 remordentur,
2724 1177 2961 1231 secunda
2989 1177 3056 1231 ad
3085 1178 3207 1231 illos
3250 1178 3343 1249 qui
3374 1180 3425 1233 in
3454 1195 3586 1249 pro-

300 1258 454 1295 orare
483 1254 527 1296 et
548 1261 648 1297 non
678 1246 833 1300 redde
842 1259 914 1301 re.

1992 1268 2137 1323 fectu
2165 1269 2274 1338 jam
2330 1269 2599 1338 spirituali
2644 1270 2992 1339 appetituque
3038 1246 3296 1327 virtutum
3350 1246 3583 1343 quadam

897 1365 1133 1422 CAPUT
1170 1367 1316 1423 Xlll.
1991 1362 2187 1415 mentis
2216 1361 2551 1417 sublimitate
2577 1362 2901 1428 consistunt,
2929 1364 3087 1417 tertia
3120 1364 3185 1419 ad
3209 1379 3303 1420 eos
3331 1366 3422 1435 qui
3458 1382 3579 1436 per.-

868 1464 949 1519 De
978 1466 1345 1537 postulatione.

1989 1453 2276 1508 fectionem
2308 1462 2554 1508 votorum
2584 1470 2801 1508 suorum
2825 1454 3084 1523 Operibus
3104 1454 3465 1537 adimplentes
3495 1458 3579 1513 inv-

359 1557 386 1596 δ
417 1558 606 1618 Tertio
664 1565 789 1620 loco
825 1577 1104 1635 ponuntur
1138 1570 1564 1639 postulationes,
1609 1589 1740 1645 quas
1788 1592 1884 1646 pro

283 1650 407 1705 aliis
428 1668 672 1723 quoque,
703 1656 831 1710 dum
879 1671 1066 1713 sumus
1114 1660 1166 1713 in
1199 1662 1411 1717 fervore
1436 1665 1657 1732 Spiritus
1686 1669 1884 1722 consti-

285 1743 412 1809 tuti,
446 1745 689 1800 solemus
723 1749 1005 1815 emittere;
1046 1753 1127 1807 vel
1168 1768 1266 1822 pro
1308 1756 1486 1812 charis
1535 1760 1741 1814 scilicet
1786 1777 1881 1816 no-

1989 1546 2267 1601 tercedere
2308 1562 2405 1616 pro
2447 1546 2565 1601 aliis
2617 1561 2829 1616 quoque
2879 1536 3338 1603 consideratione'
3368 1549 3578 1618 fragili,-

1987 1639 2113 1693 tatis
2140 1654 2323 1694 eorum
2356 1648 2410 1693 et
2462 1638 2739 1693 charitatis
2769 1638 2947 1692 studio
2979 1648 3361 1707 provocantur,
3385 1648 3574 1708 quarta

1984 1731 2052 1784 ad
2086 1731 2205 1785 illos
2235 1732 2324 1800 qui
2350 1730 2463 1800 jam
2496 1730 2690 1799 poenali
2722 1731 3068 1786 conscientia:
3101 1732 3253 1800 spina
3279 1731 3346 1785 de
3385 1730 3572 1786 cordi-

283 1834 441 1898 stris,
468 1836 557 1889 vel
614 1853 711 1906 pro
744 1840 908 1895 mlius
951 1844 1134 1898 mundi
1177 1860 1308 1913 pace
1351 1859 1653 1917 poscentes,
1703 1863 1777 1918 et,
1823 1864 1881 1909 ιη
1910 1837 1958 1897 Β
1984 1825 2084 1880 bus
2115 1826 2297 1879 evulsa
2329 1825 2505 1880 securi
2528 1825 3054 1894 jammunificentias
3080 1826 3289 1880 Domini
3317 1841 3381 1881 ac
3410 1826 3575 1893 mist);

282 1922 459 1991 ipsius
491 1929 738 1996 Apostoli
767 1933 947 1987 verbis
978 1935 1223 2004 eloquar,
1257 1953 1377 1992 cum
1410 1957 1503 2010 pro
1524 1944 1756 1998 omnibus
1783 1946 1879 2000 Ito-

280 2018 529 2083 minibus,
562 2037 657 2091 pro
681 2025 885 2093 regibus
905 2035 951 2079 et
976 2028 1205 2081 omnibus
1226 2031 1312 2099 qui
1338 2031 1391 2084 in
1419 2032 1731 2089 sublimitate
1758 2048 1879 2092 sunt

285 2108 328 2179 (1
356 2109 497 2166 Tim.
529 2115 611 2184 tt),
641 2118 1026 2187 supplicamus.

864 2231 1093 2289 CAPUT
1132 2235 1270 2290 XIV.

755 2325 834 2383 De
860 2334 1142 2400 gratiarum
1165 2337 1381 2391 actione.

358 2432 381 2461 ο
406 2422 605 2490 Quarto
628 2425 823 2483 deinde
853 2429 970 2485 loco
993 2434 1287 2501 gratiarum
1307 2439 1547 2496 actiones
1570 2454 1863 2516 ponuntur,

272 2508 411 2583 quas
439 2532 614 2585 mens,
648 2520 733 2574 vel
759 2536 881 2576 cum
914 2529 1188 2592 praeterita
1232 2530 1321 2585 Dei
1350 2534 1542 2589 recolit
1580 2537 1862 2605 beneficia,

267 2607 360 2662 vel
388 2623 509 2663 cum
539 2617 828 2679 praesentia
860 2622 1262 2690 contemplatur
1282 2667 1295 2689 ,
1326 2641 1423 2682 seu
1450 2646 1570 2684 cum
1604 2632 1658 2685 in
1710 2632 1861 2689 futu-

268 2713 390 2752 rum
420 2715 538 2769 qua)
566 2715 619 2757 et
647 2716 843 2774 quanta
877 2717 1264 2780 prmparaverit
1293 2717 1438 2773 Deus
1469 2721 1553 2775 his
1597 2724 1685 2792 qui
1735 2726 1861 2781 dili-

263 2799 402 2857 gunt
443 2807 564 2845 eum
618 2798 895 2865 prospicit,
962 2816 1057 2870 per
1110 2804 1408 2864 ineffabiles
1447 2827 1705 2869 excessus
1750 2818 1859 2873 Deo

264 2881 460 2937 refert.
510 2886 622 2952 Qua
655 2889 816 2943 etiam
861 2892 1165 2953 intentione
1209 2915 1614 2974 nonnumquam
1667 2923 1857 2977 preces

262 2971 555 3030 ulteriores
585 2978 761 3033 emitti
781 2982 982 3050 solent,
1016 2985 1144 3042 dum
1176 2989 1267 3045 illa
1299 3007 1420 3061 quae
1458 2971 1696 3065 reposita
1728 3012 1856 3057 sunt

259 3062 318 3115 itt
349 3061 528 3119 futuro
574 3079 884 3126 sanctorum
930 3080 1151 3144 prtemia
1200 3085 1506 3151 purissimis
1553 3090 1723 3145 oculis
1771 3094 1852 3147 in-

256 3155 486 3221 tuendo,
517 3158 820 3216 ineffabiles
852 3164 961 3220 Deo
990 3172 1190 3237 gratias
1221 3187 1343 3228 cum
1369 3176 1633 3235 immenso

256 3249 484 3317 Spiritus
511 3262 700 3309 noster
732 3255 1017 3327 instigatur
1046 3262 1341 3323 effundere.

859 3380 1087 3439 CAPUT
1131 3387 1247 3441 XV.

259 3466 694 3573 Utrum‘qiltlaluor
729 3480 1018 3564 orationum
1055 3490 1250 3568 species
1297 3492 1452 3548 simul
1480 3506 1529 3550 et
1572 3504 1841 3573 omnibus,

328 3557 394 3593 an
407 3543 675 3613 sigillatim
705 3558 753 3601 et
780 3550 1003 3607 vicissim
1022 3543 1422 3630 uilicuique'sint
1453 3543 1768 3628 necessarii;

324 3642 403 3698 Ex
433 3648 627 3715 quibus
657 3660 894 3720 quatuor
946 3660 1230 3727 speciebus
1270 3664 1396 3720 licet
1443 3685 1843 3745 nonnumquam

248 3735 461 3791 soleant
514 3742 827 3797 occasiones
853 3745 879 3780 ά
908 3749 1357 3817 supplicationum
1386 3758 1657 3829 pinguium
1683 3735 1841 3835 gene—

250 3825 381 3891 rari,
406 3843 526 3882 nam
553 3840 609 3885 et
644 3832 711 3888 de
750 3833 1142 3895 obsecrationis
1171 3825 1400 3915 specie,‘
1423 3825 1542 3918 quva:
1586 3854 1653 3908 de
1685 3825 1845 3912 vcom-

250 3923 537 3987 punctione
564 3927 804 3982 nascitur
828 3943 1192 4004 peccatorum,
1218 3949 1269 3993 et
1296 3941 1365 3995 de
1396 3947 1653 4001 orationis
1676 3958 1839 4018 statu,

248 4028 368 4079 qua:
387 4013 453 4069 de
480 4017 673 4073 fiducia
696 4022 1026 4080 oblationum
1068 4036 1123 4083 et
1174 4039 1637 4094 consummatione
1681 4050 1833 4098 voto-

249 4119 367 4157 rum
394 4122 490 4175 pro
518 4112 863 4168 conscientia:
894 4118 1113 4185 profluit
1148 4125 1399 4191 puritate,
1428 4129 1567 4184 etde
1595 4135 1831 4201 postula-

248 4195 417 4261 tione,
446 4214 563 4266 quze
581 4199 649 4255 de
669 4203 944 4261 cltaritatis
970 4210 1164 4266 ardore
1194 4218 1459 4283 procedit,
1490 4195 1619 4275 etde
1632 4226 1833 4293 gratia-

248 4299 370 4337 rum
406 4290 634 4357 actione,
658 4308 776 4362 qute
813 4295 1202 4358 beneficiorum
1235 4305 1331 4361 Dei
1362 4320 1417 4363 et
1443 4290 1830 4381 magnitudinis

244 4390 311 4430 ac
338 4377 557 4446 pietatis
585 4384 699 4453 ejus
730 4389 1171 4449 consideratione
1200 4408 1510 4468 generatur,
1533 4377 1833 4461 ferventis-

1982 1919 2246 1986 rationes,
2280 1934 2412 1987 quas
2442 1918 2523 1972 vel
2557 1918 2609 1973 in
2660 1919 2937 1987 praeterito
2972 1918 3176 1984 tribuit,
3211 1919 3299 1973 vel
3348 1918 3402 1973 in
3434 1934 3571 1989 prae-

1980 2010 2120 2063 senti
2156 2010 2403 2080 largitur,
2436 2011 2519 2065 vel
2552 2021 2823 2079 prmparat
2854 2012 2905 2065 in
2953 2010 3154 2076 futuro,
3188 2021 3370 2066 mente
3394 2011 3572 2079 puris-

1976 2102 2110 2155 sima
2141 2112 2456 2168 tractantes,
2490 2104 2553 2156 ad
2585 2103 2732 2156 illam
2758 2104 3003 2172 iguitam,
3028 2110 3084 2156 et
3112 2118 3230 2171 quae
3259 2118 3354 2158 ore
3395 2102 3571 2159 homi—

1977 2212 2103 2249 num
2136 2210 2233 2249 nec
2259 2195 2642 2263 comprehendi
2670 2211 2766 2249 nec
2787 2194 3014 2264 exprimi
3038 2203 3234 2263 potest,
3259 2195 3567 2251 orationem

1975 2286 2091 2359 [AL
2121 2288 2413 2359 exstasim}
2443 2288 2837 2343 ferventissimo
2866 2286 3029 2340 corde
3071 2293 3373 2353 raptantur.
3421 2286 3568 2344 Non-

1972 2397 2263 2450 numquam
2294 2390 2471 2435 tatnen
2506 2395 2659 2433 mens
2680 2395 2800 2447 qua:
2828 2380 2881 2432 in
2906 2379 3052 2431 illum
3085 2392 3272 2430 verum
3309 2376 3562 2445 puritatis

1969 2474 2189 2543 proficit
2215 2472 2490 2542 affectum,
2526 2481 2686 2541 atque
2718 2472 2770 2525 in
2809 2486 2874 2526 eo
2900 2470 3010 2541 jam
3039 2469 3267 2538 cmperit
3298 2467 3557 2536 radicari,

1967 2566 2112 2621 solet
2134 2566 2249 2620 haec
2274 2567 2453 2619 omnia
2487 2564 2648 2619 simul
2677 2564 2984 2633 pariterque
3010 2561 3349 2629 concipiens,
3392 2571 3556 2630 atque

1966 2657 2017 2710 in
2046 2657 2262 2711 modum
2288 2656 2566 2726 cujusdam
2600 2652 3175 2723 incomprehensibilis
3220 2668 3284 2708 ac
3316 2652 3553 2720 rapacis-

1964 2748 2114 2801 sima:
2145 2747 2373 2801 flammae
2392 2756 2580 2801 cuncta
2609 2747 2943 2814 pervolitans
2975 2743 3278 2798 ineffabiles
3303 2743 3368 2796 ad
3390 2743 3558 2804 Deum

1963 2854 2152 2907 preces
2200 2838 2472 2907 purissimi
2530 2838 2728 2907 vigoris
2771 2836 3070 2900 effundere,
3117 2850 3247 2904 quas
3276 2836 3391 2904 ipse
3433 2835 3559 2907 Spi:

1960 2934 2092 2989 ritus
2124 2932 2473 3002 interpellans
2498 2932 2811 3000 gemitibus
2854 2929 3313 2985 inenarrabilihus
3338 2971 3352 2994 ,
3403 2930 3555 2998 igno-

1957 3025 2203 3080 rantibus
2230 3023 2409 3086 nobis,
2440 3022 2641 3079 emittit
2668 3023 2732 3077 ad
2760 3024 2949 3087 Deum,
2984 3031 3131 3075 tanta
3164 3022 3374 3077 scilicet
3402 3020 3552 3076 illius

1956 3119 2107 3173 horae
2130 3125 2406 3172 momento
2438 3116 2779 3186 concipiens,
2810 3125 2863 3171 et
2890 3114 3233 3169 ineffabiliter
3264 3116 3315 3167 in
3347 3113 3558 3183 suppliq

1653 3185 1849 3252 gaudio
1874 3216 1923 3279 C
1954 3212 2169 3266 catione
2199 3209 2563 3280 profttndens,
2593 3218 2789 3280 quanta
2834 3223 2939 3264 non
2968 3209 3145 3263 dicam
3189 3223 3284 3262 ore
3317 3222 3550 3277 percur-

1951 3319 2095 3372 rere,
2129 3305 2221 3358 sed
2256 3318 2323 3357 ne
2352 3303 2464 3373 ipsa
2496 3303 2713 3373 quidem
2747 3315 2927 3358 mente
2950 3302 3127 3356 valeat
3161 3300 3267 3356 alio
3296 3307 3549 3369 tempore

1948 3396 2244 3451 recordari.
2277 3396 2344 3450 Et
2372 3396 2513 3465 quod
2545 3397 2596 3450 in
2625 3397 3133 3466 qualibetmensura
3163 3393 3283 3463 quis
3312 3393 3542 3462 positus,

1953 3503 2354 3556 nonnumquam
2404 3503 2564 3557 puras
2624 3488 2971 3556 intentasque
3031 3500 3222 3554 preces
3270 3484 3547 3539 invenitur

1953 3583 2225 3646 emittere,
2263 3579 2386 3647 quia
2410 3589 2463 3632 et
2490 3580 2557 3632 de
2586 3580 2679 3633 illo
2714 3581 2888 3648 primo
2919 3588 2972 3632 et
3009 3577 3201 3631 humili
3230 3576 3421 3631 ordine
3451 3576 3546 3644 qui

1951 3680 2034 3725 est
2063 3685 2226 3737 super
2256 3668 2633 3721 recordatione
2680 3668 2845 3721 futuri
2880 3668 3093 3735 judicii,
3150 3669 3195 3718 is
3244 3667 3333 3732 qui
3365 3666 3544 3720 adhuc

1948 3762 2050 3814 sub
2084 3761 2306 3813 terroris
2336 3772 2491 3826 poena
2519 3772 2581 3811 ac
2610 3769 2759 3812 metu
2790 3758 3053 3812 examinis
3078 3757 3403 3810 constitutus
3432 3764 3539 3823 est,

1949 3852 2019 3903 ita
2048 3849 2115 3902 ad
2143 3848 2330 3901 horam
2368 3850 2771 3916 cotnpungitur,
2820 3857 2878 3901 ut
2918 3864 3025 3901 non
3067 3848 3275 3901 minore
3316 3847 3539 3915 spiritus

1947 3943 2224 3996 alacritate
2279 3940 2346 3995 de
2397 3942 2794 3995 obsecrationis
2846 3942 3169 4010 pinguedine
3224 3941 3537 4009 repleatur,

1946 4052 2105 4107 quam
2133 4035 2219 4089 ille
2246 4035 2336 4104 qui
2370 4050 2464 4103 per
2494 4035 2785 4104 puritatem
2812 4034 2992 4089 cordis
3024 4038 3104 4089 sui
3136 4035 3538 4090 munificentias

1946 4128 2039 4182 Dei
2067 4128 2403 4197 perlustrans
2436 4137 2597 4197 atque
2637 4143 2980 4196 percurrens,
3029 4128 3288 4182 ineffabili
3336 4127 3536 4198 gaudio

1938 4224 2233 4293 laetitiaque
2264 4222 2586 4287 resolvitur;
2614 4222 2802 4292 incipit
2825 4225 2965 4277 enim
2990 4222 3295 4277 secundum
3318 4232 3535 4278 senten-

1938 4316 2067 4369 tiam
2115 4314 2327 4369 Domini
2384 4316 2504 4383 plus
2542 4314 2791 4384 diligere,
2832 4315 2957 4384 quia
3001 4313 3219 4369 sibimet
3268 4316 3534 4386 ampliora

1936 4408 2220 4478 cognoscit
2245 4408 2466 4462 indulta.

1308 4512 1565 4569 ALARDI
1602 4516 1838 4573 GAZASI
1877 4519 2439 4575 COMMENTARIUS.

316 4594 341 4622 η
363 4587 433 4639 At
460 4587 518 4639 D.
551 4588 913 4663 Hieronymus
943 4601 1160 4682 vertit;
1195 4601 1363 4657 Multo
1412 4608 1594 4687 melius
1623 4621 1693 4687 est
1722 4629 1825 4687 non
1852 4618 1906 4677 D
1934 4613 1961 4687 1
1970 4631 2099 4667 mmo
2128 4629 2243 4666 vero
2272 4614 2394 4683 quia
2441 4616 2681 4681 postulat,
2710 4631 2804 4683 pro
2832 4630 2887 4668 eo
2916 4616 3138 4685 positum
3162 4624 3254 4683 est,
3280 4616 3531 4687 interpel-

242 4671 438 4738 uouere,
465 4674 613 4738 quam
631 4676 745 4738 post
774 4677 943 4719 votum
965 4673 1217 4738 promissa
1241 4691 1344 4727 non
1373 4677 1605 4733 reddere.
1644 4681 1734 4735 Vel
1760 4698 1828 4736 ex

242 4726 501 4848 llzllilrteo:
534 4726 719 4788 Melius
762 4746 835 4790 est
866 4726 975 4792 nari
1009 4757 1205 4807 vovere,
1236 4762 1391 4813 quam
1438 4764 1611 4803 vovere
1649 4761 1695 4805 et
1726 4770 1830 4807 non

242 4812 296 4848 re
372 4813 476 4848 ere.

240 4812 476 4851 reaaere.

315 4866 338 4903 ι)
462 4869 789 4953 Augustinus
806 4879 947 4953 legit
972 4880 1459 4953 i_nterpellationes,
1492 4888 1718 4946 Paulino
1758 4893 1829 4949 ita

238 4940 560 5030 rescjribens.
581 4942 787 5030 (Epist.
803 4940 899 5021 59]
924 4967 935 5002 :
970 4950 1078 5030 Pro
1102 4940 1825 5030 interpellationibus

235 5009 374 5097 quod
393 5012 560 5097 nostri
591 5009 809 5097 'Itabent,
837 5009 1125 5097 secundum
1157 5009 1586 5095 codicesicredo,
1614 5009 1825 5097 vestros:

236 5080 606 5172 pastulatliolnef
627 5080 868 5172 posuisti:
896 5091 1034 5172 Ἠιεε
1066 5095 1268 5172 interim
1305 5080 1447 5172 duo,
1470 5080 1826 5172 idest,

235 5150 321 5200 alii
352 5150 740 5237 postulationes,
775 5161 865 5237 alii
888 5163 1320 5234 interpellationes

236 5222 618 5308 unam'rerbu'r‘n
645 5232 926 5308 transferre
955 5222 1247 5308 voluerunt,
1280 5242 1417 5308 quod
1434 5222 1651 5296 Graecus
1681 5222 1827 5299 habet

234 5293 499 5369 ἐντεύξῃς.
546 5294 616 5349 Et
647 5293 874 5369 profecto
924 5306 1168 5359 advertis.
1219 5293 1325 5361 Sed
1353 5312 1487 5362 nosti
1526 5293 1827 5369 aadd—'25:}

233 5364 582 5451 interpellare,
610 5364 763 5451 aliud
781 5374 1070 5451 postulare.
1090 5376 1215 5451 Non
1236 5381 1368 5451 enim
1393 5382 1613 5434 solemus
1635 5385 1822 5451 dicere,

234 5433 495 5518 postulant
526 5433 921 5518 interpellatum,
981 5447 1070 5500 sed
1117 5446 1457 5515 Interpellant

244 5505 601 5589 th’t'ttnttamen
631 5505 697 5592 eis
722 5505 983 5570 vicinitate
1012 5520 1216 5595 verbum
1247 5505 1565 5589 usurpatum,
1595 5529 1675 5575 cui
1699 5541 1821 5595 pro-

227 5574 488 5653 pinquitas
536 5580 650 5649 ipsa
680 5582 915 5652 impetrat
941 5588 1270 5653 intellectum,
1302 5574 1400 5643 uuln
1433 5603 1504 5643 est
1536 5574 1668 5647 uelut
1699 5574 1822 5648 iren-

226 5649 357 5726 s_oria
389 5649 1049 5726 notationeculpandum.
1103 5658 1239 5713 Ναηι
1262 5649 1313 5715 et
1344 5664 1405 5713 de
1440 5663 1556 5726 ipso
1604 5664 1821 5720 (lamina

226 5714 350 5802 .llisu
382 5714 965 5802 Christo-dictamnos!
994 5734 1129 5795 quod
1186 5714 1474 5797 interpellal
1506 5714 1623 5802 3m}

230 5785 402 5855 (liam.
426 5789 567 5854 vm).
594 5785 1186 5869 Numquidinterpellat,
1208 5815 1252 5856 et
1278 5785 1375 5857 non
1392 5785 1823 5867 etianipostul—at‘?

1936 4685 2033 4738 lat.
2069 4696 2173 4737 etc.

2011 4726 2033 4792 δ
2061 4726 2248 4809 Graece
2270 4756 2581 4841 εὐχαρέσῖία
2611 4771 2638 4809 a
2666 4756 2834 4841 verbo
2866 4758 3214 4839 εὐχαριᾳτέω,
3244 4759 3400 4841 quod
3422 4769 3530 4841 iatn

1933 4827 2288 4900 sacris_qua_tn
2311 4826 2561 4900 profanis
2591 4826 3139 4897 auctoribus'gt-Ettias
3167 4826 3327 4900 agere
3361 4832 3531 4896 signi-

1933 4896 2079 4948 ficat.
2112 4894 2266 4967 Unde
2294 4897 2703 4951 Sacrameutum
2735 4903 2921 4951 altaris
2944 4894 3276 4955 ettcharisiia
3310 4894 3525 4967 dicitur,

1933 4966 2065 5018 alias
2110 4964 2526 5041 _S_ac_ramentutn
2574 4970 2867 5037 gratiarum
2916 4971 3182 5041 actionis;
3236 4972 3381 5041 quod
3433 4964 3529 5039 per

1934 5036 2050 5103 ejus
2074 5035 2404 5118 oblationem
2436 5047 2487 5090 et
2523 5035 2885 5121 su'tnptionem
2916 5035 3268 5121 Deo_gratias'
3306 5035 3529 5121 agamus
3580 5076 3583 5079 »

1930 5120 2030 5173 pro
2055 5106 2322 5180 universis
2349 5108 2467 5174 ejus
2498 5124 2621 5176 erga
2648 5106 2756 5163 nos
2796 5106 3095 5180 beneficiis,
3121 5106 3370 5180 atquein
3420 5114 3530 5180 pri-

1934 5177 2035 5261 mis
2069 5192 2164 5261 pro
2190 5177 2287 5230 ltoc
2308 5178 2431 5261 ipso
2472 5180 2827 5261 Sacramento
2850 5179 3075 5248 ejusque
3108 5179 3306 5261 fructnu.

2001 5244 2025 5282 ἀ
2068 5246 2123 5299 Id
2146 5254 2255 5328 est,
2289 5244 2607 5303 devotarutn
2642 5244 2970 5331 orationum,
2992 5244 3137 5331 quas
3177 5250 3319 5331 infra
3368 5262 3528 5307 vocat

1930 5316 2359 5392 ferventissimas
2424 5334 2615 5387 preces
2673 5316 3292 5392 ignitasqtte.'Respicit
3347 5334 3526 5378 autem

1924 5387 2054 5442 illud
2089 5389 2278 5463 psalmi
2314 5405 2459 5444 tht:
2502 5391 2650 5444 Sicut
2691 5387 2845 5463 adipe
2882 5387 2927 5443 et
2969 5387 3285 5463 pinguedine
3323 5395 3526 5459 replea-

1929 5469 2014 5511 tur
2063 5462 2235 5511 anima
2288 5478 2427 5524 utea,
2485 5464 2725 5516 et'labiis
2772 5463 3134 5516 exsultationis
3185 5462 3419 5515 laudabit
3471 5484 3525 5519 os

1932 5546 2128 5605 meum.
2170 5530 2265 5585 Ubi
2306 5534 2439 5605 scite
2475 5532 2861 5588 Genebrardus
2889 5552 2900 5586 :
2932 5534 3127 5601 Adeps,
3153 5545 3200 5588 et
3235 5537 3519 5605 pinguedo,

1930 5601 2161 5670 symbolo
2202 5604 2382 5670 gratia:
2430 5612 2475 5655 et
2518 5607 2926 5658 consolationum
2974 5601 3289 5660 divinarum.
3329 5601 3525 5661 Gratia

1930 5682 2017 5724 tua
2045 5674 2262 5724 satietur
2289 5676 2457 5726 anima
2484 5691 2617 5737 mea,
2645 5686 2691 5727 et
2724 5688 2842 5731 tunc
2875 5689 2920 5730 te
2948 5674 3078 5729 la’tis
3105 5679 3251 5731 labiis
3274 5694 3328 5731 os
3356 5694 3522 5732 meum

1930 5743 2196 5794 celebrabit
2223 5758 2240 5795 :
2265 5744 2443 5798 Gratia
2479 5746 2569 5798 Dei
2602 5751 2965 5818 pinguissimus
2994 5762 3166 5818 pastus
3194 5752 3521 5826 animorum;

1929 5815 2234 5881 consolatio,
2264 5817 2677 5874 delicatissimus.
2694 5815 2709 5818 ⁷
2995 5815 3002 5818 ⁷
3496 5815 3503 5839 τ
