4048 6198
547 363 652 423 787

1133 475 1356 534 CAPUT
1397 475 1515 531 XVI

544 568 816 623 Gradatim
839 571 909 623 ad
931 569 1023 623 has
1050 572 1337 623 orationum
1361 569 1551 639 species
1572 559 1977 621 contendendum
1996 583 2123 624 esse.

613 661 819 716 Tamen
852 662 1168 731 expetenda:
1196 669 1319 715 sunt
1356 661 1513 715 nobis
1544 676 1639 730 per
1674 661 1971 730 proiectum
2004 663 2126 718 vita

541 754 1173 823 consummationemque
1200 754 1455 808 virtutum
1506 755 1608 808 illa!
1653 754 1832 823 potius
1861 755 2127 824 supplica-

540 845 746 901 tionum
780 846 1011 915 species,
1042 862 1160 917 qua:
1199 846 1283 901 vel
1315 846 1382 900 de
1426 846 1883 915 contemplatione
1922 846 2127 901 futuro-

538 952 660 991 rum
713 937 1004 1008 bonorum,
1037 940 1121 994 vel
1149 939 1214 993 de
1245 938 1527 992 charitatis
1552 938 1751 993 ardore
1790 938 2122 1005 funduntur;

536 1038 634 1081 seu
682 1039 860 1093 certe,
909 1040 965 1083 ut
1013 1030 1269 1083 humilius
1319 1040 1371 1084 et
1416 1030 1710 1084 secundum
1756 1029 2124 1099 incipientium

538 1132 848 1173 mensuram
895 1121 1105 1191 loquar,
1142 1136 1239 1191 pro
1269 1122 1620 1190 acquisitione
1664 1136 2126 1191 quarumcumque

536 1210 794 1266 virtutum
826 1228 922 1268 seu
946 1215 1058 1267 vitii
1082 1215 1369 1283 cujuslibet
1397 1216 1753 1269 exstinctione
1773 1224 2121 1285 generantur.

537 1302 709 1358 Aliter
741 1305 883 1360 enim
916 1307 981 1361 ad
1013 1307 1097 1361 illa
1122 1309 1435 1362 sublimiora
1464 1324 1581 1376 quzc
1612 1309 1964 1379 praediximus
1993 1324 2124 1379 sup-

536 1398 884 1465 plicationum
916 1416 1114 1470 genera
1162 1403 1440 1469 pervenire
1470 1402 1776 1456 nullatenus
1807 1404 2121 1471 poterimus,

536 1490 640 1544 nisi
666 1508 759 1558 per
782 1492 1023 1547 ordinem
1051 1496 1469 1562 p0>lllIaliODUm
1493 1495 1719 1548 istarum
1745 1495 1942 1548 sensim
1972 1509 2123 1550 utens

534 1591 722 1639 nostra
753 1583 915 1639 fuerit
944 1587 1319 1657 gradatimque
1352 1599 1623 1657 provecta.

1113 1699 1339 1756 CAPUT
1379 1702 1541 1755 XVII.

608 1789 870 1845 Christum
903 1788 1042 1844 hisce
1072 1804 1292 1862 quatuor
1321 1795 1751 1864 supplicationum
1783 1795 2048 1865 generibus

1148 1880 1297 1915 usum
1327 1868 1506 1933 fuisse.

606 1951 712 2005 llas
740 1962 971 2021 quatuor
1002 1954 1452 2023 supplicationum
1484 1958 1690 2025 species
1720 1959 1787 2011 ita
1819 1960 1980 2012 etiam
2012 1956 2117 2011 Do-

534 2044 714 2097 minus
748 2046 994 2114 exemplo
1037 2062 1134 2100 suo
1177 2048 1331 2102 nobis
1361 2048 1378 2068 "
1410 2049 1623 2103 initiare
1650 2049 1899 2118 dignatus
1926 2058 2028 2115 est,
2060 2058 2117 2104 ιιι

531 2134 587 2187 in
621 2136 721 2190 hoc
753 2153 963 2207 quoque
1006 2139 1251 2208 impleret
1295 2140 1424 2193 illud
1456 2141 1596 2207 quod
1628 2140 1692 2194 de
1724 2141 1839 2208 ipso
1868 2140 2068 2194 dicitur
2100 2159 2110 2192 :

535 2225 661 2292 Quae
709 2230 857 2295 cazpit
904 2228 1059 2283 Iesus
1104 2232 1272 2301 facere
1314 2242 1361 2285 et
1407 2234 1585 2284 docere
1632 2232 1828 2302 (Actor.
1876 2232 1937 2299 ι).
1983 2231 2112 2285 Nam

529 2316 924 2374 obsecrationis
971 2336 1141 2389 genus
1192 2324 1418 2375 assumit
1469 2338 1589 2376 cum
1640 2322 1811 2376 dicit:
1846 2320 2023 2383 Pater,
2072 2322 2117 2375 si

528 2412 775 2478 possibile
802 2423 891 2477 est,
924 2422 1148 2466 transeat
1186 2430 1216 2465 a
1260 2430 1337 2465 me
1383 2412 1518 2466 calix
1557 2414 1651 2465 iste
1691 2413 1907 2481 (Matth.
1944 2412 2110 2483 xxvi).

534 2501 629 2555 Vel
659 2505 787 2555 illud
819 2504 961 2571 quod
994 2520 1057 2557 ex
1085 2519 1309 2571 persona
1338 2505 1457 2573 ejus
1484 2513 1729 2557 cantatur
1761 2505 1811 2558 in
1842 2505 2069 2558 Psalmis
2096 2525 2107 2558 :

524 2590 689 2652 Deus,
714 2590 856 2645 Deus
877 2610 1037 2657 meus,
1072 2595 1264 2661 respice
1291 2596 1343 2648 in
1374 2611 1471 2659 me,
1504 2612 1663 2665 quare
1687 2612 1767 2647 me
1793 2596 2115 2666 dereliquisti

529 2680 705 2751 (Psal.
748 2683 901 2752 1x1)?
940 2684 1148 2753 aliaque
1176 2687 1257 2739 his
1282 2686 1500 2740 similia.
1531 2686 1716 2741 Oratio
1746 2698 1850 2754 est,
1882 2704 1999 2741 cum
2030 2688 2113 2742 di-

524 2771 601 2827 cit
628 2790 639 2825 :
674 2773 786 2843 Ego
828 2783 875 2827 te
911 2775 1191 2843 clari/it:an
1215 2794 1364 2849 super
1388 2788 1595 2842 terram,
1619 2795 1746 2850 opus
1770 2781 2111 2833 consummavi

524 2866 665 2935 quod
695 2867 879 2920 dedisti
907 2868 1033 2921 mihi
1058 2879 1113 2923 ut
1139 2870 1361 2939 facerem
1391 2870 1571 2941 (Joan.
1600 2874 1750 2941 xvn).
1783 2871 1908 2927 Sive
1934 2873 2066 2926 illud
2093 2890 2106 2924 :

526 2953 596 3011 Et
623 2974 715 3026 pro
742 2960 813 3012 eis
854 2963 1125 3030 sancti/ica
1168 2965 1438 3032 meipsum,
1472 2973 1527 3017 ut
1558 2965 1655 3017 sint
1682 2974 1731 3018 et
1756 2965 1854 3035 ipsi
1879 2966 2111 3034 sancti/i-

525 3054 628 3103 ceti
675 3053 729 3103 in
778 3054 989 3109 veritate
1038 3055 1246 3127 (Ibid.).
1293 3058 1589 3111 Postulatio
1616 3067 1723 3123 est,
1767 3074 1889 3112 cum
1934 3058 2105 3111 dicit:

524 3140 709 3210 Pater,
738 3161 864 3213 quos
894 3145 1079 3199 dedisti
1107 3148 1252 3215 mihi,
1294 3149 1407 3201 volo
1447 3160 1504 3201 ut
1547 3150 1616 3202 ibi
1645 3164 1740 3219 ego
1778 3165 1911 3213 sum,
1937 3160 1982 3203 et
2011 3151 2111 3219 ipsi

1577 360 1860 419 JOANNIS
1897 352 2206 420 CASSIANI
2242 358 2735 418 COLLATION-ES.

2150 479 2205 540 Α
2228 484 2273 530 et
2302 486 2464 541 teme,
2496 476 2618 543 quia
2646 473 2963 529 abscondisti
2987 472 3095 528 hate
3128 488 3161 527 ιι
3183 470 3499 544 sapientibus
3521 477 3573 527 et
3597 472 3845 541 praedas-

3729 357 3844 416 788

2230 567 2385 631 tibus,
2420 574 2467 620 et
2496 566 2732 620 revelain
2762 582 2821 619 ea
2853 566 3081 633 paruulis
3105 582 3123 619 :
3149 567 3222 619 ita
3258 564 3436 629 Pater,
3471 566 3597 633 quia
3625 566 3706 617 sic
3739 558 3845 632 fui‘

2229 657 2479 727 placitum
2524 667 2645 711 ante
2687 664 2737 711 te
2786 656 3000 726 (Matth.
3031 657 3127 727 xi).
3161 655 3257 711 Vel
3300 665 3446 711 certe
3485 670 3610 710 cum
3653 656 3840 714 dicit:

2229 751 2409 817 Pater,
2442 752 2635 822 gratias
2657 766 2754 823 ago
2783 752 2871 804 tibi
2899 752 3140 819 quoniam
3167 749 3361 805 audisti
3390 765 3491 815 me,
3522 766 3616 820 ego
3654 761 3841 803 autem

2228 844 2446 898 sciebam
2474 845 2597 915 quia
2616 860 2816 910 semper
2844 859 2922 896 me
2952 844 3101 896 audis
3133 840 3314 913 (Joan.
3346 843 3445 911 ιι).
3481 843 3614 908 Quae
3639 852 3837 897 tamen

2227 944 2458 1006 quatuor
2485 935 2940 1004 supplicationum
2962 948 3156 1004 genera
3188 935 3313 987 licet
3338 933 3615 1003 sigillatim
3645 948 3721 987 ac
3754 934 3839 987 di-

2228 1040 2389 1082 verso
2420 1035 2679 1096 tempore,
2714 1027 3005 1081 secundum
3038 1026 3185 1080 illum
3216 1040 3375 1095 quem
3403 1026 3837 1094 comprehendi-

2228 1133 2350 1172 mus
2382 1118 2620 1183 modum,
2656 1117 2797 1171 idem
2830 1117 3086 1171 Dominus
3116 1124 3302 1170 noster
3334 1115 3651 1170 distinxerit
3683 1117 3829 1171 one-

2227 1209 2417 1272 renda,
2460 1216 2637 1262 tamen
2684 1208 2847 1261 etiam
2893 1207 3060 1261 simul
3090 1223 3150 1261 ea
3184 1208 3235 1261 in
3266 1207 3662 1275 supplicatione
3696 1224 3833 1277 per—

2227 1300 2361 1354 fecta
2422 1299 2814 1369 cowprehendi
2868 1314 3027 1369 posse
3079 1299 3373 1354 identidem
3421 1302 3537 1355 suis
3581 1303 3830 1355 ostendit

2226 1394 2509 1462 exemplis,
2536 1410 2629 1463 per
2650 1394 2797 1447 illam
2821 1393 3028 1447 scilicet
3050 1393 3348 1447 orationem
3372 1408 3532 1460 quam
3555 1393 3622 1447 ad
3651 1392 3823 1448 finem

2226 1486 2503 1557 Evangelii
2550 1488 2845 1542 secundum
2890 1486 3153 1541 Joannem
3188 1486 3416 1556 legimus
3460 1502 3585 1540 eum
3629 1487 3822 1555 copio—

2226 1579 2437 1632 sissime
2486 1579 2810 1648 profudisse.
2845 1578 2922 1632 Ex
2950 1577 3102 1646 cujus
3140 1586 3288 1631 textu
3320 1576 3440 1644 quia
3474 1577 3695 1646 longum
3732 1588 3821 1633 est

2226 1672 2472 1741 universa
2508 1686 2843 1741 percurrere,
2871 1670 3103 1739 diligens
3133 1669 3415 1739 inquisitor
3439 1667 3556 1727 base
3587 1670 3658 1724 ita
3688 1685 3817 1726 esse

2227 1765 2473 1819 lectionis
2503 1766 2671 1834 ipsius
2706 1765 2845 1819 serie
2877 1763 3077 1833 poterit
3112 1761 3348 1817 edoceri.
3381 1762 3553 1828 Quem
3588 1776 3815 1819 sensum

2148 1869 2194 1927 Β
2224 1858 2516 1927 Apostolus
2562 1873 2775 1927 quoque
2818 1858 2869 1911 in
2925 1855 3159 1926 Epistola
3189 1854 3254 1911 ad
3286 1855 3667 1923 Philippenses
3714 1858 3814 1923 has

2223 1960 2453 2020 quatuor
2498 1949 2949 2018 supplicationum
2976 1949 3191 2017 species
3229 1945 3563 2014 aliquantum
3610 1948 3805 2015 immu-

2223 2051 2330 2096 tato
2358 2057 2560 2111 ponens
2587 2042 2797 2110 ordine,
2830 2041 3105 2096 evidenter
3132 2040 3428 2110 expressit,
3460 2042 3804 2115 ostenditque

2219 2135 2419 2189 debere
2448 2150 2537 2188 cas
2568 2150 2968 2202 nonnumquam
2999 2134 3096 2187 sub
3122 2134 3317 2187 ardore
3348 2134 3507 2186 unius
3535 2134 3800 2201 supplica-

2219 2228 2379 2280 tionis
2408 2226 2615 2292 oﬂ'erri,
2649 2226 2720 2279 ita
2760 2226 2985 2279 dicens:
3018 2221 3045 2262 δ
3074 2224 3180 2278 Sed
3217 2223 3271 2276 in
3309 2224 3449 2277 omni
3485 2225 3717 2276 oratione
3754 2233 3800 2277 et

2216 2318 2578 2383 obsecratione,
2612 2333 2725 2369 cum
2765 2317 3052 2386 gratiarum
3092 2315 3293 2367 actione
3325 2316 3589 2382 petitiones
3624 2327 3803 2368 vestra

2215 2410 2534 2462 innotescunt
2566 2407 2703 2479 apud
2734 2406 2899 2459 Deum
2923 2406 3180 2476 (Philipp.
3207 2407 3281 2476 tv)
3310 2422 3322 2458 :
3355 2420 3448 2474 per
3468 2405 3609 2473 quod
3634 2407 3803 2459 voluit

2216 2517 2313 2554 nos
2347 2503 2397 2554 in
2424 2503 2525 2555 hoc
2553 2500 2843 2569 specialius
2858 2499 3095 2563 erudire,
3128 2497 3271 2567 quod
3301 2508 3352 2552 et
3389 2498 3437 2551 iu
3469 2497 3710 2551 oratione
3737 2509 3795 2552 et

2214 2592 2587 2647 obsecratione
2633 2592 2927 2661 gratiarum
2976 2592 3117 2644 actio
3158 2589 3354 2645 debeat
3389 2603 3506 2645 cum
3545 2590 3789 2659 postula-

2213 2684 2358 2739 tione
2388 2683 2621 2738 misceri.

2772 2772 2999 2828 CAPUT
3037 2772 3223 2826 XVIII.

2678 2866 2757 2921 De
2784 2868 3010 2922 oratione
3043 2867 3313 2920 Demmica

2282 2960 2411 3015 Haec
2426 2960 2604 3029 itaque
2627 2959 3075 3027 supplicationum
3099 2973 3299 3029 genera
3317 2958 3605 3014 sublimior
3623 2960 3802 3018 adhuc

2210 3062 2381 3109 status
2408 3068 2471 3108 ac
2499 3054 2808 3122 prmcelsior
2830 3051 3199 3121 subsequitur,
3223 3053 3310 3121 qui
3339 3053 3801 3122 contemplatione

2213 3147 2305 3201 Dei
2348 3147 2514 3201 solius
2545 3156 2598 3200 et
2635 3146 2913 3200 charitatis
2959 3144 3153 3199 ardore
3181 3144 3465 3211 formatur,
3499 3161 3594 3215 per
3635 3162 3796 3216 quam

525 3237 627 3289 sint
659 3253 873 3307 mecum,
909 3249 963 3292 ut
994 3240 1200 3292 videant
1248 3240 1467 3311 gloriam
1515 3258 1678 3294 meam
1723 3258 1878 3311 quam
1925 3238 2183 3300 dedistiC
2218 3257 2369 3296 mens
2418 3240 2471 3294 in
2526 3241 2670 3294 illius
2720 3240 3061 3293 dilectionem
3104 3238 3343 3291 resoluta
3388 3248 3549 3307 atque
3595 3240 3798 3307 rejects

526 3325 655 3380 mihi
682 3327 889 3400 (Ibid.).
916 3330 1012 3385 Vel
1040 3342 1186 3385 certe
1212 3346 1331 3385 cum
1364 3332 1492 3386 dicit
1522 3349 1535 3386 :
1568 3331 1746 3399 Pater,
1778 3333 1981 3401 ignosce
2008 3334 2098 3396 eis,

525 3436 629 3473 non
656 3423 793 3475 enim
836 3425 1003 3477 sciunt
1031 3426 1158 3495 quid
1187 3424 1383 3494 faciunt
1415 3426 1568 3495 (Luc.
1593 3427 1767 3497 χχιιι).
1798 3426 2103 3481 Gratiarum

524 3514 667 3570 actio
683 3528 764 3572 eSt
786 3532 907 3573 cum
930 3519 1062 3574 dicit
1090 3538 1102 3572 :
1135 3518 1394 3589 Conﬁteor
1411 3522 1520 3585 tibi,
1548 3520 1783 3585 Domine,
1818 3520 1972 3573 Pater
1997 3518 2107 3573 caeli

2210 3334 2630 3389 familiarissime
2679 3334 2809 3398 Deo,
2858 3332 3002 3388 velut
3060 3331 3199 3401 patri
3253 3332 3492 3401 proprio,
3534 3334 3798 3400 peculiari

2212 3429 2411 3498 pietate
2448 3426 2797 3493 colloquitur.
2831 3424 3000 3491 Quem
3044 3434 3240 3481 statum
3287 3422 3487 3480 debere
3528 3440 3623 3480 nos
3667 3424 3795 3479 dili-

2209 3529 2399 3588 genter
2427 3527 2700 3586 expetere,
2733 3527 2755 3556 ε
2780 3514 3006 3570 formula
3041 3515 3330 3570 Dominicae
3353 3515 3612 3570 orationis
3641 3516 3796 3570 insti-

1588 3680 1844 3737 ALARDI
1881 3679 2112 3736 GAZIEI
2151 3677 2717 3737 COMMENTARIUS.

596 3801 621 3827 ι
662 3792 735 3847 De
782 3794 879 3849 hac
928 3808 1061 3850 voce
1098 3796 1221 3852 vide
1266 3804 1581 3851 annotatum
1612 3795 1748 3850 infra
1779 3795 1843 3849 ad
1881 3811 1996 3866 cap.
2030 3796 2100 3850 25

522 3859 683 3917 huius
711 3863 1045 3917 Collationis.

565 3866 683 3919 uius
711 3866 1045 3919 Collationis.

593 3879 1045 3970 gus‘uouattoms.
1796 3939 1806 3948 _

662 3935 757 4008 Est
799 3937 884 3989 hic
914 3937 1321 4008 advertendum,
1358 3937 1497 4008 quod
1538 3938 1876 4008 obsecratto,
1921 3938 2097 3991 oratio

522 4012 578 4057 et
608 4006 897 4071 gratiarum
926 4007 1087 4069 actio,
1114 4008 1300 4061 iisdem
1330 4006 1549 4061 vecibus
1573 4006 1758 4060 Graece
1789 4008 2099 4073 exprimun-

524 4083 632 4133 tur,
663 4076 856 4142 quibus
897 4076 949 4128 in
983 4077 1217 4143 Epistula
1265 4077 1331 4129 ad
1376 4077 1739 4137 Timotheum,
1778 4077 1866 4129 ubi
1895 4092 2094 4143 supra;

523 4145 695 4195 solum
741 4160 936 4197 nomen
977 4147 1351 4209 postulationis
1388 4149 1645 4199 variatur.
1685 4146 1801 4199 Non
1842 4147 1982 4199 enim
2016 4159 2099 4201 est

521 4213 787 4287 ὶντεύξεις,
819 4214 911 4267 sed
939 4216 1219 4287 αἰτήματα,
1247 4217 1387 4285 quod
1425 4217 1636 4287 proprie
1677 4217 1981 4282 petitionem
2013 4219 2094 4271 vel

522 4285 939 4354 postulationem
979 4285 1270 4351 significat;
1321 4302 1425 4352 quo
1471 4285 1669 4338 iudicio
1716 4287 1927 4339 videtur
1954 4288 2097 4354 Apo-

521 4352 692 4424 stolus
714 4353 951 4406 voluisse
981 4354 1247 4420 explicare
1279 4356 1380 4409 hoc
1408 4356 1599 4408 inloco
1624 4357 1763 4424 quod
1793 4352 2015 4411 dixerat
2041 4361 2092 4411 in

521 4422 653 4485 alio,
684 4438 877 4497 nempe
923 4425 1166 4497 ἑγτεύξεις
1213 4428 1401 4479 melius
1451 4422 1674 4495 intelligi
1710 4429 2100 4497 postulationes

520 4507 677 4573 quam
723 4493 1209 4564 interpellationes,
1256 4507 1312 4549 ut
1354 4493 1657 4550 observavit
1695 4493 1842 4551 card.
1894 4499 2096 4553 Bellaro

522 4578 718 4615 mIlIlIS.

596 4643 616 4670 ο
659 4632 1187 4709 Postularevidetur
1225 4636 1317 4709 hic
1362 4640 1511 4709 locus
1557 4646 1610 4691 et
1658 4637 1893 4707 dignitas
1935 4655 2098 4709 argu-

520 4705 709 4783 menti,
742 4705 999 4783 orationis
1044 4706 1252 4783 scilicet
1296 4705 1815 4783 Dominiczetcujus
1856 4705 2096 4779 explica-

519 4774 721 4827 tionem
744 4774 1051 4843 aggreditur
1078 4780 1299 4842 Auctor,
1332 4788 1390 4832 ut
1418 4778 1672 4832 nonnulla
1716 4774 1953 4836 veterum
1996 4783 2092 4837 Pa-

518 4853 657 4897 trum
704 4856 757 4900 et
793 4849 1119 4922 scriptorum
1167 4848 1337 4922 elogia
1382 4850 1466 4903 hic
1510 4859 1850 4922 annotemus,
1898 4853 2089 4922 quibus

517 4928 635 4967 eam
658 4916 1055 4971 omnibus'aliis
1085 4916 1441 4985 orationibus,
1476 4936 1572 4974 seu
1600 4920 1786 4973 orandi
1820 4916 2085 4989 formulis,

556 4995 776 5061 raestare
841 4996 1141 5061 testantur:
1178 4990 1248 5061 to
1304 4993 1639 5057 auctoritate,
1691 4991 1755 5045 2°
1803 4992 2087 5061 brevitate,

555 5064 579 5090 °
612 5058 963 5131 perfectione,
1003 5058 1065 5111 ιο
1094 5060 1299 5131 ordine,
1332 5062 1396 5116 5°
1425 5062 1654 5116 utilitate
1688 5077 1783 5116 seu
1825 5058 2085 5131 efﬁcacia,

515 5133 568 5208 et
594 5126 822 5196 denique
846 5131 1183 5208 necessitate.
1218 5129 1279 5181 1ο
1312 5130 1658 5197 Auctoritate,
1688 5136 1813 5203 quia
1843 5126 2089 5190 Christus

514 5207 630 5268 ipse
658 5214 775 5252 eam
808 5208 863 5253 et
892 5207 1212 5268 composuit,
1245 5211 1299 5256 et
1329 5217 1422 5256 ore
1450 5217 1547 5255 suo
1592 5216 1935 5258 sacrosancm
1975 5214 2086 5260 tra-

513 5266 649 5335 didit
686 5278 741 5322 ει
782 5269 982 5335 docuit,
1016 5266 1156 5325 unde
1204 5282 1256 5324 et
1306 5274 1478 5326 oratio
1530 5273 1801 5327 Domittica
1845 5286 2083 5330 vocatur.

512 5334 877 5393 Tertullianus
924 5334 1015 5393 ltb.
1060 5344 1126 5396 de
1175 5343 1430 5397 Oratione
1460 5361 1471 5396 :
1506 5343 1641 5409 Quid
1686 5346 1910 5397 mirum?
1954 5348 2091 5400 Deus

512 5410 653 5487 solus
683 5410 1055 5487 docere__potuit
1094 5415 1419 5487 utsevellet
1465 5416 1635 5487 orari.
1676 5414 1748 5466 Ab
1780 5418 1889 5487 ipso
1933 5418 2090 5487 igitur

512 5478 752 5556 ordinata
799 5482 981 5549 religio
1030 5485 1314 5556 orationis;
1362 5495 1409 5538 et
1459 5487 1522 5537 de
1560 5486 1743 5549 spiritu
1788 5478 2088 5556 ipsiusvjam

510 5554 650 5625 tunc,
683 5566 895 5625 cumueatr
918 5568 1005 5603 ore
1033 5553 1085 5625 di
1108 5557 1204 5606 'ino
1244 5557 1459 5624 ferretur
1488 5558 1732 5616 animata,
1766 5572 1857 5608 suo
1886 5553 2091 5625 priuile-

508 5620 593 5699 φο
621 5621 851 5699 ascendit
881 5624 941 5699 in
967 5622 1171 5699 caluit,
1203 5620 1747 5699 commendansUPatri
1768 5620 1894 5699 quis
1921 5626 2091 5681 Filius

509 5687 711 5763 docuit.
737 5690 872 5763 Item
903 5690 1205 5763 Qyprianus
1237 5698 1492 5759 peculiari
1540 5696 1677 5749 libro
1720 5687 1789 5749 de
1829 5698 1929 5750 hac
1968 5713 2089 5751 ora-

511 5756 656 5829 tione
686 5756 831 5807 edito
857 5774 869 5807 :
906 5756 1008 5823 Qui
1031 5763 1169 5829 enim
1198 5756 1313 5829 feeit
1336 5768 1512 5827 vivere,
1544 5766 1714 5817 docuit
1740 5777 1785 5817 et
1809 5784 1957 5820 orare
1984 5783 2002 5820 .·
2034 5776 2089 5820 ut

512 5827 620 5871 tum
659 5838 804 5888 prece
830 5833 877 5876 et
911 5826 1139 5880 oratione
1171 5826 1323 5898 quam
1366 5826 1537 5885 Filius
1581 5835 1753 5885 docuit
1793 5838 1933 5901 apud
1978 5837 2086 5888 Par

2207 3805 2334 3850 trem
2359 3796 2636 3863 loquimur,
2658 3796 2863 3865 facilius
2881 3796 3234 3849 emudiamur.
3252 3796 3319 3851 3°
3336 3793 3606 3851 Brevitate
3623 3799 3793 3853 etiam

2207 3878 2463 3934 praestat:
2499 3883 2642 3938 nam,
2678 3876 2732 3918 ut
2776 3866 2914 3920 idem
2954 3866 3250 3937 Cyprianus
3292 3877 3507 3934 monet,
3542 3867 3667 3938 Ipsa
3714 3880 3794 3924 est

2208 3941 2371 3991 oratio
2414 3954 2565 4007 quant
2603 3937 2737 3989 Deus
2766 3938 2955 4001 docuit,
3000 3938 3088 4002 qui
3134 3939 3424 4006 magisterio
3451 3954 3541 3991 suo
3579 3937 3788 3993 amnem

2203 4024 2403 4079 prerem
2431 4020 2653 4060 nostram
2682 4009 2899 4059 salutari
2934 4024 3163 4079 sermone
3203 4009 3463 4061 breviavit.
3510 4008 3659 4073 Quod
3694 4027 3794 4079 per

2204 4077 2398 4131 Isaiam
2432 4081 2732 4149 prophetam
2760 4079 3056 4147 pra’dictunt
3086 4078 3207 4145 fuit,
3233 4095 3350 4131 cum
3374 4077 3785 4149 plenusﬁpihtu

2202 4161 2375 4201 sancto
2404 4146 2467 4200 de
2500 4146 2586 4201 Dei
2614 4146 2880 4219 majeState
2908 4165 2968 4200 ac
2992 4150 3175 4215 pietate
3198 4146 3529 4219 loqueretur:
3568 4146 3791 4203 verbum

2199 4234 2580 4277 consummans,
2615 4221 2797 4287 inquit,
2841 4228 2884 4270 ct
2932 4219 3163 4289 brevians
3202 4222 3255 4272 in
3281 4220 3506 4289 justitia,
3540 4223 3788 4289 quoniam

2197 4304 2476 4359 sermonem
2502 4289 2775 4341 breviatum
2800 4289 2944 4349 faciet
2969 4288 3107 4341 Deus
3130 4300 3230 4342 toto
3247 4288 3363 4343 orbe
3384 4300 3531 4342 terrm
3549 4288 3681 4359 (Isa.
3709 4292 3789 4357 ιι).

2202 4357 2338 4413 EtS.
2357 4360 2683 4423 Augustinus
2708 4361 2773 4412 tIe
2802 4360 2990 4413 Verbis
3021 4360 3258 4423 Domini,
3286 4374 3447 4412 serm.
3473 4357 3582 4412 28‘:
3624 4358 3790 4414 Vides

2203 4445 2359 4497 quam
2407 4432 2564 4484 brevis
2612 4432 2796 4491 oratio,
2844 4441 2889 4482 et
2935 4433 3161 4483 atnnium
3206 4432 3346 4495 plena
3394 4431 3655 4479 uirtutum.
3711 4430 3785 4484 Ει

2206 4514 2369 4552 serm.
2423 4499 2524 4553 182
2574 4501 2637 4552 de
2670 4500 2934 4566 Tempore
2969 4517 2981 4552 :
3013 4501 3139 4554 Ha’c
3188 4500 3343 4553 oratio
3396 4499 3782 4567 compendiosis

2204 4572 2389 4634 verbis,
2435 4583 2623 4640 septem
2675 4572 3019 4634 petitionibus,
3078 4587 3250 4624 omnes
3295 4569 3479 4637 species
3526 4570 3788 4624 orationis

2205 4643 2611 4709 comprehendit.
2646 4640 2880 4693 Christus
2912 4642 3125 4694 breviter
3160 4658 3308 4695 orare
3337 4640 3531 4704 docuit,
3562 4640 3648 4708 qui
3684 4641 3790 4694 cito

2204 4713 2309 4763 uult
2342 4712 2597 4775 postulata
2630 4721 2892 4779 pra‘stare.
2940 4713 3248 4766 Alexander
3286 4712 3354 4765 de
3401 4709 3526 4765 Ales
3555 4725 3608 4764 ιν
3644 4721 3784 4779 part.

2203 4797 2256 4849 (ι.
2282 4784 2390 4834 37:
2433 4782 2543 4835 "ac
2572 4782 2831 4854 brevitate,
2884 4784 3079 4852 inquit,
3120 4782 3326 4854 facilius
3370 4786 3552 4854 scitur,
3602 4782 3790 4835 melius

2116 4838 2169 4891 Ῑ)
2195 4838 2468 4917 retinetur,
2504 4838 3078 4922 frequentius,iteratur;
3101 4838 3271 4906 minus
3301 4838 3782 4918 fastiditorantem,

2194 4923 2292 4975 cito
2333 4924 2566 4977 exaudiri
2592 4918 2811 4988 innuit;
2842 4923 2958 4994 plus
2994 4918 3187 4991 a/frctu
3227 4938 3381 4994 quam
3407 4939 3499 4994 ore
3528 4922 3787 4975 orandum

2191 5008 2303 5059 esse
2327 4995 2571 5059 insinuat,
2598 4996 2916 5062 ignorantem
2946 4996 3167 5051 incusat.
3194 4996 3257 5050 5°
3281 4993 3621 5048 Perfectione
3650 5009 3787 5060 pne-

2193 5066 2423 5117 stautior
2445 5074 2529 5119 eSt
2556 5082 2565 5115 :
2599 5065 2721 5132 quia
2753 5065 2929 5117 omnia
2959 5068 3200 5118 continet
3229 5079 3351 5130 qua:
3381 5079 3408 5115 a
3443 5063 3555 5117 Deo
3601 5074 3785 5132 petere

2192 5133 2472 5188 debemus.
2518 5135 2603 5202 Et,
2648 5147 2702 5187 ut
2732 5134 3098 5188 Tertulliauus
3126 5135 3365 5204 loquitur
3407 5133 3533 5203 (Ubi
3573 5136 3783 5202 supra),

2192 5219 2293 5256 non
2320 5214 2515 5257 tantum
2547 5206 2757 5273 propria
2782 5205 3027 5257 orationis
3056 5205 3218 5274 ofﬁcia
3258 5204 3525 5273 complexa
3567 5213 3663 5270 est,
3696 5220 3786 5256 oe-

2191 5277 2506 5328 nerationem
2542 5275 2654 5335 Dei.
2688 5286 2774 5327 aut
2822 5275 3043 5327 hominis
3089 5278 3407 5345 petitionem,
3453 5276 3542 5329 sed
3583 5290 3786 5328 omnem

2200 5362 2325 5415 pene
2369 5363 2651 5399 sermonem
2702 5347 2935 5405 Domini.
2993 5360 3190 5397 omnem
3245 5346 3784 5398 commemorationem

2195 5418 2520 5485 disciplinas:
2551 5430 2603 5469 ut
2633 5432 2807 5469 revera
2832 5419 2882 5468 in
2913 5416 3011 5467 hac
3033 5420 3263 5469 oratione
3295 5416 3595 5469 breviarium
3627 5418 3784 5467 totius

2194 5486 2461 5557 Evangelii
2505 5488 2987 5556 contpreheudatur.
3021 5488 3082 5538 Et
3110 5486 3501 5557 Tertullianutn
3545 5488 3787 5539 imitatus

2194 5556 2255 5609 Ι).
2286 5556 2621 5627 Cyprianus:
2663 5559 2855 5623 Qualia
2885 5566 3019 5621 sunt,
3058 5557 3227 5625 inquit
3255 5556 3383 5628 (Ubi
3428 5564 3629 5628 supral,
3668 5558 3783 5625 fra-

2190 5635 2292 5679 tres
2318 5630 2622 5691 charissimi,
2652 5630 2895 5680 orationis
2923 5627 3207 5680 Dominij
3232 5627 3594 5682 Sacramenta.
3629 5644 3787 5695 quam

2190 5701 2371 5771 multa,
2402 5717 2555 5771 quam
2585 5716 2774 5771 magna
2815 5699 3027 5771 breviter
3063 5700 3115 5751 in
3155 5715 3387 5771 sermrmie
3426 5696 3662 5771 collecta,
3692 5698 3786 5751 sed

2190 5768 2377 5821 virtute
2414 5768 2751 5839 spiritualiter
2778 5768 3028 5835 copiosa!
3072 5777 3124 5821 ut
3163 5770 3294 5822 nihil
3332 5768 3536 5819 omnino
3566 5777 3785 5839 preter-

2191 5841 2403 5891 missunt
2440 5838 2528 5907 sit,
2575 5840 2711 5908 quod
2760 5855 2863 5893 non
2908 5840 2961 5891 in
3004 5839 3239 5907 precibus
3275 5850 3426 5908 atque
3453 5838 3784 5892 orationibus
