4048 6198
262 433 370 491 789

1338 425 1684 492 COLLATIO
1721 427 1811 488 IX.
1841 457 1909 472 —
1939 427 2029 485 DE
2069 425 2444 488 ORATIONE.

3442 431 3551 494 πθ

264 553 387 618 tuit,
429 551 639 620 dicens,
675 551 841 608 Pam
877 559 1051 610 noster
1075 548 1289 620 (Matth.
1320 547 1420 618 vr),
1453 562 1556 618 qua
1588 546 1852 608 universi—
1879 552 1930 612 Α
1954 553 2068 604 tum
2099 544 2471 614 impendamus
2498 541 2773 605 allectum,
2805 539 3044 605 dicentes
3074 538 3145 606 ei,
3177 538 3547 611 Sanctipmur

264 644 392 704 tatis
420 644 590 704 Deum
621 658 685 702 ac
720 643 1005 706 Dominum
1038 641 1252 696 Patrem
1299 654 1418 696 esse
1448 653 1582 694 voce
1625 637 1847 708 propria

264 736 623 797 cottlitentes,
665 734 734 796 de
783 733 1093 794 conditione
1133 732 1310 787 servili
1341 739 1366 766 ε
1403 730 1456 784 in
1500 728 1846 800 adoptionem

264 825 503 882 lilinrum
545 839 642 880 nos
679 824 1000 894 profitemur
1028 823 1261 878 ascitos:
1294 821 1602 890 adjicientes
1629 819 1846 885 deinde,

261 919 349 987 qui
389 934 442 971 es
490 919 543 972 in
581 917 719 976 caelis
754 916 974 987 (Ibid),
1007 925 1063 970 ut
1101 913 1669 972 commemorationem
1725 912 1847 966 vitae

260 1010 550 1080 praesentis
577 1024 683 1080 qua
723 1010 778 1062 in
811 1008 909 1064 hac
951 1008 1196 1077 degimus
1233 1017 1398 1073 terra,
1430 1007 1582 1062 velut
1612 1005 1850 1076 peregri-

260 1115 410 1172 nam,
453 1110 615 1172 atque
653 1118 680 1155 a
710 1109 898 1157 nostro
929 1100 1087 1155 Patre
1116 1115 1215 1154 nos
1247 1100 1564 1170 longissime
1592 1112 1848 1168 separan-

259 1201 371 1247 tem
408 1204 520 1249 toto
551 1195 777 1250 horrore
807 1193 1057 1258 vitantes,
1088 1191 1152 1245 ad
1183 1191 1326 1245 illam
1368 1189 1547 1253 potius
1576 1190 1846 1257 regionem

259 1287 316 1344 in
347 1304 448 1358 qua
483 1288 694 1342 Patrem
723 1295 968 1348 nostrum
1006 1283 1333 1340 commorari
1367 1282 1618 1347 fatemur,
1642 1295 1850 1336 summo

259 1377 528 1433 desiderio
551 1393 931 1450 properemus,
957 1377 1198 1445 nihilque
1219 1375 1571 1428 admittamus
1588 1374 1846 1444 ejusmodi

251 1469 394 1540 quod
441 1471 691 1540 indignos
724 1485 828 1526 nos
857 1469 959 1524 hac
994 1478 1181 1523 nostra
1212 1468 1557 1538 professione
1600 1482 1661 1522 ac
1699 1467 1850 1524 nobi-

249 1541 401 1616 litate
444 1571 612 1618 tantte
664 1561 974 1631 adoptionis
1017 1560 1284 1627 efficiens,
1318 1570 1372 1615 et
1405 1561 1715 1616 haereditate
1756 1576 1850 1631 pa-

247 1661 406 1707 terna
433 1654 583 1708 velut
607 1655 909 1723 degeneres
937 1652 1140 1720 privet,
1165 1660 1219 1706 et
1245 1653 1374 1704 iram
1399 1667 1498 1705 nos
1523 1651 1849 1720 faciatjnsti-

249 1743 343 1798 tite
370 1745 491 1811 ejus
517 1760 582 1799 ac
610 1744 913 1800 severitatis
956 1743 1255 1799 incurrere.
1302 1742 1361 1798 ln
1408 1759 1567 1814 quem
1615 1744 1844 1799 ﬁliorum

250 1835 508 1892 Ordinem
537 1838 874 1907 gradumque
904 1839 1168 1905 provecti,
1205 1837 1295 1892 illa
1333 1838 1584 1892 continua
1613 1852 1732 1907 quae
1763 1847 1845 1891 est

1955 655 2138 696 nomen
2188 648 2332 696 tuum
2369 634 2594 708 (Ibid.),
2633 643 2876 696 nostrum
2913 632 3263 699 desiderium,
3295 642 3543 690 nostrum

1949 729 2230 799 gaudium,
2258 729 2486 799 gloriam
2513 728 2684 788 nostri
2714 726 2891 781 Patris
2915 739 3037 784 esse
3057 732 3342 790 testantes,
3361 725 3543 781 imita-

1952 830 2103 878 tores
2130 821 2306 878 efiecti
2337 821 2480 875 illius
2503 822 2592 890 qui
2621 819 2778 885 dixit,
2814 818 2917 884 Qui
2943 836 2973 872 a
3003 820 3270 890 semetipso
3291 819 3541 892 loquitur,

1951 912 2172 986 gloriam
2216 913 2480 984 prapriam
2527 913 2738 982 quierit;
2764 912 2852 982 qui
2893 920 3067 973 autem
3105 912 3286 978 quaerit
3325 910 3545 984 gloriam

1952 1007 2065 1075 ejus
2086 1007 2175 1078 qui
2204 1006 2342 1060 misit
2369 1005 2542 1071 illum,
2575 1005 2657 1059 hic
2684 1021 2840 1061 verax
2867 1015 2961 1073 est,
2997 1013 3045 1060 et
3083 1006 3337 1078 injustitia
3382 1008 3437 1062 in
3483 1023 3545 1062 eo

1902 1086 1911 1094 ’
1953 1115 2057 1156 non
2087 1107 2160 1152 est
2186 1095 2370 1170 (Joan.
2401 1100 2524 1166 vn).
2553 1097 2799 1167 Denique
2834 1097 2940 1151 Vas
2986 1097 3271 1156 electionis
3315 1099 3418 1154 hoc
3459 1114 3546 1154 re-

1952 1193 2130 1263 pletus
2153 1191 2369 1256 allectu,
2395 1191 2558 1245 etiam
2581 1187 2607 1228 ι)
2630 1190 2912 1244 anathema
2939 1188 3054 1244 ﬁeri
3077 1197 3273 1258 optata
3297 1188 3540 1256 Christo,

1952 1281 2248 1338 dummodo
2275 1281 2328 1335 ei
2358 1280 2560 1336 familia
2590 1281 2870 1349 multiplex
2900 1282 3232 1351 acquiratur,
3256 1290 3310 1335 et
3335 1282 3400 1336 ad
3425 1283 3540 1352 glo-

1947 1376 2089 1431 riam
2128 1375 2208 1430 sui
2257 1374 2434 1432 Patris
2471 1374 2620 1429 salus
2669 1373 2834 1428 totius
2879 1372 3188 1428 Israelitica:
3234 1372 3404 1441 plebis
3450 1387 3541 1428 ac-

1951 1476 2179 1524 crescat.
2206 1467 2443 1524 Securus
2467 1466 2610 1522 enim
2637 1472 2790 1534 optat
2814 1465 3040 1522 interire
3064 1481 3159 1533 pro
3185 1463 3420 1532 Christo,
3446 1464 3538 1534 qui

1949 1563 2098 1624 novit
2128 1562 2399 1616 neminem
2447 1560 2583 1614 mori
2626 1574 2782 1626 posse
2820 1574 2918 1627 pro
2955 1558 3065 1615 vita
3110 1559 3284 1626 (Rom.
3318 1561 3419 1628 rx).
3469 1559 3539 1614 Et

1947 1654 2166 1720 iterum,
2195 1651 2517 1719 Gaudemus,
2544 1654 2734 1722 inquit,
2758 1652 2963 1723 quando
2989 1669 3081 1707 nos
3110 1653 3304 1720 inﬁrmi
3331 1669 3534 1718 sumus,

1948 1763 2034 1801 uos
2062 1754 2230 1800 autem
2254 1755 2480 1814 potentes
2506 1747 2629 1800 estis
2656 1745 2722 1815 (ll
2746 1743 2865 1800 Cor.
2888 1742 3028 1815 xm).
3063 1745 3126 1802 Et
3156 1745 3284 1814 quid
3315 1745 3531 1812 mirum,

1948 1839 1993 1894 si
2025 1839 2130 1892 Vas
2161 1837 2444 1892 electionis
2487 1853 2585 1908 pro
2615 1837 2816 1893 Christi
2858 1838 3026 1907 gloria
3059 1843 3114 1894 et
3144 1837 3370 1892 fratrum
3408 1851 3536 1891 suo-

249 1930 309 1985 in
344 1931 504 1985 bonis
535 1930 670 1986 ﬁliis
699 1931 893 2000 pietate
925 1930 1286 2001 ﬂagrabimus,
1340 1941 1395 1984 nt
1437 1931 1546 2001 jam
1596 1946 1700 1986 non
1746 1945 1844 2000 pro
1874 1944 1923 2004 Β
1948 1945 2065 1986 rum
2093 1931 2469 1995 conversione,
2494 1930 2780 2000 gentisque
2802 1927 3080 2000 privilegio
3101 1929 3386 1986 anathema
3414 1928 3533 1984 fieri

247 2023 456 2078 nostris
502 2023 850 2091 utilitatibus,
877 2023 972 2080 sed
1010 2038 1108 2095 pro
1149 2024 1315 2079 nostri
1357 2023 1530 2078 Patris
1555 2024 1724 2094 gloria
1756 2033 1836 2080 to-

1941 2032 2092 2095 optat
2135 2040 2167 2080 a
2215 2022 2506 2091 Christo,‘
2535 2038 2657 2080 cum
2705 2023 2960 2084 Michaaas
3000 2038 3222 2094 quoque
3267 2022 3530 2094 propheta

1318 2178 1575 2234 ALARDI
1618 2178 1854 2235 GAZIEI
1891 2179 2456 2236 COMMENTARIUS.

252 2289 450 2365 nostris
476 2289 690 2365 celestis
731 2289 974 2365 doctrinm
1015 2292 1317 2365 compendio
1349 2295 1837 2365 comprehendatur.

252 2357 502 2437 penique
541 2360 599 2414 S.
632 2362 957 2437 Augustinus
994 2357 1153 2433 epist".
1188 2365 1284 2418 121
1319 2365 1382 2417 ad
1419 2357 1644 2418 Probata
1683 2363 1838 2437 (Cap.

252 2428 349 2498 12)
375 2448 388 2483 :
423 2430 486 2484 Si
510 2447 601 2500 per
619 2433 820 2499 omnia,
852 2434 954 2496 ait,
984 2428 1280 2487 sanctarum
1312 2437 1667 2500 precationum
1689 2428 1844 2489 ‘verba

247 2500 794 2576 discurrasquantum
831 2504 1068 2576 existimo
1091 2546 1106 2570 ,
1148 2505 1278 2559 nihil
1307 2507 1530 2559 invenies
1574 2506 1709 2576 quod
1741 2523 1844 2560 non

247 2568 355 2624 ista
385 2569 661 2624 Dominica
705 2574 961 2627 contineat
1001 2585 1049 2628 et
1089 2568 1366 2630 concludat
1409 2568 1595 2631 oratio:
1629 2579 1692 2630 Et
1723 2594 1842 2634 rur-

245 2654 374 2695 sum
407 2658 418 2693 :
458 2641 746 2707 Quamlibet
773 2643 878 2696 alia
907 2648 1053 2699 verba
1091 2648 1342 2712 dicamus,
1379 2648 1508 2699 nihil
1541 2648 1684 2699 aliud
1711 2648 1842 2701 dici-

249 2726 396 2774 mus,
439 2729 596 2777 quam
625 2714 680 2766 in
719 2715 820 2768 ista
850 2715 1124 2768 Dominica
1155 2719 1388 2770 oratione
1421 2719 1638 2785 positum
1675 2729 1767 2784 est,
1800 2720 1845 2770 si

248 2792 388 2857 recte
410 2794 455 2834 et
483 2794 819 2857 congruenter
848 2803 1072 2840 oramus.
1099 2787 1161 2839 4°
1186 2789 1385 2841 Ordine
1411 2799 1625 2853 priestat
1652 2805 1664 2840 :
1693 2790 1841 2857 quia,

250 2859 318 2904 ut
343 2854 416 2906 ait
443 2867 662 2907 sanctus
691 2856 946 2921 'l‘homas,
980 2859 1032 2909 in
1064 2860 1292 2910 oratione
1324 2857 1595 2911 Dominica
1632 2854 1731 2911 non
1764 2876 1846 2911 so-

255 2921 365 2998 lum
392 2933 639 2998 petuntur;
651 2927 823 2980 omnia
845 2944 958 2996 quae
982 2940 1113 2981 recte
1135 2929 1424 2981 desiderare
1448 2946 1738 2998 possumus,
1759 2929 1846 2982 sed

253 2996 410 3070 gtiam
435 3011 493 3070 eo
523 2995 705 3070 ordine
732 3014 834 3066 quo
859 2995 1211 3053 desideranda
1237 3011 1353 3052 sum
1379 2995 1516 3070 (232,
1550 3018 1602 3068 ιι.
1631 2998 1718 3061 85,
1743 3010 1842 3056 art.

256 3061 340 3135 9).
365 3064 542 3141 Primo
564 3067 706 3120 enim
733 3061 1007 3141 petuntur,
1025 3085 1146 3138 qua:
1167 3072 1230 3122 ad
1259 3071 1357 3124 Dei
1377 3061 1626 3141 gloriam,
1649 3070 1846 3126 deinde

255 3151 379 3206 qua:
404 3137 467 3190 ad
499 3147 739 3210 nostram
773 3139 996 3193 salutem
1029 3137 1328 3207 pertinent;
1358 3137 1410 3195 et
1441 3145 1492 3195 in
1522 3142 1587 3194 iis
1613 3144 1842 3210 primum

257 3220 490 3268 aeterna,
539 3207 738 3263 deinde
785 3212 1120 3277 temporalia.
1157 3211 1488 3266 Elﬁcacitate
1535 3207 1715 3269 etiam.
1750 3227 1845 3268 seu

258 3279 489 3332 utilitate
531 3291 751 3347 praestat
791 3298 802 3331 :
849 3280 1090 3352 Agnoscit
1135 3284 1268 3335 enim
1319 3281 1480 3337 Pater
1523 3284 1670 3337 verba
1719 3282 1848 3336 Filii

261 3363 376 3400 cum
404 3351 933 3423 pr'ecem_fundintus,
965 3352 1038 3404 ait
1063 3351 1382 3423 Cyprianus.
1423 3353 1493 3407 Et
1519 3372 1631 3407 cum
1661 3353 1840 3406 habea-

260 3434 374 3472 mus
424 3419 565 3496 apud
594 3419 806 3475 Patrem
858 3419 1171 3496 Advocatum
1215 3440 1308 3492 pro
1358 3427 1576 3496 peccatis
1624 3427 1842 3490 nostris,

262 3490 466 3558 quando
497 3501 785 3561 peccatores
824 3509 916 3560 pro
947 3493 1144 3548 delictis
1188 3490 1374 3548 nostris
1418 3497 1654 3561 petimus,
1679 3495 1847 3548 Advo-

262 3562 363 3614 cati
389 3563 572 3634 _nostri
622 3563 769 3617 verba
813 3563 1113 3634 promimus.
1153 3563 1294 3617 Nam
1339 3583 1454 3619 cum
1495 3567 1631 3619 dicat
1661 3582 1678 3620 .'
1711 3567 1845 3630 Quia

262 3632 618 3700 quodcumque
668 3632 912 3701 petieritis
968 3635 1021 3684 in
1068 3635 1272 3688 nomine
1317 3653 1446 3701 meo,
1497 3638 1635 3689 dabit
1687 3638 1842 3699 vobis,

263 3714 454 3775 quanto
480 3703 727 3772 eﬂitacius
755 3707 1110 3775 impetramus,
1147 3707 1288 3775 quod
1330 3709 1542 3773 petimus
1573 3709 1625 3760 in
1656 3706 1844 3762 Christi

263 3774 572 3846 natizirte,_si
618 3774 846 3846 petamus
889 3775 1052 3846 ipsius
1094 3774 1369 3846 (oratione?
1417 3780 1472 3832 S.
1518 3779 1844 3846 Augustinus

265 3841 453 3898 bomil.
481 3844 554 3899 42
594 3841 734 3899 inter
767 3845 836 3900 50
860 3863 872 3898 :
897 3845 1055 3902 Spem
1081 3845 1327 3901 habemus
1358 3841 1652 3902 obtinenda:
1680 3862 1848 3900 causa:

264 3925 474 3972 πυκιναὶ.
508 3916 716 3984 quando
749 3917 867 3968 talis
910 3916 1247 3986 Jurisperitus
1295 3919 1439 3972 nobis
1479 3935 1651 3986 preces
1687 3918 1849 3970 dicta-

263 3987 357 4043 uit,
390 3986 473 4046 qui
505 3988 646 4040 sedet
675 3987 741 4039 ad
771 3989 1029 4056 dexteram
1064 3987 1254 4040 Patris.
1290 3986 1412 4056 Ipse
1453 3999 1527 4042 est
1563 3989 1847 4042 Advocatus

265 4066 458 4128 noster,
492 4057 849 4128 quiuenturus
888 4068 960 4111 est
988 4055 1162 4128 Iudex
1200 4055 1370 4112 noster
1399 4058 1682 4128 (Bt'llttl’tll-
1716 4059 1848 4113 lib.t

266 4124 332 4197 d_e
378 4125 510 4178 Bon.
561 4127 716 4197 Oper.
757 4143 872 4195 cap.
908 4144 986 4189 tv,
1019 4127 1285 4182 Durantus
1331 4124 1417 4184 lib;
1465 4146 1499 4182 ιι
1550 4131 1610 4183 de
1649 4129 1848 4184 Ritibus

275 4193 478 4266 Eccles.
500 4193 618 4264 εορξ
649 4197 765 4266 46).
797 4193 1076 4253 Pustremo
1106 4200 1323 4254 excellit
1349 4201 1510 4255 etiam
1538 4202 1650 4254 Itmc
1677 4204 1847 4254 oratio

274 4265 616 4320 necessitate.
664 4265 790 4321 eam
838 4271 980 4323 enim
1029 4285 1216 4324 omnes
1271 4271 1562 4326 Christiani
1608 4273 1752 4325 scire
1796 4281 1849 4325 et

272 4333 581 4403 frequenter
601 4337 780 4393 dicere
802 4341 1016 4394 debent.
1050 4340 1106 4395 S.
1132 4342 1381 4395 Clemens
1407 4343 1497 4395 lib.
1525 4358 1592 4395 vtt
1618 4342 1845 4395 Constit.

271 4406 700 4481 Apostolicarunt
735 4409 888 4479 (Cap.
921 4409 1014 4481 25)
1042 4410 1604 4475 monetChristianos,
1631 4422 1690 4467 ut
1729 4428 1846 4465 eam

271 4485 354 4550 ter
385 4477 434 4529 in
463 4478 550 4533 die
583 4477 910 4534 recitentJn
942 4477 1170 4535 concilio
1198 4481 1458 4535 Toletann
1478 4499 1530 4536 1v
1549 4499 1668 4536 catt.
1704 4483 1736 4536 9
1761 4484 1850 4550 ju-

270 4547 466 4626 bentur
493 4552 793 4626 presbyteri
810 4567 883 4626 ac
913 4553 1095 4606 czeteri
1124 4553 1306 4606 clerici
1337 4556 1638 4626 orationum
1672 4547 1849 4607 Domi-

272 4624 469 4691 nicam,
506 4624 630 4686 quia
673 4624 981 4690 quotidiana
1026 4626 1201 4676 oratio
1231 4634 1333 4688 est,
1367 4625 1603 4691 quotidie
1645 4626 1845 4678 dicere.

275 4687 516 4766 genique
538 4691 589 4766 in
617 4687 845 4766 concilio
873 4692 1122 4766 Bentensi
1147 4709 1265 4761 cap.
1291 4687 1327 4748 Ξ
1348 4712 1358 4746 :
1379 4687 1527 4748 Nulli
1559 4693 1848 4750 Christiano

274 4755 429 4810 licere
453 4761 733 4832 orationem
755 4764 1073 4816 Dominicam
1104 4773 1192 4816 aut
1216 4755 1320 4816 non
1348 4775 1513 4819 tenere
1541 4768 1845 4832 memoriter,

273 4837 364 4881 aut
389 4845 490 4904 non
518 4831 821 4904 intelligere,
849 4841 938 4887 aut
959 4851 1068 4904 non
1100 4834 1436 4904 frequentare.

349 4909 375 4976 ξι
404 4900 481 4976 l_ta
514 4901 570 4956 S.
596 4901 915 4972 Cyprianus,
942 4900 1380 4976 Chrysostomus,
1417 4907 1747 4976 Augustinus
1791 4916 1844 4960 et

1873 3599 1920 3660 C

1947 2307 2061 2377 tum
2093 2299 2480 2380 explicandum
2511 2313 2736 2357 necesse
2772 2297 2937 2354 fuerit
2967 2298 3166 2368 aliquid
3211 2299 3428 2356 luminis
3456 2303 3526 2359 ab

1945 2381 2024 2422 elS
2059 2381 2235 2421 mutua
2247 2386 2310 2422 ΓΙ.

2019 2437 2047 2475 b
2078 2440 2357 2504 Quomodo
2390 2439 2680 2509 Apostolus
2728 2439 2929 2510 optarit
2956 2440 3240 2493 anathema
3274 2453 3395 2494 esse
3421 2457 3523 2510 pro

1945 2507 2202 2580 fratribus
2227 2511 2358 2576 suis,
2394 2507 2451 2564 id
2477 2519 2582 2574 est,
2613 2509 2899 2575 lsraelitis,
2935 2510 3150 2580 Moyses
3189 2514 3317 2565 item
3351 2507 3523 2568 deleri

1947 2579 2015 2634 de
2057 2581 2192 2634 libro
2238 2583 2383 2647 vitm,
2414 2590 2471 2634 ut
2497 2581 2697 2636 Judaeis
2726 2582 3077 2644 peccantibus
3124 2583 3522 2650 ignosceretur,

1947 2664 2066 2703 cum
2098 2652 2232 2704 ordo
2271 2653 2548 2706 charitatis
2577 2653 2806 2720 postulet
2841 2664 2894 2704 ut
2922 2667 3069 2704 suam
3097 2654 3323 2722 quisque
3354 2656 3522 2723 magis

1947 2732 2096 2787 Optet
2141 2733 2193 2774 et
2229 2734 2481 2790 procuret
2512 2728 2736 2775 salutem
2767 2738 2928 2789 quam
2975 2725 3225 2790 proximi,
3260 2741 3364 2778 non
3415 2741 3523 2780 uno

1947 2790 2156 2867 modos
2176 2791 2494 2867 doctoribus
2521 2794 2843 2867 explicatur.
2865 2792 3002 2867 Nam
3017 2794 3141 2867 _d_iv.
3167 2794 3523 2867 Hieronymus

1949 2861 2001 2913 in
2035 2861 2260 2926 epistola
2309 2861 2374 2914 ad
2423 2863 2687 2928 Algasiam
2718 2861 2912 2930 (Epist.
2948 2861 3091 2930 115),
3117 2861 3404 2918 anathema
3438 2869 3525 2924 hic

1947 2931 2144 3006 accipit
2177 2945 2288 3006 pro
2303 2931 2579 3006 occisione
2607 2932 2877 3006 corporali
2911 2951 2923 2984 ;
2952 2933 3102 2997 Quod
3131 2936 3289 2999 enim,
3321 2937 3518 3006 inquit,

1947 3004 2226 3056 anathema
2271 3003 2529 3056 interdum
2575 3003 2878 3056 occisionem
2917 3014 3080 3066 sonet,
3125 3007 3299 3060 multis
3341 3003 3523 3064 veteris

1948 3069 2289 3127 Instrumenti
2338 3075 2639 3128 testimoniis
2699 3072 2908 3142 probari
2949 3084 3129 3142 potest.
3182 3076 3379 3132 Verum
3437 3080 3523 3134 hic

1945 3146 2367 3200 Commentarios
2391 3145 2776 3214 Chrysostomo
2803 3157 2854 3197 et
2878 3147 2995 3200 aliis
3023 3161 3128 3200 non
3161 3150 3435 3212 probatur,
3466 3159 3524 3204 et

1946 3215 1997 3288 ei
2026 3231 2346 3288 repugnare
2375 3216 2589 3288 videtur
2619 3217 2762 3284 quod
2795 3217 3060 3286 sequitur,
3085 3235 3116 3270 a
3156 3217 3381 3283 Christo,
3414 3236 3520 3288 quo

1951 3287 2162 3342 videtur
2193 3287 2394 3357 aliquid
2440 3287 2654 3359 gravius
2681 3288 2973 3356 significari
3007 3299 3182 3342 morte
3217 3292 3518 3359 corporali;

1947 3361 2221 3428 neminem
2260 3361 2399 3414 enim
2432 3359 2551 3428 quis
2585 3358 2788 3412 dixerit
2816 3374 2912 3427 pro
2943 3359 3194 3414 fratribus
3227 3358 3514 3428 mortuum,

1948 3444 1976 3482 a
2007 3427 2220 3484 Christo
2261 3427 2790 3483 anathematizatnm.
2840 3430 2944 3483 Alii
2982 3439 3214 3497 censent}
3244 3441 3347 3485 tam
3375 3427 3520 3500 Apo-

1948 3503 2148 3554 stolum
2195 3517 2351 3568 quam
2393 3500 2610 3570 Moysen
2654 3501 2999 3570 hyperbolice
3039 3503 3108 3554 ita
3155 3503 3410 3566 locutum,
3451 3503 3518 3557 ad

1949 3585 2103 3645 suum
2134 3571 2186 3624 in
2213 3570 2704 3645 Ι[ιιιιειιοεμειιῒειξιιῃη
2733 3580 2788 3623 et
2811 3572 3514 3645 amorem.gxprinn-ndum.

1949 3641 2132 3708 Neque
2160 3640 2321 3701 enim,
2358 3640 2456 3708 qui
2477 3641 2634 3706 paulo
2664 3651 2787 3691 ante
2811 3638 3027 3699 dixerat
3054 3638 3201 3708 (Cap.
3236 3643 3376 3706 vni),
3398 3641 3517 3694 Cer-

1949 3718 2032 3762 tus
2050 3706 2168 3763 sum
2190 3708 2324 3775 quod
2346 3706 2492 3760 nulla
2517 3719 2752 3760 creatura
2777 3710 2962 3776 poterit
2985 3725 3064 3761 me
3085 3706 3323 3776 separare
3348 3726 3378 3761 a
3399 3709 3518 3763 cha-

1947 3781 2100 3832 ritate
2147 3778 2262 3840 Dei,
2293 3791 2407 3847 qua:
2431 3785 2506 3830 est
2534 3780 2587 3830 in
2613 3777 2813 3847 Christo
2837 3776 2986 3847 Jesu,
3019 3780 3198 3847 statim
3230 3780 3297 3830 ah
3335 3793 3400 3831 eo
3431 3795 3517 3834 re-

1949 3864 2074 3902 vera
2113 3846 2312 3901 divelli
2347 3856 2595 3914 optaret;
2630 3847 2724 3898 sed
2766 3846 3153 3914 hyperbolicus
3189 3863 3368 3902 sermo
3407 3859 3512 3916 est,

1949 3919 2121 3988 qualis
2141 3927 2195 3970 et
2224 3917 2440 3987 Moysis.
2460 3917 2563 3970 Alii
2591 3917 2820 3988 denique
2844 3916 3170 3985 respondent
3196 3919 3514 3986 Apostolum

1950 3987 2055 4045 noli
2089 3999 2306 4057 optasse
2331 3988 2646 4055 simpliciter
2667 3987 2984 4050 anathema;
3019 4004 3194 4056 neque
3224 3993 3366 4042 enim
3391 3995 3466 4044 ait
3497 4009 3512 4047 :

1949 4062 2087 4131 Opto
2116 4059 2398 4114 anathema
2445 4073 2566 4114 esse
2617 4073 2713 4131 pro
2753 4058 3040 4131 fratribus,
3085 4061 3202 4122 sed,
3240 4060 3511 4128 optabam,

1950 4129 2055 4198 vel,
2087 4143 2142 4186 ut
2171 4131 2261 4185 alii
2291 4137 2507 4183 vertunt
2536 4146 2596 4183 ex
2630 4129 2840 4197 Graeco,
2871 4130 3126 4195 Optarim;
3153 4141 3210 4184 ut
3242 4141 3512 4198 tamquam

1951 4203 2003 4257 in
2047 4205 2244 4257 amoris
2284 4205 2483 4256 exstasi
2507 4210 2555 4254 et
2582 4216 2805 4256 excessu
2838 4201 3160 4256 constitutus
3185 4201 3381 4256 dixerit
3409 4217 3424 4255 :
3458 4200 3514 4258 Si

1953 4274 2068 4328 fieri
2098 4283 2301 4342 posset,
2331 4286 2392 4326 ac
2420 4272 2626 4337 liceret,
2661 4287 2718 4325 se
2749 4286 2844 4339 pro
2873 4271 2986 4325 suis
3021 4285 3218 4342 cupere
3247 4290 3272 4323 a
3295 4271 3514 4329 ChriSto

1952 4345 2209 4412 separari.
2242 4343 2345 4399 Sed
2379 4342 2464 4397 hic
2497 4356 2688 4397 sensus
2719 4342 2832 4396 fere
2859 4357 2980 4395 cum
3013 4344 3335 4407 prarcedenti
3365 4347 3514 4399 coin-

1952 4418 2102 4471 cidit.
2135 4413 2394 4468 Similiter
2423 4423 2477 4466 et
2503 4414 2711 4483 Moyses
2733 4429 2838 4467 non
2868 4413 3183 4479 simpliciter
3216 4415 3388 4468 voluit
3415 4415 3512 4468 de-

1951 4487 2051 4540 leri
2081 4485 2150 4540 de
2179 4486 2315 4539 libro
2353 4484 2476 4538 vitae
2510 4503 2522 4537 :
2555 4485 2646 4537 sed
2682 4493 2740 4537 ut
2770 4487 2990 4538 omnino
3027 4485 3337 4551 impetraret
3370 4485 3510 4549 quod

1952 4557 2193 4626 petebat,
2227 4556 2469 4623 petitioni
2496 4570 2608 4610 sum
2641 4554 2690 4608 id
2721 4554 3042 4623 di~junctive
3069 4554 3334 4626 adiunxit,
3366 4558 3511 4621 quod

1951 4625 2158 4682 sciebat
2211 4628 2375 4681 Deum
2429 4641 2535 4680 non
2597 4639 2718 4680 esse
2770 4625 3054 4678 iacturum.
3103 4625 3283 4692 Itaque
3322 4625 3510 4691 partim

1954 4697 2151 4752 amoris
2166 4696 2418 4765 impulsu,
2434 4712 2536 4764 quo
2557 4696 2669 4749 suis
2692 4699 2829 4751 bene
2843 4698 3082 4762 Optabat,
3098 4696 3292 4762 partim
3319 4696 3510 4750 tiducia

1953 4769 2007 4823 in
2040 4769 2203 4820 Deum
2233 4768 2510 4833 singulari,
2537 4782 2639 4828 qua
2661 4766 2759 4820 sibi
2788 4767 2922 4822 bene
2944 4767 3302 4836 persuadebat
3324 4781 3384 4820 se
3407 4783 3510 4821 non

1953 4853 2075 4894 esse
2101 4839 2386 4893 delendum
2415 4837 2483 4891 de
2511 4837 2652 4891 libro
2679 4839 2801 4891 vita:
2834 4839 2940 4892 :ita
2972 4848 3056 4893 est
3082 4838 3314 4900 locutus,
3346 4848 3406 4892 ut
3434 4838 3513 4891 al-

1955 4921 2128 4963 terum
2153 4908 2295 4976 quod
2318 4908 2431 4961 suis
2458 4908 2730 4976 poscebat,
2763 4922 2794 4960 a
2822 4908 2934 4962 Deo
2965 4917 3338 4977 praestaretur;
3365 4907 3514 4963 velut

269 4968 364 5024 alii
395 4969 588 5027 docent
635 4968 689 5028 iri
719 4968 964 5030 oratione
988 4968 1276 5047 (Dorninica
1323 4968 1714 5032 Deum'vocari
1745 4977 1844 5032 Pa-
1868 4976 1923 5037 D
1945 4979 1991 5035 si
2013 4979 2131 5047 quis
2157 4968 2331 5032 amico
2362 4968 2472 5032 sibi
2493 4968 2810 5032 charissimo
2839 4968 2983 5034 dicai
3003 4980 3138 5034 :Aut
3163 4979 3268 5033 hoc
3289 4968 3510 5046 pia-asta,

273 5049 407 5094 trem
465 5055 709 5098 nostrum
766 5061 870 5099 non
925 5046 1096 5100 solum
1150 5047 1354 5101 ratione
1392 5048 1705 5113 ert-alienis,
1741 5048 1835 5103 sed

270 5114 538 5179 pra-cipue
584 5116 793 5170 ratione
842 5116 1162 5184 adoptionis.
1193 5120 1284 5172 Est
1315 5119 1454 5173 enim
1506 5120 1619 5173 haec
1667 5117 1838 5172 oratio

273 5184 487 5261 propria
519 5185 952 5261 Christianorum
981 5205 994 5240 :
1028 5189 1290 5261 siquidem
1332 5189 1534 5261 lndteis
1565 5198 1618 5241 ut
1645 5192 1836 5253 servis,

272 5252 472 5307 dictum
501 5257 659 5330 estin
684 5267 874 5330 monte
901 5259 1025 5313 Sina
1059 5252 1220 5330 iEgo
1247 5276 1363 5330 sum
1404 5260 1656 5330 Dominus
1680 5252 1841 5330 (Heus

274 5326 514 5401 {numqui
537 5327 693 5401 educi
710 5338 757 5381 te
778 5327 842 5382 de
867 5340 1002 5401 terra
1033 5326 1254 5399 zEngti
1279 5329 1476 5399 (Exod.
1509 5329 1625 5398 xx).
1649 5329 1756 5384 Nos
1789 5338 1845 5382 ut

273 5391 368 5445 filii
413 5391 571 5451 orare
596 5397 850 5465 juhemur
883 5418 895 5453 :
928 5398 1083 5454 Pater
1110 5391 1394 5464 noster‘qui
1435 5416 1484 5452 es
1513 5402 1562 5452 in
1584 5391 1756 5466 'cazlis,
1790 5407 1848 5453 ut

273 5473 426 5517 notat
457 5467 564 5519 div.
617 5469 950 5536 Augustinus
996 5472 1088 5524 lib.
1139 5487 1174 5524 ll
1218 5469 1283 5522 de
1313 5472 1490 5526 Serm.
1536 5471 1743 5525 Domini
1789 5473 1840 5524 in

274 5546 481 5591 monte.
506 5536 681 5592 l‘orro
709 5555 828 5593 cmn
853 5557 1038 5594 omnes
1065 5540 1176 5595 fere
1211 5541 1396 5595 Patres
1415 5556 1511 5594 nec
1543 5559 1646 5594 non
1680 5544 1844 5594 Evan-

274 5606 537 5678 geliornnt
567 5608 893 5678 interpretes
934 5614 1234 5666 orationem
1289 5611 1619 5664 Dominicam
1668 5614 1840 5665 diser-

279 5677 484 5731 tissime
510 5690 568 5732 et
595 5677 1001 5736 accuratissime
1020 5683 1369 5748 exposuerint
1395 5680 1664 5748 (Bellaria.
1685 5698 1845 5751 supra

279 5760 393 5819 cap.
427 5752 508 5816 b),
541 5765 998 5817 supervacaneum
1045 5756 1278 5806 arbitror
1325 5756 1611 5819 quidquam
1645 5755 1710 5807 iis
1753 5753 1846 5806 ad-

278 5815 430 5891 dere,
469 5815 564 5872 aut
609 5815 784 5873 eorun
838 5822 1206 5891 scripta,—qna:
1255 5815 1450 5891 passim
1476 5815 1644 5877 obvia
1699 5834 1842 5890 sunt,

280 5883 433 5944 hisce
463 5892 874 5946 commentariis
915 5883 1176 5960 inserefe,
1200 5883 1305 5948 nisi
1339 5899 1600 5964 quatenus
1630 5895 1695 5949 ad
1729 5883 1844 5972 texf

1935 5059 2027 5108 aut
2049 5049 2296 5104 amicitia:
2318 5049 2585 5102 renuntia.

2017 5129 2037 5156 ο
2070 5117 2185 5172 Non
2215 5119 2354 5186 quod
2377 5127 2588 5187 optaret
2610 5119 2874 5188 propheta
2902 5117 3120 5189 mentiri
3150 5116 3226 5189 (id
3249 5115 3392 5189 enim
3415 5132 3513 5189 per

1943 5206 2003 5248 se
2053 5191 2251 5244 malum
2302 5197 2384 5243 est
2429 5199 2484 5244 et
2527 5187 2831 5258 peccatum,
2860 5197 2914 5244 et
2957 5187 3080 5242 Non
3124 5187 3242 5240 sunt
3273 5188 3512 5256 facienda

1945 5261 2096 5332 mala
2128 5267 2184 5313 ut
2234 5261 2466 5332 eveniant
2493 5261 2646 5332 bona
2669 5259 2844 5332 (Rom.
2874 5258 2985 5326 ιιι),
3005 5258 3123 5332 sed_
3151 5259 3509 5332 optabat_non

1949 5331 2165 5388 evenire
2195 5331 2336 5400 quod
2361 5327 2703 5398 praedicebat,
2737 5333 2943 5384 malens
2973 5327 3290 5397 prophetico
3317 5328 3513 5392 Spiritu

1950 5417 2140 5459 carere
2158 5444 2172 5468 ,
2207 5415 2312 5470 quo
2335 5401 2465 5454 nihil
2493 5403 2608 5455 falsi
2638 5402 2928 5465 pri-edicere
2954 5408 3198 5468 poterat,
3223 5413 3380 5466 quam
3410 5412 3510 5466 po-

1950 5475 2061 5545 puli
2089 5474 2171 5527 sui
2202 5473 2565 5545 calamitatem
2607 5479 2660 5523 et
2699 5472 3286 5545 captivitatenlreveru
3325 5482 3514 5545 conse-

1945 5539 2191 5600 cuturam
2222 5541 2516 5608 praevidere
2538 5550 2693 5610 atque
2716 5541 3131 5611 prtudicere.Sic
3155 5539 3308 5611 volgo
3331 5539 3513 5591 dicere

1948 5617 2188 5669 soletnus
2209 5636 2220 5668 :
2241 5613 2458 5668 Utinam
2489 5609 2754 5666 mentiar!
2786 5614 2986 5664 nlinatn
3021 5613 3120 5663 sint
3156 5609 3318 5660 falsus
3342 5617 3510 5671 vates!

1949 5687 2036 5740 Est
2063 5688 2205 5740 enim
2235 5687 2349 5738 hinc
2382 5683 2986 5750 locutio.provcrbia|is,
3018 5695 3119 5756 qua
3147 5679 3518 5756 quisindica;

1949 5769 2097 5811 Certo
2135 5764 2391 5809 eventura
2428 5769 2544 5824 quae
2575 5756 2721 5819 dicit,
2757 5762 2810 5808 et
2843 5770 2902 5807 ea
2945 5768 3002 5806 se
3052 5750 3512 5826 invitum'tlicere,

1951 5838 2005 5880 et
2036 5837 2222 5895 optare
2249 5843 2352 5880 non
2385 5842 2504 5880 esse
2534 5833 2640 5880 tam
2675 5838 2853 5890 certa;
2882 5839 2985 5879 non
3015 5824 3154 5892 quod
3179 5830 3329 5892 optet
3357 5824 3514 5877 men;

1954 5897 2178 5966 tiri,sed
2203 5899 2324 5969 quia
2367 5913 2486 5966 quae
2517 5904 2620 5952 scit
2648 5907 2913 5954 eventura
2940 5895 3101 5952 vellet
3129 5909 3234 5950 non
3269 5895 3510 5949 evenire.
