4054 6186
527 266 626 325 791

1590 261 1870 321 JOANNIS
1904 260 2219 321 CASSIANI
2258 262 2753 323 COLLATIONES.

3722 269 3829 327 732

530 383 694 440 vellet
726 395 786 439 se
815 382 1129 439 mendacem
1175 380 1314 447 ﬁeri,
1346 390 1400 436 et
1439 380 1507 434 ab
1550 379 1909 450 inspiratione
1950 382 2121 436 sancti
2149 389 2201 449 Α
2225 390 2311 438 cet
2339 396 2446 451 quo
2472 380 2713 451 quotidie
2738 378 2989 435 Christus
3016 389 3203 451 regnat
3224 382 3280 436 in
3306 382 3532 447 sanctis,
3564 384 3714 454 quod
3750 385 3823 441 ita

530 476 773 545 Spiritus
806 476 1068 542 alienum,
1101 472 1393 528 dummodo
1428 473 1615 543 plagas
1647 472 1767 527 illas
1812 480 1870 527 et
1897 474 2129 541 captivi-

528 568 657 623 tatis
686 568 851 623 exitia
883 583 1003 638 qua:
1030 581 1127 621 sua
1175 565 1559 619 vaticinatione
1604 564 1947 634 praedixerat,
1978 564 2130 634 plebs

466 716 469 717 ν
529 661 770 717 Ιυειειίοειι
812 660 1049 715 nationis
1083 658 1319 713 evadat:
1354 657 1589 721 Utinam,
1623 658 1891 727 inquiens,
1922 674 2024 710 non
2051 674 2129 710 es-

530 770 635 809 sem
668 755 744 806 vir
774 753 963 806 habens
988 752 1247 819 spiritum,
1274 758 1323 803 et
1353 748 1673 802 mendacium
1701 750 1869 817 potius
1896 750 2130 819 loquerer

531 846 777 917 (Michte.
824 844 922 913 tt).
972 843 1041 899 Ut
1091 844 1574 913 praetermittamus
1621 844 1769 897 illum
1803 842 2129 911 legislatoris

530 936 805 1003 affecmm,
838 935 1075 1005 quicum
1107 934 1362 989 fratribus
1398 934 1511 988 suis
1537 932 1699 987 etiam
1736 933 1988 1001 perituris
2019 948 2127 987 non

529 1030 715 1084 renuit
751 1028 997 1090 interire,
1043 1027 1227 1081 dicens
1269 1044 1281 1079 :
1330 1026 1570 1089 Obsecro,
1620 1023 1858 1089 Domine,
1907 1025 2129 1093 peccauit

532 1119 759 1191 papulas
802 1120 897 1175 iste
934 1129 1194 1189 peccatum
1234 1132 1519 1190 magnum;
1548 1124 1639 1170 aut
1670 1116 1868 1169 dimitte
1895 1116 1968 1169 eis
2000 1116 2130 1168 hanc

532 1229 744 1275 noxam,
788 1219 879 1265 aut
923 1211 969 1264 si
1006 1228 1108 1265 non
1138 1212 1289 1281 facis,
1321 1209 1433 1264 dele
1466 1225 1542 1263 me
1573 1209 1636 1262 de
1673 1208 1802 1261 libro
1853 1217 1941 1260 tuo
1979 1222 2130 1277 quem

534 1305 788 1375 scripsisti
816 1302 1015 1374 (Exod.
1046 1302 1238 1372 usu).
1267 1308 1290 1334 ⁸
1316 1303 1500 1357 Potest
1525 1312 1705 1356 autem
1733 1316 1971 1370 congrue
1998 1301 2131 1357 satis

534 1398 667 1453 illud
700 1398 841 1467 quod
874 1398 1091 1461 dicitur,
1138 1397 1491 1464 sancti/icetur
1540 1411 1721 1448 nomen
1769 1403 1933 1459 tuum,
1968 1395 2129 1447 etiam

536 1491 720 1544 taliter
749 1490 922 1559 accipi
950 1508 962 1541 :
997 1489 1363 1544 Sanctiﬁcatio
1394 1487 1488 1541 Dei
1522 1496 1702 1539 nostra
1734 1484 1995 1555 perfectio
2025 1493 2127 1538 est.

537 1584 723 1653 Itaque
768 1584 1010 1638 dicentes
1048 1582 1119 1649 ei,
1161 1580 1527 1649 Sanctiﬁcetur
1577 1593 1759 1631 nomen
1800 1587 1968 1641 tuum,
2012 1576 2131 1631 aliis

538 1678 720 1732 verbis
750 1677 852 1730 hoc
890 1676 1123 1730 dicimus
1149 1692 1162 1727 :
1191 1672 1349 1729 Tales
1378 1687 1476 1726 nos
1499 1672 1682 1737 facito,
1720 1670 1895 1735 Pater,
1927 1679 1987 1723 ut
2010 1684 2131 1723 san-

2232 476 2290 531 ﬂt
2315 491 2439 531 cum
2476 475 2675 530 diaboli
2706 475 2935 545 imperio
2959 491 3055 543 per
3076 476 3489 532 exstinctionem
3532 476 3820 535 fetentium

2230 570 2485 625 vitiorum
2516 568 2584 623 de
2612 568 2814 623 nostris
2858 570 3120 625 cordibus
3156 571 3333 641 pulso,
3375 571 3520 627 Deus
3560 573 3615 627 in
3658 574 3816 630 nobis

2233 680 2327 734 per
2355 664 2616 717 virtutum
2650 662 2851 717 bonam
2880 664 3232 732 lragrantiam
3264 667 3498 735 cmperit
3520 665 3809 735 dominari,

2232 765 2285 811 et
2314 756 2525 810 devicta
2550 756 2912 811 fornicatione
2927 757 3441 827 castitas,superato
3467 759 3653 815 furore
3676 770 3811 816 tran-

2231 848 2491 917 quillitas,
2528 847 2733 902 calcata
2766 849 3017 917 superbia
3053 850 3350 917 humilitas,
3378 851 3431 906 in
3462 862 3644 908 nostra
3666 871 3811 910 men-

2235 948 2286 992 te
2328 938 2638 1007 regnaverit
2667 955 2681 993 :
2708 940 2790 995 vel
2823 950 2973 995 certe
3004 940 3133 996 illud
3168 943 3310 1011 quod
3347 946 3647 1012 praestituto
3676 958 3807 1003 tem-

2233 1046 2365 1101 pore
2406 1032 2661 1087 omnibus
2708 1042 2791 1088 est
2821 1036 3077 1103 perfectis
3108 1051 3171 1091 ac
3199 1037 3290 1092 Dei
3335 1038 3460 1092 tiliis
3488 1042 3808 1109 generaliter

2233 1128 2649 1195 repromissum,
2681 1126 2733 1181 in
2764 1143 2871 1198 quo
2915 1130 2995 1183 eis
3026 1129 3235 1185 dicetur
3270 1145 3299 1184 a
3339 1130 3577 1200 Christo,
3610 1133 3807 1201 Venite,

2235 1216 2487 1273 benedicti
2512 1217 2686 1272 Patris
2728 1220 2848 1285 mei,
2878 1222 3135 1281 possidete
3167 1229 3409 1291 paratum
3442 1222 3583 1277 robis
3600 1241 3809 1294 regnum

2236 1312 2655 1364 aconstitutione
2704 1312 2883 1364 mundi
2938 1310 3155 1381 (Matth.
3213 1310 3360 1383 xxv),
3414 1313 3634 1368 intentis
3689 1316 3810 1372 illuc

2234 1402 2633 1472 quodammodo
2663 1402 2941 1459 obtutibus
2972 1418 3033 1457 ac
3073 1403 3265 1458 deﬁxis
3315 1404 3599 1459 desideriis
3625 1422 3810 1475 exspe~

2236 1502 2389 1547 etans
2418 1494 2715 1563 dicensque
2746 1495 2812 1549 ad
2850 1511 2971 1551 eum
3006 1514 3017 1547 :
3050 1495 3238 1549 Veniat
3268 1513 3483 1568 regnum
3514 1507 3678 1552 tuum.
3708 1499 3809 1555 No-

2238 1587 2309 1641 vit
2334 1588 2476 1642 enim
2510 1587 2821 1642 testimonio
2850 1587 3197 1643 conscientia:
3229 1604 3363 1654 suas,
3390 1605 3513 1643 cum
3553 1606 3810 1659 apparue-

2237 1680 2329 1742 rit,
2363 1694 2486 1733 mox
2514 1680 2631 1747 ejus
2663 1694 2722 1735 se
2752 1681 2986 1734 futurum
3014 1695 3136 1735 esse
3165 1692 3497 1737 consortem.
3524 1682 3650 1738 Haec
3674 1685 3809 1739 enim

541 1772 925 1826 ctilicationem
957 1779 1104 1824 tuam
1133 1770 1218 1823 vel
1262 1768 1560 1836 intelligere
1582 1774 1783 1836 quanta
1810 1763 1899 1832 sit,
1940 1766 2022 1819 vel
2044 1780 2134 1821 ca-
2162 1771 2209 1831 B
2235 1770 2417 1825 dicere
2476 1772 2556 1826 vel
2608 1781 2796 1841 optare
2869 1773 3289 1828 criminosorum
3344 1774 3522 1829 nullus
3580 1776 3807 1846 audebit,

544 1878 680 1938 pere
704 1877 1036 1926 mereamur,
1062 1861 1145 1916 vel
1169 1871 1337 1927 certe,
1363 1871 1421 1915 ut
1448 1861 1499 1913 in
1526 1868 1705 1913 nostra
1723 1860 2137 1916 conversatione

542 1954 773 2022 spiritali
804 1964 1023 2007 sanctus
1053 1967 1336 2022 appareas.
1368 1950 1521 2017 Quod
1547 1959 1675 2004 tunc
1702 1952 1993 2005 ellieaciter
2034 1950 2133 2004 im-

543 2046 720 2114 pletur
747 2045 799 2098 in
833 2045 1012 2110 nobis,
1047 2044 1261 2113 quando
1302 2044 1476 2097 vident
1504 2042 1735 2096 homines
1767 2058 1924 2111 apera
1960 2051 2137 2096 nostra

542 2139 695 2204 bona,
728 2146 776 2191 et
806 2136 1100 2209 gloriﬁcant
1138 2136 1348 2191 Patrem
1393 2144 1627 2190 nostrum
1665 2136 1753 2201 qui
1794 2136 1850 2188 in
1887 2134 2026 2189 cmlis
2063 2142 2135 2189 est

544 2230 757 2303 (.ttattlt.
791 2229 871 2301 v).

1146 2322 1376 2379 CAPUT
1416 2320 1557 2377 XIX.

724 2416 803 2471 De
830 2433 889 2471 eo
913 2417 1050 2486 quod
1072 2416 1220 2479 dicit,
1255 2416 1505 2468 Adueniat
1536 2430 1755 2485 regnum
1785 2422 1948 2467 tuum.

616 2506 645 2545 ι’
676 2508 922 2563 Secunda
958 2510 1145 2577 petitio
1179 2507 1378 2561 mentis
1403 2506 1702 2575 purissima:
1733 2506 1994 2561 advenire
2018 2505 2132 2576 jam

549 2602 765 2670 jamque
793 2617 1017 2669 regnum
1052 2601 1135 2655 sui
1164 2600 1341 2654 l’atris
1371 2608 1610 2669 exeptat,
1648 2611 1667 2638 ε
1700 2600 1785 2654 vel
1810 2599 1939 2654 illud
1978 2600 2129 2654 scili-

2238 1862 2361 1930 quia
2403 1877 2501 1916 nec
2544 1862 2727 1917 videre
2760 1864 2994 1918 tribunal
3022 1864 3223 1932 judicis
3250 1864 3412 1930 volet,
3442 1866 3689 1938 quisquis
3716 1868 3811 1922 sub

2240 1956 2475 2010 adventu
2511 1957 2628 2023 ejus
2657 1974 2761 2011 non
2794 1959 3025 2027 palmam
3063 1974 3161 2013 nec
3193 1959 3411 2028 prmmia
3441 1960 3555 2015 suis
3591 1961 3807 2029 meritis,

2238 2047 2333 2103 sed
2367 2063 2580 2118 ptenam
2607 2052 2755 2104 novit
2780 2050 3022 2119 protinus
3046 2051 3461 2117 repensandam.

2853 2141 3079 2197 CAPUT
3102 2141 3221 2196 ΧΧ.

2492 2250 2569 2287 be
2597 2250 2657 2287 eo
2679 2234 2814 2303 quod
2840 2235 2963 2287 dicit
2997 2249 3014 2287 :
3046 2231 3171 2286 Fiat
3194 2234 3433 2288 voluntas
3465 2243 3572 2287 tua.

2310 2324 2491 2380 Tertia
2513 2324 2540 2361 ἀ
2563 2325 2885 2396 supplicatio
2909 2324 3141 2379 filiorum
3172 2335 3275 2393 est,
3296 2322 3415 2377 Fiat
3442 2326 3675 2379 voluntas
3706 2339 3804 2391 tua,

2238 2418 2366 2473 sicut
2394 2417 2447 2470 in
2478 2418 2603 2470 caelo
2642 2426 2688 2470 et
2717 2418 2770 2469 in
2811 2424 2968 2469 terra.
3006 2415 3120 2469 Non
3149 2426 3324 2485 potest
3353 2431 3472 2470 esse
3499 2418 3605 2484 jam
3647 2420 3812 2485 major

2235 2509 2431 2574 oratio,
2463 2525 2622 2578 quam
2646 2520 2837 2579 optare
2860 2520 2915 2563 ut
2944 2518 3155 2564 terrena
3185 2508 3812 2563 mereantur-caelestibus

2237 2603 2531 2671 coaequari.
2561 2601 2693 2656 Nam
2739 2602 2869 2672 quid
2900 2602 3149 2656 estaliud
3196 2602 3510 2670 dicere,ﬁat
3563 2601 3797 2655 roluntas

1638 2780 1893 2836 ALARDI
1932 2782 2163 2841 GAZEI
2201 2781 2762 2841 COMMENTARIUS.

552 2948 627 3003 Ita
656 2947 764 3002 div.
792 2946 1155 3016 Hieronymus
1187 2943 1432 3013 exponit,
1464 2952 1519 3016 et
1546 2940 2118 3016 verbis_Apostolii_ti-

551 3021 675 3071 item
707 3019 961 3080 illustrat,
990 3012 1141 3087 quasi
1189 3012 1448 3086 propheta
1476 3014 1679 3087 diceret
1719 3012 1919 3067 Jttdazis
1948 3031 1961 3087 ς
2000 3012 2127 3067 Non

552 3107 634 3141 me
680 3090 868 3153 putetis
917 3085 1167 3143 volerttem
1193 3085 1375 3153 loqui,
1404 3095 1448 3139 et
1489 3085 1771 3153 pnrdicare
1816 3085 2128 3153 gaudentem

553 3155 689 3227 quod
713 3170 982 3212 venturum
1024 3160 1167 3211 rideo
1198 3169 1464 3227 :optarem
1508 3167 1554 3207 et
1595 3157 1709 3227 ipse
1722 3155 1999 3227 anathema
2022 3172 2130 3209 esse

554 3224 651 3298 pro
675 3230 919 3299 fratribus
951 3232 1095 3292 meis,
1121 3230 1205 3294 qui
1230 3224 1349 3281 sunt
1376 3226 1645 3299 Israelita’.
1689 3224 1895 3299 Utinam
1935 3226 1997 3279 de
2021 3243 2129 3280 meo

2306 2954 2329 2983 ο
2363 2943 2441 2998 lta
2474 2942 2717 2997 nonnulli
2738 2941 2878 2996 hanc
2906 2942 3225 3011 petitionem
3253 2948 3535 3010 exponunt
3564 2941 3632 2996 de
3661 2957 3820 3008 regno

2232 3014 2349 3079 Dei,
2380 3016 2521 3084 quod
2551 3014 2748 3069 dicitur
2780 3030 3004 3083 regnum
3046 3016 3257 3082 gratias,
3291 3029 3397 3080 quo
3439 3013 3588 3068 Deus
3632 3014 3821 3070 dicitur

2237 3087 2291 3141 in
2325 3086 2585 3141 cordibus
2615 3101 2679 3139 ac
2710 3086 2984 3139 mentibus
3006 3085 3277 3153 jnstorum
3308 3099 3539 3152 regnare
3572 3099 3671 3154 per
3700 3086 3822 3139 cha-

2233 3158 2449 3228 ritatem
2482 3168 2531 3212 et
2559 3158 2786 3225 gratiam
2812 3157 2992 3228 ,juxta
3037 3156 3165 3210 illud
3218 3157 3374 3208 Luca:
3414 3172 3517 3209 avu
3548 3175 3559 3208 :
3595 3156 3823 3228 Regnum

2236 3226 2338 3281 Dei
2358 3230 2495 3281 intra
2527 3245 2611 3281 vos
2641 3238 2710 3281 est
2746 3227 2945 3293 (Ambr.
2974 3227 3064 3280 lib.
3098 3244 3128 3279 v
3158 3228 3221 3281 de
3243 3228 3484 3281 Sacram.
3521 3244 3569 3280 c.
3613 3226 3687 3290 IV,
3721 3228 3824 3281 liu-

556 3296 708 3355 sensu
739 3302 989 3376 loquerer,
1022 3309 1070 3353 et
1111 3302 1244 3376 inter
1266 3296 1739 3369 pseudoprophetas
1788 3298 1957 3365 potius
1994 3314 2129 3376 cont—
2163 3354 2206 3376 η
2239 3308 2370 3376 pert.
2406 3302 2457 3352 in
2488 3315 2604 3367 cap.
2638 3315 2692 3376 vi
2713 3297 2950 3376 Matth).
2982 3299 3084 3376 Sed
3118 3299 3252 3351 hanc
3280 3298 3821 3376 expositionem-im-

560 3383 768 3441 putatus
802 3367 962 3426 'solus
1011 3367 1325 3441 periretn,'ct
1378 3367 1476 3421 non
1530 3377 1695 3421 essent
1740 3382 1859 3420 vera
1910 3383 2021 3436 qua:
2048 3367 2132 3419 di-
2162 3367 2208 3416 υ
2242 3367 2439 3441 probat
2482 3381 2535 3424 et
2590 3372 2771 3422 multis
2823 3371 3121 3423 rationibus
3167 3370 3407 3423 conl‘ntat
3460 3369 3820 3424 Bellarminus

561 3460 621 3495 co
645 3443 665 3495 !
686 3453 790 3497 etc.

635 3515 661 3542 ⁸
690 3514 823 3567 Tres
872 3513 922 3567 in
957 3514 1061 3566 hoc
1101 3512 1277 3582 capite
1324 3510 1480 3564 aﬂ'ert
1527 3507 2144 3582 expositiones‘primm

562 3586 708 3639 illius
738 3585 1007 3653 petitionis
1034 3602 1047 3638 :
1074 3578 1444 3647 Satictiﬁcetur
1482 3596 1689 3653 nomeng
1708 3590 1874 3653 tuum.
1905 3578 2143 3653 Quarum

566 3650 749 3722 prima
771 3655 1003 3709 refertur
1033 3656 1095 3707 ad
1131 3656 1358 3723 gloriam
1392 3653 1627 3705 nominis
1667 3650 1780 3711 Dei,
1812 3666 1971 3717 quam
2006 3652 2143 3723 peti-

565 3744 685 3779 ntus
708 3728 1091 3789 inclarescere,
1114 3722 1393 3795 ampliari,
1420 3733 1475 3778 ct
1503 3723 1761 3795 illustrari
1790 3722 1863 3795 ab
1893 3722 2143 3795 omnibus

565 3806 622 3849 et
652 3800 790 3866 apud
820 3813 1027 3851 omnes.
1064 3798 1139 3851 De
1170 3792 1272 3864 qua
1304 3796 1551 3861 superius
1581 3794 1749 3866 dicit;
1783 3792 2034 3845 Nostrum
2056 3792 2146 3845 de-

566 3862 845 3934 siderium,
880 3881 1109 3922 nostrum
1138 3862 1420 3937 gaudium].
1440 3866 1661 3937 gloriam
1707 3862 1883 3917 Patris
1924 3879 2035 3937 esse
2071 3873 2146 3916 te-

566 3949 776 3994 stantes.
803 3941 970 4005 Quem
995 3935 1214 3992 sensum
1244 3935 1462 3995 secutus
1492 3936 1601 3990 div.
1634 3936 1965 4003 Augustinus
1986 3935 2075 3988 lib.
2108 3950 2143 3988 tt

568 4010 637 4062 de
662 4011 839 4066 Serm.
866 4010 1077 4063 Domini
1115 4027 1125 4060 :
1158 4008 1279 4062 Non
1315 4009 1409 4070 sic,
1443 4007 1637 4075 inquit,
1673 4008 1882 4072 petitur,
1914 4006 2144 4075 sanctiﬁ-

568 4090 709 4134 cetur
738 4098 918 4134 nomen
946 4090 1109 4143 tuum,
1140 4080 1285 4149 quasi
1314 4094 1415 4149 non
1445 4078 1509 4129 sit
1524 4074 1764 4149 sanctum
1784 4092 1975 4149 nomen
2026 4074 2143 4149 Dei,

569 4152 661 4203 sed
682 4163 736 4204 ut
760 4160 995 4205 sanctum
1024 4145 1271 4203 habentur
1299 4148 1362 4200 ab
1394 4146 1706 4211 hominibus,
1739 4145 1793 4196 id
1818 4154 1915 4208 est,
1945 4146 2017 4196 ita
2039 4146 2144 4197 illis

570 4226 867 4285 innatescttt,
900 4229 955 4272 ut
1004 4238 1106 4273 non
1157 4222 1445 4272 existiment
1465 4217 1667 4286 aliquid
1704 4228 1957 4277 sanctum,
2006 4216 2145 4285 quod

572 4292 737 4360 magis
767 4291 1028 4357 o/fendere
1068 4292 1299 4343 timeant.
1330 4288 1510 4360 Altera
1540 4286 1831 4360 expositio,
1855 4296 1925 4360 Διιι
1947 4288 2145 4360 sancti-

574 4356 767 4414 licetur
799 4356 849 4413 in
883 4360 1059 4423 nobis,
1098 4361 1147 4412 id
1181 4369 1285 4421 cst,
1310 4358 1479 4410 sancti
1509 4358 1699 4422 simus,
1734 4356 1819 4409 vel
1855 4357 1904 4407 in
1948 4356 2147 4409 sancti-

572 4439 682 4482 tate
735 4445 1142 4498 perseveremus
1176 4446 1188 4480 :
1220 4432 1366 4497 quia,
1413 4429 1604 4495 inquit.
1654 4428 1998 4498 sanctiﬁcatio
2053 4426 2146 4481 Dei

572 4497 747 4553 nostra
777 4501 1022 4570 perfectio
1050 4511 1143 4553 est.
1166 4500 1240 4554 Ita
1268 4498 1629 4553 Tertullianus
1652 4509 1705 4551 et
1733 4499 1789 4553 S.
1823 4497 2143 4570 Cyprianus.

576 4568 783 4625 Verum
804 4572 914 4625 lucc
935 4572 1201 4639 eXpositio
1230 4570 1405 4625 minus
1429 4570 1721 4639 probabilis
1743 4568 2145 4637 apparet,qnod

574 4642 869 4695 Secundum
918 4657 1036 4694 eam
1087 4642 1201 4697 haec
1253 4642 1439 4709 petitio
1486 4641 1674 4695 eadem
1720 4641 1991 4709 videretur
2025 4654 2147 4693 esse

572 4727 695 4793 cum
728 4722 906 4795 tertia,
939 4712 1151 4795 dicente
1192 4708 1452 4795 Apostolo
1475 4712 1533 4783 (Ι
1576 4710 1769 4795 Thess;
1791 4708 1884 4791 tv):
1918 4709 2046 4763 Harc
2072 4718 2147 4790 est
2173 4734 2226 4795 Β

572 4784 706 4836 enim
736 4786 969 4837 voluntas
1006 4784 1097 4837 Dei
1130 4780 1493 4850 sanctiﬁcatio
1513 4794 1696 4836 vestra.
1727 4782 1907 4835 Tertia
1933 4780 2151 4847 exposi-

574 4854 668 4916 tio,
698 4866 753 4907 nt
784 4871 845 4907 ex
884 4864 1065 4908 nostra
1096 4856 1233 4908 bona
1262 4855 1676 4908 conversatione
1709 4865 1762 4908 et
1788 4851 1941 4905 bonis
1969 4850 2151 4919 operi-

574 4928 675 4977 hus
705 4930 1071 4979 sancttlicetnr
1092 4938 1143 4980 et
1171 4925 1505 4995 gloriﬁcetur
1534 4940 1729 4977 nomen
1764 4922 1855 4995 Dei
1878 4922 1953 4995 ab,
1972 4922 2152 4995 omni-

576 4998 695 5063 bus,
733 4996 873 5066 quod
923 4997 1044 5050 aliis
1086 4993 1265 5051 verbis
1295 4994 1508 5050 monuit
1538 4996 1782 5050 Christus
1813 4993 2044 5066 Mattluei
2076 5010 2106 5047 v
2137 5008 2151 5045 :

584 5066 666 5119 Sic
721 5065 890 5121 luceat
938 5069 1030 5121 lux
1080 5079 1244 5121 vestra
1280 5084 1453 5120 coram
1492 5067 1815 5130 hominibus,
1864 5072 1917 5116 ttt
1950 5065 2154 5117 videant

571 5153 728 5209 opera
755 5148 920 5193 vestra
952 5139 1106 5205 bona,
1141 5150 1185 5191 ct
1218 5137 1511 5209 gloriﬁcent
1554 5134 2032 5209 Ratremvestrum,
2064 5133 2152 5203 qui

474 5256 477 5259 λ
570 5208 621 5259 in
644 5210 781 5261 cwlis
798 5220 892 5263 est.
912 5210 975 5261 Et
1006 5211 1197 5263 l’elrus
1220 5206 1497 5276 apostolus
1523 5206 1719 5273 prioris
1745 5207 1912 5273 Epist.
1934 5219 2055 5276 cap.
2073 5219 2142 5258 ll:

572 5276 1015 5332 Conrersationem
1048 5275 1270 5331 vestram
1296 5279 1431 5329 inter
1470 5276 1910 5346 gentes-habentes
1939 5275 2142 5335 bonum,

466 5346 479 5406 ’ί
571 5353 699 5401 utin
738 5366 796 5402 eo
837 5352 973 5419 quod
998 5350 1282 5401 detrectant
1311 5348 1371 5400 de
1401 5348 1559 5413 vobis,
1596 5357 1853 5419 tamquam
1884 5348 1947 5398 de
1988 5346 2145 5419 ntale-

570 5415 872 5488 [actoribus',
906 5436 969 5471 ea:
998 5420 1141 5472 bonis
1170 5419 1411 5483 operibus
1441 5433 1527 5469 vos
1573 5418 1953 5469 considerantes
1984 5415 2149 5485 glori-

570 5487 723 5555 ﬁcent
757 5491 916 5541 Deum
946 5494 994 5539 in
1026 5490 1107 5540 die
1153 5490 1481 5541 risitationis.
1528 5488 1638 5541 Hoc
1674 5487 1832 5540 modo
1872 5494 2147 5551 exponunt

564 5559 800 5684 Erillus
848 5559 1119 5614 catechesi
1176 5558 1210 5611 5
1261 5568 1317 5613 et
1340 5559 1762 5628 Chrysostomus
1822 5559 1871 5610 in
1932 5570 2051 5624 cap.
2096 5572 2146 5610 vt

621 5640 824 5683 τιιιιωι.

621 5630 824 5683 attltmi.

640 5698 666 5773 β
702 5700 832 5773 Fide
865 5700 1282 5773 Annotationem
1309 5700 1531 5773 Cnycltii
1561 5699 1625 5753 ad
1655 5713 1773 5768 cap.
1795 5699 1861 5753 19
1884 5696 2068 5753 collat.
2092 5698 2147 5768 9,

566 5768 855 5829 subafinem
886 5769 1084 5832 operis.

2248 3438 2331 3511 (C.
2362 3444 2416 3509 6,
2448 3440 2650 3508 supra).
2682 3442 2776 3495 sed
2806 3457 2865 3495 ea
2896 3442 3185 3510 praecipue.
3216 3442 3355 3509 quod
3390 3455 3615 3510 regnum
3643 3442 3824 3510 gratias

2249 3528 2353 3566 non
2395 3514 2466 3565 sit
2508 3512 2653 3565 aliud
2700 3528 2859 3577 quam
2893 3513 3198 3565 obedientia
3227 3522 3277 3565 et
3326 3512 3639 3565 observatio
3692 3512 3821 3580 legis

2249 3582 2365 3645 Dei,
2401 3598 2494 3637 seu
2527 3583 2805 3637 exsecutio
2847 3583 3042 3636 divinae
3082 3583 3371 3636 voluntatis
3406 3600 3419 3636 :
3452 3584 3677 3650 proinde
3696 3599 3825 3637 cnn-

2250 3653 2564 3709 funderetur
2602 3655 2714 3707 hmc
2744 3655 2933 3723 petitio
2963 3670 3083 3709 cum
3115 3656 3291 3708 tertia.
3320 3653 3509 3706 Melius
3541 3657 3715 3723 itaque
3742 3654 3824 3707 in-

2248 3726 2501 3794 tetlagitnr
2543 3725 2611 3779 de
2654 3740 2821 3793 regno
2870 3726 3078 3793 gloriae,
3137 3740 3233 3780 seu
3279 3725 3535 3779 felicitate
3591 3737 3814 3792 arterna,

2247 3812 2407 3864 quam
2438 3797 2668 3863 petimus
2712 3798 2863 3848 nobis
2889 3797 3166 3861 advenire,
3200 3796 3251 3850 id
3279 3806 3384 3859 est,
3411 3805 3533 3863 post
3563 3796 3701 3850 hanc
3739 3797 3823 3849 v2-

2248 3877 2355 3920 tam
2382 3871 2733 3934 contingere;
2768 3866 3042 3933 quomodo
3073 3868 3319 3920 Salvator
3351 3869 3683 3934 przccepitut
3716 3868 3828 3934 pri-

2248 3954 2386 3990 mum
2413 3954 2709 4008 quwramus
2724 3954 2937 4008 regnum
2961 3938 3074 3990 Dei.
3100 3936 3253 4008 Untle.
3281 3948 3333 3990 et
3351 3938 3469 4008 idiv.
3501 3937 3829 4007 Auguszinus

2248 4011 2314 4062 ad
2364 4010 2594 4062 Probum
2625 4011 2641 4077 (
2670 4007 2836 4075 EpiSt.
2898 4008 2963 4061 12
3009 4025 3123 4075 cap.
3154 4007 3209 4062 Η
3241 4008 3257 4077 )
3292 4025 3304 4059 :
3340 4007 3680 4069 Desiderium,
3724 4008 3825 4073 ait,

2248 4089 2483 4133 nostrum
2536 4082 2604 4131 ad
2650 4080 2781 4131 illud
2817 4096 3029 4150 regnum
3077 4082 3375 4141 excitamus,
3413 4090 3470 4130 ut
3518 4081 3647 4132 illud
3682 4078 3825 4131 nobis

2250 4154 2412 4203 uernat
2445 4161 2596 4219 atque
2624 4152 2675 4203 in
2701 4168 2759 4202 eo
2788 4166 3077 4221 regnemus.
3120 4150 3272 4215 Quod
3319 4159 3373 4203 et
3414 4150 3822 4221 Sedulius_pre-

2248 4223 2506 4364 sgytegac
2531 4230 2683 4291 poeta
2702 4219 3341 4291 hisccversihuscgregie
3364 4219 3818 4291 depinxit(Carns.

2274 4312 2285 4344 l
2328 4308 2406 4345 ,ιι
2466 4310 2479 4346 :

2274 4308 2339 4345 l0.
2373 4308 2430 4346 ll)
2466 4310 2479 4346 ζ

2342 4409 2583 4458 Adveniat
2604 4421 2812 4468 regnum
2828 4408 3018 4468 jamjam
3035 4419 3233 4468 quoque
3251 4405 3430 4468 scilicet
3454 4404 3573 4453 illud

2344 4471 2501 4519 Morte
2528 4467 2716 4528 vacans,
2748 4477 2798 4519 et
2824 4467 3129 4528 linocarens,
3156 4471 3237 4517 cui
3262 4467 3383 4517 nulla
3411 4480 3495 4526 per
3517 4478 3674 4514 aevum

2343 4533 2585 4592 Tempora
2606 4533 2897 4589 succedunt,
2915 4533 3027 4592 quia
3053 4534 3211 4579 nescit
3231 4540 3415 4588 tempus
3438 4528 3641 4592 habere,

2342 4590 2608 4645 Continuus
2630 4600 2737 4641 sine
2764 4601 2905 4641 nocte
2930 4590 3061 4652 dies;
3089 4596 3189 4649 ubi,
3217 4595 3431 4654 principe
3447 4590 3656 4648 Christo,

2341 4656 2520 4705 Nobile
2546 4663 2789 4717 perpetua
2809 4664 2951 4715 caput
2973 4656 3300 4717 amplectente
3319 4666 3519 4717 corona,

2342 4718 2507 4766 Victor
2524 4715 2679 4779 opima
2706 4717 2875 4766 ferens
2897 4715 3130 4777 gaudebit
3156 4719 3359 4778 ‘prtemia
3384 4715 3541 4764 miles.

2324 4842 2350 4881 ἀ
2381 4843 2615 4898 Tertiam
2639 4842 2958 4911 petitionem
2988 4842 3251 4895 orationis
3274 4840 3570 4894 Dominica:
3596 4838 3830 4903 duplici-

2254 4925 2337 4971 ter
2366 4916 2607 4981 cxponit.
2642 4910 2829 4967 Primo
2869 4922 2924 4966 ut
2956 4924 3197 4977 petamus
3222 4911 3338 4966 ﬁeri
3376 4912 3469 4965 Dei
3496 4910 3831 4964 voluntatem

2255 4988 2308 5042 in
2342 4987 2522 5051 terris,
2572 4984 2710 5038 sicut
2759 4986 2810 5038 in
2850 4983 3026 5050 cmlo;
3064 4982 3112 5036 id
3154 4992 3256 5046 est,
3302 4992 3361 5035 ut
3399 4982 3537 5036 sicut
3587 4984 3637 5035 in
3688 4981 3832 5041 cmlo

2255 5059 2430 5124 angeli
2458 5058 2627 5111 sancti
2659 5057 2767 5109 Deo
2800 5066 3070 5123 prompte,
3102 5065 3155 5106 et
3196 5055 3456 5119 perfecte,
3487 5052 3625 5124 etin
3660 5053 3833 5106 numi-

2259 5122 2359 5183 bns
2390 5128 2668 5192 ohediunt,
2695 5127 2765 5180 ita
2801 5122 2854 5180 et
2893 5126 3139 5179 homines
3191 5126 3240 5178 in
3282 5133 3427 5177 terra
3485 5122 3559 5176 illi
3595 5124 3835 5190 perfecte

2256 5200 2515 5255 obcdiant
2542 5200 2800 5267 (August.
2843 5196 2932 5250 lib.
2962 5211 3000 5267 ιι
3049 5197 3112 5249 de
3148 5193 3326 5267 ASerm.
3356 5192 3507 5247 Dom.
3541 5211 3671 5267 cap.
3696 5194 3753 5267 ιι
3791 5202 3836 5267 et

2250 5274 2391 5337 epist.
2428 5270 2526 5323 121
2552 5264 2627 5321 ad
2657 5264 2923 5335 Probum).
2952 5265 3207 5337 Secundo
3230 5275 3286 5318 ut
3306 5265 3597 5333 impleatur
3622 5266 3709 5337 illa
3742 5264 3833 5337 ltei

2253 5333 2640 5409 v'olttntas.qua
2672 5333 2965 5409 secundum
2992 5336 3307 5409 Apostplum
3331 5340 3439 5388 vult
3467 5352 3647 5409 omnes
3666 5333 3832 5409 homi-

2250 5430 2339 5466 nes
2366 5412 2532 5464 salvos
2556 5401 2749 5479 ﬁeri,et
2762 5412 2829 5462 ad
2848 5401 3407 5479 agnitionem't'eritatis
3438 5408 3603 5459 uenire
3632 5408 3672 5475 (Ι
3693 5404 3829 5458 Tim.

2250 5485 2332 5551 ιι).
2366 5477 2585 5537 Scilicet
2614 5477 2895 5551 quantum
2923 5480 2973 5531 in
3007 5494 3064 5532 se
3087 5487 3189 5551 est,
3224 5486 3277 5530 et
3306 5477 3605 5551 voluntate,
3648 5486 3707 5551 ut
3734 5492 3832 5527 vo-

2252 5548 2395 5618 cant,
2429 5548 2806 5608 antecedente.
2842 5550 3036 5603 Verum
3086 5548 3202 5602 lucc
3246 5548 3516 5618 expositio
3555 5548 3716 5599 nimis
3751 5562 3835 5618 re-

2255 5616 2439 5679 stricta
2479 5635 2531 5678 et
2565 5625 2907 5693 particularis
2946 5631 3049 5693 est.
3085 5622 3229 5693 A_lias
3282 5617 3654 5693 expositiones
3711 5616 3835 5693 vide

2252 5699 2389 5766 apud
2424 5685 2808 5749 Bella'rminum
2832 5703 2885 5748 ct
2915 5692 3052 5746 alios
3078 5690 3407 5762 (Damascen.
3432 5689 3517 5740 lib.
3554 5702 3588 5741 ιι
3618 5687 3684 5740 de
3704 5685 3835 5751 Fide

2250 5787 2362 5839 cap.
2394 5768 2501 5837 i9).
