4048 6198
155 275 258 333 793

1240 267 1583 326 COLLATIO
1621 268 1714 325 1X.
1747 299 1817 310 —
1847 268 1935 325 DE
1973 268 2344 329 ORATIONE.

3323 289 3425 345 ’ἴθι

151 403 240 446 tua
274 392 406 445 sicut
435 406 489 442 ιιι
529 386 655 443 caelo
695 395 742 440 et
771 387 824 440 in
864 393 1021 453 terra,
1051 399 1212 456 quam
1261 394 1316 439 ut
1346 387 1455 438 sint
1483 384 1731 439 homines
1758 392 1813 449 Α
1835 386 2147 456 agnitionem
2177 387 2407 443 veritatis
2440 392 2610 444 venire
2640 390 2686 460 (Ι
2719 391 2850 454 Tim.
2887 391 2972 461 ιι).
3016 393 3090 449 De
3121 411 3223 465 qua
3266 414 3426 455 etiam

150 483 358 538 similes
404 479 642 550 angelis;
683 487 738 534 et
775 478 918 532 sicut
955 477 1202 532 voluntas
1239 476 1336 530 Dei
1366 475 1434 530 ab
1477 475 1584 529 illis
1632 474 1734 528 im-

154 575 338 644 pietur
364 573 419 628 in
452 572 613 638 ccelo,
635 572 708 626 ita
755 570 918 626 etiam
969 569 1023 623 hi
1063 567 1157 638 qui
1197 569 1248 622 in
1282 576 1424 622 terra
1451 575 1595 631 sunt,
1625 582 1735 623 non

149 681 332 731 suam,
364 663 462 719 sed
491 663 607 733 ejus
648 661 961 716 universam
993 660 1193 714 faciant
1223 658 1593 713 voluntatem?
1623 657 1736 713 Hoc

148 770 374 829 quoque
414 769 574 811 nemo
616 770 683 810 ex
732 753 925 808 aﬂectu
971 751 1152 807 dicere
1188 750 1521 819 praevalebit,
1555 750 1657 804 nisi
1688 749 1736 805 is

148 851 306 904 solus
334 848 424 918 qui
451 847 622 902 Deum
656 844 827 901 credit
859 845 1040 898 omnia
1077 859 1198 912 qua:
1242 841 1496 896 videntur
1523 842 1606 896 vel
1635 842 1735 896 ad~

148 955 314 997 versa
358 942 443 995 vel
472 953 731 1010 prospera
773 951 869 1007 pro
908 934 1109 990 nostris
1147 933 1472 989 utilitatibus
1515 933 1736 1004 dispen-

147 1050 302 1100 sare,
333 1035 614 1104 magisque
647 1047 765 1086 eum
798 1045 894 1100 pro
917 1044 1139 1084 suorum
1161 1029 1334 1084 salute
1353 1038 1407 1083 et
1432 1029 1736 1085 commodis

147 1127 438 1198 providum
469 1139 631 1196 atque
659 1123 970 1188 sollicitum,
999 1137 1158 1192 quam
1186 1138 1284 1178 nos
1314 1122 1462 1192 ipsos
1492 1137 1613 1177 esse
1638 1139 1736 1190 pro

147 1221 330 1276 nobis.
366 1220 463 1276 Vel
511 1227 658 1275 certe
684 1217 844 1273 aliter
889 1216 1264 1286 accipiendum
1300 1234 1313 1268 :
1348 1217 1609 1272 Voluntas
1639 1216 1737 1271 Dei

145 1316 304 1370 salus
332 1314 568 1369 omnium
597 1320 701 1378 est,
733 1311 1036 1367 secundum
1066 1310 1216 1365 illam
1250 1310 1395 1365 beati
1421 1310 1575 1364 Pauli
1607 1325 1735 1366 sen-

146 1407 399 1474 tentiam,
438 1406 539 1471 Qui
561 1420 740 1460 omnes
778 1404 1011 1458 homines
1051 1401 1159 1457 vult
1205 1401 1376 1456 salvos
1416 1403 1552 1471 ﬁeri,
1587 1415 1633 1456 et
1669 1404 1737 1458 ad

1837 477 2120 534 voluntate
2151 480 2312 536 Isaias
2344 490 2605 553 propheta
2637 499 2702 539 ex
2735 500 2962 555 persona
2991 487 3086 541 Dei
3125 487 3327 556 Patris,
3363 493 3429 546 Et

1839 579 1866 607 ⁸
1895 573 2060 627 omnis
2082 617 2096 643 ,
2124 574 2326 643 inquit,
2358 576 2595 630 voluntas
2637 593 2748 630 mea
2791 578 2877 646 ﬁet
2909 576 3089 650 (Isaia:
3127 580 3294 647 xcvr).
3340 583 3425 636 Di-

1840 675 2028 720 centes
2052 682 2183 736 ergo
2220 667 2270 721 ei
2306 684 2320 721 :
2353 667 2476 722 Fiat
2513 668 2748 723 voluntas
2779 679 2866 723 tua
2905 671 3034 724 sicut
3059 672 3113 724 in
3142 673 3268 726 caelo
3300 683 3347 726 et
3376 675 3430 728 in

1841 767 1999 824 terra,
2028 758 2131 813 hoc
2158 775 2279 814 eum
2309 760 2430 815 aliis
2453 777 2670 817 oramus
2690 765 2890 831 verbis,
2916 775 2975 818 ut
2997 765 3134 820 sicut
3161 765 3216 821 hi
3243 768 3334 837 qui
3372 768 3426 823 in

1840 849 1981 903 cmlo
2021 859 2167 915 sunt,
2201 851 2270 904 ita
2309 866 2502 906 omnes
2543 853 2633 921 qui
2678 856 2730 908 in
2764 863 2905 910 terra
2941 857 3266 926 consistunt,
3302 869 3412 927 tua,

1842 941 2022 1008 Pater,
2051 943 2325 1012 agnitione
2351 945 2648 999 salventur.

2450 1036 2677 1093 CAPUT
2710 1038 2854 1094 XXI.

2007 1128 2086 1184 De
2109 1146 2238 1201 pane
2262 1131 2767 1200 supersubstantiali,
2801 1135 2904 1187 sive
2925 1134 3252 1204 quotidiana.

1915 1221 2118 1278 Deinde
2149 1221 2176 1260 δ
2211 1240 2396 1292 panem
2447 1234 2679 1278 nostrum
2716 1227 2995 1295 ἐπιούσιον,
3027 1229 3078 1283 id
3118 1238 3221 1297 est,
3248 1245 3429 1300 super-

1838 1313 2234 1368 substantialem
2263 1314 2332 1368 da
2362 1315 2507 1370 nobis
2537 1318 2692 1370 hodie
2736 1318 2951 1389 (Matth.
2983 1320 3079 1390 vi).
3106 1322 3257 1386 Quod
3288 1323 3428 1378 alius

1838 1407 2166 1476 evangelista
2192 1408 2551 1478 quotidianum
2580 1408 2711 1463 dixit
2734 1408 2911 1466 (Lucae
2930 1414 3026 1479 ιιι).
3058 1413 3206 1468 Illam
3231 1415 3426 1470 nobili-

1245 1561 1500 1630 ALARDI
1538 1562 1771 1620 GAZEI
1807 1563 2368 1624 COMMENTARIUS.

219 1694 247 1722 ι
295 1681 659 1752 Distinguitur
698 1695 728 1735 a
755 1679 1033 1752 theologis
1076 1678 1296 1752 duplex,
1321 1678 1572 1752 voluntas
1613 1678 1731 1744 Dei,

143 1757 320 1811 altera
347 1749 598 1808 voluntas
629 1751 789 1820 signi,
820 1749 984 1805 altera
1019 1749 1342 1818 beneplaciti
1365 1749 1451 1818 (S.
1484 1750 1668 1804 Thom.
1697 1765 1732 1804 ιι

144 1845 229 1898 p.,
260 1843 318 1895 ιι.
347 1827 516 1898 19,49
559 1822 969 1898 ll)._Voluntas
1015 1823 1152 1898 signi
1185 1820 1436 1898 dicuntur
1465 1829 1733 1898 praecepta

145 1890 639 1965 et'p'rohibitiones
685 1892 948 1965 Dei,_sive
994 1890 1272 1965 quidquid
1305 1891 1442 1965 Deus
1489 1893 1736 1960 praecipit

146 1961 254 2020 aut
277 1965 529 2034 prohibet
562 1982 574 2015 :
608 1965 748 2016 sicut
793 1963 1006 2016 litteras
1028 1965 1178 2034 regis
1223 1961 1455 2016 dicimus
1479 1976 1604 2034 esse
1643 1977 1738 2016 vo-

153 2031 421 2090 luntatem
444 2037 607 2105 regis,
641 2049 760 2088 cum
787 2035 965 2102 potius
989 2033 1103 2105 ejus
1127 2032 1450 2105 signumsit.
1478 2031 1737 2105 voluntas

1837 1687 1892 1734 et
1919 1679 2078 1733 Joan.
2116 1695 2168 1757 vi
2203 1699 2214 1732 :
2242 1681 2552 1757 _0peramiui
2575 1682 2874 1757 non_cibum
2899 1684 2990 1752 qui
3032 1686 3184 1755 perit,
3217 1688 3306 1741 sed
3335 1689 3424 1757 qui

1837 1761 2097 1824 permanet
2124 1752 2178 1824 i_n
2206 1753 2363 1804 vitam
2391 1764 2654 1806 (sternam.
2684 1754 2759 1807 Ita
2810 1756 2868 1808 D.
2902 1752 3231 1824 Augustinus
3261 1752 3356 1812 lib;
3385 1775 3424 1812 ιι

1837 1820 1904 1896 de
1927 1820 2101 1896 serm.
2131 1821 2287 1896 Dom.
2316 1823 2357 1896 Ε
2383 1825 2602 1896 diverso
2623 1834 2806 1879 autem
2840 1836 2966 1880 sunt
2987 1820 3075 1896 qui
3106 1828 3424 1884 existiment

1841 1890 1943 1967 hoc
1973 1892 2093 1946 loco
2118 1893 2250 1947 nihil
2285 1893 2428 1967 aliud
2472 1896 2577 1963 peti
2610 1897 2720 1967 nisi
2752 1912 2942 1963 panem
2970 1890 3331 1967 corporalem,
3364 1909 3423 1955 ut

1838 1962 2343 2043 Chrysostomusin
2369 1962 2488 2034 cup.
2524 1982 2582 2043 vi
2607 1962 2862 2043 Μαιώτιδι.
2898 1967 3010 2043 Sed
3049 1962 3288 2024 omnium
3321 1962 3422 2039 op-

1845 2035 1971 2086 tima
2005 2043 2058 2086 et
2087 2035 2366 2089 verissima
2397 2037 2665 2102 expositio
2697 2050 2778 2092 est
2805 2048 2864 2092 ut
2893 2039 3046 2104 panis
3094 2044 3311 2096 nomine
3341 2035 3426 2096 iit-

149 2106 487 2173 beneplaciti
507 2094 765 2178 VestAips‘a
790 2094 932 2178 'vera
977 2094 1269 2178 eiiuterna
1304 2101 1421 2170 ejus
1454 2103 1702 2178 voluntas
1723 2144 1738 2168 ,
1771 2094 1820 2153 Β
1849 2104 2246 2178 telligaturtam
2268 2106 2430 2178 icilius
2451 2094 2745 2174 spiritualis
2772 2094 2930 2178 quam
2971 2094 3426 2178 corporalis,ﬁhoc

151 2195 262 2248 qua
297 2178 439 2231 Deus
457 2177 574 2231 vult
596 2176 841 2248 absolute
862 2173 1064 2248 aliquid
1086 2175 1220 2248 ﬁeri.
1253 2189 1371 2248 quas
1394 2189 1610 2248 semper
1642 2176 1745 2226 im-

152 2245 365 2317 pletur.
403 2247 478 2301 De
511 2263 613 2314 qua
641 2247 726 2300 hic
773 2247 925 2300 locus
968 2245 1117 2299 Isaiae
1151 2245 1502 2317 intelligitur,
1524 2246 1660 2317 sicut
1690 2253 1744 2298 et

155 2314 298 2373 illud
328 2319 519 2388 psalmi
551 2332 710 2371 cxut:
740 2317 925 2369 Omnia
945 2331 1267 2388 quiscumque
1286 2316 1451 2388 voluit
1465 2314 1740 2388 Dominus,

158 2391 294 2458 fecit
325 2384 377 2441 in
409 2389 532 2442 caelo
558 2397 606 2441 et
632 2390 860 2440 interra.
911 2388 982 2458 Et
1002 2384 1200 2441 Esther
1234 2401 1327 2458 ιιιιι
1356 2401 1368 2437 :
1397 2384 1519 2458 {Van
1557 2394 1631 2438 est
1658 2387 1744 2454 qui

159 2456 270 2512 tua:
291 2461 446 2528 possit
474 2460 705 2511 resistere
733 2457 1004 2511 voluntati.
1036 2458 1204 2511 Porro
1234 2456 1375 2510 inter
1400 2456 1588 2528 Patres
1616 2471 1746 2510 con-

165 2533 342 2593 venit,
369 2529 423 2582 in
459 2529 547 2582 illa
585 2529 736 2582 tertia
765 2528 1045 2597 petitione,
1074 2544 1179 2582 non
1214 2530 1547 2581 voluntatem
1579 2527 1745 2580 bene-

160 2601 372 2670 placiti,
393 2599 486 2653 sed
510 2599 847 2670 voluntatem
876 2600 1010 2670 signi
1038 2599 1255 2670 proprie
1276 2598 1584 2670 signiﬁcari.
1608 2598 1742 2652 Hinc

162 2668 281 2725 div.
331 2670 630 2739 Cyprianus
660 2668 805 2741 (Lib.
839 2670 902 2723 de
930 2668 1231 2739 Oratione):
1265 2668 1515 2736 Dicimus,
1553 2669 1744 2741 inquit,

165 2741 292 2795 Fiat
316 2743 550 2795 voluntas
575 2739 683 2805 tua,
708 2742 838 2794 sicut
861 2741 913 2793 in
941 2742 1064 2794 calo
1091 2749 1137 2794 et
1162 2741 1393 2804 interra,
1417 2755 1517 2792 non
1539 2747 1592 2791 ut
1611 2739 1746 2793 Deus

165 2815 327 2882 faciat
351 2818 485 2882 quod
510 2813 638 2882 vult,
665 2814 755 2864 sed
782 2821 836 2864 ut
862 2828 955 2865 nos
982 2813 1146 2879 facere
1174 2811 1424 2880 possimus
1448 2809 1584 2882 quod
1610 2808 1747 2882 Deus

164 2881 296 2936 vult.
333 2881 470 2936 Nunt
499 2881 608 2935 Deo
651 2884 766 2952 quis
793 2883 1016 2947 obsistit,
1049 2883 1322 2950 quominus
1359 2881 1496 2950 quod
1523 2882 1641 2933 velit
1637 2881 1750 2952 ja-

166 2954 307 3007 ciat?
338 2955 402 3008 Et
429 2951 759 3022 Angusunus
784 2953 979 3024 (Epist.
1012 2953 1159 3023 ml):
1196 2951 1325 3006 Cum
1353 2952 1589 3024 dicimus,
1627 2951 1748 3024 Fiat

164 3026 408 3078 voluntas
439 3036 545 3089 tua,
578 3031 698 3084 etc.,
729 3025 876 3076 nobis
907 3026 966 3076 ab
997 3025 1089 3077 illo
1125 3039 1394 3094 precamur
1438 3023 1602 3090 ipsam
1628 3023 1749 3094 robe-

165 3097 436 3156 dientiam,
472 3105 525 3146 ut
553 3095 625 3147 sic
652 3111 682 3145 ιι
714 3095 854 3146 nobis
876 3095 968 3161 ﬁat
997 3093 1233 3147 voluntas
1261 3097 1391 3162 ejus,
1416 3093 1746 3160 quemadmo-

164 3168 288 3218 dum
313 3167 371 3235 ﬁt
397 3167 450 3218 in
478 3165 759 3218 cwlestibus
781 3168 842 3217 ab
864 3165 1058 3236 angelis
1079 3168 1212 3232 eius.
1243 3163 1536 3236 Fatendum
1568 3171 1745 3236 tamen

167 3235 310 3292 hanc
351 3238 661 3305 petitionem
714 3237 877 3288 etiam
923 3235 988 3289 ad
1036 3240 1368 3290 voluntatem
1422 3235 1744 3302 beneplaciti

164 3309 339 3362 divini
369 3307 548 3376 aliquo
577 3307 738 3360 modo
771 3305 980 3371 referri,
1015 3316 1279 3375 quatenus
1303 3307 1556 3358 nimirum
1582 3305 1747 3359 debe-

166 3394 292 3432 mus
335 3380 388 3431 in
435 3379 685 3432 omnibus
713 3377 874 3432 rebus
898 3380 1231 3432 voluntatem
1255 3387 1515 3440 nostram,
1547 3384 1600 3430 et
1629 3391 1744 3430 om-

169 3448 534 3530 ncs_all‘ectus
587 3460 803 3501 nostros
849 3448 1110 3530 voluntati
1152 3448 1348 3530 divinae
1392 3446 1657 3530 subjicere
1689 3457 1742 3501 et
1771 3467 1816 3530 ρ

165 3519 529 3584 cunlormare,
562 3534 851 3589 numquam
899 3519 964 3572 de
1000 3519 1118 3588 ejus
1160 3517 1498 3585 beneplacito
1523 3517 1744 3571 obmur-

167 3606 411 3664 murare,
438 3599 533 3643 aut
564 3590 693 3664 illud
713 3588 718 3589 “
738 3590 1186 3664 reprehendere;
1215 3589 1308 3664 sed
1363 3588 1629 3664 quidquid
1677 3591 1744 3664 de

164 3663 326 3716 nobis
360 3660 629 3724 statuerit,
660 3660 922 3730 quidquid
954 3662 1296 3725 calamitatis,
1331 3659 1593 3728 quidquid
1617 3659 1741 3714 boni

165 3734 250 3786 vel
281 3734 407 3787 mali
441 3733 594 3785 nobis
627 3733 902 3797 immittat,
941 3734 1204 3801 patienler
1227 3739 1282 3786 et
1314 3731 1548 3784 libenter
1578 3731 1744 3784 susti-

165 3817 299 3858 nere
333 3819 396 3857 ac
427 3803 607 3856 dicere
637 3818 758 3856 cum
795 3801 1016 3857 Christo
1047 3820 1059 3854 :
1093 3801 1214 3856 Non
1251 3817 1393 3866 mea,
1419 3801 1506 3853 sed
1538 3809 1626 3852 tua
1659 3816 1744 3853 vo-

165 3875 340 3928 luntas
370 3874 460 3942 ﬁat
491 3872 704 3940 (Matth.
750 3876 922 3942 χχιιι).
953 3875 1020 3928 Ει
1059 3889 1180 3928 cum
1213 3873 1273 3926 Β.
1316 3871 1418 3926 Job
1452 3886 1465 3922 :
1494 3870 1743 3942 Dominus

164 3946 326 4011 dedit,
358 3939 613 3998 Dominus
635 3944 860 3997 abstulit.
882 3939 1042 3998 'Sicut
1076 3943 1294 3997 Domino
1321 3942 1535 4012 placuit,
1569 3941 1639 3993 ita
1665 3939 1744 4012 [a-

163 4010 403 4069 ctumcst
433 4017 536 4071 :sit
584 4030 764 4067 nomen
798 4014 1007 4068 Domini
1046 4010 1364 4067 benedictum
1394 4010 1536 4082 (Job.
1567 4011 1743 4082 t).vin-

163 4086 312 4140 dicat
357 4086 500 4139 hunc
540 4100 758 4139 sensum
810 4087 1175 4139 'l‘ertulliauus
1228 4084 1318 4138 ubi
1362 4081 1522 4150 snpra
1561 4099 1573 4135 :
1627 4081 1745 4136 Hoc

163 4158 320 4221 dicto,
347 4158 538 4226 inquit,
569 4155 636 4206 ad
689 4155 1036 4223 sit/Terentiam
1072 4156 1407 4224 nosmetipsos
1455 4168 1742 4222 prtemone-

161 4243 304 4294 mus,
332 4238 436 4281 etc.

239 4293 508 4352 hPanem
557 4307 822 4363 nostrum,
879 4298 935 4354 in
981 4298 1083 4352 hac
1114 4295 1399 4366 petitione,
1427 4295 1616 4366 voluit
1655 4293 1744 4366 hic

161 4370 372 4424 Auctor
428 4369 688 4438 intelligi,
760 4385 864 4423 non
929 4365 1571 4438 panem’corporalem,
1646 4365 1742 4438 sed

162 4440 529 4508 spiritualem,
564 4437 619 4495 id
667 4448 770 4507 est,
804 4437 1002 4508 corpus
1047 4437 1278 4503 Christi;
1319 4447 1385 4508 ut
1423 4437 1555 4490 satis
1586 4437 1741 4491 colli-

163 4506 308 4580 gitur
356 4520 467 4565 tum
508 4527 575 4567 ex
617 4521 729 4566 toto
758 4506 1021 4577 decursu,
1056 4509 1185 4564 licet
1234 4506 1591 4570 subobscuro,
1645 4508 1746 4580 hu-

161 4578 256 4649 jus
284 4585 499 4651 capitis,
536 4593 646 4636 tum
680 4598 746 4636 ex
794 4597 914 4650 cap.
945 4581 1035 4636 24.
1071 4580 1190 4646 Quo
1229 4581 1388 4633 etiam
1417 4592 1596 4651 sensu
1625 4578 1740 4651 p_le-

163 4646 322 4718 rique
353 4646 582 4706 'veteres
631 4646 878 4706 auctores
912 4652 998 4721 pie
1040 4663 1092 4706 et
1132 4651 1420 4719 religiose,
1452 4656 1505 4701 et
1533 4648 1600 4702 ad
1641 4646 1744 4702 Ec-

161 4725 349 4777 clesiae
394 4737 545 4774 usum
598 4723 1037 4789 accommodate,
1091 4723 1345 4776 dixerunt
1400 4734 1592 4789 panem
1641 4733 1739 4789 no,-

161 4803 336 4846 strum
363 4793 734 4861 quotidianum
759 4794 960 4848 Christi
993 4788 1195 4861 corpus
1219 4788 1740 4861 appella_ri(Tertull.
1767 4806 1812 4861 λ

1768 4837 1820 4896 D

160 4875 205 4915 et
239 4859 487 4933 Cyprian.
519 4864 580 4918 de
597 4861 860 4930 Oratione,
892 4859 1128 4917 Ambros.
1153 4863 1299 4933 lib._v
1325 4859 1389 4913 de
1413 4859 1736 4933 Sacrament.

159 4929 364 5002 rapi-‘1,
399 4933 614 4987 Hieron.
650 4936 700 4988 in
728 4935 1038 5002 Comment.,
1073 4933 1190 4987 Pet.
1225 4929 1460 5001 Chrysol.
1493 4947 1644 5002 serm.
1676 4930 1741 4983 de

162 5001 314 5056 om.
341 5004 544 5074 Dom).
575 5006 704 5059 Nam
727 5015 782 5060 et
813 5021 956 5058 verus
989 5001 1137 5072 panis
1183 5012 1256 5056 est
1289 5005 1373 5068 qui
1404 5003 1465 5053 de
1494 5001 1620 5054 caelo
1646 5003 1738 5074 de-

158 5076 396 5141 scendit;
424 5083 480 5130 et
503 5071 884 5144 quotidianus,
918 5071 1040 5144 quia
1071 5073 1330 5144 quotidie,
1362 5073 1405 5125 si
1437 5086 1542 5144 non
1571 5086 1598 5124 a
1627 5071 1739 5144 sin-

155 5147 318 5212 gulis,
348 5141 551 5200 saltem'
579 5162 609 5199 a
640 5155 750 5202 tom
783 5141 1051 5210 Ecclesia,
1084 5141 1306 5198 nomine
1332 5142 1572 5198 omnium
1608 5141 1736 5197 lide-

156 5217 308 5278 lium,
343 5215 716 5283 frequentatur
745 5226 801 5272 et
820 5216 1089 5270 sumitur:
1122 5226 1174 5269 et
1201 5215 1484 5278 ἐπιούσιος,
1535 5213 1586 5266 id
1630 5223 1731 5276 est,

153 5288 717 5354 sztpersubstantialis,
739 5287 868 5356 quia
891 5301 1054 5356 super
1071 5301 1260 5340 omnes
1288 5285 1614 5356 substantias
1628 5293 1728 5344 est.

153 5370 208 5410 et
231 5372 419 5412 omnes
442 5353 721 5411 creaturas
749 5353 1080 5412 sublimitate
1103 5353 1517 5422 magnificentiae
1540 5362 1592 5406 et
1611 5368 1734 5406 san-

151 5430 491 5502 etilit-‘utionis
524 5429 760 5502 excedit,
815 5436 873 5481 ut
912 5425 1336 5502 hic_exp0t_ritur.
1385 5423 1487 5502 _Alii
1537 5437 1730 5502 panem

149 5499 524 5567 quotidianum
543 5493 929 5554 intelleiterunt
949 5493 1284 5566 spirit'ualem
1312 5494 1504 5567 animus
1526 5493 1729 5560 cibum,

151 5565 256 5623 hoc
284 5581 386 5635 est,
416 5571 639 5623 verbum
671 5571 782 5634 Dei,
801 5585 907 5638 quo
924 5565 1162 5638 quotidie
1190 5580 1325 5634 opus
1347 5565 1507 5618 habet
1529 5571 1582 5615 et
1602 5578 1735 5638 quo-

151 5641 224 5694 tid
252 5656 280 5693 e
310 5645 550 5712 pascitur
578 5641 790 5712 animus
820 5635 915 5712 per
942 5635 1428 5712 meditationcmuet
1451 5635 1729 5712 _oper_atio-

147 5729 272 5768 nent
303 5704 687 5765 mandatorum
711 5704 836 5775 Dei,
861 5711 999 5763 sicut
1045 5706 1286 5761 Christus
1324 5705 1538 5760 dicebat
1573 5704 1728 5759 Joan.

149 5800 201 5844 tv
238 5801 248 5835 :
289 5783 435 5838 Meus
465 5782 609 5835 cibus
632 5788 780 5834 estut
826 5780 1017 5847 faciam
1045 5779 1350 5832 voluntatem
1379 5776 1555 5830 Patris
1603 5777 1731 5841 mei;

1848 2184 1950 2238 est,
1987 2175 2168 2229 omnia
2198 2176 2434 2230 subsidia
2463 2185 2764 2231 necessaria
2791 2175 2857 2231 ad
2882 2182 3043 2233 vitam
3071 2175 3193 2234 cum
3227 2175 3422 2237 animm

1849 2254 1959 2298 tum
1987 2247 2230 2318 corporis
2252 2249 2671 2318 conservandam
2703 2249 3018 2318 (Maldonat.
3051 2250 3298 2304 Bellarm.
3335 2255 3424 2306 ubi

1846 2332 2024 2387 supra,
2059 2316 2276 2391 Leonam
2302 2317 2447 2391 Less.
2479 2319 2542 2370 de
2570 2316 2797 2391 Iustitia.
2834 2318 2920 2371 lib.
2957 2335 2993 2373 ιι
3022 2338 3137 2391 cap.
3169 2323 3280 2388 57).
3314 2322 3421 2377 Sed

1845 2391 1968 2454 quia
2017 2388 2254 2442 subsidia
2295 2390 2420 2442 vitae
2463 2390 2783 2457 spiritualis,
2816 2399 3001 2458 utp0te
3053 2388 3418 2456 sacramenta,

1846 2459 2315 2530 prtcsertim‘vero
2337 2470 2734 2530 sacramentum
2765 2464 3010 2530 corporis
3043 2462 3265 2527 Christi,
3297 2477 3424 2518 nec-

1848 2543 1956 2581 non
2000 2527 2240 2601 doctrina
2272 2527 2601 2595 Cltristiana,
2642 2540 2693 2584 et
2726 2531 2777 2585 id
2805 2527 2974 2601 genus
3005 2533 3130 2596 alia,
3161 2534 3423 2589 nobiliora

1847 2608 1973 2673 sunt
2001 2608 2054 2653 et
2076 2599 2247 2668 magis
2275 2603 2578 2656 necessaria
2607 2617 2765 2672 quam
2811 2599 3044 2657 subsidia
3078 2605 3200 2658 vita:
3225 2620 3422 2673 corpo-

1845 2671 1996 2744 ralis,
2047 2681 2468 2726 consentaneum
2519 2684 2600 2726 est
2628 2671 2701 2726 ut
2749 2674 2813 2727 ad
2844 2689 3036 2743 panem
3083 2671 3423 2744 spit‘itttalem

1848 2739 2022 2812 primo
2040 2750 2092 2794 et
2109 2743 2377 2810 praecipue
2407 2744 2588 2796 tendat
2615 2745 2827 2798 animus
2845 2739 2910 2798 'et
2936 2739 3165 2799 intentio
3190 2747 3418 2812 orantis,

1849 2819 1902 2885 et
1932 2810 1998 2885 ad
2021 2814 2355 2885 corporalem
2381 2813 2722 2867 secundario.
2749 2815 2938 2880 Porro,
2969 2817 3113 2885 quod
3143 2817 3208 2870 ad
3236 2810 3424 2872 vocem

1848 2881 2104 2952 ἐπιούσιον
2135 2883 2349 2940 attinet.
2382 2887 2527 2938 varie
2569 2895 2844 2952 exponunt
2877 2881 3222 2952 interpretes.
3258 2888 3425 2944 Divus

1851 2949 2306 3028 liiemnytnusita
2328 2953 2472 3028 legit
2502 2949 2734 3028 :_Panem
2782 2968 3008 3010 nostrum
3024 2949 3425 3028 vsupersubstan-

1848 3020 2024 3075 tiulem
2051 3026 2117 3074 da
2147 3023 2289 3075 nobis
2318 3021 2486 3076 hodie.
2524 3025 2588 3078 Et
2630 3040 2725 3079 cur
2775 3028 2844 3080 ita
2873 3020 3118 3090 verterit,
3155 3032 3420 3082 rationem

1849 3093 2106 3167 subdens,
2129 3092 2716 3167 Supersubstantialem,
2746 3098 2941 3167 inquit,
2969 3101 3327 3167 expressimus.
3357 3097 3426 3153 In

1849 3159 2026 3216 Grtcco
2050 3159 2260 3217 habetur
2283 3167 2534 3221 ἐπιούσιον
2561 3183 2574 3232 ;
2602 3159 2737 3235 quod
2765 3159 2967 3222 verbum
2999 3159 3146 3222 LXX
3173 3169 3426 3238 Interpre-

1849 3243 1920 3286 tes
1946 3238 2675 3311 napaeas-:01frequentissime
2699 3245 3036 3311 transferunt.
3068 3239 3424 3294 Consideravi-

1849 3320 1960 3357 mus
1983 3307 2104 3376 ergo
2125 3309 2176 3360 in
2210 3307 2449 3386 Hebraeo,
2479 3321 2523 3386 et
2550 3307 2853 3386 ubicumque
2895 3314 2974 3366 illi
3016 3314 3310 3386 περιούσιον
3337 3328 3428 3386 ea:-

1848 3388 2170 3452 presserunt,
2202 3395 2300 3452 nos
2347 3381 2629 3433 invenimus
2653 3381 2870 3452 segutla,
2916 3387 3056 3449 quod
3083 3381 3428 3451 Symmachus

1851 3448 2122 3526 ἐξαίρετον,
2154 3449 2210 3501 id
2235 3459 2329 3526 est,
2363 3453 2678 3526 pra-’cipuum
2701 3448 2782 3526 vel
2820 3448 3100 3526 egregium,
3132 3448 3425 3522 transtulit,

1847 3517 1967 3593 licet
2016 3522 2068 3593 in
2120 3520 2340 3593 quodam
2394 3517 2528 3572 loco
2564 3517 2870 3589 peculiarem
2925 3517 3281 3593 interpretatus
3337 3517 3424 3580 sit;

1849 3586 2071 3660 Quando
2093 3586 2212 3657 ergo
2235 3590 2450 3657 petimus
2480 3601 2531 3642 ut
2560 3586 2869 3658 peculiarem
2892 3593 2968 3645 vel
2997 3586 3312 3660 principatum
3336 3612 3427 3648 no-

1847 3658 1920 3709 bis
1953 3660 2302 3732 l)eus_tribuat
2332 3676 2533 3732 partem,
2568 3661 2715 3713 illum
2747 3665 2963 3725 petimus
2985 3663 3074 3732 qui
3104 3658 3225 3732 dicit
3258 3680 3274 3717 .°
3308 3662 3422 3732 Ego

1845 3743 1958 3780 sum
1976 3729 2134 3800 panis
2153 3731 2321 3800 “vivus
2349 3730 2437 3797 qui
2480 3730 2544 3781 de
2574 3732 2700 3783 caelo
2730 3729 3004 3784 descendi.
3024 3730 3090 3782 In
3139 3729 3428 3800 Evangelia

1845 3799 1982 3866 quod
2009 3798 2300 3869 appellatur
2324 3799 2606 3852 secundum
2631 3801 2898 3863 Hebraeos,
2916 3816 3008 3869 pro
3034 3798 3426 3868 supersubstan-

1846 3869 1958 3921 tiali
1983 3885 2113 3939 pane
2141 3869 2310 3936 reperi
2339 3869 2566 3935 machar,
2595 3871 2732 3938 quod
2762 3869 2951 3922 dicitur
3006 3871 3308 3934 crastinum,
3369 3881 3426 3926 ut

1846 3941 1910 4010 sit
1935 3955 2109 4010 sensus
2129 3954 2146 3992 :
2166 3955 2364 4010 panem_
2371 3949 2598 3992 nostrum
2625 3941 2928 4008 crastinum,
2961 3941 3015 3992 id
3044 3950 3136 4005 est,
3168 3943 3422 4010 futurum,

1847 4009 1913 4061 da
1944 4009 2086 4062 nobis
2126 4009 2298 4062 hodie.
2330 4008 2615 4065 Possumus
2647 4008 3187 4076 supersubstantialem
3239 4008 3426 4080 panem

1845 4091 1891 4132 et
1921 4080 2072 4134 aliter
2093 4080 2395 4153 intelligere,
2428 4082 2514 4151 qui
2543 4099 2695 4152 super
2719 4098 2890 4135 omnes
2912 4083 3229 4135 substantias
3259 4085 3345 4149 sit,
3377 4094 3427 4138 et

1847 4154 2114 4205 universas
2141 4162 2645 4223 superetcreaturas.
2679 4153 2751 4208 Ita
2794 4153 2851 4208 S.
2908 4154 3267 4223 llierOnymus
3317 4165 3426 4210 tres

1846 4235 2042 4294 sensus
2065 4224 2204 4278 illius
2236 4226 2509 4292 petitionis
2539 4239 2839 4294 ettponens.
2870 4223 3214 4294 Postmodum
3240 4235 3422 4280 tamen

1846 4293 2143 4347 secundum
2173 4295 2318 4347 illum
2348 4310 2588 4359 sensum,
2621 4293 2727 4364 quo
2749 4293 3007 4350 ἐπιούσιον
3039 4296 3425 4363 interpretatur

1846 4365 2163 4427 crastinum,
2183 4366 2398 4436 (refutat
2427 4385 2440 4423 :
2477 4365 2632 4432 Quia,
2665 4368 2858 4435 inquit,
2881 4365 3164 4418 secundum
3192 4366 3425 4436 Apostoli

1846 4449 2125 4489 sermonem
2156 4435 2370 4489 dicentis
2398 4451 2417 4489 :
2445 4436 2694 4490 Habentes
2742 4438 2932 4489 victum
2975 4446 3021 4489 et
3049 4435 3309 4502 amictum,
3344 4438 3425 4490 his

1847 4511 2066 4558 contenti
2096 4507 2273 4569 sintus,
2305 4508 2367 4559 de
2401 4508 2638 4576 prtrsenti
2668 4516 2864 4559 tantum
2912 4507 3022 4559 cibo
3049 4506 3218 4560 sancti
3246 4521 3423 4576 curam

1846 4585 2026 4644 gerunt
2047 4593 2064 4628 :
2090 4580 2223 4629 unde
2241 4586 2290 4629 et
2312 4581 2362 4629 in
2387 4574 2749 4648 posterioribus
2774 4578 2839 4630 sit
2879 4587 3224 4648 ρνωεεριιιηιξ
3247 4574 3426 4629 Nolite

1847 4648 2076 4714 cogitare
2101 4648 2165 4718 de
2194 4650 2437 4700 crastino.
2465 4646 2674 4718 ultaque
2703 4649 2998 4702 secundum
3046 4646 3120 4701 CD.
3162 4647 3420 4718 Hierony-

1848 4732 1990 4769 mum
2019 4732 2118 4770 vox
2149 4717 2406 4778 ἐπιούσιος
2432 4717 2696 4786 signiticat
2727 4718 2807 4772 vel
2826 4717 3419 4787 supersubstantialem,

1850 4788 1936 4840 vel
1990 4798 2138 4841 certe
2189 4789 2472 4851 eximium,
2507 4788 2853 4856 peculiarem,
2883 4791 3264 4846 excellentem.
3316 4789 3421 4844 Alii

1845 4858 2106 4912 ἐπιούσιον
2129 4856 2554 4925 interpretantur
2585 4874 2692 4911 non
2717 4861 3314 4928 supersubstantialem,
3330 4859 3422 4914 sed

1845 4928 2159 4995 simpliciter
2189 4928 2618 4994 substantialem,
2663 4929 2714 4983 id
2738 4939 2841 4993 est,
2874 4931 3192 4986 substantias
3224 4938 3424 4984 nostra:

1844 4998 2052 5051 alenda:
2088 5000 2473 5052 necessarium.
2503 4999 2672 5066 Quem
2706 5015 2923 5054 sensum
2956 5003 3115 5055 etiam
3163 4999 3426 5068 spectat-it

1844 5076 1999 5123 vetus
2022 5070 2311 5140 interpres,
2337 5069 2461 5122 dum
2489 5071 2862 5140 quotidianum
2907 5071 3160 5137 reddidit,
3197 5071 3297 5123 hoc
3316 5078 3419 5136 est,

1842 5153 1950 5208 quo
1981 5139 2220 5208 quotidie
2253 5139 2584 5209 indigemus;
2608 5142 3059 5209 quemadmodum
3091 5153 3280 5193 omnes
3331 5154 3418 5194 ve.

1845 5220 1988 5264 teres
2024 5220 2285 5281 auctores
2328 5209 2508 5264 Latini
2542 5213 2724 5281 legunt
2763 5221 2817 5266 et
2839 5219 3117 5280 exponunt
3139 5251 3151 5267 .
3188 5225 3284 5281 pro
3307 5225 3414 5278 quo

1841 5281 1999 5335 divus
2021 5280 2388 5352 Hieronymus
2411 5278 2982 5350 supersubstantialom
3016 5281 3195 5352 vertit.
3223 5278 3424 5352 Snidas

1835 5362 2124 5425 utramque
2167 5347 2613 5425 signiﬁcationem
2656 5352 2970 5420 complexus
2997 5368 3009 5403 :
3041 5351 3299 5425 ἐπιούσιος
3331 5347 3424 5425 ἆρ-

1835 5444 1950 5488 τος,
1980 5422 2172 5490 inquit,
2202 5423 2356 5492 panis
2389 5433 2594 5477 natura:
2618 5433 2816 5477 nostra:
2837 5421 3263 5492 congruens,vel
3291 5421 3424 5488 quii-

1839 5495 2091 5548 tidianus.
2129 5490 2364 5547 Diarium
2390 5494 2560 5548 Latini
2593 5501 2812 5560 vocant,
2847 5493 2896 5546 id
2928 5502 3032 5554 est,
3075 5491 3128 5544 in
3161 5490 3276 5543 dies
3324 5504 3422 5543 ne-

1839 5568 2132 5618 cessari-um
2189 5576 2281 5620 aut
2336 5573 2614 5619 statutum.
2667 5563 2946 5618 Imitantur
2986 5562 3132 5614 enim
3164 5561 3424 5628 parvulos

1841 5637 2056 5702 tiliulos,
2078 5637 2167 5706 qni
2187 5650 2342 5691 mane
2375 5637 2426 5688 in
2457 5637 2639 5689 schola
2677 5633 3078 5704 proﬁciscentes
3098 5633 3274 5706 primo
3305 5629 3424 5685 loco

1842 5708 1957 5774 ejus
1979 5703 2358 5762 diet'statutam
2387 5708 2541 5777 panis
2574 5703 2877 5775 portionem
2903 5719 2929 5758 a
2963 5713 3112 5774 patre
3144 5703 3226 5757 vel
3253 5708 3425 5766 matre

1842 5780 2130 5847 posutlant.
