4048 6198
91 407 231 476 797
1247 405 1587 466 COLLATIO
1627 406 1721 466 ix.
1749 436 1820 456 --
1849 407 1936 473 DE
1975 405 2350 470 ORATIONE.
3342 417 3455 484 793

93 528 239 583 suis
268 525 542 583 admissis
580 524 800 582 veniam
829 522 1147 596 postulabit,
1195 522 1437 594 quisquis
1481 523 1744 579 remissus
1772 531 1822 590 Α
1851 533 1972 580 cum
2007 525 2062 579 in
2088 525 2314 582 ecclesia
2354 525 2470 583 haec
2497 519 2674 583 oratio
2702 526 2777 582 ab
2803 527 3053 587 universa
3083 531 3240 603 plebe
3263 537 3450 593 conci-
3478 531 3526 612 ξ

101 633 263 689 erga
301 633 442 673 suos
470 617 776 684 dumtaxat,
802 632 912 672 non
957 631 1078 686 erga
1108 614 1319 671 Domini
1351 614 1434 669 sui
1475 614 1748 670 exstiterit
1850 619 2020 684 nitur,
2044 621 2070 652 °
2097 618 2241 674 hunc
2265 620 2440 675 locum
2472 622 2616 677 taciti
2666 624 3106 697 praetermittunt,
3142 641 3208 681 ne
3237 629 3446 686 scilicet

101 717 456 772 debitores.
487 714 744 772 Solemus
771 712 970 768 etenim
993 711 1255 777 nonnulli,
1288 710 1430 781 quod
1476 720 1560 766 est
1587 710 1742 769 deto-
1846 711 2175 780 semetipsos
2199 711 2443 781 obligare
2473 714 2652 782 potius
2697 728 2857 784 quam
2884 727 3144 771 excusare
3173 732 3267 771 sua
3310 735 3438 788 pro-
3467 717 3490 792 ’ξ

101 809 275 874 rius,
321 823 454 878 erga
488 806 580 862 illa
621 805 838 878 quidem
870 820 990 875 qua:
1011 805 1362 859 admittuntur
1389 803 1456 858 ad
1489 802 1740 874 iniuriam
1845 801 2081 858 fossione
2129 802 2435 871 videantur,
2485 820 2592 859 non
2642 805 3004 876 intelligentes
3052 810 3192 878 quod
3242 811 3437 866 frustra

102 900 259 969 Dei,
296 903 554 972 quamvis
575 916 890 971 magnorum
924 900 1029 954 sint
1048 898 1356 965 criminum,
1382 898 1622 968 placidos
1643 913 1743 954 nos
1843 896 2216 952 cavillationes
2247 897 2345 952 has
2369 897 2536 968 judici
2559 902 2802 955 omnium
2837 903 3172 970 praetendere
3200 907 3433 960 molian-

106 1000 175 1046 et
211 991 688 1048 clernentissimos
709 992 992 1058 exhibere;
1017 1007 1139 1061 erga
1165 1003 1475 1046 nostrarum
1497 1005 1629 1047 vero
1650 990 1739 1046 vel
1842 998 1953 1059 tur,
1999 991 2088 1060 qui
2121 991 2572 1061 quemadmodum
2610 990 2947 1061 iudicaturus
2988 996 3058 1050 sit
3103 998 3433 1066 supplicibus

111 1085 599 1151 parvissimamm
629 1085 989 1140 oliensionum
1019 1084 1198 1138 debita
1239 1095 1526 1139 exactores
1553 1083 1737 1138 immi-
1841 1082 1953 1136 suis
2011 1082 2180 1136 voluit
2223 1082 2620 1139 demonstrare.
2655 1087 2786 1139 Dum
2835 1091 2977 1141 enim
3029 1101 3158 1158 erga
3190 1103 3290 1143 nos
3318 1106 3426 1146 non

109 1182 213 1229 tes
239 1184 417 1246 atque
447 1176 812 1232 inexorabiles
851 1175 1109 1230 inveniri.
1142 1183 1170 1212 ι
1199 1174 1462 1245 Qisquis
1494 1175 1655 1242 igitur
1684 1175 1738 1229 in
1839 1176 1956 1230 vult
1980 1175 2200 1230 immitis
2227 1186 2387 1247 atque
2414 1175 2766 1233 inexorabilis
2802 1180 3054 1248 inveniri,
3083 1180 3313 1236 formam
3341 1184 3424 1237 sui

104 1282 184 1323 se
217 1267 567 1340 delinquenti
593 1270 740 1324 fratri
772 1284 880 1324 non
911 1283 982 1324 ex
1012 1269 1180 1324 corde
1206 1268 1495 1334 dimiserit,
1522 1281 1629 1321 non
1660 1268 1740 1320 in-
1836 1266 2019 1337 iudicii
2049 1268 2376 1338 designavit,
2410 1279 2469 1324 ut
2499 1270 2951 1340 quemadmodum
2977 1288 3074 1328 nos
3103 1275 3170 1328 ab
3209 1275 3304 1330 illo
3341 1276 3429 1345 ju-

101 1357 491 1430 dulgentiam,
525 1361 618 1415 sed
639 1361 1156 1416 condemnationem
1205 1360 1589 1428 deprecatione
1634 1358 1739 1414 hac
1839 1361 2009 1416 dicari
2032 1364 2300 1430 capimus.
2346 1363 2415 1417 ita
2458 1373 2674 1418 nostros
2717 1365 2910 1420 fratres
2950 1367 2993 1420 si
3025 1368 3150 1435 quid
3186 1368 3238 1422 in
3272 1369 3428 1424 nobis

102 1451 358 1506 sibimet
400 1452 729 1522 impetrabit,
780 1469 988 1523 suaque
1017 1453 1356 1523 professione
1387 1453 1736 1520 semetipsum
1835 1452 2162 1524 deliquerint
2176 1455 2641 1526 jndicemus,quia
2655 1458 2920 1528 judicium
2943 1460 3052 1512 sine
3075 1461 3424 1515 misericordia

101 1545 306 1612 poscit
337 1544 509 1599 dirius
535 1545 796 1616 iudicari,
849 1547 1065 1614 dicens,
1094 1545 1333 1600 Remitte
1358 1545 1492 1599 mihi
1515 1544 1656 1600 sicut
1687 1540 1765 1601 et'
1837 1547 1922 1614 ﬁet
1943 1548 1987 1600 ei
2017 1547 2105 1616 qui
2135 1564 2237 1600 non
2276 1549 2448 1618 fecerit
2481 1549 2890 1603 misericordiam
2919 1548 3059 1622 (Jac.
3092 1551 3175 1620 ιι).

98 1651 227 1708 ego
277 1639 491 1694 remisi.
548 1639 708 1705 Quod
755 1654 878 1694 cum
909 1639 988 1692 illi
1015 1640 1315 1694 secundum
1349 1653 1499 1692 suam
1526 1639 1737 1708 petilius
2410 1641 2639 1698 CAPUT
2664 1641 2851 1700 X.\lll.

95 1745 254 1786 nem
288 1731 458 1786 fuerit
489 1734 1003 1803 repensatum,quid
1021 1734 1166 1788 aliud
1196 1734 1551 1803 subsequetnr
1576 1749 1732 1803 quam
1833 1729 1913 1787 De
1935 1748 1994 1786 ea
2022 1732 2162 1803 quod
2201 1733 2325 1787 dicit
2353 1747 2374 1788 :
2403 1732 2472 1788 Et
2504 1751 2567 1788 ne
2594 1751 2685 1789 nos
2714 1735 2936 1789 inducas
2965 1737 3019 1789 in
3060 1737 3416 1792 tentatioaem.

95 1830 196 1889 ut,
227 1823 492 1892 exemplo
512 1839 632 1888 suo,
659 1823 988 1894 implacabili
1019 1825 1097 1879 ira
1128 1832 1184 1879 et
1208 1825 1483 1879 irremissa
1509 1833 1731 1880 senten-
1907 1823 2108 1879 Deinde
2131 1824 2435 1894 sequitur,d
2459 1825 2523 1879 Et
2547 1842 2610 1880 ne
2629 1843 2722 1879 nos
2746 1827 2963 1882 inducas
2983 1828 3037 1882 in
3061 1829 3415 1886 tentationem.

91 1917 186 1971 tia
222 1917 529 1986 puniatur?
550 1916 786 1988 Ideoque
813 1918 858 1973 si
881 1918 1180 1974 clementer
1204 1918 1451 1973 volumus
1466 1917 1714 1990 judicari,
1750 1938 1799 1996 Β
1829 1914 1902 1968 De
1929 1929 2034 1983 quo
2083 1930 2187 1968 non
2216 1916 2437 1972 minima
2471 1919 2707 1972 nascitur
2735 1918 2981 1988 quastio.
3017 1920 3070 1974 Si
3100 1922 3242 1978 enim
3284 1936 3412 1978 ora-

93 2025 224 2065 nos
258 2024 483 2080 quoque
501 2025 628 2079 erga
656 2010 778 2064 illos
804 2011 893 2080 qui
926 2011 978 2065 in
1008 2025 1108 2064 nos
1133 2009 1479 2078 deliquerunt
1502 2019 1720 2079 oportet
1827 2024 1947 2064 mus
1979 2024 2047 2064 ne
2077 2012 2453 2078 permittamur
2476 2013 2690 2078 tentari,
2721 2022 2776 2068 et
2825 2015 2966 2070 unde
2996 2019 3098 2070 erit
3145 2016 3199 2070 in
3255 2017 3415 2073 nobis

90 2118 246 2158 esse
309 2105 629 2159 clementes.
663 2102 690 2142 δ
727 2104 955 2159 Tantum
1005 2106 1147 2160 enim
1205 2106 1509 2159 remittetur
1538 2104 1714 2170 nobis,
1826 2105 1997 2156 virtus
2019 2105 2334 2158 constantia:
2361 2106 3266 2174 comprobanda,secundumillam
3291 2124 3416 2162 sen-

91 2204 395 2268 quantum
424 2211 524 2250 nos
551 2196 915 2252 remiserimus
944 2197 1025 2252 eis
1052 2197 1138 2268 qui
1162 2198 1328 2252 nobis
1377 2212 1716 2268 quacumque
1826 2195 2052 2249 tentiam
2080 2213 2092 2249 :
2129 2195 2308 2250 Omnis
2339 2197 2413 2249 vir
2438 2199 2522 2266 qui
2557 2215 2657 2250 non
2688 2207 2758 2251 est
2791 2208 3034 2266 tentatus,
3068 2216 3172 2252 non
3198 2210 3270 2253 est
3293 2218 3415 2272 pro-

91 2287 468 2358 malignitate
498 2295 813 2344 nocuerunt.
844 2285 998 2355 Quod
1047 2287 1405 2344 formidantes
1436 2287 1711 2355 nonnulli,
1824 2286 1970 2341 batus
2003 2285 2224 2358 (Eccles.
2251 2289 2479 2357 xxxnv)?
2507 2289 2576 2343 Et
2597 2290 2791 2344 iterum
2817 2305 2831 2342 :
2864 2289 3054 2344 Beatus
3083 2291 3159 2344 vir
3189 2293 3276 2359 qui
3305 2297 3414 2361 suf-

1189 2423 1449 2481 ALARDI
1487 2421 1716 2479 GAZA‘ZI
1754 2418 2317 2480 COMMENTARIUS.

95 2521 365 2576 turrslibet
381 2525 524 2594 juste
550 2523 608 2601 in_
627 2521 787 2601 liuius
809 2523 929 2576 uitta
955 2522 1177 2592 caligine
1222 2530 1376 2601 atque
1417 2519 1715 2601 inﬁrmitate
1821 2515 2541 2601 enimnvcrendice‘repot'est
2566 2536 2577 2571 :
2607 2518 2770 2601 fater
2799 2531 2989 2585 noster,
3020 2520 3112 2591 qui
3164 2537 3268 2578 non
3294 2521 3412 2578 vult

97 2588 501 2659 vivamus,'non
523 2593 665 2646 nobis
690 2588 862 2648 deesse
894 2588 1099 2662 peccata
1126 2609 1219 2664 pro
1241 2592 1424 2660 quibus
1454 2592 1715 2644 dimitten-
1823 2603 1944 2642 esse
1977 2588 2066 2641 Dei
2102 2589 2276 2664 filius?
2307 2600 2406 2664 et_,_
2435 2589 2806 2656 Sanctiﬁcetur
2857 2588 3052 2646 nomen
3087 2607 3253 2659 tuum,
3312 2610 3411 2661 per

102 2669 192 2718 dis
217 2667 498 2718 debeamus
529 2679 696 2732 orare,
722 2676 768 2718 et
795 2668 868 2718 eis
897 2661 983 2729 qui
1006 2665 1060 2716 in
1083 2661 1172 2716 nos
1202 2671 1431 2732 peccant,
1464 2673 1518 2713 ut
1548 2672 1593 2734 et
1624 2679 1716 2715 no-
1823 2674 1981 2734 quem
2011 2674 2207 2734 nomen
2237 2662 2327 2713 Dei
2359 2661 2763 2729 blasphematur
2787 2679 2878 2717 seu
2906 2663 3301 2718 inhonoratur?
3328 2673 3404 2734 et,

105 2737 188 2788 bis
221 2740 545 2805 ignoscatur,
575 2729 852 2802 ignoscere.
889 2734 1010 2788 Non
1039 2729 1213 2804 itaque
1238 2743 1508 2804 propterea
1539 2731 1725 2805 Darni-
1824 2729 2077 2805 Adveqiat
2100 2747 2316 2800 regnum
2355 2742 2516 2805 tuum,
2542 2735 2632 2805 qui
2658 2737 2787 2787 nihil
2821 2737 2986 2804 magis
3013 2753 3170 2804 quam
3199 2729 3400 2792 adven;

110 2823 217 2859 nus
247 2799 355 2859 'ait
383 2823 398 2859 :
430 2807 491 2860 Si
543 2799 838 2860 dimiseritis
879 2817 1088 2874 peccata
1128 2799 1444 2878 hominibus,
1496 2804 1717 2878 dimittet
1828 2808 1938 2854 tum
1965 2799 2181 2878 Domini
2215 2804 2401 2855 timet?
2429 2811 2502 2863 et,
2531 2799 2653 2856 Fiat
2678 2799 3053 2878 voluntas'lua',
3107 2808 3194 2877 qui
3226 2823 3406 2878 suam,

109 2877 264 2930 rebis
295 2888 346 2930 et
379 2878 535 2930 Pater
553 2889 712 2931 resler
734 2870 944 2949 peccata
976 2886 1233 2941 uestra,ut
1264 2876 1327 2928 de
1357 2876 1454 2928 hac
1483 2877 1717 2952 oratione
1828 2887 1933 2952 noti
1961 2870 2059 2952 Dei
2093 2873 2420 2952 voluntatem
2448 2876 2865 2952 semireqf'zicit?

101 2948 334 3016 conﬁsi,
365 2951 530 3002 securi
559 2939 864 3010 quotidiana
886 2949 1075 3002 scelera
1104 2939 1403 3018 faceremus,
1436 2945 1515 2998 vel
1540 2954 1713 3013 paten-
1823 3011 1834 3018 _
1889 2939 1915 2976 ἀ
1959 2940 2402 3018 Div._Cypriat_ius
2447 2939 2610 3013 legit:
2642 2944 2710 2998 Et
2741 2962 2804 2998 ne
2844 2963 2935 3001 nos
2984 2951 3196 3017 patiaris
3224 2951 3405 3007 induci

118 3021 197 3072 tia
223 3011 332 3088 qua
359 3035 457 3071 non
481 3019 777 3073 timeremus
807 3021 1069 3072 hominum
1095 3011 1346 3098 leges,_t_1el
1375 3011 1570 3098 astutia
1612 3033 1713 3085 qua
1815 3011 1870 3098 ἕρ
1914 3011 2262 3098 ιςηεαιὶυιίςίηο
2313 3015 2472 3098 initis
2504 3011 2846 3098 'Auguslintts
2905 3011 3077 3098 libi}!
3106 3021 3265 3098 (Cap.
3299 3023 3406 3093 δά)

119 3083 265 3156 ipsos
297 3090 526 3143 homines
558 3091 892 3159 falleremus;
917 3091 1006 3144 sed
1031 3100 1087 3166 ut
1117 3083 1374 3166 peritiam
1402 3083 1713 3166 disceremus
1817 3083 1882 3166 de
1940 3084 2117 3166 Sgrm.
2172 3084 2390 3166 Domini
2431 3087 2481 3138 in
2537 3098 2754 3166 monte:
2783 3091 2962 3166 Sexta.
3012 3083 3223 3166 inquit;
3248 3083 3404 3166 pati;

120 3153 230 3214 non
258 3170 444 3227 putare
463 3153 692 3214 nos'csse
717 3162 828 3215 sine
851 3153 1089 3231 peccatis,
1117 3153 1322 3215 etiamsi
1349 3175 1383 3211 a
1410 3158 1711 3212 criminibus
1813 3154 1886 3231 tio
1917 3169 1936 3206 :
1965 3153 2030 3231 Et
2077 3172 2138 3231 ne
2178 3173 2272 3231 nos
2305 3157 2499 3231 inferas
2536 3158 2589 3211 in
2620 3162 2964 3215 Mutationem.
3017 3153 3279 3217 Nonnulli
3317 3181 3404 3218 cc-

123 3225 348 3285 “sum,
377 3233 648 3297 immunes,
676 3239 781 3286 εις,
851 3225 862 3231 ’
1077 3225 1086 3229 ⁷
1460 3299 1470 3300 η
1814 3225 1955 3279 dices
1983 3227 2200 3300 flabant,
2246 3225 2497 3295 Iudaeas,
2531 3231 2666 3300 quod
2696 3237 3008 3287 tantumdem
3048 3240 3219 3289 calere
3261 3235 3400 3289 albi-

197 3310 227 3340 ⁸
251 3302 315 3358 Si
339 3303 478 3355 enim
503 3319 604 3356 non
644 3304 940 3357 dimiseritis
965 3302 1254 3357 Itoniinibus
1273 3345 1286 3370 ,
1315 3318 1410 3356 nec
1450 3299 1608 3354 Pater
1629 3318 1710 3354 vc-

1813 3305 1936 3350 tror.
1971 3297 2110 3350 Nam
2138 3315 2201 3350 ea:
2223 3305 2336 3369 juno
2365 3297 2552 3356 Greco
2574 3307 2709 3386 quod
2742 3306 2931 3386 dictum
2964 3315 3058 3372 est,
3088 3311 3397 3386 εἰσενέγκῃς,

127 3382 229 3428 ster
249 3357 470 3427 remittet
498 3374 638 3427 vobis
664 3384 874 3441 peccata
901 3383 1088 3428 vestra.
1110 3357 1293 3427 Matth:
1325 3389 1393 3428 νι.
1424 3373 1704 3448 Νυηᾼᾳιιρά
1738 3357 1782 3421 C
1815 3377 2104 3448 utrumque
2125 3357 2433 3448 translalum
2469 3357 2598 3448 est.’
2626 3377 2777 3428 Multi
2819 3357 3403 3448 annoillléailld‘ﬁé

130 3445 231 3498 hac
262 3445 376 3498 sola
406 3445 720 3498 conditione
744 3446 898 3500 nobis
927 3447 1063 3500 Deus
1095 3446 1276 3498 debita
1307 3453 1493 3498 nostra
1526 3445 1707 3498 dimit-

127 3523 224 3580 tat,
247 3517 292 3570 si
319 3532 416 3569 nos
454 3515 793 3572 debitoribus
819 3518 1020 3570 nostris
1050 3517 1416 3574 dimittamus:
1438 3517 1533 3571 sed
1563 3517 1705 3583 quod

131 3588 231 3640 nisi
279 3586 642 3642 dimiserimus
697 3589 840 3653 aliis,
868 3603 966 3642 nec
994 3589 1110 3655 ipse
1140 3587 1296 3641 nobis
1323 3587 1578 3641 dimittat.
1611 3588 1709 3644 Est

129 3659 272 3712 enim
299 3659 414 3711 hac
442 3659 683 3712 conditio
730 3661 848 3712 sine
887 3675 988 3726 qua
1022 3673 1126 3711 non
1151 3658 1429 3712 obtinelur
1459 3671 1708 3726 peccato-

131 3745 245 3801 r_um
269 3730 545 3801 remiSsio;
581 3729 677 3784 sed
702 3731 818 3801 ipsa
838 3730 1082 3801 solaiper
1111 3744 1170 3784 se
1192 3743 1301 3782 non
1327 3729 1527 3784 sufﬁcit
1547 3732 1565 3801 (
1585 3729 1708 3785 Vide

134 3798 271 3870 Pctr.
304 3798 546 3870 Chrysol.
574 3798 734 3854 sermI
762 3800 832 3855 68
853 3812 899 3855 et
924 3800 1036 3868 7'1).

201 3869 225 3908 ιι
264 3871 342 3924 Ad
374 3869 626 3926 eumdem
651 3873 869 3926 modum
895 3883 950 3928 et
972 3874 1086 3926 lnec
1108 3872 1373 3926 sententia
1405 3870 1705 3926 secundum

140 3942 396 4012 praedicta,
442 3942 603 3996 debet
655 3943 902 4011 intelligi,
959 3947 1204 4012 negative
1271 3943 1481 3997 scilicet
1533 3944 1708 4009 potius

139 4027 290 4079 quam
319 4011 667 4066 affirmative.
691 4013 820 4067 Nam
853 4013 994 4068 Deus
1017 4015 1172 4068 nobis
1199 4023 1252 4068 et
1282 4015 1449 4068 multo
1474 4013 1624 4082 plura
1655 4021 1709 4066 et

141 4083 305 4136 multo
330 4085 562 4151 niajora.
603 4091 658 4137 et
683 4084 851 4138 multo
893 4086 1185 4146 liberalius,
1212 4096 1262 4138 et
1311 4087 1479 4138 multo
1532 4083 1707 4137 minus

139 4154 469 4208 merentibus
512 4155 759 4218 remittit,
806 4171 963 4223 quam
1017 4171 1116 4210 nos
1146 4156 1481 4210 debitoribus
1513 4156 1707 4210 nostris

134 4233 226 4277 aut
246 4226 526 4277 remittere
547 4225 837 4292 soleamus,
862 4239 951 4280 aut
979 4230 1140 4281 etiam
1175 4230 1476 4296 possimus:
1502 4230 1595 4280 sed
1628 4228 1704 4279 di-

134 4298 274 4366 citur
299 4302 505 4366 tantum
533 4296 686 4348 nobis
718 4300 995 4352 remittere
1031 4310 1295 4366 quantum
1338 4301 1707 4352 remiserimus

135 4365 275 4438 aliis,
302 4364 501 4438 quiasi
533 4381 636 4420 non
676 4364 1068 4434 remiserimus,
1090 4385 1190 4424 nec
1218 4369 1330 4438 ipse
1361 4371 1630 4433 remittet;
1655 4380 1709 4425 et

137 4437 178 4488 si
207 4437 588 4501 remiserimns,
611 4438 773 4492 etiam
807 4441 920 4509 ipse
945 4442 1182 4494 remittet
1213 4437 1388 4503 nobis,
1422 4441 1581 4494 modo
1607 4455 1709 4494 ca:-

142 4514 244 4580 tera
262 4509 561 4580 necessaria
584 4518 918 4576 prmstemns.
937 4511 1010 4565 lta
1039 4511 1316 4575 Sedulius,
1337 4524 1530 4580 praeter
1548 4512 1704 4578 alios,

139 4576 268 4632 hanc
288 4579 652 4634 conditionem
678 4583 892 4649 poetice
918 4583 1154 4652 explicat
1188 4601 1198 4634 :

254 4709 432 4780 Debita
453 4710 605 4780 laxari
623 4716 707 4776 qui
728 4716 868 4765 nobis
888 4725 1060 4766 cuncta
1085 4729 1330 4779 rogamus.

255 4770 354 4841 llius
373 4785 568 4841 quoque
593 4770 841 4841 laxemus;
869 4781 1048 4841 proprii
1072 4770 1180 4828 nam
1198 4770 1358 4830 cautio
1381 4781 1516 4830 verbi

254 4833 565 4903 §pondentes
579 4833 837 4903 manifesta
858 4833 1016 4903 tenet,
1041 4845 1335 4903 graviusque
1355 4844 1502 4893 soluti

254 4893 526 4966 liectimur,
548 4898 752 4966 alterius
773 4903 813 4966 si
839 4893 1210 4966 solvereuvincla
1229 4893 1484 4966 negamus.

255 4953 554 5022 [ncipietque
577 4963 684 5020 pius
706 4963 877 5012 decies
900 4963 1100 5013 millcna
1127 4953 1310 5015 talenta

254 5016 511 5092 Dimittens
527 5016 780 5092 Dominus,
805 5026 843 5074 si
870 5039 958 5073 nos
982 5025 1202 5089 afﬂigere
1228 5037 1426 5092 propter

253 5080 487 5151 Denarios
508 5091 704 5151 centum
733 5080 1021 5151 coiiservurn
1045 5080 1259 5139 senserit
1283 5080 1456 5151 ullum,

253 5142 463 5194 Tradere
484 5145 742 5196 confestim
769 5150 1056 5212 tortoribus,
1083 5159 1178 5201 etc.

210 5269 1147 5349 fNotat_quorumdamstultitiam
1200 5296 1262 5334 ac
1320 5283 1702 5349 temeritatem,

141 5341 246 5416 qui,
269 5355 385 5416 cum
436 5341 662 5412 injurias
713 5348 1021 5404 condonare
1049 5351 1242 5416 nolint,
1276 5367 1344 5406 ne
1377 5341 1708 5410 mentiantur

143 5413 194 5465 in
222 5413 785 5489 oratinne__sua.vcrba
818 5419 906 5472 illa
939 5422 1181 5475 studiose
1202 5413 1529 5489 prietereunt
1554 5442 1565 5477 :
1587 5425 1704 5480 Sic-

141 5489 197 5564 ut
230 5492 272 5535 et
299 5486 738 5565 nosdimiltilnus
779 5491 1090 5565 debitoribus
1131 5486 1338 5548 nostris.
1375 5493 1429 5547 In
1471 5512 1579 5565 quo
1619 5512 1706 5552 sc-

144 5554 280 5622 ipsos
300 5555 592 5622 decipiunt.
615 5559 770 5625 Nam,
809 5563 910 5616 etsi
937 5579 1042 5616 non
1060 5554 1516 5620 mentianturliate
1547 5569 1706 5622 omit-

142 5625 308 5704 tendo.
333 5638 510 5682 tamen
541 5631 738 5684 frustra
761 5644 945 5704 petum
968 5636 1066 5687 sibi
1096 5637 1293 5689 remitti
1324 5650 1698 5704 peccata,cuin

143 5693 379 5770 Dominus
410 5711 518 5753 tam
550 5712 734 5768 aperte
763 5693 992 5770 dixerit;
1011 5705 1071 5761 Si
1097 5723 1195 5759 non
1229 5693 1518 5762 reniiseritis
1541 5693 1703 5762 liomi-

140 5768 272 5823 nibus
304 5783 512 5838 peccata
544 5787 741 5836 earum,
773 5789 866 5826 nec
905 5768 1060 5829 Pater
1086 5785 1252 5830 uester
1293 5781 1514 5833 remittet
1563 5782 1701 5834 vobis

129 5853 318 5901 retecta
348 5852 540 5917 vestra.
560 5841 933 5917 _Et_pra:t_erea
956 5849 1285 5902 mentiuntur
1314 5866 1432 5905 cum
1466 5854 1700 5917 reliquas

133 5925 290 5982 partes
331 5912 603 5969 orationis
658 5911 954 5971 Dominica:
1000 5919 1369 5986 pronuntiant.
1420 5911 1699 5989 Quomodo

1811 3442 1984 3493 dicunt
2010 3457 2029 3493 :
2059 3442 2138 3494 Ne
2170 3459 2259 3519 nos
2287 3446 2503 3519 patiaris
2534 3446 2710 3519 induci
2743 3450 2794 3500 in
2839 3442 3194 3507 lenti-nionem.
3241 3465 3402 3519 expo-

1810 3521 1983 3564 nentes
2021 3515 2274 3587 quomorlo
2315 3515 2508 3587 dictum
2536 3519 2624 3580 sit,
2669 3518 2896 3572 lndncus
2925 3537 2944 3573 :
2971 3537 3073 3572 non
3119 3515 3254 3574 enini
3308 3515 3402 3587 per

1808 3587 2032 3652 seipsum
2064 3585 2258 3661 inducit
2303 3583 2474 3661 Deus;
2519 3589 2605 3661 sed
2638 3588 2814 3641 induci
2861 3593 3053 3654 patitur
3098 3608 3208 3642 cum
3248 3583 3400 3661 quem

1808 3667 1903 3703 suo
1927 3654 2126 3704 auxilio
2156 3657 2454 3716 deseruerit,
2501 3658 2685 3708 ordine
2715 3661 3056 3711 occultissimo
3086 3678 3144 3712 ac
3182 3654 3393 3714 mei-itis.

1810 3721 1991 3798 (scrisis
2021 3724 2171 3798 etiam
2193 3736 2327 3786 stepe
2349 3725 2641 3798 manifestis
2672 3727 2886 3796 dignum
2905 3731 3114 3798 judicat
3137 3731 3222 3781 ille
3249 3745 3398 3796 quem

1811 3790 2006 3843 deserat
2030 3801 2076 3842 et
2108 3793 2159 3842 in
2183 3790 2509 3844 tcntationeni
2535 3790 3088 3850 induci'siiiat.'Aliitd
3125 3808 3196 3850 est
3224 3790 3397 3852 autem

1808 3861 1984 3912 induci
2011 3863 2444 3934 intentationem,
2487 3863 2633 3916 aliud
2679 3868 2862 3918 tentari
2886 3883 3048 3934 gnam
3094 3869 3203 3921 sine
3233 3877 3397 3920 tenta-

1811 3933 1946 4006 tione
1965 3933 2206 4006 probatus
2233 3946 2342 3983 esse
2366 3949 2514 3986 nemo
2536 3945 2722 4002 potest,
2753 3938 2856 3990 sive
2882 3933 2979 3991 sibi
3001 3940 3121 4006 ipsi,
3152 3940 3254 3992 sive
3283 3942 3394 3995 alii.

1812 4001 1934 4055 Non
1963 4018 2082 4070 ergo
2112 4005 2205 4054 hoc
2234 4014 2426 4066 oratur,
2461 4014 2515 4057 ut
2539 4001 2640 4058 non
2673 4018 2962 4074 lentemnr;
2985 4001 3072 4062 sed
3101 4018 3150 4062 nt
3187 4027 3287 4063 non
3317 4011 3398 4064 in-

1811 4076 2037 4142 ferantur
2075 4075 2125 4126 in
2167 4078 2536 4142 tentationcm;
2585 4088 2844 4148 tamquam
2884 4085 2930 4132 si
2968 4082 3248 4152 quispiam,
3311 4084 3396 4135 cui

1811 4160 2010 4223 necesse
2059 4155 2130 4199 cst
2163 4149 2277 4216 igne
2312 4149 2618 4214 examinari,
2648 4167 2749 4223 n_on
2785 4163 2890 4205 oret
2920 4149 3114 4223 utigne
3141 4149 3244 4204 non
3272 4168 3393 4206 con-

1809 4216 2058 4284 tingatur,
2097 4222 2189 4270 sed
2225 4235 2325 4271 non
2355 4230 2617 4275 exuratur.
2665 4220 2970 4276 Inducimnr
3015 4216 3244 4285 cuiausi
3266 4223 3394 4280 tales

1808 4286 2119 4366 inciderint,
2171 4306 2308 4366 quas
2345 4291 2627 4366 ferrenon
2681 4311 2969 4366 possumus.
3013 4294 3086 4348 lla
3140 4298 3396 4366 Angusti-

1812 4373 1947 4436 nos,"
1984 4358 2226 4414 Cassiani
2267 4358 2382 4436 sive
2423 4363 2634 4436 abbatis
2681 4358 2827 4419 Isaac
2865 4368 3184 4419 sententiam
3228 4358 3392 4436 plane

1809 4428 2157 4494 confirmans,
2200 4448 2304 4500 qua
2338 4435 2494 4487 docet
2539 4435 2678 4488 aliud
2713 4449 2831 4490 esse
2878 4440 3093 4500 tentari,
3148 4428 3293 4491 aliud
3340 4441 3391 4493 in

1811 4503 2160 4575 tentationem
2208 4503 2422 4566 induci;
2457 4521 2553 4558 nec
2583 4508 2670 4560 hic
2700 4507 2825 4575 peti,
2861 4523 2926 4562 ne
2977 4518 3268 4572 tentcmur,
3297 4510 3391 4562 sed

1812 4585 1879 4647 ne
1901 4574 2253 4647 a_t_entatione
2280 4576 2579 4629 vincamur.
2604 4574 2749 4630 idem
2783 4595 2910 4633 vero
2941 4579 3271 4647 Augustinus
3294 4580 3389 4636 Μ).

1811 4639 1880 4694 de
1923 4639 2073 4697 Bono
2108 4647 2522 4718 perseverantiae
2554 4663 2669 4716 cap.
2705 4650 2738 4703 6
2771 4657 2918 4715 putat
2947 4639 3263 4718 simpliciter
3295 4668 3392 4706 nos

1733 4731 1787 4790 Π
1812 4726 1968 4790 orare
1998 4727 2053 4767 ut
2076 4716 2296 4790 omnino
2333 4731 2436 4768 non
2477 4727 2770 4790 tentemnr,
2803 4737 2864 4775 ea
2911 4716 3245 4788 potisSimum
3279 4734 3393 4778 ten-

1811 4786 2014 4838 tatione
2034 4801 2134 4854 qua
2161 4787 2228 4839 ad
2262 4788 2587 4854 peccandum
2618 4786 2973 4846 sollicitamur
3003 4809 3018 4847 :
3048 4795 3169 4855 quia
3194 4805 3391 4850 nostra:

1808 4855 2137 4934 infirmitatis
2161 4873 2450 4923 incusares,
2485 4874 2582 4913 nec
2603 4859 2669 4913 de
2693 4863 2845 4918 nobis
2875 4866 3005 4934 ipsis
3031 4865 3388 4932 conﬁdentes,

1809 4926 2227 4988 tentationibus,
2277 4944 2570 5008 earumque
2594 4936 2873 5008 ‘prriculis
2897 4926 2909 4934 ’
2936 4937 3154 4991 liberari
3209 4926 3393 5008 potius

1810 5003 2058 5070 optamus
2083 5012 2243 5070 quam
2281 5000 2358 5052 eis
2407 5003 2627 5068 exponi.
2677 5003 2934 5070 Quamvis
2980 5009 3122 5062 enim
3169 5000 3393 5061 lentatio

1811 5065 2279 5145 interdum’utilis
2317 5071 2407 5137 sit,
2453 5065 2892 5142 sémperrvtamen
2933 5088 3014 5131 est
3067 5079 3387 5145 periculosa,

1813 5148 2032 5217 propter
2063 5141 2364 5210 ambiguam
2407 5141 2774 5216 incertamque
2815 5141 3129 5215 victoriam;
3162 5141 3392 5217 ideoque

1815 5227 1921 5288 non
1949 5212 2134 5288 solum,
2153 5216 2497 5288 praesumptio
2523 5229 2604 5269 εει
2629 5212 2771 5271 illam
2805 5228 3082 5288 appetere,
3109 5212 3201 5272 sed
3228 5212 3390 5272 etiam

1812 5283 2085 5358 humilitas
2107 5284 2400 5358 declinare,
2430 5295 2484 5340 et
2503 5302 2532 5340 a
2559 5287 2666 5342 Deo
2690 5283 2897 5358 petere,
2923 5304 2988 5343 ne
3011 5304 3109 5342 nos
3130 5290 3189 5342 in—
3209 5289 3394 5358 hujus-

1811 5356 1954 5410 modi
1984 5367 2259 5428 certamen
2299 5356 2519 5412 inducat
2547 5359 2631 5412 vel
2660 5356 2838 5414 induci
2871 5361 3032 5413 sinat.
3079 5356 3388 5428 Neque—ob-

1809 5439 1952 5503 stant
1983 5425 2274 5503 scripturae
2306 5428 2357 5480 in
2391 5431 2720 5503 contrarium
2767 5432 2856 5484 hic
2893 5432 3088 5497 allatm,
3136 5425 3255 5503 qua:
3302 5447 3392 5485 so-

1809 5499 2086 5553 lummodo
2115 5498 2341 5566 probant
2375 5501 2724 5554 tcntationem
2755 5517 2847 5555 seu
2880 5498 3251 5564 afuit-tionem,
3287 5519 3391 5558 non

1807 5572 1980 5626 solum
2012 5569 2244 5633 fortiter,
2278 5571 2370 5622 sed
2403 5572 2563 5623 etiam
2604 5588 2723 5624 cum
2769 5575 2968 5642 gaudio
2997 5591 3116 5628 esse
3161 5577 3392 5630 tuleran-

1809 5642 1954 5695 dam.
1998 5642 2067 5694 At
2096 5642 2237 5714 quod
2287 5641 2550 5714 toleratur
2589 5659 2692 5696 non
2737 5641 2970 5699 amatur.
3021 5645 3169 5702 Unde
3218 5649 3392 5714 Angu-

1807 5714 1982 5768 stinus
2013 5730 2045 5767 ι
2074 5712 2320 5766 Confess.
2362 5729 2483 5791 cap,
2529 5713 2599 5768 28
2625 5731 2637 5767 :
2667 5715 2906 5771 Tolerare
2943 5735 3028 5772 eas
3061 5718 3215 5791 jnbes
3237 5760 3251 5779 ,
3285 5712 3391 5774 non

1806 5800 2013 5856 amare;
2055 5800 2200 5836 nemo
2237 5787 2371 5854 quod
2408 5786 2611 5850 tolerat,
2654 5798 2810 5856 amat,
2859 5791 2952 5844 etsi
2984 5786 3203 5845 tolerare
3234 5802 3389 5845 amet.

1811 5855 2015 5921 Qamvis
2046 5856 2180 5927 enim
2210 5857 2431 5926 gaudeat
2467 5876 2520 5914 se
2558 5855 2804 5927 tolerare,
2840 5871 3005 5919 tamen
3046 5863 3239 5919 mavult
3285 5878 3392 5924 non

1804 5941 1911 5978 esse
1939 5926 2077 5996 quod
2101 5928 2302 5984 toleret.
