4048 6198
588 278 696 339 ’199

592 491 810 542 inducas
834 504 924 541 nos
946 489 1000 541 in
1028 491 1381 557 tentationcm,
1412 490 1464 544 id
1493 500 1597 561 est,
1652 500 1709 547 ut
1738 508 1847 547 non
1899 493 2177 562 permittas

594 593 695 634 nos
722 578 1011 649 aliquando
1033 580 1249 646 tentari,
1275 580 1371 635 sed
1397 596 1467 636 ne
1499 583 1780 650 permittas
1809 584 1862 639 in
1886 585 2185 639 tentatione

599 670 803 739 positos
826 670 1091 738 superari.
1120 668 1387 725 Tentatus
1414 680 1503 726 est
1532 674 1674 727 enim
1702 673 1823 740 Job,
1851 675 1944 729 sed
1968 690 2073 729 non
2099 682 2186 730 est

596 764 791 818 ductus
816 762 869 816 iti
898 762 1275 817 teutatiouem.
1300 762 1415 817 Non
1454 765 1597 819 enim
1630 765 1778 820 dedit
1821 767 2186 839 insipientiam

600 842 745 920 Deo,
792 869 892 909 nec
934 854 1002 909 ad
1045 855 1193 909 illam
1221 853 1287 908 ad
1337 870 1496 925 quam
1543 857 1858 914 trahebatur
1908 861 2189 917 tentatoris

601 945 955 1011 voluntatem,
983 960 1077 1000 ore
1100 946 1263 1015 impio
1288 946 1637 1016 blasphemus
1657 950 1895 1006 intravit.
1930 952 2189 1009 Tentatus

597 1047 679 1092 est
705 1038 999 1105 Abraham,
1033 1049 1267 1094 tentatus
1286 1052 1367 1095 est
1382 1040 1608 1112 Joseph,
1631 1045 1725 1098 sed
1749 1054 1941 1101 neuter
1970 1047 2189 1102 illorum

600 1133 855 1187 inductus
884 1143 969 1188 est
999 1134 1051 1187 in
1082 1135 1458 1201 tentationem,
1498 1138 1623 1206 quia
1649 1138 1828 1193 nullus
1852 1155 2037 1195 eorum
2060 1156 2192 1197 con-

597 1239 818 1280 sensum
865 1226 1091 1296 praibuit
1132 1228 1407 1282 tentatori.
1439 1227 1680 1298 Denique
1716 1231 1961 1301 sequitur
1991 1250 2005 1287 :
2031 1242 2057 1270 ⁸
2088 1233 2193 1288 Sed

602 1320 763 1374 libera
784 1336 878 1374 nos
900 1338 931 1375 a
973 1319 1133 1388 malo,
1161 1321 1213 1376 id
1239 1330 1342 1388 est,
1378 1338 1444 1378 ne
1476 1323 1761 1393 permittas
1790 1340 1889 1381 nos
1915 1341 1944 1380 a
1977 1326 2195 1383 diabolo

1644 282 1927 344 JOANNIS
1967 283 2289 345 cassum
2324 281 2827 343 commones.
3272 214 3305 381 i
3336 312 3357 319 -ι
3396 302 3419 381 χ

598 316 695 339 ’συ
1644 316 1927 344 JUﬂL‘L‘ID
1967 316 2287 345 υηῠοιιιυι
2325 316 2827 343 υυυυηιιυιῖυυ.
3300 336 3301 339 η
3336 316 3357 319 “’
3398 316 3419 381 χχ
3785 316 3908 342 M

591 398 690 468 fert
720 394 1045 451 tentationem
1072 393 1286 468 (Jacob.
1318 396 1382 467 ι).
1425 398 1545 454 Non
1575 414 1706 471 ergo
1734 400 1838 456 hoc
1890 410 2073 469 sonat,
2122 416 2187 455 ne
2212 400 2267 463 Α
2292 400 2488 455 tentari
2514 414 2672 469 supra
2701 399 2753 453 id
2776 397 2920 469 quod
2950 410 3243 469 possumus
3270 316 3908 475 ,teutatioho

3324 104 3634 161 _‘t

3274 168 3353 231 ἐς

2291 502 2347 549 et
2370 493 2571 549 exitum
2594 491 2683 556 da,
2712 501 2770 547 ut
2795 493 3068 547 sustinere
3092 492 3361 562 possimus
3380 492 3402 562 (
3422 490 3451 546 ι
3474 490 3603 547 Cor.
3620 498 3671 546 ι
3696 492 3752 561 ⁷).

2852 606 3078 662 CAPUT
3116 605 3309 662 XXIV.

2295 700 2448 767 Quod
2468 714 2571 752 non
2602 698 2826 770 debeant
2863 697 2970 751 alia
2998 698 3276 769 postulari,
3304 714 3459 770 quam
3489 699 3604 753 hac
3656 707 3899 767 tantum,

2366 786 2481 841 qua:
2510 770 2762 824 orationis
2791 769 3084 823 Dominica:
3115 769 3326 823 modulo
3357 772 3716 825 continentur.

2369 863 2577 919 Videtis
2625 878 2756 934 ergo
2784 863 2960 933 qualis
3004 862 3165 917 nobis
3207 863 3276 916 ab
3313 864 3453 932 ipso,
3497 863 3591 932 qui
3628 879 3729 934 per
3755 865 3903 920 illam

2297 957 2606 1013 exorandus
2627 967 2731 1022 est,
2756 956 2957 1026 judice,
2984 955 3248 1009 orationis
3270 954 3341 1008 sit
3365 954 3622 1011 modulus
3651 966 3709 1011 et
3734 958 3905 1012 forma

2300 1049 2598 1119 proposita,
2634 1048 2688 1102 iu
2715 1063 2821 1117 qua
2846 1048 2995 1101 nulla
3025 1046 3339 1101 divitiarum
3363 1048 3580 1116 petitio,
3614 1050 3769 1103 nulla
3793 1065 3913 1104 me-

2299 1141 2471 1198 moria
2512 1140 2857 1211 dignitatum,
2907 1138 3056 1194 nulla
3108 1146 3418 1208 potentatus
3458 1153 3521 1193 ac
3561 1138 3909 1195 fortitudinis

2308 1232 2628 1305 posmlatio,
2661 1233 2806 1288 nulla
2837 1246 3117 1302 corporeae
3146 1231 3418 1297 sanitatis,
3449 1245 3546 1285 seu
3583 1234 3915 1303 temporalis

2307 1328 2429 1383 vitae
2457 1326 2664 1383 mentio
2690 1325 3018 1381 continetur.
3053 1322 3082 1362 ιι
3113 1323 3258 1378 Nihil
3288 1324 3433 1378 enim
3477 1323 3750 1379 caducum
3792 1325 3914 1377 vult

1681 1465 1940 1520 ALARDI
1979 1465 2213 1522 CAZIEI
2254 1464 2817 1524 COMMENTARIUS.

676 1582 701 1609 ε
744 1573 819 1627 Ex
855 1574 955 1629 hac
1001 1576 1449 1647 interpretatione
1487 1577 1705 1633 videtur
1754 1579 1840 1633 hic
1870 1579 2038 1633 abbas
2068 1594 2194 1634 sen-

603 1645 739 1716 sisse
770 1654 880 1699 tota
909 1647 1007 1700 ista
1039 1645 1279 1702 extrema
1314 1649 1534 1716 periodo
1566 1650 1827 1703 orationis
1860 1650 2188 1704 Dominicai:

607 1715 691 1768 Ne
717 1733 810 1787 nos
839 1718 1055 1771 inducas
1087 1720 1140 1771 in
1172 1715 1515 1787 tentationem,
1549 1721 1636 1773 sed
1662 1721 1821 1774 libera
1848 1737 1939 1773 nos
1969 1739 2001 1774 a
2031 1722 2185 1787 malo,

604 1802 711 1839 non
742 1786 897 1857 duas,
934 1790 1026 1841 sed
1061 1805 1218 1843 uuam
1270 1791 1639 1844 tantummodo
1674 1792 1987 1857 petitionem
2018 1794 2195 1846 conti—

605 1857 741 1910 neri.
770 1856 922 1931 Quod
948 1870 1003 1912 ut
1024 1862 1294 1913 communi
1325 1864 1609 1915 sententia:
1640 1856 1749 1915 tum
1778 1872 2052 1931 veterum,
2077 1874 2191 1918 tum

607 1928 970 2001 recentiorum
1016 1931 1390 2001 tlieOIOgorum
1422 1932 1826 1987 dissentaneum
1874 1928 2067 1987 merito
2110 1950 2194 1989 re-

2298 1589 2353 1635 et
2392 1589 2667 1634 terrenum
2690 1588 2804 1641 est,
2835 1585 2889 1631 et
2927 1576 2994 1631 ad
3022 1574 3163 1645 quod
3212 1582 3345 1628 satis
3379 1583 3576 1629 natura
3626 1576 3915 1641 proclives

2299 1666 2520 1715 sumus;
2554 1652 2645 1704 sed
2680 1658 2737 1703 ut
2768 1648 2989 1703 doceret
3019 1663 3047 1700 a
3072 1661 3178 1715 quo
3210 1647 3504 1716 (nimirum
3530 1662 3559 1699 a
3590 1646 3704 1701 Deo
3732 1648 3915 1701 bono-

2298 1738 2416 1776 rum
2448 1722 2690 1775 omnium
2736 1717 3021 1788 largitore)
3052 1729 3105 1772 et
3133 1727 3406 1787 quatenus
3433 1733 3688 1786 quaerere
3717 1733 3779 1773 ac
3811 1735 3917 1788 pe-

2300 1803 2415 1847 tere
2444 1793 2788 1847 deberemus.
2822 1790 3128 1844 Notandum
3171 1797 3350 1841 autem
3406 1802 3475 1841 ex
3524 1789 3639 1841 div.
3696 1789 3913 1842 Thom:

2332 1864 2449 1925 “2-2,
2480 1880 2531 1932 q.
2567 1864 2657 1926 85,
2705 1870 2807 1915 art.
2834 1860 2867 1914 5
2911 1870 2960 1914 et
3000 1859 3090 1929 6),
3125 1859 3356 1932 triplicia
3389 1860 3687 1932 esseboua
3725 1876 3843 1928 qum
3882 1877 3916 1914 a

2348 1950 2412 1988 eo
2465 1930 2572 2003 peti
2618 1944 2844 2003 possunt
2886 1948 2900 1983 :
2945 1945 3067 1984 nam
3117 1930 3220 1982 alia
3276 1939 3399 1982 sunt
3455 1930 3797 1997 Spiritualia,
3848 1944 3915 1985 ut

606 1995 741 2051 fellit
774 1997 1153 2073 Bellat‘miuus,
1187 1994 1537 2071 (istenditque
1567 2019 1635 2059 ex
1662 2004 1907 2059 doctrina
1938 2005 2048 2059 div.
2088 2007 2195 2058 Au-
2224 1994 2273 2055 B
2298 1994 2547 2073 gratia-et
2575 1994 2823 2066 virtutes,
2857 2003 3107 2057 remissio
3130 1994 3501 2073 peccatorum,
3530 2004 3635 2053 vita
3662 2013 3875 2055 aiterna
3894 2047 3911 2065 ,

606 2076 759 2148 gust._
782 2068 795 2135 (
816 2067 891 2124 De
908 2070 1063 2148 Bonis
1093 2073 1347 2148 Operibus
1375 2067 1463 2126 lib.
1496 2090 1510 2128 ι
1541 2090 1591 2148 c._
1622 2076 1747 2148 t)et
1775 2076 2025 2141 aliorum,
2060 2076 2198 2131 hanc

608 2142 964 2214 petitionem;
995 2142 1100 2198 Sed
1134 2144 1291 2197 libera
1322 2160 1412 2197 nos
1434 2162 1464 2196 a
1486 2142 1840 2212 malo,‘aliaiu
1864 2162 1985 2200 esse
2007 2162 2037 2199 a
2064 2165 2199 2214 prae-

609 2209 823 2263 cedeuti
857 2230 869 2265 :
902 2211 985 2266 Ne
1023 2231 1115 2268 nos
1144 2214 1359 2269 inducas
1390 2218 1441 2267 in
1473 2209 1822 2279 tentationent,
1874 2225 1928 2270 et
1972 2209 2199 2285 proinde

611 2291 817 2348 septem
850 2298 971 2338 esse
1006 2286 1292 2351 petitiones
1341 2288 1601 2341 orationis
1656 2287 1972 2342 Dominicae.
2022 2290 2198 2342 Porro

614 2366 709 2425 per
734 2355 927 2407 malum
961 2357 1200 2425 plerique
1232 2367 1472 2412 veterum
1506 2358 1882 2413 intellexerunt
1902 2358 2193 2425 diabolum,

612 2423 699 2476 cui
730 2440 828 2491 per
866 2423 1295 2480 aiitmiomasiam
1324 2430 1580 2481 convenit
1608 2430 1711 2483 dici
1755 2428 1975 2493 malum,
2010 2423 2199 2484 Graace

612 2494 697 2547 τὸν
739 2496 972 2571 πονηρὸν,
1009 2498 1130 2564 quia
1164 2497 1216 2548 in
1244 2508 1495 2571 extremo
1537 2499 1763 2571 malitiae
1797 2500 1966 2571 gradu
1998 2500 2203 2554 consti-

613 2572 757 2640 tutus
806 2567 877 2640 :ib'
911 2581 975 2618 eo
1015 2567 1257 2640 revocari
1304 2577 1566 2640 nequeat;
1617 2578 1671 2621 at
1716 2570 1826 2624 div.
1873 2570 2196 2640 Cyprianus,

612 2634 942 2709 Augustinus
984 2646 1039 2689 et
1091 2637 1183 2689 alii
1229 2634 1424 2691 malum
1470 2639 1894 2707 interpretantur
1919 2634 2029 2709 'p'ro
2055 2634 2201 2696 omni

614 2717 674 2779 r_e
719 2705 884 2779 mala;
938 2721 1097 2779 quem
1144 2721 1359 2761 sensum
1399 2705 1632 2777 probare
1674 2712 1887 2765 videtur
1932 2705 2199 2779 Ecclesia,

614 2770 745 2853 dum
778 2773 830 2825 in
860 2770 1131 2853 sacriﬁcio
1152 2779 1331 2853 biissa‘.
1359 2770 1539 2834 statim
1587 2792 1708 2850 post
1755 2782 2053 2853 orationem
2099 2770 2202 2835 Do:-

616 2847 865 2922 niinieam
891 2847 1071 2922 subdit
1100 2865 1112 2901 :
1142 2847 1323 2902 Libera
1365 2868 1480 2915 nos,
1509 2847 1820 2917 quaesumus,
1872 2852 2111 2921 Domine,
2141 2854 2203 2906 ab

625 2916 861 2993 omnibus
887 2919 1038 2993 malis
1068 2922 1339 2991 prtcteritis
1381 2926 1714 2989 prasentibus
1745 2934 1790 2977 et
1827 2925 2037 2993 futuris.
2068 2916 2203 2978 Nam

620 2990 1071 3064 prieteritahniala
1099 3001 1226 3044 sunt
1258 3002 1472 3059 peccata
1517 2990 1835 3058 commissa,
1883 3011 2001 3064 qua:
2048 2995 2205 3049 nobis

614 3058 849 3135 petimus
879 3058 1107 3135 dimitti;
1144 3058 1426 3135 prteSeutia
1455 3076 1580 3117 sunt
1622 3058 1966 3131 tentationés,
1995 3065 2048 3119 in
2073 3079 2205 3132 quas

617 3132 849 3208 petimus
882 3145 987 3208 non
1023 3132 1231 3208 induci;
1276 3137 1455 3208 l'utura
1483 3144 1607 3208 sunt
1638 3136 1895 3208 quaelibet
1927 3137 2066 3189 mala
2100 3139 2204 3191 im-

620 3202 900 3276 minentia,
930 3202 1044 3276 sive
1074 3203 1125 3255 in
1159 3204 1519 3276 hocgsmculo,
1562 3202 1674 3259 sive
1702 3205 1755 3259 iu
1791 3207 1992 3271 futuro,
2028 3223 2057 3261 a
2089 3209 2208 3276 qui-

615 3266 716 3347 bus
740 3272 967 3347 petimus
992 3271 1231 3347 liberari.
1257 3274 1454 3347 verum
1477 3266 1617 3347 quod
1643 3276 1709 3330 ad
1735 3266 2017 3343 przesentia
2042 3266 2201 3342 mala,

619 3342 752 3419 sive_
777 3355 897 3419 qua:
942 3344 991 3394 in
1039 3342 1150 3419 hoc
1181 3346 1380 3399 saiculo
1423 3342 1697 3419 patimur,
1726 3342 1935 3419 attinet,
1985 3359 2041 3401 ut
2080 3358 2205 3403 sunt

618 3409 1033 3489 niorbi,_l‘ames,
1065 3414 1207 3479 sitis,
1237 3409 1466 3485 egestas,
1492 3409 2001 3481 bella,'infor:un'ia,
2028 3420 2094 3474 ab
2118 3419 2201 3474 his

616 3477 837 3554 liberari
880 3477 1133 3551 petimus,
1171 3477 1484 3540 nonvlameii
1532 3477 1795 3554 absolute,
1846 3491 1939 3543 sed
1980 3477 2081 3543 sub
2114 3491 2201 3544 illa

624 3548 911 3619 hyp0thesi
941 3554 1258 3629 christiana,
1293 3556 1353 3612 Si
1384 3556 1495 3610 Deo
1522 3564 1684 3612 visum
1710 3548 1861 3629 fuerit
1881 3576 1899 3623 ;
1939 3575 2032 3615 seu
2067 3577 2207 3629 prie-

620 3628 898 3689 suppostta
948 3626 1037 3679 illa
1072 3628 1331 3693 petitione
1375 3626 1773 3685 antecedente:
1802 3628 1925 3683 Fiat
1964 3626 2202 3687 voluntas

620 3701 729 3765 tua,
764 3703 822 3765 ut
852 3695 987 3748 infra
1018 3697 1230 3765 plenius
1274 3699 1597 3753 declaratur.

692 3760 719 3799 δ
762 3763 817 3818 ln
848 3760 1095 3822 eamdem
1143 3772 1466 3823 sententiam
1518 3771 1752 3826 Isidorus
1800 3771 2100 3828 Pelusiotes
2149 3773 2202 3828 in

620 3834 849 3915 quadam
878 3840 1363 3915 epistolaiNempe
1384 3841 1510 3905 281,
1543 3842 1734 3915 libuit)
1768 3846 1833 3915 ita
1858 3844 2070 3910 scribit,
2102 3844 2204 3897 Bil-

616 3904 694 3958 lio
737 3904 1069 3981 interprete:
1111 3904 1396 3976 Oratio't'a,
1437 3928 1585 3978 quam
1632 3904 1880 3967 Dominus
1923 3904 2204 3981 discipulos

616 3992 739 4027 suos
767 3980 956 4049 docuit,
994 3982 1123 4033 nihil
1154 3992 1408 4034 terrenum
1439 3983 1606 4046 habet,
1639 3984 1726 4035 sed
1758 3986 1928 4035 omnia
1957 3980 2201 4049 caelestia,

618 4056 665 4098 et
710 4047 777 4098 ad
820 4052 1005 4102 animm
1047 4052 1320 4105 utilitatem
1372 4054 1648 4115 tendentia,
1702 4063 1804 4105 etc.
1856 4054 2049 4106 Verum
2093 4047 2206 4109 haec

617 4120 907 4183 sententia,
942 4121 987 4173 si
1020 4120 1339 4188 simpliciter
1367 4131 1419 4173 et
1462 4132 1517 4173 ut
1546 4125 1707 4175 verba
1750 4134 1943 4176 sonant
1976 4125 2205 4191 accipia-

620 4194 727 4248 tur,
758 4192 906 4254 quasi
940 4192 993 4241 in
1026 4196 1272 4244 oratione
1318 4192 1594 4245 Dominica
1627 4192 1757 4245 nihil
1803 4193 2063 4247 caducqu
2114 4205 2202 4247 aut

621 4259 919 4323 temporale
955 4270 1166 4326 petatur
1196 4276 1226 4314 a
1260 4261 1390 4323 Deo,
1426 4264 1647 4315 omnino
1686 4264 2077 4329 improbabilis,
2105 4265 2206 4317 iiii-

618 4340 706 4377 mo
736 4336 788 4379 et
819 4330 1083 4403 paradoxa
1124 4333 1522 4403 censendaeSt.
1552 4334 1683 4398 Quis
1708 4334 1849 4386 enim
1882 4344 2039 4403 neget
2068 4336 2204 4389 bona

619 4397 960 4472 temporalia,
996 4401 1227 4472 maxime
1272 4402 1338 4454 ad
1374 4400 1532 4455 vitam
1571 4397 1980 4457 sustentandam
2009 4420 2203 4459 neces-

619 4470 785 4529 saria,
821 4481 1034 4544 rectea
1060 4470 1171 4524 Deo
1206 4472 1470 4544 bonorum
1510 4474 1755 4527 omnium
1798 4476 2051 4544 largitore
2096 4477 2203 4543 peti

615 4544 671 4588 et
695 4541 1038 4613 exspectari?
1072 4554 1123 4593 et
1153 4556 1275 4595 cum
1300 4543 1473 4596 oratio
1496 4545 1774 4598 Dominica
1799 4548 1867 4599 sit
1885 4541 2204 4613 pletiissiiiia

618 4611 1126 4686 etlperlectifsiiua,
1164 4625 1217 4666 ut
1240 4616 1401 4686 docet
1430 4615 1583 4669 divus
1611 4609 1945 4683 Augustinus
1973 4609 2200 4686 epistola

616 4674 737 4738 Hi,
769 4678 889 4757 quis
912 4674 1125 4757 dubitet
1156 4700 1217 4735 ea
1246 4684 1422 4757 omnia
1452 4674 1861 4756 continerique
1884 4704 1910 4739 a
1941 4674 2052 4742 Delo
2092 4690 2197 4757 peti

2301 2072 2431 2140 etc.,
2465 2091 2585 2145 quae
2628 2074 2884 2145 primario
2919 2083 2974 2127 et
3002 2074 3243 2145 absolute
3271 2072 3676 2145 petendasuut,
3711 2082 3772 2125 ut
3805 2088 3919 2141 per

2300 2162 2360 2201 se
2389 2141 2724 2216 exoptanda;
2751 2145 2854 2216 alia
2884 2143 3226 2216 temporalia,
3256 2141 3349 2216 sed
3382 2142 3448 2195 ad
3482 2144 3911 2216 F'ilam‘SUSttIl-

2304 2213 2517 2271 laudaui
2551 2215 2879 2277 necessaria,
2914 2216 2981 2268 de
3025 2214 3221 2283 quibus
3268 2214 3569 2285 Apostolus
3613 2213 3687 2267 ait
3718 2214 3779 2285 (l
3816 2214 3912 2266 Ti-

2302 2287 2464 2341 moth.
2496 2291 2605 2357 Vl):
2637 2286 2894 2340 Habentes
2932 2286 3179 2338 alimenta
3208 2293 3253 2357 et
3280 2284 3464 2357 quibus
3511 2294 3770 2355 tegantur,
3794 2356 3798 2357 ί
3819 2286 3906 2338 his

2304 2360 2524 2412 contenti
2550 2360 2731 2411 simus.
2764 2357 2894 2423 Quae
2916 2357 3134 2425 quidem
3175 2356 3417 2408 absolute
3445 2365 3731 2425 petuntur,
3761 2356 3907 2410 sicut

2313 2430 2365 2483 in
2397 2430 2637 2483 oratione
2673 2424 2949 2481 Dontinica
2980 2426 3228 2480 absolute
3273 2428 3540 2494 petimus:
3570 2424 3777 2478 Panem
3809 2444 3908 2479 no-

2304 2512 2464 2552 strum
2499 2501 2853 2568 quotidianum
2878 2498 2947 2550 da
2968 2497 3111 2568 nobis
3143 2497 3323 2561 hodie;
3355 2512 3455 2568 non
3481 2506 3658 2568 tamen
3690 2500 3914 2562 prima-

2306 2573 2386 2624 rio
2417 2582 2469 2623 et
2502 2566 2877 2638 principaliter
2904 2570 2921 2638 (
2951 2567 3116 2620 Verba
3142 2570 3310 2620 sancti
3357 2566 3600 2638 Thonuc),
3638 2576 3696 2618 ut
3727 2568 3784 2620 in
3811 2569 3912 2621 eis

2304 2642 2465 2694 linem
2498 2637 2920 2705 Constituamus,
2961 2640 3054 2692 sed
3097 2638 3239 2691 sicut
3285 2637 3520 2706 quaedam
3549 2638 3910 2691 adminicula

2304 2712 2497 2779 quibus
2538 2714 2857 2779 adjuvamur
2897 2709 2962 2763 ad
2995 2709 3327 2764 tendendum
3359 2709 3410 2762 iu
3457 2709 3855 2779 beatitudinem
3888 2726 3904 2760 :

2307 2778 2361 2835 in
2403 2778 2660 2851 quantum
2693 2782 2901 2835 scilicet
2927 2796 3020 2850 per
3048 2796 3111 2833 ea
3138 2782 3245 2833 vita
3283 2778 3583 2851 corporalis
3613 2786 3903 2851 Stt~tentaf

2308 2850 2431 2915 turi
2476 2862 2529 2907 et
2576 2854 2627 2906 in
2670 2861 2929 2920 quantum
2965 2851 3121 2905 nobis
3157 2850 3411 2917 organicc
3462 2850 3781 2903 deserviunt
3836 2850 3907 2903 ad

2306 2933 2454 2977 actus
2527 2924 2819 2988 virtutum,
2874 2933 2931 2974 ut
2992 2923 3153 2975 etiam
3230 2921 3595 2989 Philosophus
3668 2922 3799 2974 dicit
3848 2924 3899 2973 in

2308 2998 2479 3063 primo
2511 2994 2827 3048 Ethicorum
2860 2992 3021 3062 (Cap.
3048 2992 3135 3063 81.
3171 2992 3236 3046 Et
3268 2992 3369 3063 hoc
3415 3000 3499 3045 est
3529 2991 3689 3063 quod
3726 2995 3908 3060 Augu-

2307 3060 2481 3119 stinus
2511 3066 2642 3119 dicit
2672 3065 2738 3118 ad
2788 3060 3017 3118 PrObain
3048 3060 3259 3131 (Epist.
3308 3060 3406 3117 121
3462 3078 3577 3130 cap.
3631 3062 3723 3132 6'),
3763 3062 3907 3131 quod

2308 3136 2691 3191 sufﬁcientiam
2724 3136 2852 3188 vita:
2883 3149 2990 3188 non
3020 3134 3334 3188 indecenter
3363 3132 3471 3186 vult
3502 3132 3755 3203 quisquis
3785 3149 3905 3187 eam

2305 3208 2443 3274 vult,
2489 3218 2542 3261 et
2587 3222 2691 3260 non
2742 3206 3014 3275 amplius;
3066 3219 3187 3273 quae
3237 3204 3454 3272 quidem
3486 3220 3594 3257 nou
3629 3207 3908 3272 appetitur

2307 3288 2530 3347 propter
2574 3279 2828 3345 seipsam,
2875 3276 2971 3331 sed
3024 3283 3249 3344 propter
3294 3276 3528 3347 salutem
3558 3278 3810 3342 corporis
3857 3286 3911 3328 et

2229 3369 2275 3431 ρ
2308 3345 2701 3430 congruentem
2752 3347 2991 3429 habitum
3019 3360 3266 3431 person-te
3297 3345 3555 3431 hominis,
3609 3355 3668 3431 ut
3699 3361 3811 3399 non
3843 3348 3912 3399 sit

2310 3420 2701 3473 inconveniens
2730 3420 2811 3472 eis
2837 3433 2961 3471 cum
2989 3418 3181 3485 quibus
3210 3416 3440 3469 honeste
3471 3416 3763 3469 vivendum
3800 3426 3908 3471 est.

2307 3488 2412 3543 Ista
2444 3505 2574 3559 ergo
2601 3506 2725 3542 cum
2754 3489 3041 3552 habentur,
3076 3497 3134 3541 ut
3156 3496 3486 3559 teneantur;
3515 3502 3637 3540 cum
3670 3504 3776 3540 non
3816 3489 3912 3539 Ιη-

2307 3557 2530 3623 bentur,
2560 3570 2616 3613 ut
2644 3560 2965 3622 habeantur,
3001 3557 3267 3612 orandum
3289 3567 3394 3611 est.
3427 3557 3614 3611 Tertio
3644 3560 3744 3611 alia
3777 3568 3915 3611 sunt

2309 3632 2650 3698 temporalia,
2683 3641 2738 3684 et
2764 3631 2985 3683 minime
3009 3630 3335 3695 necessaria,
3356 3637 3550 3681 utsunt
3568 3628 3789 3692 divitiae,
3812 3630 3913 3683 lio-

2307 3716 2492 3768 nores,
2520 3702 2685 3754 robur
2707 3701 2970 3769 corporis,
2989 3700 3136 3754 lirma
3163 3699 3441 3768 valetudo,
3466 3699 3620 3768 longa
3643 3701 3771 3763 vita,
3798 3710 3913 3754 etc.

2308 3772 2437 3825 llaec
2464 3787 2591 3825 vero
2616 3772 2739 3841 quia
2768 3773 3067 3840 sepissime
3090 3770 3549 3841 hominibussunt
3578 3770 3769 3830 exitio.
3800 3788 3915 3824 non

2308 3853 2434 3896 sunt
2465 3840 2695 3910 petenda
2728 3844 2995 3907 absolute,
3030 3842 3123 3895 sed
3154 3842 3257 3894 sub
3283 3840 3599 3894 conditione
3630 3846 3789 3895 tacita
3827 3844 3913 3895 vel

2308 3928 2586 3981 expressa,
2622 3915 2667 3967 si
2710 3914 2865 3967 uobis
2904 3914 3013 3965 siut
3055 3914 3228 3965 l’utura
3270 3910 3574 3965 salutaria:
3610 3912 3751 3980 quod
3804 3913 3916 3964 soli

2310 3985 2421 4038 Deo
2455 3992 2794 4052 perspectum
2825 3992 2928 4037 est.
2978 3982 3132 4038 Unde
3170 3982 3222 4034 iu
3255 3984 3371 4035 istis
3420 3983 3662 4049 optimus
3709 3982 3916 4036 orandi

2309 4055 2501 4107 modus
2529 4066 2633 4120 est,
2668 4070 2824 4108 orare
2858 4056 3020 4107 Deum
3046 4062 3105 4105 ut
3128 4052 3409 4106 nobiscum
3441 4062 3564 4121 agat
3590 4054 3725 4105 sicut
3748 4056 3913 4107 novit

2310 4126 2563 4190 expedire
2595 4126 2659 4178 ad
2693 4140 2843 4178 suam
2874 4125 3101 4193 gloriam
3124 4133 3182 4177 et
3212 4134 3450 4176 nostram
3484 4121 3917 4193 salutem.rlla:c

2312 4198 2420 4248 lere
2464 4211 2533 4247 es
2573 4196 2813 4249 doctrina
2848 4196 2904 4250 S.
2936 4194 3159 4248 Thomas
3187 4194 3241 4246 iu
3273 4204 3379 4246 art.
3412 4194 3445 4247 6
3474 4192 3798 4261 quastionis
3834 4194 3915 4246 ci-

2310 4273 2455 4319 tatzc.
2501 4266 2558 4319 In
2598 4268 2767 4319 altero
2808 4276 2988 4319 autem
3029 4264 3261 4318 articulo
3297 4264 3544 4317 eamdem
3594 4264 3912 4317 doctrinam

2310 4338 2600 4389 conlirmat
2642 4349 2695 4389 et
2740 4335 2972 4402 exiilicat
3016 4336 3067 4389 in
3115 4337 3255 4387 hunc
3286 4335 3501 4387 modum
3534 4351 3546 4384 :
3575 4334 3875 4389 Dicendum
3898 4374 3913 4397 ,

2311 4407 2505 4475 inquit,
2532 4408 2670 4477 quod
2700 4408 2827 4477 sicut
2858 4406 2933 4458 Μ.
2973 4406 3211 4459 Valerius
3240 4402 3568 4477 refert_(Lib.
3605 4415 3695 4477 vlt.
3732 4420 3777 4455 c.
3820 4404 3911 4472 1),

2311 4472 2554 4530 Socrates
2584 4479 2715 4530 nihil
2742 4476 2879 4529 ultra
2905 4477 3181 4547 petendum
3208 4492 3237 4526 a
3263 4476 3359 4525 diis
3390 4472 3774 4547 imtitortatibtts
3805 4492 3911 4525 ar-

2311 4548 2613 4611 bitrabatur,
2643 4565 2799 4615 quam
2844 4542 2915 4600 uti
2938 4549 3068 4600 bona
3099 4548 3408 4615 tribuerent;
3439 4542 3557 4611 quia
3598 4543 3653 4594 hi
3685 4543 3913 4615 demum

2308 4622 2491 4672 scirent
2513 4620 2636 4689 quid
2657 4611 2941 4687 unicuique
2977 4626 3104 4670 esset
3145 4618 3291 4689 utile.
3329 4614 3437 4668 Nos
3463 4621 3633 4666 autem
3660 4611 3909 4689 plerum-

2309 4706 2406 4755 que
2437 4690 2491 4741 id
2524 4688 2647 4742 uotis
2694 4691 3000 4755 expetimus,
3050 4688 3185 4755 quod
3235 4704 3335 4739 non
3370 4689 3672 4752 impetrasse
3721 4688 3909 4738 melius

613 4750 881 4830 possunt?
909 4754 1147 4830 Denique
1175 4756 1433 4830 superius
1447 4750 1892 4830 ostendimus,“
1922 4750 2197 4814 sententia
2225 4750 2281 4811 D
2305 4750 2454 4829 foret.
2486 4760 2610 4826 Qua:
2637 4750 2847 4830 quidem
2878 4750 3453 4830 sententiaaliqualiter
3478 4771 3595 4830 vera
3618 4766 3715 4830 est,
3741 4772 3907 4830 quan-

610 4815 852 4899 Pa_trutn,
878 4815 1095 4899 nomine
1116 4815 1268 4899 panis
1284 4826 1585 4899 quotidiani
1607 4815 1830 4897 intelligi
1849 4845 2203 4899 quat-umque

612 4887 854 4969 subsidia
882 4894 1007 4946 vitae
1033 4887 1138 4946 tam
1168 4887 1438 4969 spirituali
1463 4913 1622 4966 quam
1646 4887 1917 4962 ctiriioriili
1947 4887 2203 4955 necessa-

614 4962 713 5011 ria.
752 4960 949 5015 Verum
991 4979 1147 5037 suam
1182 4960 1505 5020 sententiam
1538 4970 1707 5024 abbas
1739 4960 1886 5024 Isaac
1915 4971 2198 5037 exposuit,

609 5042 700 5107 aut
753 5043 902 5085 certe
953 5035 1217 5105 mitigavit
1270 5038 1452 5091 verbis
1501 5042 1886 5107 sequentibus,
1938 5035 2028 5095 ubi
2078 5035 2198 5098 aiti

609 5099 795 5179 Itaque
821 5099 1212 5179 magniﬁcentia:
1237 5112 1349 5179 ejus
1367 5126 1425 5161 ac
1449 5099 1806 5174 muniﬁcentia:
1834 5099 2106 5165 niaximum
2132 5114 2202 5165 ir-

610 5176 1350 5253 lugu?”illitll'ittttbquibqitit,
1376 5182 1693 5253 sempiternis
1720 5184 2047 5249 petitionibus
2070 5200 2204 5253 pra:-

611 5246 881 5320 ttrmissis,
938 5246 1295 5320 transitorium
1340 5246 1535 5320 aliquid
1561 5262 1610 5304 et
1638 5246 1891 5305 caducum
1916 5255 1979 5307 ab
2004 5246 2201 5306 eo'ma-

613 5312 767 5367 luerit
817 5319 1103 5391 postulare,
1146 5330 1252 5374 etc.
1290 5320 1399 5373 Hoc
1425 5312 1592 5388 igitur
1633 5338 1799 5376 sensu
1851 5325 2202 5391 prohibemur

610 5388 929 5463 temporalia
966 5399 1019 5463 et
1049 5390 1355 5463 transitoria
1391 5391 1682 5455 postulare,
1713 5388 2090 5460 praetermissis
2119 5395 2199 5447 ni-

608 5460 1213 5535 tniriimsempiternis,
1266 5460 1449 5535 idest,
1499 5464 1895 5535 Spiritualibus
1925 5465 2199 5532 petitioni-

606 5523 755 5605 bus“;_
778 5525 828 5576 id
860 5523 976 5592 est,
996 5523 1337 5605 praeferendo
1377 5523 1695 5605 temporalia
1723 5544 1775 5585 et
1803 5523 2001 5585 caduca
2036 5538 2196 5601 spiri-

610 5594 1212 5674 tualibus_et_-.u—ternis;
1248 5602 1372 5674 quia
1400 5594 1659 5674 jrub'emur
1696 5619 1922 5668 quaerere
1968 5594 2192 5674 primum

604 5679 819 5743 regnum
850 5666 1455 5743 Deihut‘catterar'deinde
1486 5666 1804 5742 adjiciantur
1831 5666 1993 5725 nobis.
2033 5677 2199 5730 I’orro

608 5746 714 5784 non
748 5733 845 5786 fuit
868 5737 1068 5791 Christi
1093 5742 1399 5814 consilium,
1426 5754 1482 5793 ut
1513 5733 1760 5797 oi'atione
1794 5745 2070 5799 Dominica
2112 5762 2201 5814 pa-

612 5814 741 5855 nem
770 5818 963 5873 resque
998 5810 1321 5875 temporales
1350 5826 1595 5879 qum-rere
1622 5814 1871 5883 juberel;
1918 5816 2061 5884 quod
2093 5810 2203 5873 vile

2306 4825 2414 4883 tum
2444 4825 2516 4882 ad
2536 4832 2629 4883 illa
2650 4825 2774 4897 "qua:
2800 4838 3015 4897 possunt
3045 4829 3237 4881 malum
3281 4836 3517 4880 eventum
3546 4825 3733 4879 habere
3757 4842 3775 4878 :
3794 4826 3907 4892 qui-

2306 4901 2396 4954 bus
2428 4902 2579 4954 etiam
2610 4901 2764 4953 homo
2794 4910 2958 4971 potest
3007 4901 3151 4971 male
3178 4909 3227 4951 et
3258 4900 3383 4971 bene
3421 4897 3517 4949 uti.
3552 4898 3641 4950 Sic
3671 4897 3903 4971 dicitiat,

2305 4987 2436 5040 quae,
2477 4983 2530 5024 ut
2571 4972 2758 5024 ibidem
2788 4965 3004 5035 dicitur,
3046 4969 3221 5023 multis
3263 4970 3419 5021 exitio
3448 4972 3623 5040 fuere.
3662 4965 3907 5019 Honores

2305 5036 2456 5095 etiam
2501 5060 2654 5111 quant
2695 5043 2871 5111 plures
2912 5040 3389 5110 pessumdedcrunt.
3418 5036 3906 5111 _Regna,_quornm

2306 5117 2468 5165 exitus
2514 5108 2649 5183 strpe
2694 5108 3004 5164 miserabiles
3054 5119 3357 5183 cernuntur.
3406 5108 3698 5177 Splendida
3726 5112 3904 5183 conju-

2309 5200 2415 5251 gta,
2444 5200 2561 5253 qua,
2587 5179 2976 5249 nonnumquam
3004 5183 3240 5251 funditus
3269 5181 3448 5253 domos
3479 5189 3724 5253 evertant.
3775 5179 3831 5233 S'
3856 5188 3903 5227 n:

2306 5250 2477 5306 tamen
2502 5256 2739 5321 quautam
2772 5256 2900 5306 bona
2932 5250 3116 5321 quibus
3149 5254 3301 5304 homo
3327 5250 3465 5303 male
3495 5251 3568 5302 uti
3602 5266 3700 5301 non
3741 5261 3859 5321 pot;
3887 5259 3901 5296 t

2304 5340 2417 5390 qua:
2445 5319 2639 5378 scilicet
2682 5326 2869 5377 malum
2901 5319 3134 5377 euentum
3154 5322 3339 5375 habere
3371 5338 3472 5373 non
3504 5330 3743 5385 possunt.
3781 5319 3901 5370 Ηιει·

2303 5405 2471 5447 autem
2519 5406 2634 5448 sunt
2680 5397 2866 5463 quibus
2927 5394 3290 5462 beatiﬁcamur
3347 5402 3393 5445 et
3436 5391 3621 5463 quibus
3683 5391 3899 5463 beat.“~

2302 5466 2472 5517 dinem
2505 5460 2755 5519 merentur
2783 5506 2797 5527 ,
2820 5480 2931 5531 qua:
2978 5460 3183 5532 quidem
3228 5465 3393 5515 sancti
3421 5461 3621 5515 orando
3673 5460 3900 5510 absolute

2302 5544 2502 5602 petunt,
2532 5538 2810 5589 secundum
2825 5535 2953 5605 illud
2970 5552 3050 5605 ps.
3083 5549 3283 5605 LXXIX}
3300 5533 3523 5586 Ostende
3539 5532 3720 5605 [aciein
3741 5540 3895 5583 luam.

2298 5598 2495 5675 etpalvi
2536 5608 2743 5661 erimus.
2798 5604 2861 5657 Et
2903 5598 3117 5670 iterum,
3146 5604 3335 5675 psalm.
3372 5598 3785 5675 cxvmiDeduc
3829 5613 3897 5650 me

2308 5669 2361 5729 in
2382 5679 2611 5730 semitam
2635 5676 2991 5729 mandatorum
3015 5669 3240 5726 tuorum.
3267 5674 3537 5749 Hactenus
3560 5669 3619 5725 S.
3648 5671 3893 5749 Thomas.

2307 5746 2543 5801 Consule
2588 5748 2988 5800 amiotationem
3032 5747 3296 5799 decimam
3343 5744 3635 5811 septimam
3684 5751 3807 5806 post
3844 5744 3896 5793 Β·

2310 5833 2430 5874 nem
2464 5819 2667 5887 operis.
