4054 6186
122 257 219 327 301

1186 255 1532 314 COLLATIO
1569 253 1663 311 IX.
1694 282 1767 298 —-
1793 253 1884 310 DE
1920 251 2290 310 ORATIONE.

3290 255 3396 312 802

122 397 149 433 a
173 395 246 445 se,
281 378 413 433 nihil
445 377 579 442 vile,
604 376 750 455 nihil
779 373 1081 444 temporale
1107 373 1473 427 aeternitatum
1507 369 1695 426 condi-
1731 371 1783 430 A
1812 367 2158 422 inef'l‘abiliter
2199 375 2407 422 eructat
2436 367 2500 421 ad
2539 368 2847 433 Dominum,
2882 379 3025 426 tanta
3059 386 3316 442 promens
3341 375 3397 431 in

121 481 206 527 tor
233 472 527 542 implorari.
574 469 761 540 itaque
787 466 1204 537 magnificentiae
1241 465 1359 534 ejus
1400 479 1462 519 ac
1490 462 1707 518 muniti-

118 565 306 618 centice
351 561 642 616 maximam
690 558 952 628 irrogabit
1002 556 1276 626 injuriam,
1325 555 1566 625 quisquis
1615 555 1699 608 his

120 654 460 723 sempiternis
499 651 852 723 petitionibus
903 646 1287 718 prmtermissis
1336 647 1704 701 transitorium

120 743 320 814 aliquid
349 753 403 799 et
428 743 696 798 caducum
727 740 795 795 ab
819 755 886 795 eo
907 738 1161 793 maluerit
1188 737 1497 807 postulare;
1545 744 1599 790 et
1625 737 1708 790 of-

121 834 326 889 fensam
359 835 536 904 potius
564 848 723 903 quam
759 830 1195 902 propitiationem
1221 829 1421 899 jndicis
1451 828 1557 894 sui,
1588 827 1711 883 vili-

121 937 229 983 tate
263 928 530 985 ,orationis
563 926 823 980 incurret.

699 1012 924 1068 CAPUT
966 1011 1136 1067 XXV.

407 1107 481 1161 De
510 1106 758 1176 qualitate
797 1102 1111 1158 sublimioris
1153 1104 1420 1157 orationis.

194 1199 319 1253 Hmc
349 1199 510 1268 igitur
542 1197 716 1253 oratio
747 1196 871 1250 licet
899 1209 1116 1249 omnem
1149 1193 1396 1250 videatur
1427 1194 1711 1263 perfectio-

122 1291 206 1345 nis
236 1289 620 1360 plenitudinem
653 1287 952 1351 continere,
973 1293 1164 1354 utpote
1197 1287 1222 1314 ⁸
1252 1301 1370 1354 quae
1401 1284 1568 1354 ipsius
1606 1285 1712 1339 Do-

122 1383 255 1436 mini
285 1381 614 1436 auctoritate
643 1379 730 1434 vel
760 1379 966 1433 initiata
998 1379 1069 1432 sit
1094 1377 1177 1432 vel
1207 1385 1427 1445 statuta,
1462 1379 1713 1445 provehit

123 1483 304 1529 tamen
329 1473 655 1529 domesticos
682 1487 809 1527 suos
839 1471 905 1526 ad
939 1471 1092 1525 illum
1120 1471 1520 1541 przecelsiorem
1554 1486 1711 1540 quem

123 1569 374 1636 superius
398 1565 946 1622 commemoravimus
975 1570 1197 1628 statum,
1241 1577 1442 1632 eosque
1476 1563 1542 1616 ad
1569 1563 1711 1616 illam

123 1660 336 1728 igneam
367 1674 430 1712 ac
461 1657 743 1727 perpaucis
773 1655 1044 1724 cognitam
1087 1653 1176 1708 vel
1217 1663 1518 1721 eXpertam,
1550 1653 1713 1706 immo

1811 461 1906 515 illo
1939 461 2256 515 brevissimo
2287 463 2542 530 temporis
2579 472 2799 532 puncto,
2847 475 3043 532 quanta
3078 482 3177 523 nec
3209 469 3394 538 eloqui

1808 552 1989 618 facile,
2035 569 2134 609 nec
2162 569 2314 608 mens
2346 569 2663 623 percurrere
2708 555 2766 607 in
2796 558 3141 626 semetipsam
3173 575 3398 617 reversa

1810 648 2120 716 praevaleat.
2149 647 2320 714 Quem
2352 657 2552 701 statum
2587 647 2848 701 Dominus
2873 663 3087 718 quoque
3110 651 3248 706 inter
3279 653 3400 707 illa-

1808 753 1926 793 rum
1977 739 2430 808 supplicationum
2488 737 2788 804 formulas,
2839 755 2973 809 quas
3014 742 3097 796 vel
3143 746 3289 799 solus
3339 746 3394 800 in

1809 839 1992 885 monte
2019 831 2215 886 sedens
2245 829 2432 902 (Luca:
2453 830 2626 901 xxn),
2659 830 2746 885 vel
2772 832 2934 886 tacite
2963 831 3164 887 fudisse
3193 834 3403 891 descri-

1813 919 1986 987 bitur,
2021 922 2274 977 similitcr
2315 923 2588 992 figuravit,
2639 937 2762 977 cum
2802 921 2855 976 in
2899 923 3159 978 orationis
3209 927 3403 994 agonia

1811 1011 2136 1066 constitutus
2160 1013 2324 1067 etiam
2351 1020 2532 1082 guttas
2563 1012 2840 1083 sanguinis
2886 1014 3193 1070 inimitabili
3225 1016 3404 1071 inten-

1812 1105 1976 1162 tionis
2014 1107 2253 1178 profudit
2280 1107 2552 1175 exemplo.

2372 1195 2601 1251 CAPUT
2639 1195 2833 1250 XXVI.

1867 1288 2131 1343 Orationis
2147 1290 2389 1359 spiritum
2410 1289 2566 1342 variis
2589 1289 2750 1341 modis
2769 1289 2837 1341 ad
2854 1292 3108 1359 fervorem
3129 1292 3363 1346 excitari.

1887 1382 2017 1449 Quis
2047 1397 2178 1438 vero
2210 1381 2380 1452 possit
2405 1382 2742 1436 diversitates
2773 1391 2828 1436 et
2852 1397 3043 1438 causas
3070 1384 3214 1451 ipsas
3244 1395 3406 1456 atque

1814 1473 2058 1542 origines
2094 1472 2122 1510 δ
2150 1473 2636 1541 compunctionum
2684 1474 3025 1542 quantalibet
3069 1478 3406 1544 experientia

1815 1566 2079 1636 praeditus
2109 1567 2443 1622 sufficienter
2485 1581 2791 1636 exponere,
2834 1567 3026 1636 quibus
3069 1568 3405 1626 inﬂammata

1819 1676 1973 1715 mens
2001 1668 2160 1729 atque
2190 1675 2448 1714 succensa
2474 1659 2539 1712 ad
2573 1660 2849 1713 orationes
2878 1675 3041 1728 puras
3087 1675 3150 1715 ac
3194 1661 3407 1718 ferven-

124 1751 217 1818 (ut
258 1749 510 1819 proprius
547 1745 813 1818 dixerim)
846 1743 1170 1800 ineliabilem
1213 1746 1513 1800 oralionem
1545 1743 1708 1812 gradu
1737 1744 1790 1806 Β
1816 1751 2053 1805 tissimas
2084 1751 2378 1804 incitatur?
2399 1749 2633 1816 Quarum
2669 1763 2859 1818 pauca,
2885 1758 3144 1818 quantum
3169 1754 3406 1820 potueri-

122 1840 486 1895 emineutiore
510 1838 773 1907 perducit,
807 1852 928 1907 quae
958 1851 1173 1891 omnem
1203 1836 1588 1890 transcendcns
1616 1835 1715 1889 hu-

122 1947 345 1986 manum
389 1945 632 1998 sensum,
664 1928 808 1982 nullo
837 1943 941 1982 non
990 1927 1170 1982 dicam
1210 1943 1347 1980 sono
1393 1927 1565 1995 vocis,
1615 1942 1716 1982 nec

123 2024 327 2093 linguae
357 2032 529 2086 motu,
561 2035 661 2075 nec
693 2019 801 2074 ulla
815 2019 1102 2074 verborum
1127 2017 1573 2088 pronuntiatione
1606 2017 1715 2072 dis-

120 2115 429 2184 tinguitur,
460 2111 557 2166 sed
600 2127 760 2181 quam
804 2125 959 2165 mens
987 2109 1260 2165 inlusione
1301 2109 1542 2164 ccelestis
1574 2109 1716 2164 illius

118 2205 350 2260 luminis
395 2204 682 2266 illustrata,
715 2216 820 2255 non
862 2200 1114 2255 humanis
1144 2209 1306 2270 atque
1350 2202 1595 2272 angustis
1621 2203 1717 2256 de-

117 2299 305 2367 signat
349 2296 594 2366 eloquiis,
645 2293 738 2349 sed
781 2292 1118 2363 conglobatis
1168 2292 1416 2348 sensibus
1453 2293 1602 2348 velut
1646 2293 1716 2348 de

117 2392 280 2449 fonte
305 2390 538 2462 quodam
566 2387 942 2458 copiosissimo
988 2385 1214 2442 effundit
1255 2386 1512 2456 ubertim,
1555 2395 1717 2457 atque

1818 1856 1939 1896 mus
1970 1841 2035 1895 ad
2065 1856 2305 1910 przesens
2341 1855 2439 1909 per
2476 1839 2928 1894 illuminationem
2971 1841 3184 1896 Domini
3238 1844 3406 1898 remi-

1817 1934 1973 1999 nisci,
2004 1933 2236 2002 exempli
2266 1932 2432 2002 gratia
2459 1945 2844 2001 preponemus.
2878 1931 3289 2002 Nonnumquam
3320 1942 3400 1989 et-

1817 2023 1962 2080 enim
2016 2023 2204 2091 psalmi
2254 2024 2642 2092 cujuscumque
2699 2021 3004 2076 versiculus
3062 2025 3406 2082 occasionem

1819 2117 2081 2171 orationis
2110 2115 2293 2184 ignitm
2324 2112 2736 2169 decantantibus
2768 2114 2923 2166 nobis
2949 2114 3202 2181 praebuit,
3233 2116 3401 2170 inter-

1819 2209 1946 2263 dum
1974 2223 2174 2264 canora
2217 2206 2466 2262 fraternae
2497 2205 2646 2259 vocis
2691 2204 2991 2258 modulatio
3031 2205 3095 2258 ad
3143 2206 3405 2262 intentant

1821 2300 2272 2370 supplicationem
2313 2297 2644 2365 stupentium
2672 2296 2882 2349 animos
2925 2296 3199 2350 excitavit.
3241 2297 3408 2352 Novi-

1821 2406 1940 2447 mus
1970 2405 2186 2460 quoque
2211 2389 2616 2444 distinctionem
2644 2388 3072 2457 gravitatemque
3103 2387 3407 2457 psallentis,

1193 2519 1448 2575 ALARDI
1487 2520 1718 2578 GAZ/El
1756 2524 2322 2582 COMMENTARIUS.

191 2630 219 2658 ι
268 2618 342 2672 Ita
389 2625 445 2671 et
490 2614 738 2685 superius
777 2613 914 2667 dixit
948 2610 1113 2685 (Cap.
1162 2613 1264 2685 l7)
1293 2631 1305 2664 :
1337 2611 1446 2664 Has
1494 2622 1716 2685 quatuor

118 2683 807 2762 supplicationum;species
853 2686 1004 2762 etiam
1053 2683 1306 2762 Dominus
1352 2684 1582 2762 exeinplo
1623 2701 1718 2738 suo

119 2753 271 2816 nobis
299 2761 508 2812 initiare
537 2753 780 2828 dignatus
807 2763 910 2828 est.
945 2753 1114 2807 Porro
1148 2754 1717 2828 initiareplerumque

119 2832 396 2902 significat
414 2823 874 2902 sacrisimbuere,
900 2823 1428 2902 inauguraresUnde
1453 2823 1714 2902 initiatus,

119 2895 195 2957 id'
221 2911 353 2965 est,
401 2899 570 2953 sacris
611 2898 888 2965 imbutus,
926 2895 991 2948 Et
1021 2895 1290 2948 Ambrosii
1337 2895 1474 2948 liber
1519 2895 1599 2947 De
1638 2897 1717 2949 his

119 2975 204 3042 qui
226 2964 511 3027 initiantur
531 2969 782 3038 mysteriis
851 2964 994 3042 Tom.
1020 2965 1140 3036 1V).
1172 2964 1319 3042 Alias
1345 2975 1584 3042 Veronam
1609 2966 1716 3042 hic,

1819 2621 2083 2687 speculum
2126 2619 2179 2669 in
2224 2617 2514 2687 (enigmata,
2546 2623 2666 2668 tunc
2710 2623 2877 2668 autem
2923 2615 3054 2681 facie
3097 2616 3165 2669 ad
3201 2617 3406 2687 faciem.

1822 2686 1978 2740 Nunc
2008 2702 2256 2759 cognosco
2360 2696 2536 2759 parte,
2575 2697 2694 2759 tunc
2732 2697 2901 2759 αιιίεηι
2934 2686 3236 2759 cognoscam
3275 2689 3406 2740 sicut

1820 2766 1869 2811 et
1909 2754 2334 2842 cogni‘t'us‘sumrg
2359 2756 2752 2842 Vfidereumdeiln
2785 2754 2953 2842 (ἶνες.-
2976 2757 3063 2809 lib.
3102 2756 3402 2842 tllnDialog.

1821 2775 1869 2811 ει
1909 2775 2143 2842 cognitus
2175 2775 2289 2809 sum
2317 2775 2334 2826 ς
2366 2775 2492 2810 Viae
2523 2775 2752 2808 eumaem
2785 2775 2940 2877 ureg.
2976 2775 3063 2809 HD.
3102 2775 3162 2811 Ill
3193 2775 3402 2828 matag.

1821 2844 1937 2900 cap.
1972 2826 2095 2900 οὗ).
2132 2828 2266 2880 ltem
2295 2828 2359 2900 Ο.
2386 2825 2691 2900 Gregorius
2709 2826 2856 2879 hom.
2885 2829 3134 2894 “2'super
3163 2829 3412 2884 Ezechie-

1823 2898 1962 2952 lem:
1987 2898 2125 2962 Alia,
2162 2898 2356 2965 inquit,
2404 2898 2727 2966 compunctio
2757 2907 2848 2959 est,
2888 2913 3003 2965 qua:
3043 2915 3133 2968 per
3175 2900 3408 2952 timorem

1821 2969 2070 3034 nascitur,
2097 2970 2203 3019 alia
2225 2983 2337 3035 qua:
2363 2984 2452 3033 per
2469 2982 2726 3037 amorem;
2754 2968 2874 3036 quia
2894 2968 3036 3020 aliud
3057 2979 3130 3022 est
3152 2971 3410 3037 supplicia

125 3025 350 3101 initiare
386 3051 470 3096 est
499 3025 776 3101 inchoare,
807 3025 1111 3109 instituere;
1134 3036 1431 3109 auspicari.
1463 3025 1715 3109 Sidonius
1745 3025 1791 3088 C
1822 3040 2018 3109 fugere,
2046 3025 2193 3090 aliud
2222 3025 2433 3108 praemia
2457 3025 2777 3109 desiderare:
2810 3037 2962 3091 Unde
2987 3041 3139 3091 etiam
3165 3025 3410 3093 in'laber-

121 3116 217 3171 lib.
254 3131 300 3170 ιι
329 3113 490 3181 epist.
533 3113 566 3166 5
602 3107 1050 3182 ggaticeinitiatte,
1098 3107 1148 3160 id
1188 3109 1596 3182 est_,__inea:ptae
1612 3108 1711 3182 χοι

121 3177 1011 3241 ἱιιειιοίιιὰξ..1ιιιίιιε’Εἰιιιιὶριιεηι).
1032 3192 1067 3230 ιι
1099 3191 1217 3245 cap.
1252 3177 1286 3231 5
1308 3177 1534 3232 Mathes.
1566 3196 1577 3231 :
1612 3177 1715 3232 Ver

121 3259 391 3324 initiatur,
440 3269 557 3306 cum
594 3252 814 3322 primaut
855 3249 1042 3302 Arietis
1072 3258 1272 3319 partem
1320 3249 1397 3301 sol
1438 3248 1595 3317 fuerit
1628 3249 1714 3303 in-

157 3343 364 3382 ressus.

121 3347 364 3451 griis‘iii;
401 3392 815 3460 compunctione
862 3380 1157 3443 videndum
1209 3389 1387 3460 primo
1431 3387 1558 3458 quid
1613 3389 1712 3456 sit;

126 3469 335 3523 deinde
364 3481 482 3535 quae
509 3459 625 3532 ejus
653 3476 830 3516 causa:
877 3469 931 3514 et
956 3459 1217 3535 origines,
1251 3468 1308 3535 u_t
1341 3459 1425 3513 hic
1456 3461 1715 3535 habetur;

124 3529 683 3609 quorum-utrumque
711 3547 775 3609 ex
812 3530 1085 3609 nonnullis
1265 3530 1484 3583 Patrum
1527 3531 1721 3598 elogiis

125 3600 298 3680 atque
349 3600 630 3680 sententiis
678 3601 1058 3680 selectioribus
1125 3600 1338 3655 discere
1396 3615 1717 3680 possumus;

127 3671 265 3751 quas
313 3677 539 3748 proinde
568 3689 673 3751 non
707 3674 894 3751 minus
933 3672 1162 3751 libenter
1202 3685 1382 3751 quam.
1408 3671 1634 3751 utiliter,
1667 3681 1724 3751 ut

125 3739 326 3820 spero,
353 3751 520 3820 lector
551 3745 802 3820 accipiet.
1009 3743 1338 3820 Augustinus
1371 3741 1424 3820 in
1470 3739 1608 3820 libro
1657 3741 1724 3820 de

128 3809 351 3892 S'pirit'u
383 3831 434 3874 et
465 3818 657 3892 Anima
671 3809 804 3883 'cap.
837 3813 906 3866 50
931 3813 1001 3892 ita
1027 3811 1253 3865 scribit:
1281 3809 1556 3892 Meditatio
1586 3811 1724 3892 parit

129 3881 426 3955 scientiam,
457 3887 672 3943 scientia
702 3881 1164 3955 compunctionem,
1204 3881 1526 3955 compunctio
1558 3881 1730 3955 devo-

128 3968 371 4028 tionem,
413 3951 616 4014 devotio
665 3951 865 4028 perﬁcit
914 3954 1217 4028 orationem.
1268 3951 1601 4028 Compunctio
1653 3960 1728 4004 est

127 4037 344 4104 quando
358 4023 436 4086 ex
457 4023 867 4104 consideratione
896 4027 1150 4104 malorum
1175 4037 1385 4104 suorum
1416 4037 1517 4104 cm;
1531 4023 1728 4103 interno

128 4091 323 4160 dolore
351 4104 604 4172 tangitur.
638 4097 850 4151 Devotio
877 4104 950 4172 est
978 4095 1092 4172 pius
1106 4093 1405 4172 _et‘humilis
1435 4091 1654 4172 affectus
1674 4093 1729 4146 in

128 4175 313 4230 Deum
344 4191 360 4228 :
397 4164 605 4225 humilis
645 4185 709 4222 ea:
747 4164 1056 4220 conscientia
1101 4164 1420 4232 inﬁrmitatis
1450 4164 1727 4234 proprias,

125 4249 252 4318 pius
308 4260 370 4318 ea:
414 4239 826 4318 consideratione
853 4238 1038 4318 diuina:
1081 4236 1380 4318 dementire.
1434 4232 1732 4318 Gregorius

125 4306 272 4372 'xxut
305 4313 588 4370 Moralium
618 4326 736 4378 cap.
767 4307 829 4362 21
863 4326 875 4361 :
911 4307 1165 4374 Quatuor,
1201 4306 1394 4378 inquit,
1420 4306 1734 4378 suntquali-

1819 3107 2004 3163 naculo
2029 3126 2118 3176 per
2143 3109 2303 3178 legem
2325 3109 2425 3161 duo
2451 3107 2638 3160 altaria
2661 3108 3068 3176 ﬁerijubeuturl
3093 3109 3258 3164 Exod.
3287 3127 3409 3167 XXIV

1819 3191 1867 3234 et
1898 3182 2037 3250 xxx)
2065 3198 2076 3232 :
2109 3196 2268 3231 unum
2298 3179 2532 3250 videlicet
2563 3182 2807 3244 exterius,
2841 3180 2989 3232 aliud
3019 3196 3135 3234 vero
3164 3181 3408 3243 interius;

1820 3268 1979 3303 unum
2005 3249 2056 3302 in
2083 3251 2234 3313 atrio,
2268 3249 2412 3302 aliud
2436 3262 2557 3301 ante
2584 3265 2798 3315 arcam;
2833 3267 2991 3302 unum
3021 3251 3159 3321 quod
3195 3267 3295 3305 tere
3319 3269 3409 3304 co-

1820 3332 2054 3390 opertum
2084 3331 2182 3386 est,
2215 3321 2359 3374 aliud
2383 3324 2675 3391 quodauro
2708 3321 2938 3374 vestitur.
2969 3322 3137 3391 Atque
3166 3323 3220 3374 in
3251 3324 3410 3376 altari

1820 3406 1954 3446 terea
1983 3403 2274 3446 cremantur
2293 3407 2493 3454 carnes,
2519 3390 2572 3443 in
2600 3389 2755 3443 altari
2786 3408 2903 3444 vero
2929 3389 3093 3445 aureo
3131 3394 3415 3446 incendun-

1823 3473 1905 3514 tur
1925 3472 2179 3514 aromata.
2213 3462 2350 3526 Quid
2377 3472 2449 3514 est
2478 3463 2593 3533 hoc,
2621 3461 2807 3525 fratres
2837 3463 3313 3533 cliarissimi,quod
3335 3465 3415 3533 fo-

1820 3533 1893 3584 ris
1920 3544 2310 3603 concrementur
2339 3547 2540 3603 carnes,
2573 3529 2706 3583 intus
2738 3543 2998 3596 aromata,
3025 3532 3122 3585 nisi
3144 3529 3241 3603 hoc
3268 3529 3407 3603 quod

1823 3603 2050 3672 quotidie
2079 3601 2327 3672 videmus,
2357 3603 2479 3669 quia
2501 3601 2604 3651 duo
2631 3611 2747 3672 sunt
2770 3602 3178 3665 compunctionis
3201 3601 3417 3670 genera?

1830 3670 1962 3736 Quia
1993 3673 2082 3723 alii
2103 3670 2273 3722 adhuc
2304 3686 2392 3738 per
2419 3671 2652 3741 timorem
2671 3670 2947 3741 plangunt,
2978 3672 3069 3741 alii
3092 3685 3208 3722 vero
3225 3673 3338 3739 jam
3363 3689 3417 3726 se

1827 3757 1916 3811 per
1937 3757 2163 3793 amorem
2185 3741 2237 3792 in
2263 3740 2498 3811 lamentis
2525 3739 2771 3811 afficiunt,
2800 3739 2903 3811 etc.
2939 3741 2999 3792 Ι).
3029 3740 3334 3811 Bernartius
3363 3745 3413 3796 in

1829 3808 2326 3878 quodamsermone
2350 3809 2367 3880 (
2389 3810 2461 3861 De
2479 3810 2632 3861 modo
2666 3808 2867 3861 vivendi
2888 3851 2902 3872 ,
2929 3826 3081 3864 serm.
3110 3811 3242 3880 10):
3272 3809 3418 3866 Com-

1829 3882 2039 3951 punctio
2067 3882 2238 3932 cordis
2265 3888 2335 3934 est
2359 3879 2622 3932 humilitas
2655 3881 2849 3951 mentis
2867 3881 3068 3934 veniens
3091 3881 3155 3933 de
3176 3879 3420 3938 recorda-

1832 3949 1970 4004 tione
1999 3953 2192 4020 peccati
2221 3961 2267 4004 et
2299 3951 2562 4025 del-timore
2580 3949 2792 4021 judicii.
2827 3950 2932 4025 llla
2959 3954 3281 4025 compunctio
3300 3972 3418 4025 per-

1833 4025 1966 4090 fecta
1994 4019 2083 4085 est,
2117 4038 2232 4091 qua:
2261 4019 2407 4088 pellit
2436 4038 2468 4073 a
2496 4038 2547 4074 se
2581 4019 2785 4073 omnem
2815 4019 3200 4076 delectationem
3231 4019 3421 4078 carna-

1834 4093 1961 4145 lium
1997 4109 2195 4153 rerum,
2227 4101 2271 4145 et
2303 4104 2406 4144 toto
2446 4093 2617 4161 studio
2645 4093 2826 4145 mentis
2855 4093 2964 4161 ﬁgit
2996 4093 3328 4147 intentionem
3366 4098 3420 4150 in

1834 4163 2259 4229 contemplatione
2315 4161 2430 4214 Dei.
2480 4160 2751 4228 Duplicem
2801 4160 2909 4215 esse
2973 4166 3416 4232 compunctionem

1834 4235 2052 4303 legimus
2075 4250 2093 4287 :
2122 4251 2296 4303 unum,
2328 4232 2545 4297 scilicet,
2571 4249 2672 4300 qua
2703 4244 2907 4303 propter
2932 4234 3099 4287 Deum
3130 4237 3306 4289 anima
3329 4254 3420 4290 cu-

1827 4301 2018 4374 jusque
2059 4305 2188 4356 servi
2219 4301 2314 4355 Dei
2348 4304 2588 4373 afﬁcitur,
2626 4303 2679 4355 id
2724 4301 2822 4364 est,
2867 4320 2980 4356 cum
3019 4306 3087 4358 ad
3126 4310 3420 4362 memoriam

126 4397 295 4453 tates,
325 4384 503 4454 quibus
521 4383 654 4454 justi
683 4374 774 4434 uiri
795 4380 968 4467 animo
989 4379 1041 4430 in
1063 4374 1732 4459 compunctionepehemen-
1757 4407 1813 4467 Β
1837 4375 2032 4467 reducit
2065 4374 2201 4467 mJala.
2232 4375 2526 4454 quieqecit;
2551 4374 2712 4426 altera
2720 4391 2870 4467 (uero,
2903 4392 3018 4428 cum
3045 4378 3270 4467 sitfpil'ltl
3302 4396 3423 4447 pro-

129 4468 209 4511 ter
239 4447 465 4529 afﬁcitur
490 4447 648 4529 :cum
685 4459 774 4529 aut
809 4449 1068 4529 malorum
1088 4463 1338 4529 ,ενοι-αηξὶ
1353 4447 1697 4528 reminiscitur
1717 4487 1730 4510 ,

127 4517 478 4583 considerans
508 4525 598 4578 ubi
627 4522 724 4588 fuit
750 4537 766 4583 ;
808 4528 896 4571 aut
926 4518 1249 4588 judiciorum
1293 4517 1397 4588 Dei,
1429 4519 1732 4570 sententiam

125 4611 378 4653 metuens
397 4637 412 4661 ,
446 4603 492 4647 et
515 4586 686 4647 secum
715 4586 965 4661 quarens,
991 4588 1178 4661 cogitat
1210 4588 1296 4639 ubi
1324 4586 1459 4649 erit;
1503 4594 1590 4638 aut
1619 4603 1734 4661 cum

126 4670 284 4724 mala
322 4657 437 4719 vitae
467 4657 737 4733 praesentis
766 4658 976 4733 solerter
1004 4657 1290 4722 attendens,
1318 4671 1532 4733 maerens
1561 4658 1731 4709 consi-

125 4750 292 4795 derat
339 4735 425 4788 ubi
469 4726 574 4795 est;
607 4739 696 4782 aut
728 4743 840 4780 cum
869 4727 1000 4779 bona
1038 4741 1272 4796 superna:
1301 4726 1480 4793 patria:
1509 4736 1733 4779 contem-

124 4815 350 4882 platur,
379 4819 495 4876 qua:
523 4801 645 4882 quia
666 4798 882 4852 necdum
905 4796 1242 4882 adipiscitur,
1276 4798 1455 4879 lugens
1487 4797 1733 4882 conspicit

127 4867 218 4935 ubi
252 4867 368 4933 non
391 4867 495 4929 'est.
527 4867 788 4927 Malorum
817 4883 1026 4921 suorum
1054 4867 1254 4920 Paulus
1280 4869 1614 4930 meminerat;
1645 4877 1728 4920 at-

136 4969 244 5020 que
277 4963 351 5002 ea:
376 4947 550 5020 eis‘se,
579 4943 631 4996 in
652 4938 834 5020 quibus
858 4941 1050 5020 fuerat,
1072 4936 1341 5020 affligebat,
1371 4953 1487 4990 cum
1511 4939 1733 4991 diceret:

127 5009 262 5074 Non
294 5033 412 5072 sum
434 5016 618 5085 dignus
640 5010 809 5085 uocari
835 5009 1132 5085 Apostolus,
1156 5009 1280 5078 quia
1306 5019 1732 5085 persecutus-sunt

125 5090 445 5145 Ecclesiam
491 5078 588 5139 Dei
613 5087 628 5152 (
653 5083 673 5137 ι
703 5083 821 5136 Cor.
861 5084 1006 5152 xm).
1043 5078 1272 5152 Rursum
1312 5080 1541 5132 diuinum
1579 5079 1733 5152 judi-

130 5159 292 5208 cium
326 5157 582 5212 subtiliter
623 5150 844 5226 pensans
868 5151 920 5203 in
952 5151 1124 5220 futuro
1153 5150 1287 5226 male
1322 5166 1430 5226 esse
1459 5150 1729 5226 metuebat,

129 5235 326 5286 dicens
358 5245 376 5282 :
399 5226 605 5296 Castigo
624 5222 817 5296 corpus
840 5237 1026 5286 meum,
1058 5231 1107 5296 et
1136 5222 1368 5296 seruituti
1393 5223 1634 5296 sublicio,
1669 5237 1732 5296 ne

127 5306 299 5370 forte,
317 5299 441 5352 aliis
458 5291 768 5367 prtédicans,
793 5294 910 5370 ipse
926 5291 1404 5370 reprobus_efﬁciar(
1425 5291 1585 5370 lgor.
1612 5309 1672 5370 ιιι.
1688 5294 1728 5370 2:

133 5361 362 5425 Rursus
405 5361 542 5422 mala
570 5361 829 5436 prementis
861 5363 978 5436 vita:
1003 5365 1269 5434 pensabat,
1293 5379 1406 5416 eum
1435 5363 1628 5436 diceret
1653 5363 1672 5434 (
1688 5361 1742 5416 ll‘

131 5441 262 5495 Cor.
304 5457 345 5495 ν
369 5441 422 5506 ):
453 5435 593 5491 Dum
621 5453 790 5490 sumus
818 5436 872 5488 in
904 5435 999 5506 hoc
1027 5451 1260 5505 corpore,
1290 5435 1678 5506 peregrinamur
1703 5451 1733 5487 a

129 5504 420 5571 Domino;
449 5516 517 5572 et,
565 5505 728 5562 Video
757 5508 918 5559 aliam
961 5504 1124 5576 legem
1149 5507 1198 5558 in
1230 5504 1465 5558 membris
1496 5506 1620 5558 meis
1650 5520 1734 5558 re-

130 5590 470 5654 pugnantem
499 5578 597 5654 legi
628 5579 972 5654 mentisnmew,
1000 5584 1046 5627 et
1077 5578 1336 5654 captivum
1367 5593 1443 5628 me
1464 5577 1733 5654 ducentem

131 5646 188 5708 in
210 5646 350 5724 iege
394 5646 606 5724 peccati,
655 5646 870 5724 εισι-ΕΞ
901 5663 1105 5724 rursum
1153 5649 1522 5724 bonateterna'
1552 5646 1734 5710 patria:

133 5716 518 5804 considerabat
547 5719 719 5778 dicens
751 5718 803 5794 (ι
831 5716 951 5775 Cor.
984 5716 1114 5774 xtnl
1147 5734 1161 5773 :
1199 5717 1443 5778 Videmus
1470 5728 1617 5786 nunc_
1641 5727 1736 5788 per

1358 5893 1364 5902 ἢ
1384 5877 1420 5888 .ν.
1441 5881 1514 5904 (7'.

1837 4454 1952 4514 pter
1981 4445 2293 4498 desiderium
2317 4445 2431 4497 uitta
2459 4454 2684 4498 ceternaz.
2718 4445 2951 4508 Quatuor
2978 4447 3142 4499 modis
3171 4445 3423 4515 compun-

1835 4517 1974 4585 gitur
2004 4531 2142 4568 mens
2158 4516 2290 4581 justi
2318 4516 2569 4566 hominis:
2602 4531 2778 4580 nempe
2801 4517 3044 4569 memoria
3076 4530 3419 4585 peccatorum,

1835 4587 2189 4659 recordatione
2217 4600 2482 4659 pinnarum
2506 4586 2820 4659 futurarum,
2852 4588 3257 4642 consideratione
3277 4607 3421 4659 pere-

1835 4657 2138 4729 grinationis
2159 4655 2490 4729 pltujusrvitce,
2519 4655 2773 4729 desiderio
2803 4673 3041 4725 superare
3069 4655 3422 4729 patriwfllmc

1838 4727 1902 4782 D.
1937 4725 2261 4780 Bernartius.
2301 4725 2396 4780 Ubi
2431 4741 2496 4778 ne
2525 4726 2747 4778 multum
2783 4729 3017 4788 mireris,
3045 4725 3234 4793 laetor,
3262 4734 3422 4785 modo

1836 4797 2126 4868 duplicem,
2151 4797 2310 4850 modo
2341 4796 2751 4865 quadruplicem
2781 4798 2885 4853 dici
2917 4803 3419 4868 conipunctioneni;

1835 4866 1994 4921 facile
2041 4869 2480 4938 animadvertes,
2528 4869 2576 4920 si
2626 4866 3321 4938 advertis,quadruplicem
3369 4872 3421 4924 in

1837 4938 2103 5007 duplicem
2139 4939 2405 4992 rewicari.
2442 4937 2572 4990 Nam
2621 4950 2675 4992 ut
2711 4940 2829 4992 duae
2873 4944 3080 5006 priores
3125 4937 3190 4993 ad
3221 4956 3378 4993 unam
3402 4982 3418 5004 ,

1838 5023 1957 5077 qum
1981 5025 2043 5062 ex
2071 5009 2260 5062 timore
2281 5010 2550 5072 nascitur;
2581 5010 2648 5062 ita
2670 5010 2787 5063 dua:
2809 5020 2978 5076 poster
2995 5013 3140 5064 iores
3153 5010 3217 5062 ad
3240 5024 3422 5075 unam,

1837 5094 1956 5147 qua:
1981 5095 2046 5133 ex
2073 5097 2255 5134 amore
2282 5090 2334 5135 et
2357 5080 2630 5133 desiderio
2652 5095 2897 5148 superine
2927 5083 3135 5148 patria),
3165 5093 3424 5132 revocan-

1840 5159 1946 5205 tur.
1983 5151 2142 5219 Alqni
2176 5152 2288 5204 haec
2312 5166 2376 5204 ex
2404 5151 2655 5204 Patribus
2696 5152 2923 5204 collecta
2966 5151 3135 5216 elogia
3179 5152 3243 5201 de
3275 5165 3424 5203 corn-

1838 5223 2129 5290 punctione
2159 5221 2286 5276 huic
2311 5223 2429 5275 loco
2459 5231 2518 5276 et
2545 5223 2788 5274 instituto
2816 5231 3001 5273 nostro
3022 5220 3270 5273 sufficere
3294 5221 3422 5274 mihi

1838 5292 2097 5345 videnlur
2123 5309 2133 5344 :
2164 5303 2359 5352 prater
2386 5309 2528 5361 qum,
2566 5291 2609 5344 si
2643 5291 2763 5359 quis
2797 5292 3036 5356 integros
3076 5300 3336 5361 tractatus
3370 5294 3422 5345 in

1838 5363 2084 5416 eamdem
2125 5363 2308 5418 videre
2352 5357 2502 5430 optet
2550 5357 2853 5422 anulariam,
2893 5362 3065 5430 videat
3099 5357 3427 5430 Clirysiisto-

1838 5449 2006 5497 mum,
2047 5435 2135 5503 qui
2169 5435 2303 5487 duos
2347 5429 2624 5503 elegantes
2671 5429 3310 5503 Ιρςιιιιμιειδᾱὶειιίδδὶιιιος
3359 5433 3426 5486 de

1838 5500 2256 5572 compunctione
2306 5502 2486 5553 cordis
2534 5501 2858 5572 conscripsit
2911 5500 3108 5563 libros;
3159 5501 3338 5554 videat
3370 5509 3426 5555 et

1838 5573 1898 5654 ξ.
1938 5569 2171 5654 Ειιῑιςριιι
2207 5569 2788 5654 Syrutnfapudquem
2816 5579 3031 5654 exstant
3062 5580 3296 5654 quatuor
3333 5573 3427 5630 iu.

1837 5643 1962 5704 dem
1983 5637 2365 5721 pulcherrimae
2387 5637 2455 5695 de
2475 5639 2899 5712 compunctione
2931 5637 3194 5702 timuiita.
