4048 6198
687 202 796 264 803

1731 199 2013 259 JOANNIS
2050 195 2366 258 CASSIANI
2393 195 2784 255 'COLLA'I‘ION
2793 197 2897 255 ES.
3897 197 3963 257 θα

684 319 848 379 etiam
873 315 1208 372 adstantibus
1237 314 1525 385 plurimum
1550 313 1844 368 contulisse
1870 311 2137 377 fervoris;
2169 325 2266 367 nec
2293 322 2346 381 Α
2371 311 2560 366 Deum.
2611 309 2886 365 Interdum
2936 323 3065 365 vero
3108 318 3252 365 tanta
3301 311 3800 382 compunctionis
3846 312 3962 368 abtu-

689 426 797 468 non
839 410 1142 482 exhortatio
1188 408 1289 463 viri
1338 407 1584 478 perfecti,
1629 415 1683 461 et
1717 405 1933 461 collatio
1965 405 2262 476 spiritalis,

684 501 994 572 frequenter
1020 500 1086 555 ad
1107 500 1403 554 uberrimas
1422 512 1608 566 preces
1622 497 1914 566 jacentium
1940 499 2111 553 erexit
2138 496 2262 552 affe-

681 604 849 650 ctum.
883 595 1093 650 Scimus
1118 594 1276 647 etiam
1307 591 1507 656 fratris,
1539 607 1634 646 seu
1662 591 1811 648 chari
1845 591 2137 661 cujuslibet
2183 593 2266 648 in-

687 687 846 742 teritu
898 701 1003 740 non
1053 685 1227 739 minus
1272 698 1370 738 nos
1413 684 1478 738 ad
1531 683 1742 754 plenam
1786 685 2261 754 compunctionem

685 777 850 832 fuisse
881 787 1138 845 raptatos.
1169 774 1492 830 Recordatio
1529 791 1740 846 quoque
1765 777 1972 845 teporis
2001 791 2066 834 ac
2091 777 2265 846 negli-

683 869 878 938 gentiae
911 877 1109 921 nostrae
1133 882 1528 936 nonnumquam
1557 867 1711 922 nobis
1733 869 2021 923 salutarem
2044 869 2262 937 spiritus

682 960 892 1016 invexit
915 961 1186 1016 ardorem.
1215 960 1452 1030 Atquein
1473 959 1620 1015 hunc
1642 960 1858 1014 modum
1888 961 2019 1015 nulli
2040 960 2260 1015 dubium

679 1065 762 1111 est
789 1056 1104 1110 occasiones
1127 1056 1438 1110 innumeras
1466 1068 1570 1107 non
1598 1054 1787 1109 deesse
1813 1054 2010 1121 quibus
2039 1068 2134 1121 per
2159 1053 2254 1106 Dei

679 1147 904 1216 gratiam
953 1157 1106 1214 tepor
1135 1160 1198 1200 ac
1242 1144 1597 1198 sumnolenlia
1651 1152 1958 1198 nostrarum
1999 1144 2258 1200 mentium

679 1239 853 1293 valeat
879 1237 1120 1292 excitari.

1224 1325 1452 1382 CAPUT
1495 1325 1708 1381 XXVII.

841 1431 865 1459 ει
897 1419 1137 1475 Diversos
1163 1435 1271 1474 esse
1295 1417 1508 1485 a/Tectus
1535 1422 1786 1491 ferventer
1816 1417 2095 1471 orantium.

749 1533 1214 1604 Quemadmodum
1245 1546 1396 1593 vero.
1427 1531 1515 1586 vel
1545 1530 1738 1600 quibus
1770 1530 1946 1583 modis
1978 1531 2096 1583 istae
2127 1529 2258 1596 ipsa

679 1629 1128 1700 compunctiones
1155 1626 1226 1682 de
1257 1624 1466 1680 intimis
1514 1625 1706 1678 anima:
1736 1623 2085 1679 conclavibus
2127 1637 2256 1692 pro-

679 1693 966 1788 ferantur,
1020 1734 1126 1772 non
1177 1718 1405 1771 minoris
1452 1715 1785 1771 difficultatis
1845 1724 1928 1771 est
1976 1715 2254 1784 indagare.
2287 1693 2333 1753 Β

679 1811 1016 1880 Frequenter
1044 1809 1187 1863 enim
1219 1823 1314 1877 per
1345 1806 1616 1862 ineffabile
1645 1809 1898 1878 gaudium
1931 1817 1984 1862 et
2009 1807 2260 1861 alacrita-

680 1910 787 1954 tem
840 1901 1067 1969 spiritus
1135 1899 1501 1955 saluberrimae
1555 1898 1989 1967 compunctionis
2052 1898 2259 1975 fructus
2339 1932 2341 1934 -

681 1994 936 2062 emergit,
959 1994 1030 2048 ita
1065 2003 1121 2047 ut
1145 1995 1308 2048 etiam
1334 1993 1387 2048 in
1415 1995 1680 2048 clamores
1706 1992 1969 2062 quosdam
2003 1993 2261 2046 intolera-

681 2086 802 2142 bilis
834 2085 1014 2156 gaudii
1051 2085 1415 2139 immensitate
1448 2093 1782 2153 prorumpat,
1815 2092 1868 2138 et
1893 2082 1921 2122 ι’
1953 2084 2143 2138 cellam
2177 2085 2256 2137 vi-

680 2177 784 2234 cini
838 2177 1150 2248 iucunditas
1201 2177 1418 2242 cordis,
1469 2185 1525 2232 et
1579 2176 1960 2232 exsultationis
2013 2185 2260 2245 penetret

679 2270 1011 2340 magnitudo.
1045 2269 1455 2338 Nonnumquam
1490 2283 1621 2322 vero
1661 2275 1812 2323 tanto
1857 2268 2072 2321 silentio
2104 2281 2255 2323 mens

680 2365 822 2420 intra
851 2371 1121 2419 secretum
1152 2361 1433 2432 profunda:
1463 2361 1849 2420 taciturnitatis
1879 2360 2250 2427 absconditur,

679 2465 738 2511 ut
778 2470 992 2510 onmem
1037 2453 1252 2523 penitus
1281 2466 1472 2507 sonum
1502 2451 1652 2505 vocis
1679 2459 1868 2520 stupor
1896 2451 2087 2506 subita:
2133 2451 2253 2504 illu-

676 2546 988 2602 minationis
1043 2543 1324 2606 includat,
1382 2556 1678 2609 omnesque
1733 2556 1930 2596 sensus
1987 2544 2250 2596 attonitus

675 2639 897 2706 spiritus
928 2637 1014 2690 vel
1059 2635 1334 2689 contineat
1382 2633 1709 2686 intrinsecus
1732 2674 1747 2697 ,
1794 2633 1875 2686 vel
1913 2633 2159 2697 cmittat,
2194 2649 2257 2688 ac

676 2726 942 2782 desideria
974 2739 1068 2779 sua
1114 2721 1404 2794 gemitibus
1432 2722 1886 2778 inenarrabilibus
1921 2723 2160 2778 effundat
2186 2723 2252 2778 ad

2367 402 2548 458 dantia
2587 418 2649 458 ac
2690 402 2880 458 dolore
2910 413 2932 442 ο
2965 403 3269 472 suppletur,
3317 411 3375 459 ut
3396 405 3556 460 alias
3585 419 3734 460 eam
3765 405 3961 478 digeren

2369 500 2474 557 nisi
2496 500 2853 571 lacrymarum
2879 501 3263 570 evaporatione
3291 515 3399 556 non
3435 500 3679 572 possit.

2895 633 3124 692 CAPUT
3162 633 3399 692 XXVIII.

2365 741 2715 822 Interrogatio
2763 748 2828 803 de
2881 764 2938 802 eo
2959 747 3248 822 quodnon
3292 750 3355 804 sit
3396 749 3448 803 in
3501 760 3726 808 nostra
3768 761 3957 820 potauit

2846 819 3078 891 profusio
3107 819 3479 891 lacrymarum.

2434 933 2739 990 Germanus
2765 951 2775 986 :
2801 933 2957 987 Hunc
2979 933 3196 1003 quidem
3221 935 3704 1002 compunctionis
3729 935 3958 998 nﬂ'ectm,

2361 1041 2429 1080 cx
2459 1034 2608 1095 parte
2637 1026 2841 1096 aliqua,
2869 1040 2989 1080 mea
3021 1041 3236 1096 quoque
3277 1028 3564 1097 exiguitas
3614 1044 3737 1082 non
3772 1031 3958 1098 ignea:

2363 1115 2701 1187 Frequenter
2745 1117 2891 1172 enim
2921 1116 3307 1171 recordatione
3349 1117 3716 1173 delictorum
3755 1135 3958 1174 meorum

2362 1207 2568 1262 obortis
2601 1207 2874 1278 lacrymis,
2909 1206 2983 1260 ita
3013 1222 3133 1262 sum
3161 1207 3264 1262 hoc
3293 1207 3604 1274 ineffabili,
3644 1221 3708 1264 ut
3739 1210 3962 1278 praefata

2361 1312 2443 1362 es,
2465 1297 2680 1367 gaudio,
2706 1296 2962 1352 visitante
2984 1297 3232 1365 Domino,
3252 1306 3578 1367 vegetatus,
3612 1308 3681 1354 ut
3700 1300 3962 1368 desperari

2363 1403 2450 1444 me
2474 1389 2682 1443 illorum
2712 1389 2920 1442 veniam
2951 1404 3058 1442 non
3088 1388 3289 1445 debere
3320 1391 3532 1444 laetitia:
3568 1390 3767 1459 ipsius
3790 1391 3962 1460 magni-

2365 1480 2493 1535 tudo
2517 1480 2768 1534 dictaret.
2794 1479 2912 1548 Quo
2937 1489 3080 1536 statu
3106 1480 3236 1538 nihil
3265 1496 3388 1537 reor
3415 1497 3556 1538 esse
3589 1482 3906 1544 sublimius.
3925 1485 3961 1536 si

2362 1571 2632 1641 reparatio
2661 1571 2781 1641 ejus
2813 1585 2998 1626 nosne
3038 1573 3344 1640 subiaceret
3368 1574 3650 1628 arbitrio.
3709 1574 3962 1630 Nonnum-

2361 1679 2522 1735 quam
2569 1665 2795 1733 cupicns
2845 1664 2912 1718 ad
2953 1664 3188 1718 similem
3245 1679 3330 1720 me
3383 1666 3792 1735 lacrymarum
3837 1680 3959 1721 eoat-

2364 1759 2708 1830 punctionem
2735 1759 2861 1814 tutis
2881 1757 3088 1814 viribus
3118 1758 3378 1827 excitare,
3405 1775 3740 1831 omnesque
3769 1775 3958 1816 errores

2363 1866 2512 1906 meos
2543 1860 2705 1920 atque
2741 1858 2959 1920 peccata
2998 1860 3122 1904 ante
3156 1851 3342 1905 oculos
3371 1861 3647 1907 statuens
3676 1851 3707 1890 ά
3762 1854 3956 1907 uberis-

2363 1954 2469 2000 tem
2491 1945 2635 1998 illam
2669 1945 2889 1999 fletuum
2925 1959 3188 1999 revocare
3216 1960 3323 1998 non
3355 1961 3620 2014 possum,
3649 1958 3707 2002 et
3733 1948 3803 2000 ita
3831 1945 3953 2000 oeuli

2362 2039 2466 2093 mei
2497 2038 2552 2092 in
2585 2037 2802 2092 modum
2845 2036 3126 2106 cujusdam
3172 2036 3487 2093 durissima:
3536 2040 3724 2094 silicis
3765 2037 3956 2106 predu-

2361 2140 2575 2194 rantur,
2606 2141 2662 2184 ut
2687 2129 2834 2185 nulla
2870 2144 3092 2198 prorsus
3119 2144 3184 2184 ex
3215 2130 3295 2184 eis
3321 2132 3578 2184 humoris
3603 2140 3760 2201 gutta
3789 2130 3951 2184 distil-

2360 2217 2438 2278 Iet
2463 2238 2478 2277 :
2502 2232 2554 2277 et
2586 2222 2708 2277 ideo
2729 2227 2990 2290 quantum
3015 2221 3146 2275 mihi
3172 2220 3223 2275 in
3248 2220 3627 2291 lacrymarum
3654 2221 3954 2292 profusione

2361 2316 2706 2386 crtngaudeo;
2740 2325 2946 2372 tantum
2967 2316 3130 2373 doleo
3160 2317 3307 2388 quod
3340 2317 3511 2387 illam,
3543 2335 3680 2375 cum
3710 2322 3941 2380 voluero,

2364 2423 2689 2480 recuperare
2717 2425 2820 2464 non
2849 2409 3080 2463 valeam.

2903 2521 3132 2578 CAPUT
3171 2522 3366 2578 XXIX.

2422 2614 2706 2686 Responsio
2737 2615 2800 2668 de
2827 2615 3122 2669 diversitate
3149 2616 3491 2682 spiritualium
3510 2614 3889 2685 lacrymarum.

2429 2725 2575 2780 Isaae
2616 2745 2628 2777 :
2669 2735 2692 2762 ο
2734 2726 2850 2780 Νοη
2903 2727 3080 2781 omnis
3126 2727 3485 2796 lacrymarum
3537 2726 3788 2797 profusio
3840 2737 3931 2778 uno

1742 2836 1992 2893 ALARDI
2032 2837 2264 2894 GAZIII
2300 2837 2860 2897 COMMENTARIUS.

749 2928 1097 3010 thiacOnius
1146 2929 1388 3010 inscribit
1433 2947 1445 2981 :
1497 2925 1578 3010 pe
1622 2929 1778 2982 variis
1809 2931 2258 3010 compunctiontnn

2366 2931 2683 2986 salutarium
2713 2932 2818 2986 duo
2846 2941 3049 2986 tantum
3083 2949 3281 3002 genera
3311 2937 3527 2997 statuit;
3585 2945 3752 2990 unum
3782 2946 3844 2986 ex
3875 2930 3926 2983 ti-

677 3001 1003 3074 qualitatibus
1029 3045 1042 3066 ,
1087 3011 1153 3074 ut
1197 3001 1398 3074 habent
1438 3001 1610 3074 etiam
1646 3000 1997 3074 ntanusc_ripti
2041 3001 2254 3074 nostri,
2286 3000 2332 3063 C
2365 3017 2539 3074 more,
2587 3004 2815 3058 alterum
2859 3019 2924 3057 ex
2953 3000 3140 3058 amore
3169 3009 3493 3072 proveniens
3526 3024 3541 3057 :
3581 3007 3736 3071 Quod
3775 3005 3824 3056 in
3850 3017 3925 3060 eo,

679 3069 818 3144 quos
843 3083 1059 3126 secutus
1087 3073 1443 3144 Dionysins_et
1470 3071 1816 3144 thsileettsis.
1844 3069 2080 3144 _Poterat
2108 3073 2258 3144 etde

677 3141 831 3198 uariis
850 3145 1291 3210 compunctionum
1313 3141 1568 3207 clfertibus
1591 3141 1816 3210 inscribi.
1843 3141 1978 3195 Tres
2002 3144 2142 3196 enim
2172 3142 2259 3196 hic

677 3209 1018 3282 esponnntnr
1045 3215 1519 3279 compuncttonnm
1552 3226 1644 3262 seu
1687 3209 2009 3282 ferventiuni
2059 3215 2261 3267 oratio-

679 3281 805 3340 num
833 3283 1057 3338 effectus
1089 3284 1246 3349 plane
1276 3282 1474 3336 divorsi
1523 3295 1538 3328 :
1589 3281 1859 3335 interdum
1901 3283 2107 3336 clamor
2137 3285 2259 3351 qui-

678 3357 802 3411 dam
829 3371 894 3408 ex
928 3352 1122 3407 interni
1147 3352 1323 3422 gaudii
1351 3353 1698 3405 exuberantia
1720 3391 1731 3410 .
1757 3353 2005 3405 etcordis
2023 3358 2263 3407 exsulta-

681 3429 825 3480 tione
849 3439 1240 3494 prorumpens;
1268 3422 1534 3494 interdum
1558 3422 2002 3494 vero_silentiuin,
2029 3434 2081 3477 et
2107 3425 2264 3479 taciti

678 3492 1258 3567 gemitustet‘stupor
1286 3493 1505 3563 quidam
1546 3492 1742 3567 mentis
1773 3493 2044 3567 attonitae;
2091 3497 2259 3548 inter-

681 3563 810 3622 dum
842 3565 1083 3636 profusio
1117 3566 1474 3636 lacrymarum
1499 3603 1514 3631 ,
1562 3563 1628 3617 de
1658 3579 1761 3632 qua
1809 3565 2151 3633 potissimum
2207 3567 2261 3620 in

683 3637 1035 3707 sequentibus
1079 3637 1272 3705 agitur.

751 3705 778 3748 Β
812 3708 948 3763 Hinc
975 3707 1234 3776 colligere
1262 3712 1346 3759 est
1368 3705 1532 3760 cellas
1563 3715 1804 3762 veterum
1835 3707 2048 3761 illorum
2078 3723 2264 3764 mona—

682 3779 905 3835 chorum
953 3778 1116 3833 etiam
1169 3780 1222 3832 in
1253 3777 1544 3830 solitudine
1599 3781 1864 3847 agentium
1917 3777 2083 3832 fuisse
2129 3794 2262 3832 con-

679 3851 893 3920 junctas
929 3891 943 3912 ,
987 3859 1080 3904 aut
1129 3849 1316 3920 saltem
1365 3848 1467 3902 sibi
1509 3849 1759 3915 vicinas;
1813 3849 2263 3920 quemadmodum

684 3917 843 3976 etiam
877 3929 1100 3974 testatur
1129 3920 1237 3974 div.
1272 3919 1630 3988 Hieronymus
1673 3917 1839 3987 epist.
1873 3923 1943 3974 22’.
1972 3922 2039 3973 ad
2070 3917 2263 3972 Eusto-

684 3991 856 4045 chium
882 3991 950 4045 de
980 3990 1238 4044 caenobitis
1280 3989 1548 4058 Egyptiis
1590 3991 1662 4042 ita
1705 3992 1941 4044 scribens
1988 4009 1998 4044 :
2053 3989 2265 4043 Manent

684 4063 930 4128 separati,
956 4063 1045 4114 sed
1063 4062 1263 4128 junctis
1295 4059 1518 4114 cellulis.
1553 4059 1748 4114 Verum
1785 4061 1851 4112 de
1882 4061 2034 4113 cellis
2071 4071 2126 4128 ιιι
2150 4061 2263 4112 cel-

688 4127 812 4185 lulis
866 4127 1250 4185 monachorum
1298 4131 1429 4201 alias
1477 4144 1621 4197 saepe
1669 4130 1868 4183 dictqu
1923 4139 2005 4183 est
2032 4127 2168 4201 (Lib.
2229 4144 2263 4182 v

691 4201 924 4256 lnstitut.
954 4218 1069 4272 cap.
1094 4202 1190 4272 757,
1217 4211 1264 4254 et
1296 4199 1443 4272 ἰεῦ.)
1473 4215 1601 4272 cap.
1623 4201 1700 4269 5).

761 4281 782 4308 ο
807 4272 910 4325 Pro
933 4312 946 4334 ,
989 4265 1213 4338 repletur
1238 4313 1254 4336 ,
1287 4280 1346 4324 ut
1385 4265 1672 4339 Dionjsius
1712 4268 1972 4336 reddidit,
2004 4265 2263 4324 Cassiano

690 4339 741 4392 id
767 4339 1014 4408 frequens
1046 4339 1352 4394 admodum.

755 4408 780 4446 ἀ
812 4409 958 4465 Scite
987 4418 1039 4462 et
1075 4420 1199 4476 apte
1224 4410 1290 4463 ad
1320 4411 1459 4465 hunc
1497 4410 1676 4463 locum
1710 4409 1947 4464 Joannes
1994 4409 2262 4464 Climacus

687 4480 856 4548 gradu
883 4480 1113 4548 septimo
1144 4497 1252 4533 sum
1281 4483 1462 4544 scalas,
1493 4481 1582 4534 ubi
1611 4481 1677 4535 de
1708 4480 1806 4534 hac
1833 4481 2264 4549 compunctionis

685 4551 856 4619 gratia
904 4562 956 4604 et
1003 4549 1359 4621 laerymarum
1410 4550 1552 4621 dono
1589 4567 1694 4606 non
1746 4550 1924 4621 minus
1983 4552 2066 4619 pie
2103 4567 2262 4618 quam

689 4621 958 4675 subtiliter
999 4619 1264 4676 disserit:
1321 4619 1473 4687 Vidi,
1519 4623 1726 4690 inquit,
1778 4619 2005 4675 modicas
2053 4631 2261 4690 guttas,

687 4693 852 4762 instar
877 4693 1141 4758 sanguinis
1166 4733 1181 4759 ,
1231 4707 1345 4744 cum
1373 4691 1546 4762 labore
1590 4691 1806 4757 effundi.
1848 4690 1966 4745 Vidi
2007 4702 2053 4746 et
2098 4691 2264 4762 fontes

686 4761 873 4831 absque
917 4763 1087 4816 labare
1115 4765 1386 4832 per/luere.
1418 4761 1564 4815 Sicut
1601 4775 1835 4816 creatura
1882 4773 2073 4816 motum
2099 4761 2173 4816 ea:
2211 4779 2265 4817 se

681 4835 864 4904 gignit,
908 4850 1288 4901 nonnumquam
1337 4849 1453 4886 vero
1480 4835 1689 4888 aliunde
1719 4835 1933 4901 suscipit
1962 4849 1978 4886 :
2018 4834 2091 4887 ita
2115 4845 2159 4887 et
2200 4835 2263 4888 de

681 4905 1070 4973 cempunctione
1105 4919 1304 4974 quoque
1341 4905 1659 4958 sentiendum
1691 4913 1783 4958 est.
1837 4905 2046 4971 Quoties
2087 4906 2262 4958 anima

681 4974 815 5029 nihil
845 4978 993 5029 etiam
1027 4976 1322 5030 curantibus
1344 4976 1419 5030 vel
1443 4976 1669 5029 studiose
1693 4978 2016 5047 operantibus
2039 4975 2182 5028 nobis
2211 4977 2266 5047 in

680 5047 934 5117 lacrymas
979 5047 1027 5100 vi
1066 5056 1273 5102 secrette
1315 5044 1989 5118 compunctionislexritata
2041 5048 2094 5098 in
2148 5044 2261 5101 solo

677 5119 802 5186 ﬂetu
831 5119 1151 5189 requieverit,
1177 5117 1439 5172 curramus
1461 5119 1706 5183 sollicite;
1733 5117 1982 5170 Dominus
2004 5118 2138 5171 enim
2161 5133 2262 5172 non

676 5200 882 5242 vocatus
905 5190 1110 5241 advenit
1131 5231 1144 5248 ,
1185 5192 1549 5258 spongiamque
1583 5189 1742 5241 divini
1782 5189 2009 5242 mmroris
2037 5197 2081 5240 et
2107 5189 2259 5254 refri-

679 5261 808 5327 gerii
842 5262 1042 5328 piarum
1070 5258 1412 5331 lacrymarum
1443 5275 1600 5328 aquas
1623 5258 1765 5331 nobis
1787 5260 2002 5331 clemens
2022 5261 2257 5330 porrigit,

673 5331 856 5397 quibus
881 5333 1142 5383 deleantur
1159 5329 1347 5384 scelera
1371 5330 1702 5398 chirographi
1721 5331 1903 5382 nostri.
1933 5329 2096 5383 Serva
2124 5329 2255 5395 eam,

674 5409 726 5448 ut
762 5399 1015 5469 pupillam
1046 5403 1180 5454 oculi
1210 5402 1301 5461 tui,
1328 5401 1489 5452 donec
1517 5410 1696 5468 sponte
1724 5399 1890 5453 abeat.
1919 5398 2094 5470 Longe
2123 5400 2259 5453 enim

675 5472 838 5538 nuijor
885 5472 1296 5542 est__ltujusmodi
1337 5469 1768 5542 icontpunctionis
1800 5471 1899 5534 vis,
1951 5469 2105 5532 mm
2149 5472 2259 5542 ejus

670 5535 1036 5607 quamtstudio
1058 5535 1228 5594 nostra
1253 5551 1298 5594 et
1328 5535 1500 5594 labore
1525 5541 1912 5607 acquisivimus.

750 5615 772 5642 θ
800 5606 944 5682 Div._
977 5612 1265 5677 Gregorius
1317 5614 1404 5663 liv.
1464 5625 1517 5663 ιιι
1565 5606 1769 5680 Dialog.
1821 5627 1941 5682 cap.
1969 5611 2070 5675 54,
2116 5611 2260 5668 sicut

664 5679 1140 5738 couiﬂutt'titiouis.
1173 5681 1244 5735 ita
1291 5687 1346 5735 et
1398 5679 1756 5750 Iacryuinrunt
1787 5679 2150 5755 Spirituaiiuut
2201 5693 2258 5740 et

2361 3073 2563 3141 inquit,
2597 3075 2720 3127 bene
2747 3074 3025 3146 ﬁguratur,
3061 3077 3200 3145 quod
3240 3079 3344 3128 Azn
3377 3077 3490 3144 ﬁlia
3533 3076 3695 3131 Caleb
3721 3119 3734 3139 ,
3774 3075 3925 3146 sedent

2362 3160 2514 3219 super
2540 3141 2757 3219 asinum
2788 3141 3088 3219 suspiratiit'.
3117 3146 3226 3219 ραι
3253 3141 3559 3219 dixitipnter
3605 3165 3730 3202 suus
3763 3163 3781 3200 :
3817 3141 3926 3207 Quid

2361 3213 2637 3269 habesiAt
2667 3215 2757 3268 illa
2788 3217 3050 3286 respondit
3075 3214 3187 3269 :Da
3217 3220 3342 3269 mihi
3381 3213 3782 3272 benedictionem
3813 3231 3830 3266 :
3849 3225 3925 3286 ter-

2362 3300 2473 3337 ram
2496 3287 2795 3362 australem,
2824 3284 3126 3362 etin-eumn
3156 3289 3341 3362 dedisti
3371 3291 3527 3346 mihi.
3552 3293 3727 3362 junge
3760 3297 3803 3341 et
3825 3284 3922 3362 irri~

2362 3373 2533 3426 guam.
2571 3355 2820 3419 Deditque
2847 3359 2890 3429 ei
2927 3367 3068 3424 pater
3089 3375 3210 3429 suus
3232 3361 3494 3429 irriguum
3522 3355 3766 3429 superius
3807 3365 3850 3408 et
3867 3356 3926 3404 ir-

2363 3430 2568 3500 riguum
2592 3429 2805 3500 inferius
2829 3427 3034 3500 (Josute
3056 3428 3174 3500 sv).
3205 3426 3313 3480 Δια
3339 3426 3536 3498 quippe
3557 3426 3717 3500 super
3744 3432 3921 3500 asinum

2365 3498 2500 3550 sedet
2530 3514 2546 3553 :
2579 3515 2695 3550 cum
2736 3497 3171 3551 irrational‘ilibas
3212 3501 3384 3550 carnis
3407 3497 3515 3552 sua:
3534 3497 3753 3554 motibus
3775 3497 3922 3550 animo

2365 3568 2624 3642 pra’sidet.
2649 3568 2774 3633 Qua:
2801 3571 3067 3638 suspirans
3088 3587 3118 3620 a
3144 3579 3290 3640 patre
3307 3582 3494 3622 terram
3523 3572 3768 3642 irriguum
3784 3567 3922 3642 ρριίι,

2365 3635 2484 3711 quia
2523 3655 2552 3691 a
2577 3640 2816 3692 Creatore
2845 3635 3020 3692 nostro
3054 3635 3166 3692 eum
3212 3655 3401 3710 magno
3429 3635 3644 3710 gemiti;
3672 3635 3921 3711 quaerendi

2366 3717 2438 3761 est
2464 3708 2810 3780 lacrymarum
2834 3713 3022 3778 gratia.
3054 3712 3190 3763 Sunt
3218 3708 3442 3780 namque
3467 3708 3704 3766 nonnulli
3729 3711 3810 3780 qui
3826 3708 3924 3775 jam

2365 3779 2417 3831 in
2441 3779 2586 3854 dono
2599 3789 2932 3854 perceperunt
2961 3780 3115 3833 libere
3153 3795 3246 3850 pro
3260 3782 3468 3854 justitia
3489 3785 3650 3850 loqui,
3677 3779 3923 3854 oppressos

2367 3851 2528 3913 tueri,
2573 3846 2919 3917 indigentibus
2961 3846 3192 3916 possessa
3231 3846 3451 3904 tribuere
3481 3894 3495 3919 ,
3546 3846 3780 3906 ardorem

2367 3911 2584 3986 habere;
2601 3911 2705 3974 sed"
2715 3921 2883 3973 adhuc
2905 3911 3125 3990 gratiam
3148 3911 3494 3990 lacrymaruni
3515 3939 3615 3976 non
3637 3911 3831 3990 habent.
3861 3911 3922 3990 Hi

2366 3991 2608 4044 nimirum
2650 4001 2834 4043 terram
2865 3986 3144 4046 australem
3171 4001 3216 4044 et
3247 3986 3476 4048 arentem
3502 3994 3706 4054 habent,
3733 3989 3819 4042 sed
3843 3986 3922 4038 atl-

2366 4059 2472 4135 [ηις
2493 4061 2692 4133 irrigua
2718 4062 2944 4135 indigent
2960 4075 2981 4135 ξ
2999 4063 3122 4131 quia
3146 4064 3198 4114 in
3229 4062 3374 4115 bonis
3396 4064 3629 4131 operibus
3652 4063 3832 4135 positi,
3877 4057 3920 4107 in

2366 4132 2546 4204 quibus
2575 4132 2747 4202 magni
2767 4141 2918 4201 atque
2952 4133 3200 4204 ferventes
3225 4140 3366 4198 sunt,
3405 4145 3598 4203 oportet
3617 4132 3844 4204 nimirum
3876 4137 3922 4177 stt

2339 4217 2346 4220 "
2366 4213 2452 4253 aut
2474 4201 2909 4272 timoresupplicii
2938 4201 3027 4256 aut
3049 4220 3224 4257 amore
3239 4207 3381 4274 regni
3403 4201 3611 4260 cielestis
3640 4205 3768 4257 mala
3780 4201 3920 4274 etiarn

2366 4286 2480 4344 qua:
2507 4283 2657 4325 antea
2699 4267 3054 4341 perpetrarunt
3085 4267 3374 4344 deplorent.
3409 4275 3514 4330 Sed
3541 4279 3678 4342 quia.
3713 4281 3763 4326 ut
3788 4267 3912 4344 diri.

2369 4342 2470 4414 duo
2495 4351 2614 4395 sunt
2641 4345 3049 4411 compunctionis
3077 4342 3294 4414 genera,
3321 4347 3460 4399 dedit
3475 4348 3525 4414 ei
3554 4356 3697 4413 pater
3722 4357 3840 4414 suns
3861 4343 3920 4386 ir-

2365 4412 2570 4487 riguum
2598 4416 2833 4487 superius
2853 4429 2901 4468 et
2931 4411 3428 4487 irriguuminferius.
3448 4411 3721 4487 Ali-riguum
3747 4411 3919 4487 quippe

2365 4485 2604 4551 superius
2637 4486 2823 4552 accipit
2849 4481 3046 4553 animo,
3082 4503 3201 4540 cum
3229 4481 3330 4538 sese
3353 4485 3409 4538 in
3437 4481 3676 4552 laerg'mis
3715 4481 3919 4553 ω’(οξίίδ

2363 4549 2511 4630 regni
2535 4549 2788 4630 desiderio
2815 4556 2990 4630 affligit
3005 4549 3304 4630 {irriguum
3323 4549 3678 4630 veroinﬁrius
3698 4549 3881 4619 accipi!
3900 4586 3912 4609 ι

2365 4639 2481 4698 cum
2495 4626 2683 4698 inferni
2705 4623 2970 4698 supplicia
2988 4623 3166 4698 ﬂendo
3183 4627 3500 4697 pertimescit.
3519 4626 3592 4698 Ita
3617 4623 3909 4698 Gregorius.

2363 4695 2596 4766 Atvero
2630 4697 2691 4752 ι).
2739 4695 3046 4752 Bernartius
3073 4695 3242 4753 serm.
3273 4699 3308 4752 5
3335 4697 3401 4753 de
3440 4696 3728 4766 Epiphania
3753 4734 3766 4757 ,
3818 4697 3912 4742 tres

2365 4765 2698 4840 differentias
2750 4768 2955 4840 piarum
3006 4770 3366 4840 Iacrymarum
3418 4765 3694 4832 recenset,
3749 4771 3914 4840 irentpe

2365 4836 2698 4902 devotionis,
2737 4835 3068 4904 poenitentia:
3115 4835 3169 4893 et
3209 4839 3465 4894 fraternae
3515 4835 3904 4906 compassionis,

2365 4921 2482 4975 quas
2510 4909 2669 4962 etiam
2713 4910 2764 4962 in
2799 4907 2900 4961 hoc
2942 4912 3122 4972 capite
3161 4911 3537 4976 exprimuntur
3569 4928 3581 4962 :
3629 4908 3726 4962 Ili:
3760 4908 3906 4978 sunt.

2366 4977 2559 5046 inquit,
2595 4979 2837 5050 lacrymae
2864 4979 3167 5046 devotionis,
3191 4982 3244 5032 in
3272 4980 3457 5047 quibus
3481 4995 3600 5032 'non
3615 4976 3910 5050 indulgentia

2365 5049 2716 5122 peccatorum,
2730 5052 2818 5102 sed
2843 5053 2932 5103 ben
2941 5053 3209 5122 eplacitum
3222 5053 3478 5122 quaeritur
3495 5052 3589 5102 Dei
3606 5049 3787 5106 Patris,
3811 5050 3903 5122 tum

2363 5114 2620 5192 descendit
2649 5123 2697 5173 in
2731 5136 2821 5174 nos
2849 5114 3058 5191 spiritus
3096 5114 3394 5192 adoptionis
3421 5120 3682 5192 ﬁliorum,
3721 5114 3906 5192 ιςξιξηιος

2363 5191 2506 5241 nium
2530 5193 2793 5257 perhibens
2816 5181 3019 5261 spiritui
3039 5181 3231 5253 nostra,
3259 5191 3396 5260 quod
3421 5181 3596 5248 sumus
3625 5181 3722 5260 [illi
3745 5185 3836 5243 Usi,
3861 5181 3905 5258 {ll

2363 5261 2664 5321 melli/luam
2694 5263 2837 5315 nobis
2863 5278 3032 5315 vocem
3058 5263 3118 5314 de
3148 5263 3270 5314 uelo
3299 5262 3562 5315 videamur
3588 5262 3786 5318 audire,
3809 5261 3901 5320 4"“

2360 5345 2472 5384 uere
2501 5331 2637 5388 Deus
2679 5331 2840 5385 Pater
2873 5334 2925 5385 in
2951 5333 3094 5385 nobis
3122 5331 3432 5395 complerent
3459 5332 3577 5384 sibi.
3621 5331 3733 5385 Nec
3757 5327 3903 5390 parum

2360 5401 2516 5455 distat
2563 5405 2695 5456 inter
2721 5403 2812 5456 has
2853 5402 3111 5471 lacrymas
3150 5402 3435 5454 deuotionis
3479 5413 3526 5455 et
3563 5403 3731 5456 tetdtis
3763 5395 3900 5471 ωηιυέ

2349 5474 2466 5544 jam
2515 5474 2676 5528 virilis
2701 5515 2716 5541 ,
2755 5484 2800 5526 et
2827 5491 2912 5528 eas
2937 5469 3064 5542 quas
3103 5473 3346 5542 primaeua
3388 5481 3519 5544 ctus
3548 5475 3679 5525 inter
3709 5469 3900 5544 infasth

2357 5535 2557 5613 rugitus
2585 5535 2794 5614 remisit,
2829 5535 3082 5614 lacrgmas
3103 5535 3278 5609 utique
3314 5543 3625 5612 poenitentia
3661 5550 3710 5595 et
3754 5535 3900 5614 cattle}

2358 5603 2539 5668 sidnis.
2579 5603 3114 5684 Verumtamen'longe
3140 5603 3366 5684 amplius
3401 5614 3634 5683 utrisque
3666 5603 3898 5684 procedi!

2358 5686 2474 5739 alia:
2524 5686 2758 5756 quazdam
2814 5683 3088 5754 lacryntw’,
3139 5683 3329 5753 quibus
3371 5693 3424 5738 et
3453 5685 3750 5756 infunditur
3782 5683 3899 5744 εαρθι
