4048 6198
62 166 202 227 εοδ
1186 153 1528 212 COLLATIO
1564 152 1658 209 1x.
1689 181 1761 196 --
1786 150 1878 208 ne
1915 145 2284 207 ORATIONE.
3300 154 3412 217 sos

63 283 300 338 aﬂ'ectu
343 279 426 336 vel
459 293 565 334 una
594 278 798 334 virtute
827 275 1186 348 depromitur.
1220 272 1390 327 Aliter
1430 271 1576 325 enim
1621 270 1710 324 ille
1737 270 1790 331 Α
1815 268 2162 336 describitur,
2191 269 2264 322 ita
2288 266 2476 321 dicens
2511 284 2522 320 :
2561 267 2689 335 Quis
2718 267 2859 323 dabit
2877 271 3036 338 capiti
3058 289 3168 327 meo
3191 290 3403 344 aquam,

67 383 324 429 emanat
369 371 533 428 ﬂetus
579 371 671 441 qui
721 378 1069 440 peccatorum
1117 365 1271 435 spina
1319 378 1414 418 cor
1463 372 1709 416 nostrum
1815 371 1862 415 et
1889 360 2055 416 oculis
2084 360 2210 415 meis
2247 360 2438 431 fontem
2465 358 2851 432 lacrymarum,
2887 371 2934 415 et
2977 364 3188 431 plorabo
3217 366 3271 418 in
3323 366 3409 422 die

70 475 516 535 compenses-te
545 461 824 532 profertur
871 460 940 515 de
960 475 1065 529 quo
1097 459 1325 512 dicitur:
1361 453 1622 508 Laboravi
1657 453 1712 506 in
1812 463 1862 510 et
1901 457 1960 509 in
1991 465 2140 510 nocte
2191 456 2491 526 interfectos
2526 457 2651 526 ﬁlice
2679 455 2859 528 populi
2892 455 2993 508 mei
3026 455 3240 527 (Jerem.
3283 460 3408 531 rx)?

72 559 305 630 gemitu
335 573 476 622 meo,
510 555 691 610 locabo
723 571 813 622 per
833 554 1067 626 singulas
1095 559 1268 606 noctes
1298 549 1484 603 lectum
1512 562 1707 611 meum,
1815 546 1913 601 Vel
1951 555 2102 603 certe
2149 548 2340 618 quales
2387 548 2495 602 illae
2534 558 2660 602 sunt
2710 549 2962 619 lacrymae
3007 547 3077 603 de
3105 548 3300 619 quibus
3353 553 3408 608 in

73 651 364 721 lacrgmis
408 649 538 705 nisis
588 657 802 704 stratum
833 660 1001 699 meum
1044 645 1221 714 rigabo
1264 641 1440 712 (Psal.
1494 639 1593 710 vi).
1647 640 1716 696 Et
1816 638 2030 708 psalmo
2059 638 2363 693 centesimo
2391 639 2571 708 primo
2594 641 2833 707 canitur,
2872 639 3011 707 Quia
3035 641 3254 695 cinerem
3276 642 3413 696 sicut

74 743 307 797 iterum
331 759 345 794 :
369 739 555 796 Reduc
575 740 1015 809 quesitosrentem
1035 737 1289 805 lacrymas
1305 748 1394 803 per
1409 732 1545 786 diem
1557 739 1605 785 et
1622 745 1715 798 per
1814 745 2006 800 panem
2033 731 2342 784 manducavi
2369 772 2383 794 ,
2429 738 2480 785 et
2515 732 2756 800 poculum
2787 747 2958 784 nicum
2985 747 3103 786 cum
3131 735 3256 804 ﬂetu
3286 734 3388 788 mis

74 845 346 899 noctem,
381 843 428 888 et
462 848 563 887 non
595 833 685 886 des
712 832 935 902 requiem
965 829 1083 892 tibi,
1118 837 1279 896 neque
1312 834 1477 878 taceat
1508 822 1714 892 pupilla
1816 821 2010 873 cebam.
2064 820 2210 887 Quas
2250 831 2459 875 certum
2488 829 2569 876 est
2602 836 2711 876 non
2739 822 2834 877 illo
2865 822 3064 878 εσθαι]
3099 825 3274 893 promi
3307 839 3415 894 quo

77 923 698 998 oculitui(1‘lsren.tv).
714 923 980 992 Aliterqui
997 922 1065 976 de
1085 918 1542 988 contemplatione
1555 927 1716 970 κωτ-
1817 912 1872 967 in
1895 921 2049 967 sexto
2073 912 2283 981 psalmo
2295 925 2365 966 es
2391 925 2624 979 persona
2649 913 2961 982 paenitentis
2987 915 3415 986 emerguntlbm

82 1037 311 1078 narum
366 1024 636 1077 bonorum
674 1029 729 1074 et
755 1017 1025 1073 desiderio
1055 1015 1200 1070 illius
1233 1014 1429 1068 laturas
1457 1010 1717 1065 claritatis
1818 1006 1979 1072 mine,
2003 1021 2068 1060 ne
2093 1005 2147 1059 in
2173 1007 2350 1075 furore
2375 1012 2662 1078 tuoarguas
2683 1023 2783 1075 me,
2803 1010 2951 1076 etc.),
2984 1007 3078 1062 sed
3109 1023 3208 1078 pro
3222 1011 3412 1064 anxie-

85 1115 392 1181 exoritur,
423 1129 526 1184 pro
547 1129 650 1184 qua
673 1112 833 1166 etiam
852 1109 1134 1164 uberiores
1154 1109 1518 1178 lserymarum
1541 1103 1718 1158 fontes

87 1209 168 1262 de
205 1207 570 1262 intolerantia
592 1203 769 1274 gaudii
796 1211 850 1258 et
873 1201 1176 1256 alacritatis
1204 1199 1576 1254 immensitate
1598 1210 1722 1264 pro-

90 1306 426 1369 rumpunt,
479 1298 605 1351 dum
638 1295 752 1350 sitit
776 1295 957 1350 anima
991 1301 1178 1350 nostra
1212 1291 1278 1344 ad
1314 1291 1484 1344 Deum
1520 1289 1720 1341 fontem

100 1390 343 1455 tivum,
401 1389 622 1454 dicens,
673 1386 900 1452 Quando
946 1386 1148 1439 veniam
1200 1393 1250 1438 et
1301 1381 1562 1453 apparebo
1604 1389 1725 1432 ante

107 1490 454 1551 transpectum
497 1479 630 1534 Dei?
660 1466 902 1531 Fuerunt
950 1476 1080 1529 mihi
1126 1475 1373 1544 lacrymw
1402 1488 1529 1526 mete
1568 1487 1726 1541 panes

104 1574 194 1627 die
249 1583 316 1626 ac
372 1577 520 1625 nocte
553 1569 747 1641 .(Psul.
789 1570 934 1635 xu),
979 1583 1102 1621 cum
1145 1567 1348 1636 cjulatu
1389 1564 1627 1634 quotidie
1673 1571 1727 1618 et

1823 1101 2020 1155 tatibus
2041 1099 2162 1154 vita:
2187 1098 2344 1168 hujus
2357 1104 2523 1168 atque
2549 1097 2809 1168 angustiis
2825 1105 2880 1154 et
2910 1103 3189 1165 mrumnis,
3215 1102 3414 1171 quibus

1818 1193 1948 1263 justi
1973 1193 2024 1247 in
2055 1191 2158 1247 hoc
2183 1193 2385 1247 mundo
2415 1192 2576 1261 positi
2609 1192 3004 1263 deprimuntur.
3053 1193 3204 1261 Quod
3248 1197 3413 1251 etiam

1822 1288 2020 1358 psalmi
2078 1287 2246 1356 ipsius
2271 1301 2377 1341 non
2410 1287 2584 1340 solum
2619 1295 2827 1356 textus,
2880 1288 2974 1342 sed
3011 1289 3174 1344 etiam
3225 1291 3414 1346 titulus

1825 1380 2110 1436 evidenter
2137 1381 2378 1436 ostendit
2407 1379 2638 1448 (Titulus
2671 1382 2804 1451 psal.
2831 1384 2928 1451 cr),
2963 1383 3053 1453 qui
3084 1399 3148 1438 cx
3178 1397 3414 1453 persona

1827 1473 2079 1543 pauperis
2126 1473 2271 1526 illius
2319 1472 2386 1526 de
2415 1487 2522 1541 quo
2552 1473 2606 1526 in
2653 1473 2943 1542 Evangelia
2978 1475 3213 1542 dicitur,
3268 1475 3416 1531 Beati

1827 1582 2074 1639 pauperes
2113 1567 2320 1634 spiritu,
2351 1565 2597 1636 quoniam
2631 1565 2860 1636 ipsorum
2901 1577 2974 1620 est
3011 1582 3226 1638 regnum
3257 1570 3414 1622 caelo-

108 1666 518 1722 lamentatione
545 1664 918 1734 proclamans,
949 1658 1068 1712 Heu
1099 1658 1226 1711 mihi
1250 1659 1491 1729 quoniam
1519 1655 1718 1711 incola-
1751 1659 1798 1719 B
1824 1675 1941 1712 rum
1973 1657 2189 1730 (Matth.
2234 1656 2312 1728 ν),
2345 1659 2414 1711 ita
2449 1655 2780 1713 describitur
2811 1678 2822 1712 :
2867 1668 2891 1696 α
2950 1659 3126 1715 Oratio
3174 1663 3416 1730 pauperis

107 1757 196 1814 tu's
226 1775 379 1813 meus
406 1756 751 1829 prolongatus
781 1761 878 1820 est,
905 1763 951 1806 et
980 1751 1202 1805 multum
1229 1751 1399 1804 incola
1421 1750 1515 1820 fuit
1548 1749 1722 1802 anima

106 1857 233 1905 mea
300 1848 474 1923 (Psnl.
527 1845 701 1914 cxrx).
757 1846 928 1899 Aliter
983 1843 1256 1913 proﬂuunt
1305 1843 1555 1911 lacrytna:
1597 1855 1716 1910 quas

108 1943 335 2014 absque
381 1942 488 1996 ulla
521 1939 740 2009 quidem
790 1937 974 1992 talium
1013 1937 1298 1990 criminum
1349 1933 1718 2002 conscientia,

110 2038 216 2092 setl
248 2043 436 2091 tamen
485 2032 554 2089 de
583 2041 730 2086 metu
769 2029 1031 2100 gehennae
1059 2039 1111 2082 et
1143 2027 1415 2082 horribilis
1462 2027 1611 2080 illius
1637 2026 1725 2095 ju-

111 2125 252 2182 dicii
283 2124 674 2181 recordatione
704 2121 1024 2192 procedunt,
1055 2121 1208 2189 cujus
1231 2127 1438 2174 terrore
1461 2120 1723 2189 propheta

116 2234 427 2290 percussus
453 2227 576 2273 orat
620 2217 683 2272 ad
720 2217 885 2270 Deum
918 2233 928 2267 :
967 2213 1086 2267 Non
1112 2214 1293 2280 intres,
1336 2214 1622 2285 inquiens,
1669 2216 1724 2269 in

116 2317 387 2370 iudicium
418 2330 532 2367 cum
553 2329 693 2366 servo
721 2319 828 2373 tuo,
853 2310 971 2379 quia
1001 2325 1102 2363 non
1124 2309 1496 2381 justiﬁcabitur
1518 2311 1572 2364 in
1602 2325 1726 2366 con-

114 2418 310 2480 specta
330 2417 418 2463 tuo
452 2407 616 2462 omnis
641 2405 810 2459 vivens
842 2402 1014 2473 (Psal.
1040 2407 1229 2470 exui).
1257 2401 1353 2456 Est
1389 2403 1550 2457 etiam
1574 2402 1724 2458 aliud

118 2503 490 2572 lacrymarum
537 2507 728 2568 genus,
779 2495 922 2564 quod
963 2507 1069 2548 non
1105 2508 1201 2564 pro
1231 2506 1328 2547 sua
1356 2495 1719 2564 conscientia,

119 2595 220 2650 sed
260 2603 356 2664 pro
402 2593 577 2646 aliena
624 2589 822 2646 duritia
853 2589 1204 2660 peccatisque
1249 2595 1562 2658 generatur,
1613 2603 1720 2660 quo

121 2686 349 2742 Samuel
379 2684 603 2742 Saulem
639 2683 684 2756 (Ι
713 2682 842 2752 Reg.
877 2682 995 2754 xv),
1026 2697 1134 2752 quo
1162 2682 1310 2736 illam
1335 2697 1551 2752 quoque
1580 2683 1722 2738 civi-

125 2787 298 2833 tatem
343 2776 646 2832 Jerusalem
703 2775 787 2832 vel
845 2774 898 2828 in
949 2773 1238 2842 praeteritis
1295 2774 1564 2828 Jeremias
1613 2773 1724 2846 (In

127 2869 376 2938 Thren.),
401 2869 485 2924 vel
503 2867 557 2923 in
581 2865 876 2936 Evangelio
901 2865 1158 2920 Dominus
1175 2864 1355 2938 (Luca:
1375 2865 1484 2937 ιιι)
1507 2867 1725 2923 ﬂevisse

1822 1767 1940 1806 cum
1977 1750 2221 1804 anxiatus
2267 1751 2448 1820 fuerit,
2479 1759 2526 1803 et
2569 1766 2742 1804 coram
2787 1751 2892 1805 Deo
2933 1750 3168 1819 effuderit
3216 1770 3416 1823 precem

1823 1860 1996 1898 suam.
2031 1842 2055 1881 δ
2085 1843 2168 1897 Ab
2200 1845 2284 1898 his
2326 1858 2455 1913 ergo
2497 1844 2754 1916 lacrymis
2795 1846 3021 1900 multum
3068 1849 3276 1902 distant
3313 1849 3418 1904 illa:

1825 1951 1945 2006 quae
1975 1935 2244 1991 obdurato
2290 1937 2456 1992 corde
2507 1937 2573 1992 de
2612 1937 2774 1994 siccis
2801 1941 2972 1995 oculis
3017 1943 3413 2011 exprimuntur,

1827 2045 1959 2099 quas
1991 2031 2118 2085 licet
2148 2045 2259 2085 non
2294 2033 2507 2098 penitus
2537 2031 2904 2088 inl'ructuosas
2934 2049 3054 2090 esse
3099 2038 3414 2104 credamus,

1829 2125 1976 2180 bono
2004 2125 2148 2181 enim
2187 2126 2470 2196 proposito
2499 2142 2684 2180 earum
2716 2136 3016 2182 attentatur
3046 2130 3266 2184 emissio
3287 2172 3302 2196 ,
3348 2129 3418 2185 ab

1829 2217 1914 2270 his
1958 2217 2259 2286 praesertim
2303 2217 2394 2286 qui
2427 2218 2692 2282 necdum,
2746 2220 2828 2272 vel
2860 2219 2925 2272 ad
2967 2221 3255 2274 scientiam
3291 2237 3418 2289 per-

1829 2311 2016 2368 venire
2061 2311 2378 2381 perlectam,
2411 2311 2501 2364 vel
2544 2311 2899 2380 pristinorum
2941 2327 3036 2366 seu
3070 2314 3418 2380 prtesentiom

1827 2402 2083 2459 vitiorum
2111 2410 2405 2474 potuerunt
2434 2402 2500 2456 ad
2528 2418 2721 2472 purum
2752 2404 2872 2459 labe
2901 2405 3178 2461 mandari.

2418 2513 2648 2571 CAPUT
2676 2515 2845 2571 XXX.

1901 2613 2054 2680 Quod
2105 2612 2220 2667 elici
2273 2628 2376 2665 non
2423 2611 2641 2666 debeant
2711 2613 2960 2685 lacrgmw
3037 2614 3246 2685 quando
3316 2630 3420 2672 non

2273 2691 2567 2754 spontanee:
2595 2684 2950 2755 proferuntur.

1900 2776 1986 2831 Ab
2012 2775 2097 2830 his
2127 2785 2306 2830 tamen
2335 2777 2423 2844 qui
2453 2775 2506 2828 in
2537 2774 2785 2828 affectum
2814 2777 2922 2841 iam
2957 2778 3218 2833 transiere
3249 2781 3421 2835 virtu.

1832 2877 1966 2934 tum,
2002 2877 2024 2905 ο
2081 2882 2415 2937 nequaquam
2445 2865 2603 2949 debet
2630 2867 2732 2923 hoc
2759 2867 2921 2925 modo
2963 2872 3269 2952 extorqueri
3297 2889 3422 2945 νιος

1212 2999 1468 3056 ALARDI
1507 3001 1737 3058 GAZtEl
1773 3000 2334 3058 COMMENTARIUS.

131 3122 256 3161 vnn.
292 3103 426 3171 Illas
461 3102 596 3158 enim
636 3101 894 3170 lacrymas
915 3113 1031 3175 rere
1075 3097 1329 3175 in_vinu_m
1354 3098 1541 3175 mutari
1580 3099 1723 3175 dixe-
1749 3100 1797 3164 C
1831 3097 1947 3153 Cor.
1985 3098 2098 3167 vr)?
2147 3097 2292 3153 Solet
2322 3097 2614 3175 adulterina
2637 3104 2983 3175 compunctio
3023 3106 3302 3160 elationem
3341 3108 3422 3175 gi-

133 3178 256 3238 rim,
272 3191 388 3248 qua:
405 3169 644 3248 fraterna:
668 3167 1039 3248 compassionis
1064 3168 1251 3248 affertu-
1270 3167 1321 3220 in
1347 3168 1544 3248 fervore
1562 3169 1724 3248 pro-d-

135 3258 258 3302 eum
285 3238 600 3312 'cliaritatis,
643 3259 736 3314 pro
763 3259 867 3314 qua
907 3242 1063 3314 etiam
1109 3238 1411 3314 adherant,
1455 3241 1530 3292 tui
1560 3238 1725 3310 ipsius

135 3259 258 3302 eum
303 3259 600 3312 cnarttatts,
643 3259 736 3314 pro
763 3263 777 3285 ι
801 3259 867 3295 tta
907 3259 1063 3296 ettam
1109 3259 1173 3292 aa
1208 3259 1367 3292 uoran

135 3321 424 3380 immemor,
441 3317 611 3371 sobria
642 3259 867 3384 quatiam
894 3311 1367 3384 ebrietate_videri_s.

215 3400 241 3428 α
268 3389 478 3443 Titulus
523 3396 605 3440 est
643 3380 834 3453 psalmi
867 3380 1149 3437 ct'ntesitni
1178 3381 1357 3453 primi,
1384 3381 1476 3449 qui
1502 3381 1686 3451 incipit
1713 3403 1724 3437 :

140 3459 381 3520 Domine,
413 3457 602 3514 exaudi
632 3451 914 3510 orationem
957 3469 1121 3506 meam
1142 3494 1156 3518 ,
1189 3463 1235 3506 et
1266 3451 1460 3506 clamor
1489 3471 1629 3514 meus
1660 3456 1728 3510 ad

141 3544 188 3587 te
218 3533 402 3585 veniat.
449 3523 604 3584 Hunc
633 3528 844 3582 titultnn
877 3525 1078 3577 habent
1121 3539 1310 3577 omnes
1357 3524 1573 3579 Codices
1616 3525 1726 3581 lle-

142 3604 336 3664 braici,
365 3600 539 3656 Graeci
565 3610 615 3655 et
642 3595 836 3655 Latini.
870 3611 994 3649 cum
1024 3596 1201 3662 aliqua
1233 3604 1408 3648 tamen
1439 3598 1726 3651 verborum

144 3676 436 3736 varietate;
473 3686 596 3726 nam
628 3671 738 3723 div.
765 3667 1242 3736 Augustinuslegit
1279 3684 1290 3718 :
1323 3666 1504 3736 Oratio
1535 3667 1724 3736 inapis,

144 3760 260 3798 cum
288 3729 580 3806 angeretur,
613 3750 662 3794 et
688 3741 743 3794 in
775 3729 1048 3804 conspectu
1072 3729 1281 3790 Domini
1303 3735 1484 3803 effudit
1527 3729 1728 3805 precem

147 3832 310 3870 suam.
339 3808 438 3870 Ᾱιιί
474 3832 486 3866 :
521 3812 704 3866 Oratio
724 3809 968 3876 pauperis
988 3824 1101 3860 cum
1132 3810 1316 3860 anxius
1349 3808 1500 3873 fuerit
1527 3851 1540 3873 ,
1592 3815 1640 3859 et
1674 3808 1729 3862 in

148 3832 310 3870 suam.
339 3827 438 3870 Alli
474 3832 486 3866 :
521 3827 704 3866 uratio
762 3827 968 3876 auperts
988 3827 1101 3860 cum
1132 3827 1316 3860 anxius
1349 3827 1500 3873 fuerit
1527 3851 1540 3873 ,
1592 3827 1640 3859 et
1674 3827 1729 3862 tn

148 3896 412 3954 conspectu
436 3881 645 3938 Domini
666 3827 902 3954 eﬂ‘itderit
924 3894 1118 3954 precem
1143 3895 1307 3954 suam.
1337 3879 1409 3954 [2x
1435 3893 1550 3954 quo
1574 3877 1729 3954 titulo

149 3946 360 4012 elicitur
385 3946 765 4018 argumentum
807 3949 1048 4016 ejusdem
1083 3950 1295 4018 psalmi.
1343 3946 1438 4004 Est
1467 3947 1607 4001 enim
1643 3949 1730 4003 hic

154 3971 360 4012 ettcuur
385 3971 447 4010 ar
486 3971 765 4007 umentum
807 3971 1048 4016 ejusucm
1084 3971 1295 4018 panum.
1343 3971 1438 4004 ιἰδι
1467 3971 1607 4001 Clum
1643 3971 1730 4003 ulc

154 4029 389 4097 psalmus
439 3971 670 4080 lgortuula
699 4022 939 4097 quaedam
998 4021 1224 4097 orandi,
1280 4035 1382 4086 qua
1411 4019 1510 4097 ⁸ιιιί
1559 4021 1730 4097 possit

153 4089 523 4167 unusquisque
552 4089 771 4162 pauper,
800 4103 890 4167 aut
912 4089 1288 4167 inAallli‘ctio‘ne
1311 4091 1534 4167 positus,
1569 4093 1730 4152 immo

153 4161 380 4238 quilibet
415 4161 1022 4238 peccatorconscicntia
1053 4161 1358 4238 Stiinnlante
1400 4165 1622 4238 anxius,
1674 4170 1730 4216 et

155 4232 249 4293 lici
282 4232 478 4292 timore
502 4234 798 4304 perculsus,
826 4244 876 4288 et
909 4233 974 4286 ad
1008 4232 1441 4304 recuperandam
1470 4233 1588 4298 ejus
1609 4247 1732 4300 gra-

154 4311 283 4362 tiam
332 4317 386 4362 et
435 4302 928 4364 reconciliationem
971 4303 1248 4357 anhelans.
1297 4302 1444 4370 Quod
1495 4305 1732 4357 SBllSlrSO

157 4381 366 4435 videtur
394 4379 455 4434 B.
483 4377 860 4448 Hieronymus,
883 4375 1010 4429 dum
1035 4375 1085 4428 in
1112 4374 1514 4448 Commentario
1545 4375 1733 4448 scribit

158 4450 477 4518 Prophetam
513 4450 655 4517 loqui
687 4443 738 4500 in
789 4461 1017 4515 persona
1050 4446 1383 4518 peccatoris._
1407 4443 1540 4518 Vere
1586 4446 1729 4498 enim

159 4514 328 4579 nullus
351 4532 431 4576 est
462 4514 750 4590 pauperior
777 4514 828 4590 et
866 4517 1113 4590 miserior
1143 4531 1208 4568 eo
1240 4515 1330 4590 qui
1371 4514 1573 4582 indiget
1602 4530 1728 4583 gra-

160 4595 224 4647 tia
257 4593 367 4647 Dei.
400 4586 581 4647 unde
605 4597 659 4643 et
705 4588 942 4642 Ecclesia
976 4586 1115 4640 hunc
1162 4587 1422 4655 psalmum
1483 4597 1730 4640 numerat

161 4665 296 4718 inter
319 4675 520 4730 septem
552 4657 1225 4730 psalmos,paenitentiales.

231 4734 255 4770 δ
286 4726 444 4787 Juv—at
467 4726 741 4784 hic'eaiam
777 4729 1004 4784 Joannis
1031 4730 1249 4782 (llimsci
1280 4726 1631 4782 saluberrima
1674 4736 1732 4783 et

163 4805 283 4858 huic
315 4803 438 4856 loco
458 4809 817 4854 consentanea
850 4800 1122 4854 ascribere
1154 4801 1352 4852 monita
1398 4817 1408 4852 :
1455 4797 1728 4852 Nonnum-

165 4892 330 4940 quam,
352 4875 424 4926 ait
441 4870 639 4938 (Gradu
658 4873 732 4937 ἲ),
751 4871 1300 4938 lurtuiquisecundimt
1319 4869 1477 4922 Deum
1501 4880 1571 4922 est
1591 4913 1603 4932 ,
1619 4870 1730 4924 ina-

163 4948 237 4997 nis
268 4946 447 5014 gloria:
471 4945 740 4996 miscentur
764 4942 978 5014 ing-rata:
1006 4943 1266 5014 lucrgmn'.
1301 4941 1448 5005 Quod
1476 4940 1733 5014 tunc/teri

166 5016 241 5084 pie
255 5011 296 5067 et
311 5017 589 5084 prudenter
601 5012 1071 5084 animadvertimus,
1088 5028 1207 5084 cum
1222 5013 1390 5078 lugere
1403 5011 1736 5073 nosmetipsos

167 5083 208 5138 et
229 5096 389 5138 tamen
419 5085 699 5156 malignari
729 5083 1022 5156 viderimus.
1060 5083 1395 5156 Compunctio
1426 5084 1635 5156 proprie
1665 5090 1737 5135 est

168 5157 316 5208 animi
343 5156 516 5220 dolor,
550 5152 701 5208 'omni
727 5155 948 5207 elatione
977 5169 1176 5216 carens,
1211 5169 1298 5205 nec
1322 5152 1478 5204 ullam
1507 5153 1600 5203 sibi
1622 5167 1735 5206 0m-

167 5229 280 5280 nino
315 5227 718 5292 consolationem
747 5223 1042 5296 indulgens,
1073 5224 1151 5277 sol
1171 5240 1336 5296 inique
1375 5224 1736 5296 resolutionem

168 5315 302 5352 suum
325 5300 465 5351 horis
510 5293 1038 5366 singulis-incdiians,
1077 5293 1572 5366 ronsolutionemquc
1615 5293 1734 5359 Dei,

169 5385 260 5438 qua
292 5369 509 5436 humiles
541 5363 818 5438 monac/tos
856 5365 1023 5438 visi:at
1043 5407 1056 5425 ,
1079 5376 1131 5416 ut
1154 5381 1341 5438 aquam
1369 5365 1612 5438 frigidam
1647 5380 1738 5438 είς.

167 5433 406 5506 spectans.
439 5439 652 5506 Quoties
683 5437 735 5494 in
757 5433 837 5487 Itis
862 5435 950 5504 qui
971 5437 1243 5506 secundum
1281 5433 1441 5506 Deum
1465 5435 1638 5503 lugere
1669 5435 1743 5490 vi-

167 5459 190 5495 ε
225 5459 406 5495 ectans.
439 5459 652 5506 Quoties
683 5459 735 5494 ιιι
757 5459 837 5487 [ιιι
862 5459 948 5504 qut
971 5459 1243 5488 art'uuuttm
1281 5459 1441 5488 ucutu
1465 5459 1638 5503 iugere
1669 5459 1741 5490 vs-

166 5459 336 5568 rfentur
365 5511 661 5580 superbiam
683 5515 772 5562 aut
798 5508 930 5559 iram
956 5505 1371 5572 deprehenderis,
1401 5503 1484 5580 lto:
1501 5506 1741 5580 unrscito

167 5576 545 5646 lacrymas'non
597 5595 661 5636 ea:
710 5581 782 5632 eis
830 5592 936 5632 esse
982 5594 1106 5646 quas
1150 5578 1477 5646 compuuctio
1524 5576 1742 5646 salubris

167 5602 264 5638 tacr
301 5602 410 5640 mas
439 5602 545 5638 ιιοη
597 5602 661 5636 επ
710 5602 782 5632 ets
830 5602 936 5632 cut:
982 5602 1106 5646 quas
1150 5602 1477 5642 curupuuutu
1524 5602 1742 5646 εαιιιυηρ

167 5602 300 5716 αἰείῖ
334 5655 470 5722 Quae
512 5652 646 5706 cnim
671 5650 914 5710 societas,
944 5647 1128 5716 inquit,
1162 5637 1289 5699 lucis
1314 5645 1380 5698 ad
1409 5647 1637 5701 tenebras
1676 5646 1743 5719 (ll

1757 4489 1810 4548 D

1830 3187 2016 3240 gnere;
2038 3186 2101 3222 ea
2142 3185 2259 3223 vero
2285 3185 2400 3234 quae
2437 3169 2712 3224 laudabilis
2740 3169 2784 3226 et
2813 3176 3026 3239 probata
3049 3188 3152 3241 est,
3186 3169 3422 3232 consola-

1831 3243 2040 3315 tionem.
2094 3240 2240 3315 Sicut
2280 3242 2414 3309 ignis
2455 3243 2706 3313 stipulam
2733 3247 3023 3308 inﬂammat
3057 3258 3104 3302 et
3133 3240 3420 3315 consumit,

1828 3313 1900 3365 ita
1925 3324 2078 3366 castae
2099 3311 2342 3381 lacrgmaz
2363 3311 2538 3367 sordes
2560 3331 2737 3368 onmes
2759 3328 2805 3372 et
2832 3319 3051 3372 visibiles
3074 3330 3119 3372 et
3141 3311 3421 3378 invisibiles

1830 3394 2153 3436 consumunt.
2200 3383 2862 3460 Lacrymurumirationem
2913 3389 3146 3460 plerique
3199 3392 3421 3448 Patrum

1831 3471 1931 3528 non
1965 3464 2235 3528 patere,_et
2262 3471 2371 3508 esse
2397 3455 2848 3528 obscurissimam,
2880 3455 3031 3528 atque
3059 3455 3136 3514 nd
3162 3464 3422 3518 invenien-

1830 3527 1956 3603 dum
2004 3526 2358 3603 difﬁcillimam
2394 3525 2695 3603 definiunt,
2723 3529 2876 3594 idque
2907 3525 2960 3584 in
2990 3532 3069 3584 liis
3097 3536 3420 3603 potissimum

1829 3597 2098 3667 quirudes
2121 3596 2435 3650 imbuuntur.
2454 3596 2538 3650 Ea:
2553 3601 2723 3650 multis
2749 3615 2966 3667 namque
2987 3617 3074 3654 eas
3094 3596 3140 3654 et
3159 3606 3313 3656 variis
3334 3621 3421 3657 oe-

1831 3666 2290 3740 cqsionibusgigni
2309 3705 2322 3727 ,
2349 3676 2473 3730 puta
2496 3681 2566 3740 etc
2585 3680 2804 3740 natura,
2823 3666 2889 3721 ea:
2911 3669 3037 3736 Deo,
3063 3687 3125 3724 ea:
3147 3673 3421 3740 afﬂictione

1830 3735 2174 3809 vituperabili,
2206 3737 2426 3809 itemque
2443 3751 2519 3809 ea:
2548 3736 2826 3804 laudabili,
2859 3755 2924 3793 ea:
2953 3741 3095 3792 inani
3125 3735 3323 3809 gloria,
3356 3759 3421 3797 ea:

1831 3805 2176 3882 fornicatione
2208 3814 2255 3857 et
2279 3805 2582 3882 dilectione,
2615 3823 2682 3882 ea."
2708 3810 2886 3882 mortis
2908 3805 3177 3874 memoria,
3200 3805 3420 3882 aliisque

1831 3873 2090 3948 plurimis.
2132 3873 2316 3948 Verum
2359 3875 2592 3948 omnibus
2626 3875 2707 3931 his
2753 3878 3102 3948 lucrymarum
3143 3883 3309 3936 modis
3331 3873 3422 3938 'di-

1832 3949 1949 4020 vino
1977 3946 2159 4020 timore
2184 3946 2426 4020 discussis
2471 3948 2788 4020 etcognitis,
2815 3946 2880 4002 eri
2899 3951 3018 4020 jugi
3055 3963 3244 4006 nostra:
3280 3970 3421 4008 reso-

1832 4015 2048 4092 lutionis
2080 4018 2327 4092 memoria
2357 4015 2725 4092 munitissimus
2759 4029 2809 4074 et
2843 4015 2913 4074 ali
2933 4015 3071 4074 omni
3101 4026 3304 4092 fraudis
3334 4042 3423 4080 su-

1833 4088 2056 4211 Wicione
2083 4089 2279 4144 alienas
2307 4087 2562 4157 lacrgmas
2597 4091 2739 4144 nobis
2769 4107 3064 4158 comparere
3091 4087 3416 4154 studeamus.

1894 4175 2023 4211 caue
2071 4162 2208 4211 enim
2253 4170 2324 4211 est
2350 4161 2401 4211 in
2431 4161 2504 4211 eis
2531 4161 2763 4211 elationis
2792 4163 2992 4211 [artium
3020 4166 3246 4211 susuicin
3267 4207 3278 4211 _
3329 4169 3416 4211 ml

1894 4175 2023 4232 eque
2071 4162 2208 4213 enim
2253 4170 2324 4212 est
2350 4161 2401 4212 in
2431 4161 2504 4213 eis
2531 4161 2763 4216 elationis
2789 4163 2992 4232 furtiva:
3020 4166 3246 4230 suspicio
3265 4207 3280 4232 ,
3329 4169 3422 4224 sed

1834 4230 2133 4308 emundatio
2172 4247 2358 4308 magna
2378 4272 2392 4295 ,
2445 4230 2803 4308 profectusque
2831 4235 3099 4308 charitatis
3129 4237 3182 4290 in
3214 4230 3375 4294 Deum
3401 4285 3417 4308 ,

1834 4303 2129 4379 peccatique
2158 4301 2386 4379 abolitio,
2419 4311 2465 4356 et
2497 4301 2907 4379 candidissima,
2947 4315 3004 4379 et
3035 4307 3096 4360 ab
3129 4310 3269 4362 omni
3306 4301 3421 4379 per;

1837 4371 2185 4448 turbationum
2208 4373 2421 4444 strepitu
2448 4384 2640 4427 remota
2663 4392 2723 4428 ac
2748 4377 3042 4448 felicissima
3063 4382 3282 4448 requies.
3306 4371 3422 4438 'Eos

1834 4459 1956 4519 sane
1975 4445 2061 4512 qui
2090 4444 2296 4519 lugent,
2317 4460 2703 4519 nonnumquam
2731 4444 2794 4499 ab
2822 4449 3025 4516 Optimis
3063 4444 3305 4519 lacrgmis
3341 4455 3424 4504 in-

1837 4513 2070 4578 cltoasse,
2103 4525 2148 4569 et
2177 4520 2231 4566 in
2263 4514 2534 4569 deteriores
2563 4517 2810 4582 desinere,
2856 4513 2944 4572 nec
2975 4513 3195 4581 novum:
3212 4537 3304 4572 nec
3325 4523 3423 4575 mis

1838 4600 1952 4636 rum
1991 4595 2098 4648 est;
2145 4586 2236 4638 sed
2277 4602 2307 4637 α
2362 4588 2634 4640 contrariis
2681 4591 2947 4642 autetiam
2996 4590 3321 4644 naturalibus
3362 4595 3416 4647 ἔτι

1839 4656 2134 4730 spirituales
2163 4658 2434 4730 transferri
2455 4657 2727 4730 lacrumas,
2755 4670 2802 4713 et
2824 4661 3084 4730 singulare
3110 4673 3205 4727 est,
3237 4670 3279 4716 et
3307 4664 3422 4716 latt-

1841 4725 2186 4802 dibusrevera
2215 4725 2596 4802 dignissimum.
2637 4727 2753 4802 Hoc
2797 4725 2967 4784 autem
2997 4725 3257 4802 problema
3304 4750 3418 4788 nta-

1841 4796 2077 4876 nifestius
2102 4808 2369 4876 noverunt,
2399 4799 2489 4867 qui
2515 4801 2650 4876 circa
2679 4800 2883 4854 inanem
2901 4796 3128 4876 gloriam
3153 4807 3422 4876 proniores

1839 4876 1974 4948 sunt.
2010 4867 2060 4919 N
2067 4866 2160 4948 eli,
2182 4866 2462 4948 antequam
2474 4871 2692 4948 perfecte
2722 4866 3041 4948 emundaris,
3061 4866 3419 4948 lacrymarum

1843 4947 2046 4989 tuarum
2072 4938 2318 5015 imbribus
2345 4940 2566 5016 credere.
2603 4939 2785 5010 Neque
2819 4944 2952 4996 enim
2983 4945 3131 5016 liabet
3158 4938 3310 5016 fidem
3350 4950 3421 4999 vi~

1840 5024 1960 5086 num
1989 5011 2163 5062 statim
2193 5025 2218 5061 e
2257 5009 2601 5064 torcularibus
2626 5009 2945 5086 expressum.
2982 5009 3172 5069 Omnes
3215 5019 3419 5086 quidem

1839 5077 2096 5156 lacrymas
2126 5087 2324 5156 uestras
2342 5119 2357 5143 ,
2389 5099 2411 5150 (ι
2424 5096 2516 5134 uas
2544 5077 2825 5137 secundum
2847 5083 3010 5138 Deum
3033 5077 3419 5156 profundimus,

1840 5165 1945 5202 esse
1977 5151 2357 5227 nt_irun_t__utiles
2389 5168 2535 5205 nemo
2562 5165 2637 5227 est
2671 5155 2756 5223 qui
2812 5151 3138 5227 refrageturf
3174 5151 3419 5222 Quaenam

1840 5235 1957 5273 vere
1987 5223 2051 5274 sit
2083 5220 2280 5298 utilitas
2307 5237 2501 5288 earum,
2528 5226 2606 5298 in
2631 5220 2854 5293 tempore
2870 5220 3071 5280 'noitrce
3099 5220 3420 5298 migrationis

1842 5307 2194 5366 agnoscentus.
2228 5293 2496 5366 Hactenus
2524 5293 2616 5351 ille
2641 5299 2921 5366 patiunda:
2942 5293 3229 5354 admodum
3259 5309 3312 5355 et
3335 5315 3418 5356 re-

1844 5363 2071 5416 condita?
2103 5363 2362 5417 doctrinae
2393 5366 2494 5418 vir.

1919 5443 1942 5472 ο
1983 5433 2151 5489 Docet
2179 5435 2230 5490 id.
2252 5436 2464 5504 egregie
2515 5437 2817 5494 Ludovicus
2849 5439 3197 5496 Granalensis
3249 5443 3340 5499 lib.
3384 5459 3419 5506 II

1845 5504 1914 5581 de
1943 5506 2201 5562 Oratione
2237 5516 2290 5561 et
2327 5506 2690 5566 hic-dilatione.
2743 5511 2856 5566 lluc
2903 5512 3174 5579 pertinent.
3208 5531 3326 5581 quin
3357 5504 3420 5577 de

1846 5578 2199 5657 lacrymarum
2231 5585 2426 5657 gratia
2452 5596 2744 5657 earumque
2786 5578 3094 5648 sterilitate,
3149 5578 3270 5656 quae
3296 5588 3418 5657 viris

1848 5655 2210 5716 spirituabtms
2237 5670 2275 5705 s-
2306 5655 2370 5706 bis
2399 5654 2461 5707 do
2487 5654 2802 5726 contingere
2845 5657 3003 5723 solet,
3055 5654 3241 5722 scribit
3264 5654 3417 5715 δοθιιέ
