4054 6186
602 325 705 386 8η
1662 316 1938 381 JOANNIS
1977 318 2289 381 cassum
2328 310 2828 380 COLLATIONES.
3803 318 3904 383 sos;

550 448 741 543 3fusio
783 445 1171 517 lacrymarum,
1220 457 1318 497 nec
1358 441 1642 496 exterioris
1681 440 1913 496 hominis
1971 442 2380 513 magno-Ajus
2408 442 2518 497 veri
2571 442 2789 497 luminis
2836 442 3117 497 abstrabas
3164 442 3459 513 claritate?
3508 442 3679 512 Cujus
3744 445 3903 498 etiam

513 592 525 605 ,
554 530 577 603 ἶ
604 554 732 607 pere
798 536 1080 591 allectandi
1154 542 1280 588 sunt
1332 534 1520 598 fletus,
1575 534 1663 603 qui
1709 535 1918 588 etiamsi
2002 534 2199 589 fuerint
2305 535 2422 590 haec
2444 550 2654 605 quoque
2683 544 2767 589 est
2789 550 2951 604 super
2976 536 3234 590 orationis
3269 537 3375 592 fine
3405 536 3645 592 cmlestis
3668 549 3725 591 et
3757 538 3899 607 plus-

516 606 569 687 -ιῘ
606 606 895 698 utcumque
930 626 1205 699 producti,
1261 640 1551 696 numquam
1602 627 1908 695 pertingere
1957 625 2022 680 ad
2051 625 2197 680 illam
2302 644 2463 699 quam
2516 630 2751 683 humana
2794 630 3107 686 sententia:
3156 628 3273 683 Non
3320 640 3424 697 est,
3478 630 3689 699 inquit,
3722 630 3751 668 δ
3787 647 3902 700 per-

604 732 1023 790 spontanearum
1079 719 1435 789 lacrymarum
1464 725 1715 787 poterunt
1747 718 2067 773 ubertatem.
2096 719 2202 771 Ma-

608 814 689 881 gis
716 812 857 865 enim
880 809 1231 878 supplicantis
1274 808 1509 861 animum
1543 808 1654 862 suis
1699 809 1978 863 conatibus
2000 809 2199 863 distra-

608 903 801 955 licntes
830 899 1185 954 bumiliabunt
1207 939 1222 963 ,
1252 908 1411 968 atque
1454 899 1523 953 ad
1553 900 1656 953 ima
1680 901 2026 970 demergent,
2057 912 2110 957 et
2135 902 2203 957 ab

608 994 698 1046 illa
755 990 963 1045 ctelesti
1020 988 1347 1044 sublimitate
1396 988 1697 1058 deponent,
1748 990 1803 1043 in
1849 1006 1949 1059 qua
1978 992 2202 1045 attonita

607 1101 761 1140 mens
791 1085 993 1139 orantis
1017 1083 1468 1138 iudeclinabiliter
1493 1084 1790 1139 debetesse
1819 1084 1995 1139 deﬁxa
2014 1126 2027 1151 ,
2058 1101 2205 1138 eam-

610 1190 714 1244 que
766 1175 1090 1243 compellent
1133 1189 1351 1244 precum
1407 1189 1627 1229 suarum
1672 1174 1968 1229 intentione
2028 1175 2202 1229 laxata

611 1282 739 1336 erga
788 1266 1004 1321 steriles
1058 1275 1111 1321 et
1166 1266 1444 1321 coactitias
1525 1266 1885 1337 lacrymarum
1975 1267 2207 1337 guttulas

616 1366 901 1429 aegrotare.

1189 1448 1414 1504 CAPUT
1444 1448 1636 1503 XXXI.

648 1544 653 1549 ’
720 1541 983 1596 Sententia
1014 1540 1208 1593 abbatis
1241 1541 1450 1593 Antonii
1474 1557 1626 1607 super
1657 1542 1905 1593 orationis
1931 1550 2092 1594 statu.

690 1634 758 1688 Et
816 1644 870 1687 ut
914 1631 1175 1686 orationis
1229 1646 1368 1686 vera:
1418 1632 1722 1700 percipiatis
1749 1633 2033 1699 allectum,
2102 1648 2207 1687 non

617 1743 792 1783 meam
822 1727 1003 1790 vobis,
1046 1726 1139 1778 sed
1171 1734 1194 1760 τι
1228 1725 1366 1779 beati
1419 1725 1635 1778 Antonii
1662 1728 1985 1780 sententiam
2030 1725 2211 1795 profe-

618 1835 731 1895 ram
750 1835 764 1883 ;
781 1834 938 1887 quem
960 1820 1027 1871 ita
1044 1832 1444 1885 nonnumquam
1469 1817 1521 1870 in
1544 1819 1788 1873 oratione
1816 1820 2062 1873 novimus
2086 1834 2208 1888 per-

618 1911 850 1974 stitisse,
893 1919 948 1963 ut
989 1909 1176 1964 eodem
1252 1908 1302 1961 in
1354 1922 1581 1962 excessu
1647 1909 1841 1963 utentis
1902 1911 2211 1977 frequenter

622 2014 812 2058 orante
835 2046 848 2069 ,
881 2017 1003 2057 cum
1056 2001 1187 2055 solis
1249 2010 1403 2055 ortus
1438 2001 1695 2069 cmpisset
1718 2000 1954 2067 infundi,
1984 2001 2217 2054 audieri-

621 2112 739 2150 mus
776 2110 897 2148 eum
931 2094 983 2147 in
1036 2092 1245 2146 fervore
1298 2091 1517 2159 spiritus
1564 2092 1994 2159 proclamantem
2030 2108 2043 2145 :
2076 2090 2213 2158 Quid

624 2202 709 2242 me
742 2186 991 2257 impedis,
1018 2184 1095 2239 sol
1116 2225 1131 2252 ,
1162 2183 1337 2254 quiad
1366 2182 1469 2238 hoc
1490 2183 1600 2253 jam
1626 2184 1809 2249 oriris,
1831 2191 1888 2237 ut
1909 2198 1995 2237 me
2022 2183 2090 2237 ab
2118 2183 2217 2236 bu-

2304 720 2444 775 fecta
2489 720 2663 774 oratio
2715 720 2768 774 in
2822 736 2923 789 qua
2978 735 3039 775 se
3096 720 3431 791 monachus,
3465 722 3550 777 vel
3579 722 3687 776 hoc
3733 724 3902 791 ipsum

2308 811 2451 881 quod
2484 820 2623 879 orat,
2675 812 2943 882 intelligit.
2978 812 3043 866 Et
3096 821 3154 866 ut
3182 828 3279 867 nos
3334 828 3549 882 quoque
3602 815 3902 870 secundum

2307 918 2612 958 mensuram
2645 904 2921 957 tenuitatis
2944 915 3144 958 nostrae
3174 904 3299 958 buic
3325 904 3655 958 admiranda:
3682 916 3903 960 sentem

2310 996 2397 1050 tite
2425 996 2825 1066 superadjiccre
2861 996 3063 1067 aliquid
3111 995 3406 1051 audeamus
3427 1039 3443 1062 ,
3476 998 3741 1051 orationis
3790 1012 3905 1067 qua

2309 1090 2591 1145 exauditur
2629 1106 2655 1142 a
2689 1090 2939 1160 Domino,
2972 1092 3025 1147 in
3055 1100 3313 1162 quantum
3342 1092 3549 1163 experti
3579 1106 3805 1165 sumus,
3836 1095 3909 1148 in-

2309 1182 2451 1238 dicia
2478 1180 2835 1253 proferemus.

2850 1296 3081 1353 CAPUT
3120 1296 3338 1353 XXX“.

2771 1411 2846 1467 De
2869 1414 3216 1467 exauditionis
3242 1414 3454 1469 indicio.

2384 1528 2518 1584 Cum
2546 1537 2763 1583 orantes
2813 1542 2910 1582 nos
2959 1527 3105 1581 nulla
3148 1527 3571 1595 interpellaverit
3607 1528 3908 1597 haesitatio,

2316 1630 2371 1676 et
2390 1621 2633 1676 fiduciam
2680 1620 2953 1689 petitionis
3024 1627 3223 1675 nostra:
3275 1620 3504 1689 quadam
3534 1619 3914 1689 desperatione

2326 1718 2582 1789 dejecerit
2602 1734 2615 1781 ;
2642 1717 2687 1771 si
2713 1714 3009 1770 obtinuisse
3041 1729 3138 1768 nos
3160 1714 3214 1768 in
3233 1713 3345 1782 ipsa
3365 1716 3628 1769 orationis
3646 1716 3913 1772 eﬂ’usione

2314 1810 2456 1881 quod
2483 1810 2754 1880 poscimus
2783 1807 3114 1863 senserimus
3139 1848 3153 1871 ,
3178 1816 3199 1844 ο
3234 1822 3340 1861 non
3364 1806 3698 1876 ambigamus
3720 1824 3912 1876 preces

2317 1911 2530 1956 nostras
2579 1900 2645 1954 ad
2701 1900 2866 1954 Deum
2931 1898 3225 1954 efficaciter
3273 1908 3603 1968 penetrasse.
3679 1901 3912 1957 Tantum

2317 1997 2460 2050 enim
2487 1994 2607 2063 quis
2630 1990 2874 2047 exaudiri
2899 1999 3060 2061 atque
3093 1991 3338 2045 obtinere
3380 1991 3709 2055 merebitur,
3736 2009 3914 2059 quan-

2318 2096 2429 2140 tum
2462 2085 2545 2139 vel
2576 2084 2765 2153 inspici
2797 2098 2857 2138 se
2881 2099 2908 2136 a
2938 2083 3048 2137 Deo
3087 2082 3172 2136 vel
3219 2082 3385 2136 Deum
3428 2083 3719 2138 crediderit
3746 2098 3911 2152 posse

2319 2190 2597 2251 praestare.
2642 2176 2669 2215 ἀ
2700 2177 3117 2233 lrretractabilis
3171 2192 3401 2247 namque
3432 2189 3516 2232 est
3557 2178 3763 2232 Domini
3802 2193 3912 2233 no-

1682 2317 1941 2373 ALARDI
1981 2309 2215 2371 GAZASI
2251 2312 2835 2370 COMMENTARIUS.

627 2430 722 2471 nes
745 2412 1011 2467 Climacus
1034 2411 1155 2465 loco
1183 2410 1350 2463 citato
1378 2455 1391 2475 ,
1424 2424 1519 2463 sua
1551 2418 1604 2463 et
1627 2408 1854 2461 aliorum
1879 2408 2208 2475 experientia

626 2455 882 2547 edoctus,
909 2494 963 2537 et
1003 2484 1055 2534 in
1109 2455 1411 2546 ltujusmodi
1456 2481 1614 2533 rebus
1674 2482 1916 2548 apprime
1942 2455 2208 2533 exercita-

630 2567 758 2615 tus.:
812 2552 1013 2613 Solent,
1073 2550 1403 2616 inquit,ipsa:
1458 2550 1698 2618 lacrymaz
1729 2550 1935 2603 leviores
1963 2552 2211 2618 quosdam

628 2619 1253 2690 nonnuntquamattoflere
1276 2620 1546 2688 :quocirca
1574 2620 1881 2688 quibusdam
1909 2621 2082 2672 divina
2106 2621 2213 2673 dis-

628 2695 926 2766 pensatione
951 2690 1346 2766 sub:rahmttur-;
1372 2700 1423 2741 ut
1451 2690 1571 2742 dum
1599 2690 1792 2766 seipsos
1822 2694 2045 2766 privatos
2075 2693 2213 2743 vide-

629 2762 733 2818 rint
772 2762 1054 2815 studiosius
1079 2776 1160 2813 eas
1191 2762 1531 2829 requirentes,
1568 2762 1776 2813 miseros
1819 2763 2014 2827 seipsos
2051 2778 2214 2831 agno-

628 2844 802 2899 scant,
854 2831 1249 2902 gemitibusque,
1294 2842 1631 2902 etintterore,
1680 2848 1739 2883 ac
1801 2832 1978 2885 dolore
2020 2833 2216 2896 animi,

632 2901 989 2975 profundoque
1016 2903 1238 2961 tristitia.
1275 2912 1319 2955 et
1350 2901 1666 2975 haesitatione
1696 2919 1748 2975 se
1776 2912 2035 2956 conteram
2060 2920 2078 2967 ,°
2107 2918 2219 2969 qua:

632 2972 803 3030 omnia
824 2976 1169 3044 lacrymarum
1196 2974 1325 3026 vices
1368 2972 1605 3043 supplere
1648 2973 1851 3038 solent,
1878 2983 1923 3025 et
1948 2975 1989 3027 si
2012 2976 2074 3026 ab
2094 2974 2219 3044 ipsis

631 3044 1053 3100 nimirumviliter
1073 3042 1569 3115 nihiliwstimeutur.
1607 3044 1930 3097 Inveniemus
1961 3042 2219 3097 nonnum-

633 3133 818 3184 quant,
847 3117 889 3168 si
919 3114 1237 3168 observemus
1291 3114 1613 3184 diligentius,
1655 3116 1933 3167 ridiculum
1977 3116 2221 3184 quiddam

633 3183 886 3241 diemones
912 3187 963 3238 in
992 3186 1135 3238 nobis
1166 3186 1356 3237 moliri.
1407 3183 1547 3236 Nam
1579 3201 1691 3237 cum
1721 3183 1994 3238 saturitate
2012 3185 2223 3238 distenti

635 3259 903 3327 fuerimus,
920 3265 1272 3325 compungunt
1293 3271 1419 3317 nos;
1441 3271 1645 3327 rursum
1668 3257 2220 3327 cumjejunaverimus,

634 3325 919 3393 abdurant;
948 3336 1000 3379 ut
1028 3328 1219 3379 seducti
1252 3326 1494 3393 lacrymis
1512 3369 1525 3391 ,
1569 3327 1767 3393 parenti
1792 3325 1803 3327 “
1825 3328 2061 3379 vitiorum
2092 3325 2225 3395 gula:

636 3417 700 3452 ac
731 3399 927 3453 deliciis
958 3414 1049 3450 nos
1080 3398 1219 3467 ipsos
1246 3412 1582 3466 exponamus.
1644 3396 1838 3460 Quibus
1867 3396 2223 3468 obtemperan-

633 3472 755 3524 dum
781 3487 882 3523 non
904 3479 1005 3532 est,
1038 3466 1126 3520 sed
1148 3469 1355 3519 omnino
1376 3475 1552 3518 contra
1595 3468 1909 3536 faciendum.
1970 3466 2225 3536 Equidem

634 3543 797 3613 ipsam
828 3538 1235 3613 compunctiouis
1274 3538 1375 3588 vim
1406 3538 1733 3613 considerans
1762 3549 1937 3609 stupeo
1958 3553 2225 3613 ,_quonam

634 3608 785 3664 modo
811 3627 869 3662 ea
889 3652 902 3672 ,
926 3624 1040 3680 qua:
1071 3609 1239 3660 luctus
1284 3616 1335 3660 et
1370 3624 1565 3680 ‘rnteror
1597 3608 1823 3680 dicitur,
1854 3611 2098 3677 gaudium
2144 3610 2226 3660 in-

637 3686 882 3734 trinsecus
902 3678 948 3733 et
991 3680 1253 3743 lwtitiam,
1300 3678 1453 3731 veluti
1507 3678 1605 3732 mel
1653 3688 1701 3732 et
1752 3684 1955 3749 favum,
2005 3687 2227 3733 comesta

638 3754 912 3822 possideat.
966 3751 1103 3822 Quid
1133 3750 1292 3822 igitur
1321 3764 1383 3822 ea:
1405 3750 1501 3822 ltoc
1531 3750 1672 3803 nobis
1705 3751 1977 3804 inuuitur?
1998 3750 2065 3803 Id
2105 3766 2226 3817 pro-

638 3819 793 3889 fecto,
837 3821 975 3891 quod
1020 3822 1226 3893 proprie
1257 3819 1369 3893 Dei
1398 3820 1615 3893 donans
1642 3822 1935 3893 ltujusmodi
1979 3837 2225 3893 compun-

638 3895 737 3945 ctio
766 3890 873 3945 esse
901 3908 995 3961 pro
1022 3891 1254 3959 confesso
1281 3890 1549 3943 habeatur.
1580 3890 1719 3945 llaec
1750 3893 1858 3946 ille.

709 3972 735 3998 ι
776 3964 901 4016 llmc
930 3963 1196 4015 sententia
1244 3976 1348 4014 non
1383 3961 1577 4028 legitur
1621 3963 1671 4013 in
1726 3962 1841 4015 Vita
1894 3962 1951 4016 S.
2004 3965 2223 4019 Antonii

637 4033 704 4087 ab
729 4034 1024 4086 Athanasio
1052 4032 1357 4098 conscripta
1382 4071 1398 4096 ,
1421 4034 1559 4084 sicut
1584 4046 1681 4085 nec
1713 4034 1876 4086 altera
1900 4049 2018 4099 qua:
2049 4036 2223 4089 eidem

638 4106 981 4174 postmodum
1010 4104 1303 4174 ascribitur
1327 4117 1340 4153 :
1374 4101 1517 4169 quod
1549 4118 1651 4154 non
1673 4104 1827 4174 valde
1857 4104 2073 4167 mirum,
2102 4120 2223 4159 cum

636 4172 771 4227 Satis
810 4182 1019 4227 constet
1052 4172 1402 4224 Athanasium
1467 4187 1571 4224 non
1605 4172 1781 4225 omnia
1830 4174 2046 4227 Antonii
2089 4178 2224 4231 facta

638 4245 848 4296 dictave
881 4243 1098 4307 scriptis
1128 4241 1434 4304 mandasse,
1480 4241 1572 4294 sed
1603 4245 1765 4294 multa
1791 4244 2219 4311 printermisisse.

638 4311 910 4379 Siquidem
952 4313 1017 4364 de
1070 4311 1285 4364 Antonii
1344 4327 1791 4383 congressucum
1834 4314 1997 4367 Paulo
2054 4318 2224 4383 primo

637 4384 896 4454 eremita,
939 4396 1098 4454 quem
1148 4393 1327 4434 narrat
1381 4381 1488 4454 div.
1545 4382 1901 4454 Hieronymus
1958 4381 2065 4453 (In
2108 4386 2224 4441 Vita

638 4450 1141 4521 PautiEremitw),
1173 4466 1240 4505 ne
1292 4452 1512 4506 verbum
1560 4450 1775 4521 quidem
1838 4450 2227 4512 fecit'Athana-

636 4524 748 4597 sius
790 4540 804 4576 :
867 4522 1117 4597 nimirum
1169 4524 1340 4597 quod,
1381 4522 1588 4597 eodem
1642 4526 1975 4597 Hieronymo
2050 4540 2221 4596 teste,

2399 2416 2420 2443 ο
2447 2404 2592 2459 Idem
2624 2405 2861 2471 apertius
2890 2402 3023 2456 dicit
3051 2401 3187 2456 infra
3219 2400 3372 2469 (Cap.
3399 2402 3493 2471 δι)
3526 2420 3539 2455 :
3573 2402 3678 2457 Pro
3696 2416 3831 2457 certo
3858 2423 3911 2459 se

2320 2493 2424 2529 non
2459 2475 2838 2529 exaudiendum
2869 2474 3081 2543 quisque
3109 2490 3210 2525 non
3246 2475 3471 2537 dubitet,
3518 2490 3630 2525 eum
3681 2491 3737 2527 se
3760 2477 3913 2528 dubi-

2322 2548 2501 2601 taverit
2518 2546 2778 2599 exaudiri.
2808 2544 2872 2599 Ut
2894 2554 3071 2597 autem
3104 2544 3214 2597 haec
3236 2560 3366 2598 sane
3389 2543 3763 2611 intelligantur,
3793 2548 3914 2600 duo

2320 2631 2445 2672 sunt
2480 2618 2732 2671 notanda.
2770 2616 2950 2668 Primo
2982 2631 3085 2668 non
3114 2615 3311 2681 requiri
3342 2618 3388 2668 in
3430 2615 3666 2668 oratione
3690 2614 3861 2669 fidem
3894 2659 3910 2681 ,

2322 2697 2413 2741 aut
2435 2697 2636 2743 certam
2672 2688 3104 2755 persuasionem,
3131 2701 3231 2755 qua
3262 2686 3537 2740 credamus
3566 2699 3665 2738 nos
3727 2685 3908 2755 impe-

2324 2768 2497 2813 tras~e
2524 2800 2538 2823 ,
2571 2774 2665 2811 seu
2696 2758 3079 2823 impetraturos
3110 2772 3264 2820 esse,
3310 2757 3452 2826 quod
3498 2758 3757 2825 petimus;
3810 2757 3907 2811 sed

2322 2831 2497 2883 solum
2549 2840 2606 2883 ut
2653 2830 2935 2882 credamus
2967 2828 3129 2881 Deum
3175 2842 3293 2881 esse
3326 2827 3783 2894 potentissimum,
3825 2843 3907 2881 sa-

2324 2900 2737 2969 pientissimum,
2755 2899 3218 2967 benignissimum,
3236 2899 3635 2961 fidelissimum;
3659 2911 3709 2950 et
3730 2899 3906 2966 proin-

2326 2971 2391 3025 de
2425 2986 2612 3041 pOSsc,
2638 2970 2808 3034 scire,
2839 2978 2999 3037 atque
3028 2971 3191 3041 etiam
3222 2970 3364 3041 velle
3396 2970 3573 3023 facere
3604 2971 3748 3038 quod
3779 2969 3908 3037 peti-

2331 3038 2481 3108 ntus,
2515 3043 2557 3094 si
2616 3041 2757 3094 bene
2813 3050 3073 3107 petamus.
3103 3038 3253 3106 Quod
3282 3040 3423 3093 enim
3468 3056 3577 3093 non
3611 3040 3907 3108 requiratur

2328 3120 2385 3164 ut
2411 3122 2558 3166 certo
2583 3112 2864 3166 credamus
2890 3126 2987 3164 nos
3005 3125 3032 3162 a
3058 3110 3170 3163 Deo
3191 3111 3457 3175 exaudiri,
3488 3110 3772 3165 manifeste
3797 3112 3906 3165 col-

2331 3182 2511 3252 ligitur
2540 3198 2605 3237 ex
2640 3181 2881 3252 oratione
2911 3180 3156 3243 Davitlis,
3187 3197 3345 3250 quam
3381 3181 3506 3235 fecit
3554 3197 3650 3249 pro
3683 3182 3789 3233 lilio
3814 3197 3907 3234 suo

2253 3232 2297 3294 C
2330 3232 2511 3321 ι’ἳιὲέέ.
2539 3232 2688 3307 iiii.
2708 3232 2847 3305 usis
2862 3232 2983 3305 ‘nsn’
3003 3232 3156 3307 sent;
3189 3232 3577 3306 ἐτὲείιῖάὶἐξὲςὲ
3590 3232 3905 3306 “exsatiati;

2330 3324 2391 3376 iri
2418 3364 2431 3387 ,
2464 3333 2728 3376 testantur
2758 3322 2844 3374 illa
2876 3322 2991 3388 ejus
3044 3324 3201 3376 verba
3235 3341 3247 3373 :
3281 3323 3408 3389 Quis
3430 3324 3562 3387 scit,
3593 3326 3637 3375 si
3661 3325 3793 3391 forte
3818 3326 3907 3377 do—

2329 3393 2683 3447 netcumntihi
2712 3392 3003 3446 Dominus?
3032 3392 3138 3447 Sed
3167 3404 3219 3445 et
3245 3394 3533 3463 Apostolus
3562 3411 3679 3446 cum
3709 3404 3907 3456 oraret,

2330 3476 2387 3517 ut
2416 3465 2718 3519 auferretur
2742 3480 2769 3516 a
2786 3479 2853 3535 se
2871 3464 3119 3517 stimulus
3138 3462 3313 3517 carnis
3337 3466 3381 3535 (ι
3400 3462 3519 3519 Cor.
3546 3467 3667 3534 xu),
3699 3466 3913 3533 procul-

2331 3535 2494 3589 dulilo
2524 3550 2590 3589 ex
2616 3550 2743 3589 vera
2773 3534 2878 3588 fide
2906 3535 3121 3599 orabat;
3145 3546 3196 3589 et
3229 3546 3405 3589 tamen
3436 3550 3540 3588 non
3569 3535 3823 3591 credebat
3852 3550 3912 3590 se

2330 3618 2478 3660 certo
2528 3607 2935 3675 impetraturum
2960 3623 2971 3657 :
3005 3606 3202 3674 alioqui
3231 3608 3360 3659 falsa
3390 3606 3577 3660 fuisset
3604 3607 3715 3675 ejus
3740 3606 3912 3671 ﬁdes,

2329 3676 2763 3745 quandoquidem
2798 3692 2901 3729 non
2928 3676 3226 3744 impetrarit
3254 3678 3393 3745 qttod
3431 3678 3670 3745 petebat,
3698 3678 3913 3732 dicente

2330 3746 2560 3802 Domino
2588 3765 2600 3799 :
2632 3747 2831 3818 SltﬁiCil
2865 3747 2952 3799 tibi
2976 3748 3141 3816 gratia
3173 3763 3303 3799 mea.
3355 3748 3538 3817 Neque
3565 3764 3623 3802 ea
3657 3747 3753 3801 fide
3797 3757 3917 3802 orat

2328 3819 2569 3873 Ecclesia
2598 3820 2844 3889 universa
2892 3831 2990 3886 pro
3044 3818 3348 3872 infidelibus
3401 3830 3453 3873 et
3499 3818 3868 3889 peccatoribus
3898 3864 3913 3886 ,

2330 3900 2387 3943 ut
2413 3890 2477 3943 ad
2512 3891 2666 3943 fidem
2694 3899 2747 3943 et
2767 3888 3024 3955 jttStitiatn
3068 3889 3419 3942 adducantur.
3450 3888 3564 3943 Neu
3595 3891 3729 3943 enim
3759 3901 3917 3943 certo

2329 3961 2501 4015 credit
2530 3975 2719 4013 omnes
2744 3958 3009 4021 infideles,
3042 3970 3092 4009 et
3118 3972 3426 4027 peccatores
3451 3976 3569 4015 esse
3592 3971 3919 4015 Converten-

2328 4031 2448 4085 dos.
2480 4033 2727 4086 Secundo
2781 4032 3104 4081 notandum:
3153 4030 3409 4094 Quamvis
3462 4048 3566 4085 non
3615 4031 3920 4099 requiratur

2328 4100 2460 4155 fides
2491 4118 2593 4170 qua
2624 4111 2775 4155 certo
2803 4100 3088 4153 credamus
3111 4116 3207 4153 nos
3238 4119 3263 4149 a
3287 4102 3395 4154 Deo
3423 4102 3691 4160 exaudiri.
3724 4105 3921 4169 requi-

2329 4174 2658 4226 ritnrtamen
2690 4172 2879 4225 fiducia
2904 4186 3005 4238 qua
3035 4183 3183 4224 certo
3212 4180 3267 4225 et
3296 4174 3647 4227 indubtanter
3670 4174 3920 4227 confida-

2328 4259 2446 4296 mus
2477 4244 2640 4297 Deum
2663 4259 2760 4314 pro
2792 4256 2884 4314 sua
2946 4242 3271 4309 benignitate
3320 4246 3577 4297 facturum
3604 4242 3743 4312 quod
3778 4248 3921 4309 peti-

2328 4328 2475 4377 mus,
2502 4316 2546 4368 si
2573 4317 2646 4367 ita
2667 4313 2926 4380 ’mtpediat
2953 4314 3017 4365 ad
3048 4314 3138 4365 Dei
3165 4315 3388 4382 gloriam
3417 4326 3468 4368 et
3500 4326 3733 4369 nostram
3764 4316 3922 4368 salu-

2330 4395 2458 4439 tem.
2496 4386 2641 4439 Hanc
2672 4386 2811 4439 enim
2854 4384 3213 4438 conditionem
3265 4386 3502 4453 quaesivit
3550 4385 3812 4439 Dominus
3862 4386 3923 4441 in

2329 4456 2656 4528 paralytico,
2688 4459 2771 4528 cui
2803 4454 2937 4528 dixit
2969 4471 2980 4528 ς
3017 4454 3257 4528 Conﬁdo,
3289 4454 3359 4524 ﬁli
3402 4496 3413 4517 ,
3456 4456 3789 4528 remittuntur
3821 4459 3924 4511 tibi

2328 4525 2533 4599 peccata
2556 4532 2666 4599 tuu(
2691 4525 2877 4580 Matth.
2906 4526 3004 4595 tx).
3040 4526 3295 4599 Eamdem
3346 4525 3563 4599 requirit
3611 4525 3921 4591 Apmtolus

636 4594 966 4677 Athanasius
997 4594 1166 4647 Vitam
1193 4594 1335 4677 illam
1366 4596 1605 4677 Antonii,
1639 4594 1957 4677 ipsoOadlutc
1989 4594 2219 4668 vivente,
2250 4616 2303 4677 ι)
2328 4594 2461 4654 Heb.
2495 4616 2532 4653 ιι
2562 4594 2924 4677 :_A'ccedantus
2968 4594 3089 4649 eum
3112 4597 3305 4677 fiducia
3346 4598 3408 4677 ad
3452 4596 3923 4677 tlironumuqra‘tii:

637 4666 1012 4733 descripserit,
1039 4679 1264 4734 eamque
1294 4666 1519 4718 Romam
1549 4666 1799 4723 detulerit
1822 4670 2066 4735 ,biennio
2101 4666 2225 4728 ante

637 4736 841 4790 obitum
876 4736 1113 4812 Antonii,
1135 4751 1317 4812 c‘uma
1340 4736 1482 4812 Julio
1508 4752 1640 4804 papa
1670 4754 1889 4795 vocatus
1917 4753 2061 4796 esset
2090 4758 2225 4812 :quo

636 4818 879 4875 tempore
905 4806 1031 4860 illud
1059 4806 1126 4859 de
1155 4806 1348 4870 Paulo,
1378 4808 1587 4878 aliaque
1611 4814 1827 4865 Antonii
1866 4824 2011 4878 gesta
2050 4806 2224 4867 dicta-

636 4893 739 4945 que
766 4878 1002 4931 uondum
1033 4878 1341 4932 acciderant
1369 4877 1561 4932 Baron.
1586 4893 1709 4934 tom.
1738 4883 1798 4935 Ill
1824 4877 2015 4935 Annal.
2046 4894 2224 4938 annot.

636 4947 788 5022 543).
822 4948 973 5022 Uu_de
1001 4958 1054 5001 et
1083 4949 1185 5001 alia
1217 4951 1379 5003 multa
1401 4950 1621 5022 Antonii
1640 4954 2092 5022 aponbthegmata
2115 4966 2225 5008 tum

638 5020 690 5073 itt
723 5022 853 5074 Vitis
886 5020 1124 5093 Patrum,
1161 5030 1269 5093 tum
1304 5020 1441 5090 apud
1478 5020 1769 5076 Palladium
1799 5035 1850 5077 et
1887 5020 2019 5078 alios
2046 5027 2230 5093 legun-

640 5100 725 5144 tur
750 5132 765 5156 ,
798 5107 917 5159 qua:
949 5091 1085 5157 apud
1138 5091 1486 5146 Athanasium
1520 5107 1629 5145 non
1659 5104 1888 5149 exstant.
1930 5096 2039 5149 Nec
2084 5091 2225 5150 cnim

638 5163 817 5215 Omnia
840 5162 903 5215 ad
933 5164 1049 5230 ejus
1105 5162 1347 5216 notitiam
1396 5169 1707 5231 pervenisse
1747 5167 2072 5221 credendum
2106 5177 2225 5232 est,

638 5233 799 5286 etiam
827 5233 999 5300 ipsius
1043 5242 1239 5299 aetate,
1290 5234 1372 5286 vel
1414 5243 1569 5299 ante,
1631 5245 1781 5304 gesta
1830 5237 2071 5299 dictave;
2129 5251 2229 5292 nec

638 5305 800 5426 Ftiam
833 5305 1044 5373 cognita
1076 5305 1261 5357 omnia
1291 5304 1361 5358 ab
1387 5304 1503 5373 ipso
1542 5309 1956 5362 commemorari
2005 5322 2229 5363 necesse

666 5384 763 5426 ult.

666 5384 763 5427 tttt.

710 5443 735 5481 δ
768 5444 868 5519 Eo
899 5445 1106 5499 scilicet
1138 5444 1506 5519 perfectionis
1555 5463 1753 5516 genere
1799 5459 1853 5505 et
1906 5448 2071 5519 gradu
2094 5488 2108 5513 ,
2140 5448 2229 5516 qui

636 5530 742 5590 non
771 5517 870 5568 nisi
901 5518 1254 5569 sanetrssimis
1297 5527 1348 5570 et
1370 5518 1809 5589 perfectissimis,
1843 5517 2017 5590 qualis
2061 5522 2226 5574 Auto-

636 5586 758 5637 nius
805 5626 821 5651 ,
848 5598 1138 5651 convenit;
1169 5602 1275 5655 quo
1305 5586 1424 5654 quis
1464 5590 1516 5643 iu
1559 5586 1807 5645 oratione
1830 5586 1906 5645 sic
1949 5592 2003 5645 in
2059 5592 2225 5646 Deum

638 5665 819 5732 tuente
850 5657 1072 5721 erigitur
1126 5666 1180 5732 et
1219 5659 1468 5725 (lt-figitur
1496 5703 1507 5720 ,
1540 5671 1597 5713 ul
1650 5662 1780 5715 nihil
1834 5663 1976 5715 aliud
2031 5672 2227 5732 praeter

639 5724 803 5777 Dunnt
836 5738 1062 5795 cogitet;
1096 5730 1183 5795 qui
1235 5724 1383 5782 certe
1442 5732 1868 5796 perfectissimus
1926 5742 2008 5792 est
2033 5724 2226 5791 orandi

638 5800 828 5849 modus
847 5836 861 5863 ,
882 5798 972 5851 sed
998 5798 1084 5866 qui
1114 5808 1274 5866 potest
1302 5817 1476 5871 capere
1501 5841 1512 5867 ,
1546 5802 1736 5873 capiat.

2332 4674 2461 4741 ejus.
2490 4670 2813 4741 Et_.|acobus
2840 4681 2959 4741 cap.
2992 4684 3007 4721 t
3052 4685 3062 4719 :
3111 4670 3342 4721 f’ostulet
3373 4670 3437 4741 in,
3464 4668 3590 4741 ﬁde,
3620 4667 3921 4741 “nihil/tie-

2332 4738 2514 4794 s'itans.
2558 4739 2623 4793 In
2650 4741 2772 4808 fide,
2806 4738 2855 4791 id
2888 4747 2970 4791 est
2990 4780 3004 4805 ,
3038 4755 3153 4791 cum
3179 4741 3369 4795 ﬁducia
3390 4739 3647 4790 obtinendi
3665 4740 3799 4807 quod
3824 4756 3913 4806 pe-

2333 4813 2487 4881 timus
2507 4852 2522 4876 ,
2551 4814 2625 4864 ait
2649 4820 2866 4881 sanctus
2892 4809 3123 4863 'Ihomas
3150 4809 3169 4881 (
3195 4810 3256 4862 In
3283 4809 3592 4877 Comment.)
3624 4808 3731 4881 Hac
3753 4809 3919 4881 igitur

2334 4880 2542 4937 ratione
2570 4883 2730 4936 docet
2773 4880 2859 4934 ltic
2911 4881 3077 4934 abbas
3129 4880 3335 4934 certum
3392 4880 3746 4933 exauditionis
3775 4880 3923 4933 indi-

2335 4951 2497 5015 cium,
2528 4955 2641 5006 sive
2667 4954 2876 5021 signum
2908 4952 3296 5020 impetrationis
3351 4965 3472 5004 esse
3496 4995 3510 5015 ,
3560 4967 3673 5004 cum
3711 4961 3921 5004 orantes

2335 5039 2427 5076 nos
2453 5025 2596 5075 nulla
2625 5020 3020 5089 interpellaverit
3044 5022 3335 5084 hwsitatio,
3368 5032 3412 5074 et
3440 5021 3685 5089 ﬁduciam
3715 5022 3921 5087 petitio-

2335 5095 2411 5148 nis
2450 5103 2638 5149 nostrw
2663 5095 2885 5161 qundam
2935 5094 3291 5161 desperatione
3333 5092 3608 5159 dejecerit;
3648 5091 3735 5143 sed
3774 5093 3919 5145 obti~

2332 5166 2504 5218 nuisse
2532 5182 2621 5217 nos
2641 5166 2703 5235 jn
2726 5166 2835 5235 ipsa
2894 5165 3137 5217 orationis
3181 5162 3431 5229 effusione
3476 5165 3614 5232 quod
3661 5162 3921 5231 poscimus

2331 5237 2670 5298 senserimus;
2706 5240 2805 5289 hoc
2828 5245 2930 5300 est,
2966 5249 3085 5286 cum
3122 5236 3173 5288 in
3217 5238 3329 5302 ipsa
3372 5237 3615 5287 oratione
3667 5248 3920 5301 magnam

2334 5306 2583 5359 fiduciam
2611 5308 2661 5358 in
2684 5307 2864 5359 animo
2913 5307 3242 5359 senserimus
3281 5304 3558 5358 obtinendi
3607 5303 3745 5369 quod
3778 5306 3918 5371 peti-

2334 5392 2472 5431 mus.
2508 5378 2647 5431 Deus
2674 5377 2815 5431 enim
2844 5391 2961 5429 cum
2988 5391 3092 5428 non
3117 5377 3368 5439 exaudit,
3402 5390 3505 5428 non
3541 5374 3766 5427 infundit
3820 5376 3917 5428 bu-

2328 5448 2566 5518 jusmodi
2594 5449 2873 5512 fiduciam;
2899 5463 3019 5500 cum
3040 5462 3170 5501 vero
3192 5446 3455 5518 exaudire
3471 5446 3747 5518 decernit,
3779 5442 3921 5518 fidu-

2335 5515 2473 5572 ciam
2504 5528 2557 5574 et
2604 5518 2927 5573 hilaritatem
2968 5518 3258 5586 quamdam
3310 5516 3633 5583 peculiarem
3662 5515 3714 5569 in
3737 5517 3921 5572 animo

2334 5593 2540 5646 orantis
2579 5592 2832 5659 inspirat,
2879 5600 2939 5643 ut
2988 5590 3351 5658 unusquisque
3419 5586 3648 5643 subinde
3701 5589 3922 5656 experi-

2335 5670 2440 5716 tur.

2406 5732 2431 5768 ἀ
2462 5732 2906 5789 lrretractabilem
2953 5742 3007 5786 et
3030 5732 3369 5787 infallibilem
3401 5742 3522 5784 esse
3560 5745 3721 5783 nemo
3758 5728 3920 5783 dubi-

2336 5813 2411 5865 tat
2434 5820 2449 5875 ;
2472 5806 2566 5863 sed
2598 5805 2785 5879 positis
2806 5805 3201 5863 conditionibus
3223 5799 3526 5879 requisitis,
3553 5816 3785 5879 quarum
3803 5802 3931 5899 plus.
