4048 6198
240 399 350 462 809

1326 398 1666 459 COLLA'I‘IO
1702 397 1798 456 IX.
1832 431 1899 445 -ι
1925 396 2017 460 DE
2056 398 2434 461 ORATIONE.

3428 408 3539 468 810

241 526 341 576 stri
372 523 463 575 illa
491 520 785 586 sententia,
814 521 1160 590 Quacumque
1198 533 1394 577 orantes
1425 523 1617 592 petitis,
1652 522 1845 579 credite
1871 528 1921 586 Α
1948 540 2106 595 quam
2156 534 2376 595 propter
2423 524 2746 580 indefessam
2802 525 3116 595 petitionum
3171 539 3534 595 perseveran-

244 614 371 683 quia
401 613 693 679 accipietis,
726 623 773 667 et
799 614 998 667 venient
1028 613 1167 668 vobis
1196 612 1386 682 (Marci
1410 612 1514 684 ιι).

839 728 1068 786 CAPUT
1096 729 1335 785 XXXIII.

327 820 562 892 Objectio
584 823 721 891 quod
749 822 1006 891 prtedictw
1046 822 1387 876 exauditionis
1418 822 1612 891 ﬁducia
1641 832 1839 877 tantum

646 896 836 947 sanctis
865 893 1131 946 convenire
1160 894 1414 947 videatur.

324 986 666 1043 Germanus:
700 988 845 1041 Hanc
883 988 1241 1042 exauditionis
1282 986 1530 1043 ﬁduciam
1582 990 1837 1044 nimirum

248 1080 318 1134 de
341 1081 684 1136 conscientiae
709 1081 936 1151 puritate
963 1081 1232 1136 credimus
1260 1096 1534 1137 emanare.
1570 1082 1836 1138 Caeterum

248 1190 370 1240 nos,
395 1192 619 1247 quorum
642 1192 737 1231 cor
755 1176 927 1232 adhuc
945 1186 1294 1245 peccatorum
1315 1177 1467 1248 spina
1494 1179 1804 1248 compungit
1820 1222 1835 1246 ,

250 1269 693 1335 quemadmodum
715 1286 833 1325 eam
851 1270 1053 1325 habere
1084 1285 1408 1340 possumus,
1460 1271 1624 1325 nullis
1659 1280 1841 1341 patro-

248 1362 547 1415 cinantibus
572 1364 780 1418 meritis
803 1364 1002 1431 quibus
1030 1363 1401 1419 exaudiendas
1424 1364 1693 1419 orationes
1716 1379 1841 1421 nos-

248 1460 353 1505 tras
386 1451 701 1507 ﬁducialiter
734 1456 1173 1523 prazsumamus?

802 1545 1033 1601 CAPUT
1056 1546 1309 1601 XXXIV.

406 1634 698 1704 Responsio
728 1636 792 1689 de
817 1637 1034 1691 diversis
1063 1638 1457 1692 exauditionum
1477 1640 1665 1695 causis.

308 1728 460 1783 Isaac
490 1747 503 1780 :
540 1738 565 1765 ει
590 1729 844 1783 Diversas
866 1730 1271 1786 exauditionum
1286 1745 1476 1787 causas
1500 1748 1622 1789 esse
1645 1748 1836 1790 secun-

239 1818 369 1873 dum
397 1818 703 1874 animarum
749 1820 1023 1876 diversum
1046 1836 1108 1876 ac
1141 1824 1347 1878 varium
1371 1832 1579 1880 statum
1609 1842 1837 1897 evange-

1946 619 2069 673 tiam
2120 619 2580 689 importunitatem
2630 634 2811 674 sermo
2858 620 3168 673 Dominicus
3213 622 3532 678 nominavit.

1940 712 2122 776 Amen,
2151 728 2303 764 amen
2327 712 2443 764 dico
2470 712 2630 779 vobis,
2661 713 2783 781 quia
2810 711 2855 764 si
2880 727 2981 763 non
3008 718 3215 780 prapter
3233 712 3531 780 amicitiam,

1938 802 2016 855 vel
2060 812 2272 873 propter
2320 802 2760 871 importunitatem
2820 802 2934 872 ejus
2984 811 3157 873 surget
3186 809 3233 855 et
3291 802 3434 855 dabit
3488 801 3535 857 ei

1938 901 2191 961 quantum
2227 909 2356 960 opus
2386 893 2618 947 habuerit
2648 892 2827 963 (Luca:
2857 894 2956 958 ιι).
2990 893 3170 947 Habes
3199 893 3254 946 in
3293 894 3534 947 eleemo-

1939 997 2194 1054 synarum
2229 983 2403 1038 fructu
2438 1001 2449 1036 :
2487 982 2735 1048 Include,
2783 983 2977 1053 inquit,
3048 986 3425 1054 eleemosynam
3478 985 3537 1039 in

1941 1078 2093 1130 corde
2124 1078 2366 1149 pauperis
2388 1118 2401 1141 ,
2447 1087 2495 1131 et
2522 1078 2636 1149 ipsa
2658 1078 2822 1132 orabit
2848 1094 2941 1146 pro
2967 1087 3016 1132 te
3039 1081 3090 1132 in
3120 1088 3347 1151 tempore
3372 1080 3538 1133 tribu-

1940 1171 2149 1225 lalionis
2201 1170 2421 1241 (Eccle.
2450 1187 2577 1225 nix
2604 1170 2645 1241 ).
2672 1171 2851 1226 Habes
2882 1173 2932 1225 in
2981 1172 3359 1228 emendatione
3408 1175 3534 1228 vitae

1940 1272 1997 1320 et
2025 1265 2281 1335 operibus
2309 1265 2723 1332 misericordiae,
2754 1266 3047 1320 secundum
3078 1267 3208 1322 illud
3239 1286 3252 1321 :
3297 1267 3538 1324 Dissolve

1940 1358 2296 1431 colligationes
2336 1360 2646 1428 impietatis,
2694 1364 2834 1415 solve
2871 1362 3149 1430 fasciculos
3190 1363 3534 1433 deprimentes

1941 1449 2124 1521 (Isaia:
2159 1452 2331 1521 Lvnt).
2367 1451 2435 1506 Et
2468 1462 2591 1521 post
2628 1467 2826 1521 pauca,
2863 1453 3054 1521 quibus
3095 1453 3413 1508 infructuosi
3453 1454 3530 1523 je-

1935 1542 2071 1613 junii
2095 1544 2356 1599 sterilitas
2391 1544 2683 1613 castigatur
2725 1563 2736 1596 :
2788 1543 2959 1609 Tunc,
2995 1544 3197 1614 inquit,
3234 1546 3527 1615 invocabis,

1938 1642 1985 1688 et
2009 1634 2260 1689 Dominus
2308 1636 2547 1689 exaudiet
2570 1644 2653 1701 te;
2692 1644 2738 1688 et
2779 1634 3023 1688 clamabis
3045 1677 3059 1701 ,
3103 1645 3150 1688 et
3180 1636 3314 1689 dicet
3344 1653 3363 1691 :
3400 1635 3534 1691 Ecce

1938 1726 2121 1780 adsum
2153 1724 2365 1799 (Ibid.).
2422 1726 2834 1797 Nonnumquam
2890 1742 3020 1782 sane
3070 1729 3319 1787 exaudiri
3368 1730 3531 1787 etiam

1939 1819 2343 1875 tribulationum
2386 1820 2635 1875 nimietas
2690 1820 2844 1883 facit,
2888 1820 3184 1876 secundum
3232 1822 3401 1877 illud:
3450 1823 3534 1878 Ad

241 1908 344 1964 lica
376 1910 491 1965 sive
532 1911 849 1980 prophetica
896 1922 1161 1969 testantur
1196 1915 1427 1985 eloquia.
1487 1916 1661 1973 Habes
1691 1920 1832 1973 enim
1866 1907 1914 1965 Β
1942 1910 2248 1977 Dominum,
2278 1928 2397 1965 cum
2430 1913 2736 1977 lribularer.
2781 1914 3032 1982 clamavi,
3070 1923 3117 1968 et
3155 1916 3415 1969 exaudivit
3452 1932 3532 1971 me

239 2002 295 2056 in
327 2002 557 2057 duorum
587 2005 947 2060 consensione
984 2004 1212 2061 fructum
1237 2007 1601 2063 exanditionis
1650 2010 1834 2065 Domi-

239 2095 359 2149 nica
389 2110 522 2149 voce
545 2096 810 2166 signatum
837 2139 852 2165 ,
880 2099 1174 2154 secundum
1207 2098 1339 2155 illud
1368 2117 1381 2156 :
1408 2099 1468 2157 Si
1499 2102 1600 2155 duo
1651 2119 1714 2157 ex
1739 2119 1827 2157 vo-

239 2188 313 2241 bis
343 2190 692 2243 consenserint
732 2206 883 2261 super
925 2197 1141 2257 terram,
1178 2192 1242 2245 de
1286 2194 1425 2246 onmi
1452 2210 1508 2248 re
1532 2210 1833 2265 quamcum-

237 2294 337 2348 que
373 2279 633 2348 petierint,
666 2280 751 2349 ﬁet
798 2279 903 2334 illis
941 2298 973 2333 a
1015 2280 1176 2336 Patre
1204 2298 1343 2345 meo,
1375 2284 1463 2351 qui
1488 2284 1543 2337 in
1574 2283 1714 2339 cclis
1758 2295 1834 2340 est

240 2366 455 2440 (Matth.
487 2371 662 2440 xvttt).
695 2371 869 2427 Ilabes
920 2372 1080 2427 aliam
1112 2372 1165 2427 in
1190 2374 1314 2429 fidei
1354 2375 1684 2444 plenitudine
1712 2393 1832 2447 quae

236 2474 407 2529 grano
442 2460 643 2531 sinapis
681 2476 1042 2532 comparatur.
1078 2463 1134 2520 Si
1176 2468 1353 2533 enim,
1383 2467 1595 2535 inquit,
1641 2471 1832 2524 habue-

232 2553 349 2605 ritis
370 2553 523 2619 ﬁdem
547 2557 675 2608 sicut
704 2572 920 2625 granum
959 2557 1183 2628 sinapis,
1227 2559 1406 2612 dicetis
1460 2560 1623 2614 monti
1670 2562 1828 2615 huic:

237 2643 421 2698 Transi
450 2644 589 2709 hinc,
624 2656 672 2699 et
712 2648 968 2711 transibit,
1002 2657 1049 2701 et
1090 2648 1219 2702 nihil
1259 2650 1575 2720 impossibile
1612 2654 1706 2706 erit
1737 2669 1826 2706 vo~

239 2736 313 2791 bis
341 2737 555 2809 (Matth.
600 2739 763 2809 xvu).
792 2740 968 2795 Habes
1022 2741 1074 2794 in
1121 2741 1437 2797 assiduitate
1479 2744 1782 2799 orationum
1810 2785 1826 2809 ,

1938 2003 2121 2076 (Psal.
2164 2003 2344 2075 CXIX).
2384 2004 2452 2059 Et
2494 2006 2688 2060 iterum
2741 2024 2752 2053 τ
2801 2004 2884 2060 Ne
2926 2007 3206 2076 aﬁlia‘eritis
3248 2009 3533 2077 advenam;

1935 2098 2055 2167 quia
2074 2098 2118 2150 si
2146 2096 2464 2164 clamaverit,
2487 2100 2763 2152 exaudiam
2790 2115 2927 2164 eum,
2955 2102 3079 2167 quia
3106 2103 3396 2155 misericors
3414 2119 3533 2156 sum

1935 2190 2142 2263 (Exod.
2202 2190 2373 2262 χχιι).
2424 2191 2629 2246 Videtis
2675 2206 2803 2260 ergo
2850 2202 2978 2260 quot
3007 2192 3181 2245 modis
3227 2194 3533 2251 obtineatur

1934 2282 2295 2337 exauditionis
2321 2284 2525 2351 gratia,
2549 2291 2606 2335 ut
2639 2280 2816 2335 nullus
2850 2281 2916 2334 ad
2950 2281 3287 2349 impetranda
3318 2298 3379 2336 ea
3409 2299 3532 2353 qua:

1938 2375 2195 2430 salutaria
2242 2382 2367 2427 sunt
2406 2381 2460 2427 et
2501 2381 2738 2437 mterna,
2782 2371 3131 2426 conscientiae
3170 2386 3285 2426 suae
3334 2372 3533 2441 despe-

1938 2467 2150 2523 ratione
2179 2464 2474 2535 frangatur.
2520 2463 2591 2520 Ut
2654 2463 2798 2518 enim
2832 2462 3172 2518 miseriarum
3217 2470 3529 2521 nostrarum

1936 2558 2395 2627 contemplatione
2479 2554 2806 2622 concedam,
2888 2568 2986 2608 nos
3058 2554 3307 2609 omnibus
3366 2554 3527 2621 illis,

1936 2667 2071 2722 quas
2101 2666 2261 2722 supra
2304 2650 2758 2715 memoravimus,
2810 2649 3022 2718 penitus
3075 2647 3359 2703 destitutos
3405 2662 3530 2704 esse

1936 2744 2255 2809 virtutibus,
2285 2750 2340 2797 et
2366 2757 2466 2799 nec
2494 2743 2638 2797 illam
2684 2754 2782 2795 nos
2813 2740 3019 2796 habere
3049 2739 3371 2797 laudabilem
3394 2742 3529 2797 duo-

1303 2878 1557 2935 ALARDI
1597 2879 1832 2934 GAZASI
1870 2879 2428 2937 COMMENTARIUS.

236 3032 418 3086 ratque
457 3032 576 3086 cap.
612 3016 680 3072 54
726 3018 948 3072 inferius
979 3017 1333 3084 explicantur.
1388 3019 1483 3073 Est
1534 3021 1675 3073 enim
1724 3020 1827 3074 boc

237 3089 565 3143 discriminis
623 3088 765 3141 inter
817 3089 1199 3157 promissiones
1252 3089 1346 3144 Dei
1402 3090 1735 3145 afﬁrmantes
1775 3100 1829 3145 et

238 3168 515 3228 negantes,
570 3159 709 3229 quod
748 3169 1006 3227 negantes
1053 3160 1300 3214 absolute
1360 3170 1414 3214 et
1458 3162 1574 3215 sine
1603 3161 1707 3215 ulla
1737 3178 1829 3216 ex-

237 3231 486 3302 ceptione
539 3230 950 3300 intelligantur;
1007 3230 1333 3285 afﬁrmantes
1364 3246 1491 3284 vero
1536 3247 1826 3302 numquam

237 3300 487 3355 absolute
515 3342 530 3365 ,
581 3302 674 3353 sed
725 3316 845 3355 cum
886 3303 985 3355 hac
1037 3303 1354 3359 exceptione
1383 3303 1624 3371 generali
1661 3300 1700 3356 2‘
1729 3304 1829 3356 nisi

239 3371 368 3440 quid
398 3370 656 3439 impediat
680 3412 695 3435 ,
720 3371 803 3425 vel
826 3372 1009 3425 simili.
1039 3372 1107 3426 Ut
1136 3373 1298 3427 Marci
1327 3388 1420 3427 xvr
1445 3389 1458 3424 :
1489 3374 1587 3439 Qui
1613 3375 1833 3428 credide-

238 3430 337 3508 rit,
361 3452 408 3495 et
437 3430 723 3513 baptizatus
749 3443 935 3510 fuerit,
962 3444 1135 3496 salvus
1165 3444 1257 3496 erit
1287 3443 1305 3513 (
1335 3430 1557 3511 supple,
1591 3445 1635 3499 si
1666 3456 1829 3500 caete-
1860 3430 1903 3490 Ο

239 3528 295 3569 ra
325 3514 518 3567 habeat
541 3513 887 3583 necessaria).
915 3514 1014 3579 Qui
1035 3530 1151 3567 vero
1164 3530 1264 3567 non
1281 3515 1833 3581 crediderit,condem-

240 3583 465 3637 nubitur.
504 3584 686 3653 Itaque
711 3584 975 3638 sententia
989 3595 1039 3638 et
1057 3584 1342 3653 promissio
1357 3586 1444 3640 illa
1462 3604 1472 3637 :
1491 3585 1834 3655 Quaecumque

238 3664 442 3726 orantes
470 3657 672 3725 petitis,
702 3655 891 3708 credite
908 3656 1033 3726 quia
1061 3655 1349 3726 accipietis,
1404 3666 1506 3711 etc.
1527 3697 1541 3721 ,
1596 3673 1718 3712 cum
1762 3659 1833 3712 sit

238 3724 588 3796 afﬁrmativa,
621 3740 727 3778 non
752 3734 834 3778 est
871 3724 1123 3781 absolute
1152 3724 1525 3796 intelligenda;
1582 3730 1673 3782 sed
1706 3743 1827 3782 cum

242 3795 343 3849 hac
367 3795 674 3850 conditione
704 3812 718 3848 :
749 3796 797 3849 si
820 3807 965 3850 recte
1011 3797 1223 3865 petatis.
1271 3795 1415 3851 lianc
1468 3798 1609 3851 enim
1644 3798 1830 3851 condi-

237 3867 447 3921 tionem
479 3866 880 3936 intelligendam
912 3881 1032 3921 esse
1067 3868 1299 3922 insinuat
1348 3868 1404 3923 S.
1457 3866 1718 3929 Jacobns;
1748 3868 1829 3921 di-

238 3952 371 4060 ﬁns
406 3957 417 3989 :
447 3936 667 4060 ﬁctilis,
688 3946 736 3991 et
772 3953 873 3991 non
904 3938 1164 4009 accipitis,
1222 3955 1278 3993 eo
1320 3938 1456 4007 quod
1490 3938 1622 3991 male
1646 3940 1830 4006 petatis

304 4025 384 4060 ac.
423 4025 469 4060 tv
502 4049 515 4060 .

304 4025 384 4061 ac.
423 4025 515 4062 ιν).

244 4010 557 4147 (Ιῗισβὲξ-ὲίι
584 4078 794 4150 Auctor
821 4079 1094 4150 explicare
1124 4080 1320 4150 quibus
1350 4079 1575 4142 mediis.
1606 4079 1831 4134 rationi-

240 4150 347 4205 bus
391 4159 447 4202 et
486 4148 882 4202 conditionibus
928 4148 1195 4205 facilius‘a
1228 4153 1335 4206 Deo
1378 4150 1731 4206 exaudiamur
1773 4160 1829 4206 et

244 4221 608 4287 impetremus
639 4219 779 4285 quod
808 4220 1060 4289 petimus.
1106 4223 1706 4276 Enumeranturautem
1741 4220 1827 4275 hic

245 4304 345 4361 sex
378 4288 713 4361 conditiones
741 4306 771 4344 e
799 4288 968 4361 sacris
992 4292 1194 4361 litteris
1233 4293 1478 4347 collecta:
1499 4332 1513 4358 ,
1544 4308 1664 4361 qua:
1704 4307 1828 4346 ora-

245 4360 452 4414 tionem
484 4360 658 4432 stllent
689 4360 916 4416 reddere
944 4360 1223 4418 efﬁcacem
1269 4372 1322 4419 et
1364 4360 1785 4432 impetratoriam
1807 4406 1823 4429 ,

244 4432 351 4502 ltoc
381 4442 499 4496 est,
540 4431 731 4501 juvare
770 4432 836 4485 ad
877 4434 1310 4499 impetrandum;
1355 4431 1550 4502 nempe
1591 4434 1825 4490 cbaritas

239 4500 478 4575 fraterna
502 4543 516 4567 ,
544 4500 684 4575 lldes
706 4544 721 4569 ,
755 4506 1157 4572 perseverantia
1180 4547 1194 4570 ,
1218 4500 1612 4575 eleemosynm,
1650 4505 1823 4572 ι)ωηί-

243 4572 411 4626 tentia
439 4614 453 4637 ,
481 4583 535 4626 et
560 4573 885 4627 alflictornm
911 4576 1160 4643 gemitus.
1203 4572 1479 4630 Caeterum
1517 4575 1597 4629 ba:
1638 4575 1825 4629 (ξοπιᾱί-

242 4643 425 4715 tiones
453 4644 553 4715 etsi
598 4644 827 4715 multum
861 4648 1075 4699 valeant
1115 4646 1181 4700 ad
1227 4646 1642 4715 impetrandum,
1688 4661 1824 4714 pra:-

242 4714 436 4783 sertim
465 4714 620 4767 simul
645 4715 842 4783 juncta:
868 4725 922 4769 et
950 4714 1369 4782 concurrentes,
1400 4731 1503 4771 non
1538 4716 1607 4770 ita
1639 4727 1819 4772 tamen

244 4781 947 4871 ut‘infallibilemm,certum
986 4796 1041 4871 et
1087 4781 1821 4871 perpetuumhhabeantim-
1852 4810 1905 4871 Ι)

241 4854 571 4928 petrationis
599 4853 872 4911 eﬁ‘ectum.
905 4855 1062 4911 Nulla
1088 4853 1235 4912 enim
1280 4867 1363 4913 est
1402 4858 1495 4913 Dei
1539 4858 1825 4928 promissio

238 4925 530 4989 absoluta,
574 4940 675 4995 qua
724 4929 857 4981 certi
903 4928 1201 4982 efﬁciamur
1242 4943 1341 4983 nos
1386 4925 1632 4985 absolute
1683 4930 1823 4996 quod

240 4997 565 5066 petierimus
597 4999 1004 5066 impetraturos,
1034 5001 1224 5068 positis
1252 5000 1360 5054 illis
1388 4999 1823 5064 conditionibus;

239 5081 365 5122 cum
400 5082 613 5132 semper
643 5069 974 5137 intelligatur
1004 5070 1096 5124 illa
1128 5070 1369 5125 conditio
1395 5087 1408 5125 :
1445 5072 1505 5125 Si
1534 5079 1716 5123 ctetera
1747 5086 1829 5123 re-

239 5139 435 5206 quisita
464 5140 653 5192 adsint.
686 5138 946 5204 Quianam
979 5155 1112 5195 vero
1143 5142 1249 5196 sint
1283 5142 1374 5194 illa
1399 5182 1412 5201 .
1446 5141 1685 5195 declarat
1715 5139 1824 5194 div.

238 5208 480 5282 Thomas
513 5208 595 5262 his
630 5212 813 5263 verbis
842 5210 968 5275 (2-2
990 5255 1002 5275 ,
1032 5229 1080 5282 q.
1113 5210 1211 5275 85,
1239 5219 1337 5265 art.
1368 5210 1457 5281 15)
1486 5229 1497 5262 :
1528 5208 1825 5275 Ponuntur,

241 5279 466 5348 inquit,
516 5292 738 5347 quatuor
795 5279 1115 5336 conditiones
1169 5282 1352 5352 quibus
1409 5279 1830 5336 concurrentibus

239 5366 444 5415 semper
485 5352 673 5417 aliquis
705 5352 944 5423 impetrat
986 5353 1125 5421 quod
1153 5354 1277 5423 petit
1304 5368 1322 5405 :
1351 5362 1405 5405 ut
1437 5352 1629 5405 scilicet
1657 5369 1749 5421 pro
1775 5370 1829 5407 se

240 5431 417 5489 petat,
466 5422 760 5474 necessaria
799 5423 869 5475 ad
914 5422 1162 5489 salutem,
1209 5424 1289 5490 pie
1337 5432 1383 5475 et
1424 5432 1825 5488 perseveranter.

237 5495 389 5554 Quas
421 5492 762 5545 conditiones
787 5492 986 5559 iuverit
1023 5494 1111 5547 hic
1152 5494 1311 5560 paulo
1352 5492 1687 5547 enucleatius
1728 5509 1826 5547 ex-

240 5563 482 5632 plicare.
501 5562 678 5615 Prima
710 5563 893 5629 itaque
921 5564 1163 5619 conditio
1192 5572 1275 5617 est
1305 5572 1361 5616 ut
1391 5579 1487 5632 pro
1517 5578 1575 5616 se
1604 5562 1829 5631 quisque

240 5645 410 5696 putat.
442 5631 559 5685 Non
590 5634 735 5687 enim
770 5648 986 5703 semper
1017 5635 1375 5689 exaudiuntur
1396 5631 1575 5688 etiam
1618 5634 1824 5700 sancti,

236 5703 370 5754 dum
407 5718 506 5773 pro
536 5704 660 5756 aliis
686 5715 842 5757 orant
870 5721 884 5769 ;
918 5705 1135 5772 quando
1165 5706 1373 5760 scilicet
1404 5706 1478 5759 illi
1512 5719 1608 5773 pro
1636 5703 1829 5771 quibus

238 5785 406 5824 crant
450 5772 597 5845 digni
651 5789 756 5827 non
798 5786 933 5845 sunt
966 5776 1058 5842 qui
1098 5778 1394 5845 accipiant,
1426 5785 1484 5830 ut
1513 5772 1684 5829 idocet
1714 5774 1818 5845 div.

238 5844 940 5916 Augustinuslractatu73
975 5846 1035 5916 in
1077 5844 1370 5909 Joannem,
1418 5846 1577 5916 idque
1619 5844 1828 5912 colligit

238 5929 309 5973 ex
353 5913 463 5967 illis
490 5914 669 5967 verbis
703 5914 1116 5969 Domini’Joan.
1150 5931 1238 5971 xvt
1270 5934 1283 5968 :
1330 5917 1388 5971 Si
1418 5913 1543 5985 quid
1583 5917 1828 5990 petieritis

601 6003 875 6103 PATBQL.
924 6005 1153 6079 XLIX.

1931 3019 2142 3073 Patrem
2169 3022 2219 3072 in
2253 3019 2457 3073 nomine
2485 3033 2622 3081 meo,
2654 3016 2793 3070 dabit
2820 3018 2981 3071 vobis.
3011 3014 3404 3086 Exaudiuntur,
3440 3024 3525 3078 in-

1930 3092 2079 3159 quit,
2114 3106 2287 3145 omnes
2316 3091 2475 3143 sancti
2508 3106 2603 3160 pro
2645 3089 2826 3159 seipsis
2853 3107 2865 3140 :
2901 3104 3003 3141 non
3032 3100 3203 3144 autem
3231 3108 3328 3160 pro
3354 3096 3527 3147 omni-

1932 3171 2023 3215 vus
2060 3163 2427 3221 exaudiuntur.
2471 3163 2578 3215 sive
2616 3160 2829 3228 amicis,
2872 3161 2976 3213 sive
3003 3160 3256 3234 inimicis,
3291 3164 3367 3216 vel
3410 3167 3528 3234 qui-

1935 3234 2149 3287 buslibet
2178 3234 2333 3293 aliis;
2364 3234 2487 3303 quia
2518 3248 2619 3286 non
2663 3240 2961 3303 utcumque
2983 3229 3177 3284 dictum
3208 3243 3316 3295 est,
3343 3229 3483 3287 dabit
3509 3278 3524 3301 ,

1933 3304 2056 3372 sed,
2090 3305 2231 3359 dabit
2262 3305 2420 3358 vobis;
2469 3303 2716 3359 Secunda
2760 3302 3007 3358 conditio
3047 3315 3129 3356 est
3174 3313 3229 3355 ut
3270 3314 3528 3372 petantur

1938 3377 2285 3443 necessaria,
2320 3376 2404 3429 vel
2436 3375 2586 3430 utilia
2631 3374 2696 3428 ad
2738 3374 2991 3429 salutem.
3035 3374 3206 3438 Quam
3253 3376 3528 3431 conditio-

1937 3461 2059 3501 nem
2106 3447 2314 3515 colligit
2363 3446 2503 3500 idem
2560 3445 2890 3512 Augustinus
2930 3459 2994 3498 ex
3038 3444 3151 3515 illis
3201 3446 3425 3501 verbis:
3459 3447 3528 3503 In

1936 3519 2141 3572 nomine
2190 3513 2318 3571 meo.
2382 3516 2752 3581 Quodcumque
2804 3517 2936 3569 enim
2966 3555 2981 3577 ,
3034 3513 3249 3583 inquit,
3305 3520 3526 3583 petimus

1935 3589 2181 3642 adversus
2230 3588 2506 3640 utilitatem
2554 3584 2770 3649 salutis,
2813 3600 2913 3636 non
2958 3586 3175 3649 petimus
3224 3587 3277 3636 in
3320 3590 3526 3643 nomine

1936 3658 2269 3721 Saluatoris;
2310 3664 2355 3708 et
2397 3665 2565 3707 tamen
2613 3654 2723 3721 ipse
2764 3654 3008 3708 Salvator
3052 3664 3165 3716 est;
3207 3669 3310 3705 non
3353 3658 3525 3709 solum

1933 3727 2139 3793 quando
2171 3727 2293 3793 facit
2323 3723 2461 3793 quod
2492 3724 2708 3793 petimus
2732 3763 2745 3786 ,
2778 3736 2954 3775 verum
2982 3722 3134 3774 etiam
3165 3724 3371 3793 quando
3415 3742 3519 3782 non

1936 3791 2058 3866 facit
2084 3812 2101 3861 ;
2133 3791 2375 3866 quoniam
2401 3795 2543 3866 quod
2557 3864 2564 3866 _
2585 3792 2718 3866 videt
2745 3794 2864 3866 _peti
2906 3799 3103 3866 contra
3124 3791 3337 3866 salutem
3360 3838 3374 3861 ,
3417 3811 3522 3852 non

1933 3861 2169 3935 faciendo
2199 3865 2316 3933 plus
2346 3879 2399 3917 se
2414 3861 2623 3935 exhibet
2643 3861 3002 3935 Salvatorent.
3050 3861 3211 3915 Novit
3252 3863 3384 3917 enim
3416 3882 3524 3921 me-

1933 3932 2080 3990 dicus
2107 3932 2233 4006 quid
2264 3949 2357 4006 pro
2386 3949 2501 3994 sua,
2524 3933 2672 4006 quid,
2692 3948 2871 3985 contra
2907 3932 3125 4006 salutem
3151 3948 3299 4006 suam
3340 3949 3522 4002 poscat

1933 4004 2157 4078 wgrotus
2182 4023 2200 4072 ;
2231 4004 2275 4059 et
2302 4007 2419 4078 ideo
2448 4004 2708 4078 contraria
2737 4004 2990 4075 poscentis
3030 4019 3131 4057 non
3170 4004 3298 4078 facit
3335 4007 3522 4061 volun-

1934 4075 2086 4133 tatem
2107 4119 2120 4142 ,
2157 4088 2209 4130 ut
2237 4077 2393 4148 faciat
2433 4076 2747 4130 sanitatem:
2777 4081 3090 4143 quapmpter
3124 4075 3330 4144 quando
3370 4078 3523 4133 volu-

1933 4167 2043 4204 mus
2088 4160 2142 4203 ut
2181 4147 2341 4219 faciat
2371 4147 2732 4219 quodcumque
2771 4147 3026 4219 petimus,
3058 4162 3161 4219 non
3200 4154 3515 4219 utcumque,

1933 4221 2022 4275 sed
2050 4223 2115 4275 in'
2129 4216 2337 4274 nomine
2365 4216 2475 4285 eius
2495 4264 2508 4284 ,
2540 4218 2735 4291 hoc_est
2758 4216 2777 4279 ,7
2799 4218 2853 4269 in
2882 4216 3086 4291 nomine
3110 4216 3399 4291 salvatoris
3427 4216 3519 4291 pe-

1933 4301 2118 4345 tamus.
2152 4291 2229 4347 lta
2254 4291 2605 4361 Augustinus.
2635 4286 3136 4361 Verutuellicacius
3161 4288 3251 4341 illa
3274 4286 3516 4349 conditio

1931 4362 2109 4431 colligi
2141 4378 2298 4432 posse
2328 4356 2561 4432 videtur,
2596 4367 2654 4413 ut
2681 4356 3135 4432 colligitAuctor,
3176 4374 3250 4432 es
3291 4361 3381 4414 illa
3414 4363 3510 4416 Jo-

1929 4429 2086 4488 annis
2115 4429 2419 4489 sententia:
2456 4430 2581 4485 litvo
2622 4438 2693 4483 est
2739 4429 2932 4495 ﬁducia
2972 4445 3125 4498 quam
3166 4429 3408 4485 habemus
3446 4434 3515 4486 ad

1934 4504 2094 4557 Deum
2114 4545 2127 4564 .
2159 4505 2281 4574 quia
2327 4501 2586 4574 quidquid
2617 4499 3234 4574 petierimus__secundum
3275 4501 3516 4556 uolunta-

1929 4584 2027 4646 tem
2058 4568 2375 4646 ejus',gaudit
2414 4568 2505 4625 nas
2533 4571 2589 4646 (ι
2612 4570 2768 4624 Joan.
2804 4569 3079 4646 v)._Unde
3125 4568 3286 4624 infert
3310 4573 3516 4646 Augu-

1930 4641 2105 4699 stinus
2131 4662 2144 4698 :
2174 4644 2312 4713 Ergo
2343 4660 2497 4708 super
2527 4641 2607 4694 his
2637 4650 2830 4713 tantum
2861 4641 3085 4713 plenam,
3107 4656 3199 4694 nos
3229 4649 3275 4695 et
3304 4641 3515 4696 indubi-

1929 4716 2133 4771 tabilem
2153 4710 2312 4783 jussit
2341 4712 2685 4766 exauditionis
2716 4710 2900 4765 habere
2928 4712 3204 4781 ﬁduciam,
3252 4728 3366 4779 qua:
3406 4730 3511 4770 non

1930 4788 2116 4841 nostris
2150 4783 2462 4853 commodis,
2494 4798 2585 4835 nec
2621 4783 2820 4853 solatiis
2861 4784 3248 4853 temporalibus,
3282 4785 3371 4838 sed
3399 4783 3513 4839 Do-

1928 4858 2055 4911 mini
2081 4866 2376 4927 congruunt
2404 4854 2673 4927 voluntati.
2707 4852 2858 4927 Quod
2882 4852 3036 4907 etiam
3059 4855 3376 4927 in_oratione
3401 4855 3512 4909 Do-

1928 4928 2116 4982 minica
2143 4922 2423 4979 admiscere
2450 4925 2777 4996 prwcipintur
2805 4924 3029 4996 dicentes
3047 4966 3059 4987 ,
3102 4922 3227 4996 iat
3270 4928 3510 4996 voluntas

1933 5010 2040 5063 tua,
2072 4996 2288 5063 scilicet,
2314 5013 2414 5049 non
2444 4993 2620 5049 nostra
2643 4993 2805 5063 (Vide
2830 4993 3079 5048 Bellarm.
3106 4995 3194 5047 lib.
3232 5011 3247 5047 ι
3278 4997 3340 5047 de
3370 4994 3507 5050 Bon.

1935 5070 2093 5139 Oper.
2126 5084 2243 5137 cap.
2275 5067 2353 5135 9).
2406 5067 2586 5121 Tertia
2633 5064 2876 5139 conditio
2923 5074 2979 5117 ut
3031 5066 3115 5131 pie
3164 5073 3509 5139 petatnusct

1931 5134 2166 5195 oremus.
2191 5134 2388 5191 'Pictas
2428 5148 2605 5191 autem
2637 5137 2751 5189 haec
2791 5135 3024 5203 quinque
3056 5134 3391 5188 conditiones
3426 5137 3507 5190 in-

1932 5210 2138 5275 cludit,
2170 5208 2464 5263 secundum
2511 5208 2622 5261 div.
2654 5206 2919 5260 Thomam
2956 5205 3040 5259 ubi
3083 5220 3242 5271 supra
3273 5221 3285 5257 :
3320 5206 3501 5271 litlctn,

1932 5296 2082 5348 spem
2118 5323 2131 5345 ,
2191 5279 2506 5334 cbaritatem
2543 5320 2556 5342 ,
2613 5277 2970 5332 humilitatem
3021 5286 3073 5331 et
3140 5276 3510 5348 devotionem.

1931 5346 2132 5420 Quarta
2178 5350 2415 5405 conditio
2476 5358 2533 5403 ut
2588 5354 3002 5420 perseveranter
3064 5346 3512 5420 oremus._llanc

1932 5416 2076 5477 enim
2105 5422 2469 5477 conditionem
2494 5416 2741 5474 Christus
2769 5418 3088 5472 inculcatam
3115 5416 3282 5469 voluit
3306 5416 3514 5474 duabus

1932 5494 2040 5549 illis
2072 5492 2370 5563 parabolis,
2400 5492 2567 5563 altera
2598 5487 3080 5563 importuniamici
3115 5501 3281 5563 panes
3318 5487 3514 5563 intom-

1932 5556 2086 5633 pesta
2116 5573 2273 5617 nocte
2304 5562 2373 5615 ab
2404 5562 2579 5633 critico
2608 5556 2839 5633 petentis
2860 5600 2874 5622 ,
2908 5558 3066 5612 Lucae
3094 5573 3147 5610 ιι
3175 5556 3392 5633 ;__al_tcra
3426 5560 3511 5633 vi-

1933 5627 2051 5689 dua:
2104 5633 2409 5703 improbum
2460 5627 2699 5703 judicem
2740 5630 3089 5703 importune
3121 5627 3514 5703 sollicitantis;

1932 5706 2091 5769 Lucae
2123 5698 2274 5759 xvttt.
2306 5702 2413 5758 Nec
2445 5698 2586 5757 aliud
2616 5701 2917 5770 signiﬁcare
2948 5700 3117 5754 voluit
3146 5699 3255 5754 illis
3283 5698 3463 5753 verbis
3499 5720 3514 5758 ;

1938 5775 2151 5841 Oportet
2195 5792 2394 5844 semper
2438 5790 2588 5827 orare
2618 5781 2661 5825 et
2693 5789 2965 5843 numquam
3010 5771 3260 5841 deﬁcere,
3303 5779 3360 5826 ut
3401 5771 3518 5839 ple.

1937 5848 2056 5902 nius
2087 5848 2332 5918 sequenti
2362 5846 2646 5904 collatione
2677 5844 3055 5901 declarabitur.

2992 6004 3071 6068 26
