4048 6198
555 323 659 384 811

1603 319 1885 378 JOANNIS
1922 319 2230 380 CASSIANI
2267 314 2761 377 COLLATIONES.

3727 314 3828 373 8|!

556 455 672 496 rum
720 439 1164 504 consensionem,
1196 451 1298 494 nec
1345 435 1488 492 illam
1518 436 1681 492 ﬁdem
1735 453 1904 508 grano
1934 439 2138 507 sinapis
2169 443 2215 499 Α
2242 454 2338 509 que
2355 437 2600 508 petieritis
2630 436 2683 488 in
2719 433 2950 487 aratione
2979 431 3264 496 credentes,
3297 429 3560 502 accipietis
3605 436 3654 484 et
3695 422 3829 484 nihil

556 546 946 600 comparatam,
1006 547 1104 586 nec
1149 531 1238 586 illa
1262 545 1428 599 opera
1459 531 1670 599 pietatis
1708 547 1829 601 quae
1879 531 2142 602 pr0plieta

552 624 850 690 describit;
901 638 1027 677 num
1079 621 1162 675 vel
1219 619 1680 690 importunitatem
1734 637 1852 694 qua:
1882 621 2024 674 omni
2052 635 2144 674 vo-

551 715 686 770 lenti
718 713 1051 784 suppeditat,
1103 711 1306 768 habere
1336 727 1437 767 non
1463 699 1784 782 possumus?
1827 711 1932 767 Per
1977 709 2140 782 quam

551 809 712 862 etiam
735 806 906 861 solam
959 805 1208 861 daturum
1239 820 1300 861 se
1353 804 1612 862 Dominus
1657 802 1915 876 quidquid
1957 809 2141 859 oratus

551 899 713 954 fuerit
760 898 1104 968 repromittit.
1163 899 1232 954 Et
1273 897 1477 954 idcirco
1528 897 1732 968 absque
1788 896 2141 952 iuesitationis

548 992 873 1049 infidelitate
896 992 1148 1064 precibus
1173 991 1531 1068 insi5tendum
1551 1000 1664 1058 est;
1717 991 2141 1061 obtenturosque

547 1101 648 1141 nos
673 1101 860 1142 earum
883 1086 1111 1157 jugitate
1139 1097 1332 1141 cuneta
1361 1101 1483 1157 quae
1510 1085 1809 1142 secundum
1844 1084 2007 1140 Deum
2040 1099 2138 1153 po-

546 1179 917 1246 poscerimus,
970 1178 1194 1233 minime
1243 1175 1618 1232 dubitandum.
1672 1175 1931 1230 Hortatur
1993 1174 2136 1229 enim

544 1284 644 1324 nos
675 1268 934 1324 Dominus
964 1268 1156 1324 volens
1182 1284 1246 1325 ea
1273 1283 1400 1340 qua:
1443 1278 1572 1324 sunt
1617 1276 1817 1323 aeterna
1865 1266 2137 1322 coelestia-

545 1376 652 1432 que
679 1369 959 1430 praestare,
989 1369 1048 1416 ut
1075 1376 1197 1416 eum
1221 1360 1629 1431 importunitate
1670 1369 1853 1416 nostra
1877 1359 2138 1430 quodam-

545 1454 707 1508 modo
753 1461 1120 1521 coarctemus,
1154 1455 1246 1524 qui
1287 1455 1625 1524 importunos
1677 1467 1776 1508 nos
1818 1469 1926 1507 non
1974 1452 2138 1507 modo

540 1558 653 1600 non
682 1543 910 1613 deSpicit
953 1559 1052 1599 nec
1082 1543 1311 1612 refutat,
1365 1545 1461 1608 sed
1493 1545 1652 1600 etiam
1682 1544 1876 1599 invitat
1918 1554 1972 1598 et
2024 1544 2139 1600 lau-

543 1639 664 1707 dat;
707 1641 892 1711 eisque
935 1641 1302 1710 praestiturum
1331 1655 1391 1696 se
1426 1639 1684 1712 quidquid
1727 1649 2138 1709 perseveranter

540 1733 900 1802 speraverint,
931 1733 1316 1805 benignissime
1339 1732 1622 1804 pollicetur
1648 1731 1856 1798 dicens,
1891 1729 2058 1784 Petite
2085 1739 2134 1784 et

540 1824 819 1893 accipietis,
840 1827 1053 1895 quterite
1073 1836 1120 1882 et
1141 1827 1430 1895 invenietis,
1454 1823 1659 1897 pulsate
1687 1834 1734 1878 et
1761 1825 2020 1893 aperietur
2049 1841 2074 1878 v

542 1915 638 1972 bis.
660 1913 838 1970 Omnis
860 1919 996 1972 enim
1021 1919 1109 1986 qui
1127 1918 1467 1990 petitaccipit,
1487 1927 1532 1972 et
1551 1918 1832 1988 quiquaerit
1863 1917 2070 1983 invenit,
2090 1925 2139 1972 et

539 2007 770 2080 pulsanti
783 2011 1039 2082 aperietur
1051 2007 1230 2081 (Lucra
1244 2009 1317 2080 xt)
1329 2050 1343 2064 .
1358 2009 1427 2064 Et
1445 2010 1637 2066 iterum
1655 2026 1667 2063 :
1687 2008 1874 2063 Omnia
1889 2024 2139 2078 quiec-um-

2246 528 2559 598 impossibile
2585 528 2681 580 erit
2707 525 2845 580 vobis
2877 521 3094 596 (Matth.
3121 525 3269 592 xu).
3306 523 3370 577 Et
3399 523 3606 578 idcirco
3629 523 3676 577 si
3705 537 3826 577 cnn-

2245 634 2346 678 σιω
2377 637 2477 676 nos
2503 617 2906 675 exauditionum
2939 631 3071 686 quas
3113 614 3461 684 praediximus
3497 628 3679 669 causa:
3709 629 3824 668 om-

2257 716 2388 770 nino
2431 713 2722 779 deﬁciunt,
2773 711 2966 765 saltem
3015 709 3220 764 atiimet
3260 722 3359 762 nos
3406 705 3826 776 importunitatis

2246 805 2539 870 instantia,
2571 817 2691 874 qua:
2732 802 2936 872 absque
2977 801 3082 855 ulla
3129 798 3218 854 vel
3265 799 3449 854 meriti
3495 798 3586 853 v‘el
3631 797 3827 852 laboris

2245 898 2570 954 difﬁcultate
2607 895 2660 951 in
2702 894 3087 965 cujuscumque
3133 889 3366 946 volentis
3396 889 3495 944 sita
3539 898 3623 944 est
3676 898 3827 959 pote-

2243 1001 2404 1048 state.
2438 990 2543 1047 Pro
2591 998 2745 1045 certo
2786 995 2965 1041 autem
3010 999 3120 1039 non
3165 981 3561 1039 exaudiendum
3607 994 3668 1035 se
3709 994 3830 1049 sop-

2242 1093 2450 1164 plicans
2498 1090 2728 1161 quisque
2777 1103 2887 1144 non
2929 1085 3171 1150 dubitet,
3222 1100 3347 1139 cum
3393 1098 3454 1138 se
3497 1080 3823 1136 dubitaverit

2241 1193 2508 1250 exaudiri.
2554 1191 2711 1258 Quod
2753 1199 2930 1244 autem
2978 1183 3382 1256 iniatigabiliter
3429 1181 3660 1238 Domino
3701 1197 3827 1254 sup-

2242 1295 2548 1366 plicandum
2585 1293 2694 1360 sit,
2737 1292 2900 1348 etiam
2944 1291 3034 1346 illo
3074 1288 3217 1346 beati
3249 1296 3275 1324 α
3305 1287 3539 1342 Danielis
3567 1285 3822 1339 docemur

2240 1397 2518 1465 exemplo,
2564 1395 2707 1466 quod
2753 1393 3040 1448 exauditus
3079 1406 3108 1455 a
3151 1390 3330 1460 prima
3374 1389 3463 1444 die
3509 1403 3616 1459 qua
3662 1388 3826 1458 coepit

2239 1515 2431 1568 orare,
2477 1508 2598 1570 post
2625 1497 2859 1568 primam
2901 1505 2955 1554 et
2997 1494 3307 1554 vicesimam
3349 1493 3493 1548 diem
3537 1493 3824 1562 consequi-

2239 1611 2329 1656 tur
2373 1615 2485 1655 sute
2525 1598 2802 1670 petitionis
2829 1595 3080 1652 effectum
3111 1592 3362 1666 (Daniel.
3397 1592 3492 1664 ι).
3531 1593 3688 1649 Unde
3715 1605 3815 1646 non

2238 1701 2498 1756 debemus
2527 1712 2629 1754 nos
2656 1711 2870 1769 quoque
2897 1711 2929 1751 a
2958 1702 3136 1764 coepta
3164 1694 3468 1748 orationum
3511 1701 3814 1746 nostrarum

2080 1840 2136 1880 ο,
2165 1825 2214 1888 Β
2242 1801 2536 1856 intentione
2568 1813 2787 1854 cessare
2809 1841 2824 1866 ,
2859 1795 2887 1835 δ
2918 1797 2964 1851 si
2997 1799 3095 1850 nos
3123 1793 3369 1850 exaudiri
3403 1792 3611 1848 tardius
3639 1805 3826 1848 senss-

2245 1903 2450 1970 rimus,
2497 1916 2562 1956 ne
2603 1899 2743 1955 forte
2786 1903 2882 1953 aut
2923 1895 3286 1952 exauditionis
3332 1895 3507 1965 gratia
3549 1894 3826 1964 diSpensa-

2247 2007 2394 2061 tione
2425 2001 2635 2059 Domini
2667 2000 2743 2057 uti
2771 2001 2876 2057 iter
2902 1989 3216 2064 differatur;
3249 2007 3272 2036 ο
3302 2004 3394 2052 aut
3437 1993 3664 2068 angelus
3691 1993 3824 2050 divi-

1608 2163 1862 2221 ALARDI
1899 2162 2138 2221 GAZA‘JI
2174 2162 2742 2220 COMMENTARIUS.

614 2288 638 2315 ⁸
679 2277 767 2334 Sic
795 2278 944 2350 enim
981 2273 1200 2350 Gabriel
1251 2270 1610 2350 arcltangelus
1651 2275 1929 2350 Danielem
1992 2277 2131 2350 allo-

543 2359 700 2403 cutus
730 2359 813 2404 est
842 2367 853 2401 :
894 2346 1018 2401 Noli
1051 2359 1302 2412 metuere,
1331 2346 1552 2416 Daniel,
1583 2351 1707 2418 quia
1739 2365 1800 2402 ea;
1840 2349 1923 2401 die
1961 2349 2128 2415 primo

541 2435 644 2489 quo
688 2420 905 2486 posuisti
948 2433 1038 2470 eor
1077 2427 1221 2490 trium
1262 2420 1329 2471 od
1368 2420 1786 2490 intelligendum,
1822 2429 1875 2472 ut
1918 2427 1965 2472 te
2002 2419 2131 2488 afﬂi-

543 2486 684 2559 geres
712 2490 769 2541 in
797 2497 1071 2554 conspectu
1101 2486 1198 2540 Dei
1227 2490 1337 2552 tui,
1366 2486 1612 2543 exaudita
1654 2500 1777 2544 sunt
1812 2491 1964 2559 verba
2003 2486 2092 2544 tua
2111 2530 2128 2558 ,

543 2557 592 2629 et
621 2574 710 2628 ego
736 2559 849 2612 veni
881 2566 1091 2624 propter
1118 2573 1375 2612 sermones
1403 2570 1515 2612 tuos
1557 2560 1718 2629 (Dan.
1752 2559 1831 2628 x).
1877 2557 1979 2616 υιιὶ
2014 2557 2124 2614 div.

544 2627 948 2699 Hieronymus:
984 2629 1266 2692 Quazritur,
1309 2629 1510 2698 inquit,
1555 2627 1601 2683 si
1642 2627 1816 2684 statim
1857 2631 2128 2685 exauditus

545 2709 616 2752 est
637 2738 652 2758 ,
684 2705 775 2750 cur
802 2714 906 2751 non
935 2700 1108 2751 statim
1134 2701 1322 2752 mis-sus
1353 2710 1425 2754 est
1458 2702 1702 2770 angelus,
1733 2701 1824 2755 sed
1856 2717 1946 2770 per
1970 2717 2130 2756 unum

544 2778 592 2823 et
620 2770 795 2838 viginti
824 2770 933 2822 dies
961 2771 1159 2824 dilatus
1196 2774 1304 2834 eius
1331 2773 1398 2824 ad
1428 2770 1697 2826 Dantelem
1735 2775 1980 2826 adventus
2007 2775 2028 2826 ?
2057 2774 2131 2826 vi-

545 2841 727 2915 delicet
762 2841 890 2915 data
930 2840 1256 2915 esl__Danieli
1295 2859 1385 2911 per
1424 2859 1630 2915 moram
1662 2845 1883 2915 Occasio
1909 2841 2132 2915 amplius

543 2910 709 2984 Deum
738 2911 1084 2984 deprecandi,
1116 2920 1172 2968 ut
1201 2927 1262 2966 ea:
1297 2910 1360 2966 eo
1404 2914 1539 2983 quod
1581 2914 1698 2982 plus
1736 2910 2004 2967 desiderat
2042 2931 2132 2980 per

547 2981 771 3035 laborem
792 2980 815 3048 ,’
851 2980 966 3051 plus
1010 2983 1164 3036 etiam
1207 2998 1296 3056 per
1331 2980 1696 3038 revelatio-nem
1734 2985 1906 3057 angeli
1951 2985 2130 3039 audire

544 3063 822 3106 mereatur.

2235 2286 2395 2343 sunt,
2432 2277 2638 2346 inquit,
2673 2275 2889 2342 scilicet
2913 2274 2982 2330 ab
3025 2271 3420 2346 ipso_angelo;
3452 2277 3578 2345 quae
3616 2283 3701 2330 est
3735 2289 3824 2330 es-

2239 2348 2456 2415 plicatio
2496 2344 2669 2412 illius,
2720 2347 3095 2400 Ascenderunl.
3148 2344 3410 2399 Dicuntur
3451 2344 3594 2400 cnim
3637 2359 3826 2413 preces

2235 2421 2531 2474 ascendere
2572 2419 2626 2472 in
2677 2418 2993 2472 memoriam
3031 2419 3085 2472 in
3127 2429 3424 2485 conspectu
3463 2415 3590 2481 Dei,
3629 2431 3755 2470 cum
3791 2431 3825 2471 a

2233 2491 2435 2545 sanctis
2465 2489 2754 2559 spiritibus
2782 2488 2984 2544 divinae
3013 2487 3282 2554 Majesmti
3312 2486 3704 2559 quodammodo
3733 2501 3824 2559 re:

2234 2553 2650 2628 praesente—titur,
2699 2569 2752 2612 et
2799 2553 3345 2614 commemorantur.“
3373 2553 3470 2628 Sed
3514 2556 3711 2610 clarius
3745 2556 3818 2628 id

2235 2626 2496 2702 probatur
2523 2645 2590 2684 ex
2615 2631 3089 2702 Apocalyps._cap.
3117 2644 3208 2702 v_ttt
3230 2672 3244 2693 ,
3266 2628 3364 2702 ubi
3394 2627 3582 2682 dicitur
3603 2626 3821 2696 angelus

2234 2698 2431 2755 stetisse
2476 2712 2592 2754 ante
2633 2700 2830 2761 altare,
2861 2698 3065 2753 habens
3113 2698 3436 2753 thuribulum
3476 2713 3687 2751 aureum
3713 2738 3728 2762 ,
3773 2706 3824 2752 et

2236 2771 2360 2825 data
2383 2773 2463 2826 illi
2494 2773 2702 2825 incensa
2731 2771 2922 2836 multa,
2958 2781 3014 2824 ut
3044 2772 3190 2824 daret
3230 2771 3294 2822 de
3336 2770 3654 2823 orationibus
3700 2785 3822 2823 san-

2236 2852 2432 2895 ctorum
2477 2845 2716 2912 omnium
2723 2911 2731 2912 ί
2750 2859 2903 2912 super
2944 2843 3107 2894 altare
3154 2857 3367 2894 aureum
3403 2841 3541 2909 quod
3583 2847 3656 2893 est
3707 2847 3822 2894 ante

2236 2914 2476 2966 thronum
2518 2913 2636 2967 Dei.
2686 2911 2752 2965 Et
2788 2911 3039 2976 ascendit,
3070 2913 3254 2980 inquit,
3290 2913 3465 2980 fumus
3501 2912 3820 2980 incensurum

2235 2984 2300 3036 de
2335 2985 2651 3038 orationibus
2679 2991 2975 3037 sanctorum
3005 2983 3068 3035 de
3091 2979 3246 3034 manu
3274 2982 3448 3052 angeli
3482 2996 3660 3034 coram
3689 2979 3816 3035 Deo.

2235 3054 2330 3108 His
2360 3057 2570 3110 accedit
2621 3054 2914 3110 auctoritas
2954 3054 3242 3116 Ecclesia,
3273 3051 3395 3122 quae
3437 3051 3490 3106 in
3538 3067 3699 3107 sacro
3738 3067 3822 3107 cs-

615 3121 643 3160 δ
680 3123 798 3196 Div.
825 3123 1160 3196 augustinus
1183 3138 1353 3196 Serm.
1383 3124 1416 3178 5
1444 3125 1513 3196 de
1545 3125 1733 3180 Verbis
1765 3126 1979 3180 Domini
2011 3140 2120 3181 sec.
2153 3129 2199 3192 C
2233 3140 2375 3180 none
2419 3127 2597 3180 Missa:
2637 3127 2714 3181 sic
2758 3134 2875 3178 orat
2908 3143 2920 3176 :
2967 3125 3241 3192 Supplices
3270 3121 3319 3176 te
3345 3139 3596 3196 rogamus
3620 3163 3634 3186 ,
3667 3123 3822 3176 omni-

545 3191 734 3266 Mattb.
765 3211 777 3246 :
809 3191 938 3266 Cum
977 3195 1284 3266 aliquando,
1319 3193 1528 3266 inquit,
1570 3197 1771 3249 tardius
1813 3197 1936 3261 dat,
1988 3212 2127 3249 com-

545 3264 752 3317 mendat
784 3264 950 3329 dona,
986 3263 1088 3318 non
1120 3274 1289 3335 negat.
1323 3263 1423 3335 Diu
1454 3265 1744 3320 desiderata
1771 3266 1971 3320 dulcius
1997 3269 2127 3321 obti-

544 3343 747 3407 nentur,
779 3335 879 3388 cito
908 3345 1081 3388 autem
1111 3334 1234 3407 data
1262 3334 1550 3390 vilescunt:
1577 3347 1707 3406 pete,
1729 3351 1919 3407 qurere,
1952 3340 2124 3404 insta;

545 3405 766 3477 petendo
803 3415 861 3477 et
900 3406 1174 3475 quazrendo
1215 3409 1428 3477 crescis,
1471 3418 1527 3460 ut
1567 3405 1762 3477 capias.
1808 3407 1990 3462 Servat
2035 3409 2126 3462 tibi

551 3473 685 3528 Deus
724 3473 1008 3551 quodnon
1046 3476 1494 3551 vult__cito_da_re,
1531 3488 1585 3532 ut
1630 3473 1686 3531 tu
1733 3478 2127 3551 discasmtagna

543 3561 749 3689 argue)
767 3546 1062 3602 desiderare
1090 3547 1258 3620 (Vide
1285 3547 1354 3602 D.
1391 3547 1765 3621 Hieronymum
1793 3550 1848 3604 in
1874 3546 2127 3604 Habacuc

651 3656 665 3672 .
697 3635 714 3674 ι
760 3659 772 3672 .

547 3631 665 3674 can.
697 3631 772 3674 1).

610 3634 904 3772 ξ’Ᾱζ-ιξιηάθ
938 3689 1022 3745 hic
1051 3690 1368 3772 angelorum
1392 3705 1558 3746 unum
1586 3705 1654 3772 es
1682 3693 1968 3762 praecipuis
1994 3708 2125 3763 erga

543 3774 646 3814 nos
691 3761 942 3834 ofﬁcium
963 3761 1422 3834 acuminis-teriam
1449 3804 1463 3828 ,
1494 3763 1640 3833 quod
1671 3773 1756 3818 est
1786 3761 1975 3834 preces
2023 3761 2122 3819 no-

544 3831 903 3904 stras‘divina:
929 3832 1156 3887 bonitati
1179 3831 1396 3896 oiierre,
1419 3831 1620 3903 easque
1647 3836 1760 3890 suis
1787 3831 1972 3891 itidem
2005 3851 2125 3904 pre-

545 3901 699 3956 cibus
733 3903 922 3971 juvare
953 3912 1008 3957 et
1035 3904 1418 3958 commendare
1439 3946 1452 3966 ,
1482 3901 1544 3958 et
1562 3905 1742 3960 divina
1772 3908 1927 3960 nobis
1958 3901 2124 3961 bene-

544 3972 665 4028 ﬁcia
713 3988 1043 4043 procurare,
1093 3984 1148 4028 et
1192 3975 1590 4042 quodammodo
1631 3978 1695 4029 ad
1745 3991 1843 4030 nos
1886 3976 2121 4032 deferre.

543 4043 701 4108 Quod
749 4059 817 4098 ex
861 4045 1044 4097 multis
1089 4043 1390 4108 Scriptura:
1439 4044 1573 4098 locis
1623 4045 1965 4100 manifestum
2017 4055 2121 4101 est.

545 4114 743 4168 Genes.
781 4128 945 4167 xxvrtt
973 4131 984 4165 :
1020 4111 1166 4166 Vidit
1188 4111 1350 4168 Jaoob
1379 4115 1433 4168 in
1459 4115 1652 4168 somnis
1680 4116 1876 4170 scalam
1902 4126 2126 4170 stantem

543 4199 697 4254 super
725 4191 914 4257 terram
934 4224 948 4248 ,
978 4192 1025 4236 et
1051 4198 1292 4257 cacumen
1321 4188 1433 4257 ejus
1462 4193 1673 4257 tangens
1697 4186 1871 4242 caelos.
1902 4188 2126 4255 Angelos

543 4253 745 4325 quoque
802 4253 896 4306 Dei
934 4254 1287 4325 ascendentes
1334 4253 1379 4309 et
1434 4253 1792 4310 descendentes
1839 4274 1929 4325 per
1978 4253 2122 4325 eam,

545 4332 591 4378 et
621 4323 900 4377 Dominum
926 4324 1166 4377 innixum
1191 4325 1364 4379 scalae.
1407 4325 1677 4391 Quorsum
1705 4323 1849 4381 hoc?
1888 4329 1988 4382 nisi
2029 4323 2120 4391 ut,

545 4393 686 4469 quod
717 4411 804 4449 res
836 4397 948 4469 ipsa
977 4404 1030 4449 et
1058 4393 1333 4469 Scriptura
1364 4396 1598 4460 indicat,
1622 4412 1811 4453 causas
1837 4411 1998 4469 agant
2030 4401 2126 4454 ho-

543 4465 751 4520 minum
793 4465 989 4540 quibus
1039 4464 1379 4532 ministrant,
1411 4475 1468 4522 et
1495 4481 1784 4540 regnorum
1824 4464 1894 4524 ac
1920 4471 2122 4540 princi-

545 4519 762 4605 patuum
805 4519 998 4606 quibus
1045 4519 1316 4612 primum;
1334 4519 1682 4612 idsceitd'itnt—
1701 4519 1910 4611 quippe
1922 4519 1977 4594 'i
1987 4519 2129 4612 nee-li
2156 4519 2210 4580 Β

545 4615 604 4660 ut
631 4621 816 4676 preces
849 4616 1061 4662 nostras
1091 4607 1202 4661 Deo
1231 4607 1490 4674 oﬁerant,
1535 4607 1880 4666 descendunt
1917 4613 1982 4666 ad
2025 4607 2130 4667 nos

541 4685 604 4730 ut
643 4677 766 4753 ej_us_
808 4677 1068 4753 beneﬁcia
1101 4677 1274 4753 nobis
1299 4691 1591 4753 procurata
1633 4693 1687 4736 et
1726 4682 2015 4753 impetrata
2062 4684 2129 4739 ad

542 4763 643 4802 nos
672 4748 938 4824 deferant.
981 4747 1564 4824 iiincklibri’ludicum
1606 4767 1726 4818 cap.
1775 4747 1871 4809 xin
1901 4754 2131 4824 legimus

541 4820 790 4891 angelum
839 4820 1095 4874 nascituri
1123 4819 1402 4876 Samsonis
1429 4824 1787 4891 prtenuntium
1819 4819 2131 4882 ascendisse

544 4889 595 4965 in
623 4889 844 4965 crtelnm
887 4906 1009 4965 cunt
1039 4892 1258 4965 ﬂamma
1284 4889 1607 4965 ltolocausn.
1649 4894 1768 4961 Quo
1798 4896 2132 4965 signiﬁcatur

538 4961 811 5029 Angelnm
868 4961 1267 5032 quodammodo
1323 4963 1583 5019 detulisse
1640 4967 1691 5020 in
1749 4961 1946 5022 caelum
2005 4978 2131 5023 ante

539 5042 894 5109 consiiectum
954 5033 1162 5109 Domini
1217 5034 1783 5109 sacriiiciutn_bitinue
1837 5038 1890 5092 in
1933 5040 2132 5109 gratia-

538 5117 658 5177 rum
690 5105 959 5177 actionem
994 5105 1255 5177 oblatum.
1291 5103 1380 5177 Ad,
1403 5107 1516 5160 haec
1541 5106 1725 5163 Tobias
1755 5124 1847 5162 xu.
1893 5103 2130 5177 Angelus

539 5173 780 5252 llaplrael
829 5176 910 5252 his
956 5190 1077 5230 eum
1107 5175 1285 5252 verbis
1314 5176 1649 5245 alloquitur:
1688 5179 1914 5252 Quando
1945 5173 2130 5234 arabas

539 5259 655 5324 cum
683 5245 967 5324 lacrymis_,_
995 5255 1044 5299 et
1067 5245 1604 5324 sepeliebasmortugs
1627 5290 1640 5313 ,
1685 5245 1782 5324 ego
1815 5252 1975 5324 obtuli
2012 5267 2132 5304 ora-

539 5317 731 5388 tionem
755 5327 896 5388 tuam
931 5317 1168 5388 Domino.
1204 5317 1410 5388 Deinde
1441 5320 1491 5372 in
1531 5317 1950 5376 Graeco'ibidem
1985 5329 2132 5388 post-

538 5385 935 5460 ea__snbtlitur:
973 5387 1084 5460 Ego
1111 5387 1492 5460 sum_Raphael
1534 5407 1664 5445 unus
1708 5408 1773 5446 ea:
1799 5385 1996 5460 septem
2029 5408 2130 5446 an-

535 5456 665 5533 gelis
697 5459 885 5511 sanctis
912 5460 1001 5533 qui
1024 5456 1141 5513 Deo
1171 5456 1396 5533 oﬂ’erunt
1431 5478 1600 5533 preces
1637 5456 1953 5516 sanctorum.
1987 5462 2133 5518 Con-

535 5527 788 5579 tirmatu‘r
817 5543 880 5600 ex
923 5527 1177 5585 Actorum
1224 5543 1288 5593 χ,
1315 5527 1441 5600 _ubi'
1461 5533 1684 5600 angelus
1716 5534 1782 5588 ad
1814 5535 2129 5589 Cornelium

535 5607 782 5649 orantem
820 5599 1128 5676 ingressus,
1155 5601 1228 5652 ait
1254 5617 1266 5651 :
1299 5597 1568 5676 orationes
1593 5615 1695 5656 tua:
1719 5613 1766 5659 et
1795 5604 2132 5676 eleemosyna:

537 5676 645 5746 tut-te
685 5669 1021 5746 ascenderunt
1050 5671 1104 5723 in
1145 5673 1445 5746 memoriam
1494 5673 1547 5725 in
1591 5684 1871 5746 conspectu
1912 5669 2034 5729 Dei:
2067 5676 2133 5746 Et

537 5732 682 5786 infra
718 5751 730 5785 :
783 5734 1049 5816 Exaudita
1087 5749 1162 5816 est
1201 5739 1365 5792 oratio
1411 5748 1557 5816 tua,_
1577 5753 1626 5816 et
1667 5732 2002 5816 eliremosyna:
2029 5743 2131 5802 tua

539 5813 958 5860 commemoratae
986 5818 1106 5862 sunt
1131 5810 1188 5862 in
1212 5819 1486 5875 conspectu
1514 5809 1635 5866 Dei.
1680 5809 2132 5876 Commémorata

2232 3206 2411 3268 potens
2437 3197 2598 3263 Deus,
2622 3197 2751 3268 jube
2780 3196 2886 3250 haec
2919 3198 3072 3268 (vota
3095 3239 3110 3264 ,
3142 3196 3371 3268 scilicet,
3398 3208 3702 3263 precesque
3737 3209 3823 3268 ss:

2232 3264 2467 3322 cerdotis
2509 3278 2564 3322 et
2604 3264 2768 3322 totius
2812 3264 3024 3337 populi)
3063 3266 3278 3336 perferri
3319 3283 3412 3334 per
3454 3281 3639 3319 manus
3666 3264 3822 3337 uncti

2231 3340 2403 3405 angeli
2431 3341 2502 3392 tui
2533 3340 2584 3392 in
2615 3339 2831 3392 sublime
2855 3336 3018 3391 altare
3045 3348 3190 3391 tuum
3210 3380 3224 3403 ,
3258 3338 3312 3390 in
3342 3344 3620 3405 conspectu
3643 3336 3824 3391 divina

2233 3407 2523 3479 Majestatis
2553 3421 2686 3473 (itte,
2715 3421 2847 3472 etc.,
2883 3409 2970 3462 ubi
3000 3409 3250 3477 angelum
3291 3407 3559 3474 singulari
3596 3421 3823 3479 numero

2232 3476 2470 3549 positum
2501 3495 2621 3535 esse
2651 3495 2749 3551 pro
2779 3481 2968 3551 plurali
2989 3476 3265 3551 attitotattt
3303 3479 3672 3551 esptisitores.
3721 3476 3824 3551 P9-

2231 3547 2436 3605 stremo
2465 3547 2730 3606 accedunt
2759 3547 2812 3605 et
2839 3549 2940 3606 SS.
2975 3550 3192 3604 Patrum
3221 3548 3560 3604 testimonia.
3592 3547 3726 3602 Nam
3759 3547 3822 3602 D.

2230 3622 2561 3691 Augustinus
2608 3637 2713 3676 non
2762 3622 2937 3675 solum
2989 3621 3040 3675 id
3090 3619 3236 3685 ﬁeri,
3265 3620 3388 3691 (sed
3426 3623 3596 3674 etiam
3636 3635 3732 3674 cur
3773 3629 3827 3674 et

2233 3690 2506 3761 quomodo
2530 3693 2642 3756 ﬁat,
2673 3693 2896 3747 disserit
2924 3691 2979 3745 in
3006 3691 3222 3760 epistol.
3253 3690 3396 3753 £20;
3432 3691 3520 3744 ubi
3549 3703 3828 3755 esponeas

2230 3762 2368 3818 illud
2399 3765 2587 3833 psalmi
2616 3763 2861 3834 vigesimi
2903 3763 3060 3834 primi
3095 3779 3108 3814 :
3143 3761 3564 3834 Δᾼηηριηιὶαρἱω·
3605 3761 3824 3834 Domino

2230 3831 2488 3904 generatio
2512 3831 2726 3888 ventura
2743 3876 2758 3898 ,
2786 3836 2856 3888 ita
2883 3832 3063 3887 subdit
3089 3851 3100 3884 :
3129 3831 3251 3904 Non
3276 3834 3351 3904 ait
3376 3847 3393 3885 :
3419 3833 3829 3904 Anuuntiabitta’

2236 3900 2483 3960 Dominus
2522 3906 2834 3975 generationi
2874 3914 3098 3975 ventura:
3118 3947 3131 3971 ,
3161 3903 3251 3957 sed
3282 3903 3691 3957 Annuntiabitur
3719 3900 3831 3956 Da-

2231 3978 2371 4029 mino
2391 3974 2654 4047 generatio
2685 3985 2914 4029 ventura.
2942 3974 3094 4047 Quod
3123 3991 3223 4026 non
3250 3975 3324 4028 sic
3345 3975 3705 4047 accipiendum
3731 3982 3827 4047 est,

2232 4044 2490 4117 tamquam
2519 4047 2761 4101 nescienti
2803 4045 2998 4115 aliquid
3035 4047 3390 4117 annuntietur,
3429 4044 3486 4099 ut
3526 4044 3831 4117 sciat;_se_d

2229 4112 2361 4171 sicut
2388 4119 2693 4171 annuntiant
2719 4112 2924 4189 angeli,
2953 4133 3053 4170 non
3077 4118 3241 4189 solum
3263 4116 3411 4170 nobis
3435 4116 3676 4189 beneﬁcia
3705 4112 3826 4189 D_ei,

2229 4202 2405 4260 verum
2433 4190 2601 4260 etiant
2614 4190 2692 4242 illi
2725 4183 2897 4260 préces
2927 4199 3147 4241 nostras.
3183 4185 3326 4260 Nam
3350 4188 3698 4260 scriptumest
3723 4183 3832 4260 Io-

2234 4257 2329 4332 bia:
2368 4275 2442 4332 _xtt
2469 4260 2521 4313 in
2559 4253 2761 4323 Graeco,
2808 4262 2892 4313 ubi
2931 4260 3145 4332 angelus
3193 4253 3480 4311 hominibus
3518 4253 3831 4332 dicit:_Ego

2236 4329 2395 4382 obtuli
2424 4332 2719 4384 memoriam
2745 4327 3245 4394 orationis'vestrre;
3285 4343 3384 4380 non
3427 4337 3485 4379 ut
3523 4336 3651 4380 tunc
3681 4327 3830 4382 Deus

2237 4402 2432 4472 noverit
2460 4402 2582 4472 quid
2611 4403 2823 4455 velimus
2865 4402 2940 4455 vel
2978 4417 3076 4470 quo
3116 4401 3464 4472 indigeamus:
3495 4395 3660 4472 Novit
3688 4398 3836 4472 enim

2237 4469 2395 4525 Pater
2427 4466 2604 4540 vester,
2636 4474 2707 4526 ait
2741 4466 3010 4536 Dominus,
3039 4473 3165 4540 quid
3191 4466 3323 4523 vobis
3350 4466 3695 4540 necessariam
3725 4470 3833 4540 sit,

2237 4545 2533 4613 priusquam
2563 4535 2746 4610 petatis
2774 4542 2839 4595 ab
2867 4559 2926 4596 eo
2949 4559 2968 4609 ;
2997 4535 3087 4613 sed
3113 4543 3232 4613 quia
3261 4553 3450 4613 necesse
3471 4535 3620 4589 habet
3649 4538 3836 4613 ratiof

2235 4609 2367 4668 nalis
2392 4609 2625 4668 creatura
2653 4615 3004 4683 obtemperans
3048 4609 3157 4667 Deo
3201 4609 3501 4680 temporales
3523 4623 3729 4683 causas
3756 4611 3836 4664 ad

2235 4695 2476 4739 internum
2506 4686 2771 4739 veritatem
2797 4679 2988 4753 referre
3008 4726 3021 4750 ,
3053 4685 3155 4737 sive
3183 4679 3403 4752 petendo
3447 4679 3571 4752 quid
3612 4695 3737 4752 erga
3777 4696 3839 4736 se

2235 4755 2328 4824 ﬁat
2348 4797 2361 4821 ,
2387 4757 2491 4809 sive
2520 4757 2827 4810 consulendo
2857 4757 2981 4823 quid
3010 4755 3208 4824 faciat;
3236 4754 3323 4823 qui
3364 4753 3479 4824 pius
3520 4754 3704 4805 mentis
3745 4753 3838 4822 af-

2235 4823 2401 4895 fectus
2431 4837 2505 4880 est
2525 4869 2540 4892 ,
2569 4835 2624 4880 ut
2665 4829 2774 4898 ipsa
2812 4823 3161 4898 construatur,
3196 4840 3298 4898 non
3339 4833 3396 4898 ut
3427 4823 3561 4877 Deus
3581 4825 3837 4898 instrata—

2235 4907 2338 4949 tur.
2369 4897 2637 4966 ltupertns
2665 4895 2758 4952 lib.
2787 4912 2842 4952 rx
2873 4897 2941 4953 de
2969 4897 3204 4951 Victoria
3232 4895 3400 4949 Verbi
3422 4908 3542 4966 cap.
3575 4895 3647 4947 8:
3683 4895 3837 4966 seire

2235 4962 2504 5035 debemus,
2537 4971 2741 5037 inquit,
2778 4978 2986 5022 sanctos
3024 4966 3236 5036 angelos
3266 4969 3396 5018 inter
3440 4962 3618 5037 Deum
3646 4972 3694 5016 et
3735 4963 3838 5018 lto-

2237 5039 2399 5092 tnines
2430 5037 2526 5093 Dei
2552 5036 2718 5094 servos
2738 5056 2847 5093 esse
2874 5039 3316 5092 administratores
3340 5052 3360 5102 ;
3392 5043 3438 5088 et
3469 5050 3563 5088 nos
3605 5036 3660 5086 in
3701 5050 3838 5088 con-

2235 5118 2413 5179 spectu
2442 5127 2615 5164 eorum
2645 5112 2865 5178 psallere
2885 5150 2900 5176 ,
2945 5120 2994 5164 et
3035 5124 3186 5162 orare
3207 5148 3220 5172 ,
3265 5122 3448 5179 eosque
3490 5121 3685 5179 semper
3710 5120 3841 5179 esse

2237 5174 2447 5246 paratos
2489 5182 2556 5234 ad
2601 5174 2894 5248 offerendas
2930 5182 3036 5234 Deo
3088 5174 3659 5248 orationes'Ecclesire.
3710 5174 3836 5228 Div.

2236 5250 2544 5306 Bernardus
2581 5246 2743 5307 scrin.
2781 5254 2810 5304 7
2851 5254 2901 5305 in
2941 5250 3200 5304 Cantica:
3243 5246 3545 5310 Credimus,
3587 5248 3698 5309 ait,
3731 5260 3837 5297 ass-

2235 5322 2376 5392 gelos
2414 5333 2615 5376 sanctos
2643 5332 2812 5378 astare
2850 5320 3145 5384 orantibus,
3178 5320 3365 5386 oﬁerre
3397 5317 3506 5371 Deo
3541 5326 3838 5392 preces,_¢t

2237 5387 2353 5444 vota
2384 5394 2647 5447 hominum
2671 5411 2687 5457 ;
2718 5393 2806 5447 ubi
2833 5407 2999 5445 tamen
3027 5392 3137 5444 sine
3165 5392 3243 5443 ira
3273 5401 3321 5444 et
3351 5388 3721 5456 disceptatione
3748 5387 3836 5441 lc-

2236 5465 2344 5516 vari
2375 5480 2535 5533 puras
2572 5481 2756 5518 manus
2800 5463 3172 5535 perspexerint.
3217 5461 3284 5535 Et
3323 5460 3462 5514 inira
3504 5461 3583 5512 sic
3611 5467 3835 5535 sanctos

2236 5529 2456 5604 angelos
2481 5536 2775 5602 alloquitur
2795 5529 2812 5586 τ’
2843 5529 2971 5600 Quis
2997 5533 3138 5586 dabit
3166 5534 3293 5584 mihi
3314 5547 3403 5601 per
3424 5546 3532 5597 vos,
3562 5546 3592 5604 o
3621 5529 3836 5604 benigni

2234 5596 2492 5678 principes
2515 5649 2526 5667 .
2561 5596 3044 5678 petitiones—meas
3070 5596 3405 5678 innotescere
3434 5596 3580 5678 apud
3611 5596 3784 5678 Deum
3812 5601 3836 5655 .’

2238 5670 2364 5730 Non
2391 5670 2526 5730 enim
2548 5670 2679 5740 Deo,
2706 5679 2788 5730 cui
2816 5677 2967 5729 etiam
2995 5675 3239 5745 cogitatio
3268 5673 3488 5745 [taurinis
3519 5670 3836 5745 conﬁtetur:

2235 5751 2324 5831 κά
2372 5752 2516 5831 τινας
2554 5731 2757 5831 iter;
2781 5747 2879 5800 ἰοσ
2913 5758 3019 5812 εει»
3058 5731 3213 5831 ira“.
3251 5744 3492 5831 rei}?!
3513 5731 3835 5831 -ἕξέὲξεξιξ

2239 5830 2343 5874 tam
2372 5811 2530 5876 beatis
2560 5820 2832 5875 virtutibus
2856 5833 3010 5889 quam
3037 5811 3090 5895 et
3115 5811 3274 5872 carne
3293 5814 3476 5872 solutis
3503 5811 3811 5883 spiritibus.
