4048 6198
261 356 374 432 815

1378 362 1726 426 COLLATIO
1762 361 1856 432 IX,
1886 393 1957 406 —
1984 359 2076 419 DE
2116 361 2489 421 ORATIONE.

3471 379 3580 438 8M

266 497 400 541 num
441 483 510 546 ad
562 461 664 540 nos
709 483 1034 542 beneﬁcium
1077 483 1388 552 delaturos,
1425 492 1450 521 ι
1482 499 1512 538 a
1555 481 1696 538 facie
1739 481 1868 540 Om-
1894 481 1943 542 Α
1973 479 2039 534 ad
2071 475 2526 550 colaphizandum
2557 496 2685 536 eum
2713 483 3000 555 appositus
3028 483 3206 541 luerat
3237 489 3453 545 Domini
3485 508 3576 548 vor-

270 575 576 645 nipotentis
627 591 886 648 egressus
937 577 1224 634 resistente
1272 575 1486 631 diabolo
1537 581 1863 641 remoretur,

273 683 442 739 quem
474 679 684 724 certum
725 678 810 726 est
848 671 1226 726 transmissum
1258 669 1503 724 muneris
1533 667 1866 724 desiderium

274 760 530 832 ingerere
559 777 666 819 non
705 778 905 836 posse,
946 765 991 820 si
1037 779 1139 819 nos
1177 780 1205 818 a
1247 763 1542 836 propositae
1588 762 1868 834 petitionis

273 851 586 908 intentione
632 869 876 911 cessasse
925 857 1208 926 repererit.
1260 845 1416 926 Quod
1465 849 1627 911 etiam
1679 870 1871 926 supra-

273 944 425 1000 dicto
453 947 732 1017 propheta:
762 947 1118 1017 proculdubio
1148 947 1399 1004 accidere
1429 949 1730 1016 potuisset,
1763 947 1871 1002 nisi

271 1037 479 1092 virtute
523 1039 930 1110 incomparabili
972 1039 1024 1093 in
1068 1039 1302 1110 primum
1349 1046 1514 1110 atque
1551 1039 1870 1098 vicesimum

268 1125 416 1183 diem
465 1129 770 1184 orationum
812 1145 1035 1185 suarum
1085 1131 1552 1200 perseverantiam
1604 1127 1872 1200 prot‘elas-

270 1232 375 1279 sel.
410 1223 496 1279 Ab
528 1224 685 1293 hujus
718 1225 882 1295 igitur
916 1224 1046 1279 lidei
1078 1224 1415 1280 conﬁdentia
1457 1223 1609 1279 nulla
1656 1224 1872 1294 penitus

273 1317 661 1389 desperatione
708 1320 1044 1390 lrangamur,
1098 1333 1223 1374 cum
1271 1318 1575 1372 orationem
1629 1325 1872 1372 nostram

270 1426 371 1466 nos
400 1411 708 1467 obtinuisse
738 1411 964 1466 minime
995 1411 1336 1467 senserimus
1358 1451 1374 1477 ,
1421 1422 1525 1464 nec
1562 1407 1876 1464 haesitemus

265 1519 432 1574 super
460 1504 681 1562 Domini
715 1505 1014 1573 Sponsione
1045 1503 1280 1560 dicentis
1309 1520 1321 1556 :
1375 1501 1561 1557 Omnia
1603 1517 1871 1574 quacum-

266 1614 364 1667 que
391 1599 649 1667 petieritis
679 1597 736 1652 in
760 1598 999 1652 oratione
1030 1597 1292 1650 credentes
1315 1638 1330 1663 ,
1361 1596 1626 1664 accipietis
1653 1595 1872 1664 (Hattlt.

279 1690 487 1762 ntv).
525 1689 850 1745 Retractare
881 1703 1118 1759 namque
1149 1702 1247 1743 nos
1272 1687 1528 1743 convenit
1554 1688 1701 1743 illam
1730 1687 1874 1743 beati

282 1780 518 1844 Joannis
568 1780 920 1851 evangelista;
971 1779 1335 1847 sententiam,
1397 1795 1498 1852 qua
1549 1780 1874 1852 ambiguitas

1974 570 2185 626 luntatc
2206 613 2221 635 ,
2251 571 2436 627 dicens
2469 588 2482 626 :
2516 571 2742 644 Propter
2772 575 2912 646 quod
2939 585 3011 629 ter
3044 576 3322 631 Dominum
3352 585 3561 651 rogavi,

1971 673 2028 719 ut
2056 665 2336 718 discederet
2362 681 2394 718 a
2423 681 2499 718 me
2521 707 2536 732 ,
2577 677 2625 720 et
2668 666 2800 721 dixit
2831 667 2954 721 mihi
2984 684 3002 721 .°
3035 667 3232 739 Sufﬁcit
3281 671 3371 724 tibi
3401 675 3576 744 gratia

1971 771 2128 821 mea;
2161 771 2282 809 nam
2311 758 2473 811 virtus
2502 759 2554 811 in
2585 756 2887 828 inﬁrmitate
2912 761 3177 830 perﬁcitur
3203 764 3219 830 (
3241 763 3262 815 Ι
3281 762 3403 816 Cor.
3431 763 3566 836 xu).

1969 844 2144 914 Quem
2193 849 2417 903 sensum
2465 851 2631 904 etiam
2661 849 2692 889 ι’
2726 849 2993 906 Dominus
3037 867 3198 908 orans
3231 867 3298 908 ex
3339 869 3575 924 persona

1974 939 2220 994 hominis
2251 940 2519 1008 assumpti
2547 983 2562 1008 ,
2595 951 2655 996 ut
2696 941 2928 998 formam
2971 957 3194 1014 quoque
3233 944 3424 1000 orandi
3471 959 3575 1000 no-

1973 1031 2060 1087 bis
2080 1073 2094 1099 ,
2123 1030 2581 1102 quemadmodum
2611 1041 2666 1090 et
2690 1046 2886 1090 caetera
2908 1081 2922 1104 ,
2953 1051 3054 1091 suo
3083 1037 3356 1106 pratberet
3385 1051 3574 1094 exem-

1976 1123 2104 1193 plo,
2149 1123 2222 1178 ita
2266 1135 2389 1179 cum
2435 1135 2621 1180 oraret
2664 1127 2973 1196 expressit:
3007 1126 3192 1196 Pater,
3242 1130 3288 1184 si
3329 1130 3576 1202 possibile

1977 1221 2053 1270 est
2078 1256 2092 1281 ,
2127 1222 2356 1270 transeat
2385 1233 2417 1270 a
2443 1229 2524 1271 me
2553 1218 2694 1272 ralia:
2732 1220 2829 1273 iste
2857 1236 2874 1272 :
2900 1231 3250 1276 verumtamen
3292 1237 3398 1277 non
3440 1225 3578 1278 sicut

1977 1323 2070 1378 ego
2101 1306 2248 1374 volo,
2280 1309 2372 1361 sed
2397 1309 2528 1364 sicut
2570 1319 2626 1363 tu
2669 1309 2897 1380 (Matth.
2929 1313 3130 1383 xxvr),
3168 1325 3188 1352 ο
3222 1329 3344 1370 cum
3387 1315 3579 1385 utique

1979 1398 2094 1467 ejus
2139 1414 2168 1453 a
2217 1397 2394 1454 Patris
2440 1400 2721 1458 voluntate
2765 1419 2871 1458 non
2914 1403 3255 1474 discreparet
3295 1407 3569 1464 voluntas.

1988 1491 2206 1548 Venerat
2232 1495 2365 1548 enim
2393 1494 2592 1548 saltare
2620 1496 2758 1566 quod
2784 1497 3005 1568 perierat
3037 1497 3265 1568 (Matth.
3292 1515 3424 1555 xvut
3444 1499 3463 1571 )
3486 1543 3500 1565 ,
3528 1509 3578 1555 et

1980 1587 2106 1642 dare
2133 1585 2359 1644 animant
2395 1605 2542 1644 suam
2587 1590 2986 1663 redemptionem
3012 1609 3106 1664 pro
3140 1593 3314 1648 multis
3345 1593 3571 1665 (Matth.

1985 1694 2056 1732 xx
2079 1679 2097 1749 )
2120 1720 2134 1743 ,
2167 1679 2236 1734 de
2265 1695 2371 1750 qua
2403 1681 2521 1749 ipse
2551 1680 2687 1736 dicit
2715 1701 2725 1734 :
2764 1681 2931 1738 Nemo
2965 1683 3100 1739 tollit
3140 1685 3369 1742 animam
3413 1704 3580 1741 meam

1982 1786 2012 1822 a
2045 1783 2119 1822 me
2142 1812 2156 1837 ,
2187 1771 2276 1824 sed
2307 1787 2400 1844 ego
2432 1785 2566 1841 pono
2596 1789 2710 1827 eam
2749 1789 2781 1826 α
2821 1776 3039 1843 meipso.
3073 1775 3386 1831 Potestatem
3415 1777 3580 1832 habeo

272 1873 443 1942 huius
491 1873 817 1944 ηυεειίοηίε
865 1873 1151 1929 θγίάθηιειρ
1198 1873 1496 1929 absolvitur
1525 1891 1536 1926 ε
1584 1871 1711 1929 Hm
1758 1883 1832 1930 εει
1855 1916 1870 1941 ⁷
1902 1872 1952 1932 Β
1979 1863 2204 1933 ponendi
2229 1879 2362 1932 eam,
2395 1873 2442 1918 et
2471 1874 2771 1934 potestatem
2803 1867 2963 1922 habeo
2988 1870 3174 1924 iterum
3196 1873 3434 1926 sumendi
3465 1887 3578 1926 eam

277 1967 498 2038 inquit,
530 1966 729 2035 ﬁducia
754 1983 905 2038 quam
950 1968 1191 2027 habemus
1220 1967 1290 2022 ad
1318 1968 1518 2036 Deum,
1563 1971 1684 2040 quia
1723 1971 1879 2042 quid-

279 2062 408 2131 quid
450 2061 750 2132 petierimus
781 2061 1056 2118 secundum
1085 2061 1398 2118 voluntatem
1427 2065 1538 2134 ejus
1561 2106 1574 2128 ,
1610 2048 1755 2118 audit
1786 2079 1880 2117 nos

278 2152 326 2222 (l
353 2151 516 2208 Joan.
546 2154 627 2220 v).
676 2153 816 2224 Ergo
859 2168 1026 2223 super
1065 2153 1150 2208 bis
1194 2162 1400 2208 tantum
1444 2154 1658 2222 plenam
1697 2169 1795 2210 nos
1825 2163 1882 2210 et

278 2241 700 2297 indubitabilem
729 2243 892 2313 jussit
929 2243 1295 2300 exauditionis
1337 2244 1545 2300 habere
1590 2243 1879 2314 fiduciam,

281 2350 409 2406 quae
438 2352 544 2391 non
579 2336 775 2391 nostris
803 2337 1110 2394 commodis
1158 2351 1261 2392 nec
1305 2337 1522 2393 solatiis
1567 2339 1882 2409 temporali-

280 2427 425 2495 bus,
453 2427 547 2484 sed
583 2429 795 2485 Domini
826 2439 1134 2500 congruunt
1168 2430 1465 2486 voluntati.
1513 2429 1672 2496 Quod
1713 2433 1881 2490 etiam

277 2522 338 2574 In
369 2520 618 2575 oratione
644 2520 933 2574 Dominica
960 2520 1268 2575 admiscere
1299 2520 1648 2591 pramipimur
1689 2521 1879 2579 dicen-

278 2622 407 2669 tes:
452 2612 577 2667 Fiat
622 2612 858 2668 uoluntas
901 2624 989 2668 tua
1035 2612 1269 2686 (Matth.
1296 2615 1426 2686 v1),
1474 2615 1726 2682 scilicet,
1772 2631 1878 2674 non

284 2713 499 2760 nostra.
535 2705 592 2764 Si
625 2707 766 2760 enim
797 2715 852 2762 et
884 2704 1017 2761 illud
1047 2704 1297 2774 Apostoli
1330 2706 1709 2776 recordemur,
1743 2723 1880 2778 quo-

280 2795 430 2850 niam
459 2796 582 2864 quid
613 2812 816 2851 oremus
843 2797 1131 2851 secundum
1165 2796 1306 2863 quod
1345 2806 1580 2868 oportet,
1624 2800 1881 2854 nescimus

282 2887 466 2960 (Rom.
507 2889 667 2960 vui),
712 2889 1074 2959 intelligimus
1117 2903 1525 2960 nonnumquam
1573 2891 1734 2945 saluti
1776 2906 1879 2948 no-

280 2988 416 3036 stra:
449 2983 724 3042 contraria
757 2982 1059 3052 postulare,
1085 2991 1138 3040 et
1165 2983 1608 3040 commodissime
1631 2983 1787 3039 nobis
1811 2984 1881 3044 ab

278 3087 354 3128 eo
383 3073 474 3143 qui
501 3074 767 3130 utilitates
797 3084 1016 3132 nostras
1043 3077 1246 3132 rectius
1290 3091 1454 3148 quam
1486 3092 1585 3134 nos
1623 3092 1688 3133 ac
1726 3092 1882 3134 vera-

282 3165 408 3221 cius
437 3166 701 3232 intuetur,
734 3182 798 3223 ea
830 3183 950 3238 quae
981 3169 1260 3238 poscimus
1301 3169 1579 3241 denegari.
1611 3170 1766 3239 Quod
1797 3171 1882 3230 illi

1984 1954 2166 2026 (Joan.
2193 1957 2268 2027 ι).
2298 1956 2377 2013 Ex
2405 1958 2560 2027 cujus
2589 1974 2824 2028 persona
2852 1976 3018 2032 super
3045 1965 3252 2020 unitate
3282 1965 3580 2020 voluntatis

1983 2061 2096 2104 sua:
2124 2065 2284 2119 quam
2305 2065 2428 2105 cum
2455 2051 2614 2107 Patre
2635 2052 2838 2123 jugiter
2865 2056 3212 2123 possidebat,
3240 2073 3338 2126 per
3359 2058 3581 2114 beatum

1982 2159 2200 2214 quoque
2219 2144 2385 2200 David
2413 2145 2463 2200 in
2489 2142 2705 2200 Psalmo
2732 2148 3008 2203 tricesimo
3031 2165 3174 2204 nono
3193 2151 3265 2206 ita
3290 2162 3575 2207 cantatur:

1986 2237 2054 2293 Ut
2084 2237 2305 2308 facerem
2336 2239 2652 2293 voluntatem
2683 2248 2822 2293 tuam
2842 2281 2858 2306 ,
2890 2240 3031 2295 Deus
3060 2259 3222 2308 meus,
3254 2243 3411 2298 volui.
3445 2245 3581 2302 Nam

1983 2338 2038 2386 et
2066 2330 2145 2385 sic
2165 2330 2233 2385 de
2261 2330 2420 2385 Patre
2452 2330 2681 2399 legimus
2709 2349 2720 2383 :
2758 2331 2851 2386 Sic
2879 2333 3015 2386 enim
3045 2330 3187 2387 Deus
3219 2335 3401 2388 dilexit
3431 2352 3581 2389 mun-

1983 2424 2142 2498 dum,
2177 2433 2230 2479 ut
2259 2425 2584 2499 unigenitum
2624 2421 2826 2480 Filium
2859 2443 3006 2480 suum
3050 2427 3193 2480 daret
3240 2425 3435 2493 (Joan.
3462 2427 3581 2497 ut).

1984 2515 2052 2572 Et
2084 2515 2154 2572 de
2181 2515 2322 2572 Filio
2352 2516 2708 2576 nihilominus
2741 2517 3069 2586 invenimus,
3100 2517 3200 2585 Qui
3232 2517 3369 2572 dedit
3396 2531 3584 2574 semct-

1982 2610 2154 2681 ipsum
2199 2627 2293 2682 pro
2338 2611 2559 2680 peccatis
2607 2613 2796 2666 nostris
2839 2610 3050 2680 (Galat.
3097 2612 3191 2682 ιι).
3227 2612 3292 2666 Et
3321 2614 3582 2682 quemad~

1985 2703 2206 2758 modum
2235 2704 2302 2760 de
2333 2703 2426 2758 illo
2458 2702 2693 2759 refertur
2719 2724 2732 2759 :
2763 2705 2863 2770 Qui
2892 2705 3044 2758 etiam
3073 2707 3285 2776 proprio
3313 2705 3457 2760 Filio
3485 2723 3582 2762 suo

1985 2813 2087 2852 non
2138 2799 2396 2864 pepercit,
2447 2797 2539 2854 sed
2594 2813 2686 2866 pro
2733 2797 2878 2852 nobis
2924 2799 3157 2853 omnibus
3208 2800 3424 2854 tradidit
3464 2817 3584 2855 eum

1987 2891 2344 2961 (Romvnl):
2387 2891 2459 2943 ita
2510 2889 2579 2945 de
2625 2891 2728 2944 isto
2771 2899 3041 2955 narratur,
3089 2891 3307 2948 Oblatas
3350 2903 3422 2948 est
3463 2893 3584 2963 quia

1985 2984 2096 3056 ipse
2128 2982 2289 3036 voluit
2315 2981 2496 3054 (Isaia:
2519 2980 2661 3054 un).
2697 2984 2762 3037 Et
2788 2983 2860 3038 ita
2889 2984 3065 3038 Patris
3092 2996 3146 3039 et
3173 2986 3296 3040 Filii
3324 2987 3580 3043 voluntas

1985 3092 2094 3135 una
2124 3091 2219 3146 per
2247 3077 2427 3131 omnia
2458 3076 2794 3148 designatur,
2831 3086 2889 3132 ut
2927 3077 3089 3134 etiam
3133 3079 3189 3133 in
3235 3080 3352 3149 ipso
3399 3094 3585 3134 resur-

1986 3169 2249 3226 rectionis
2275 3170 2569 3225 Dominica:
2593 3179 2938 3226 sacramento
2959 3171 3204 3240 operatio
3228 3187 3336 3226 non
3359 3171 3584 3230 dissona

280 3271 506 3328 quoque
533 3259 795 3330 magistro
819 3261 1060 3331 gentium
1091 3261 1359 3319 accidisse
1386 3279 1495 3320 non
1524 3263 1746 3320 dubium
1774 3273 1876 3334 est,
1909 3257 1956 3322 C
1990 3265 2155 3320 luisse
2183 3265 2464 3320 doceatur.
2497 3263 2630 3320 Nam
2661 3263 2804 3320 sicut
2833 3265 3295 3320 resurrectionem
3331 3266 3580 3334 corporis

282 3365 413 3409 cum
437 3362 618 3410 oraret
647 3353 848 3410 auferri
874 3368 905 3410 a
929 3367 990 3410 se
1019 3355 1273 3424 angelum
1302 3355 1521 3413 Satanae
1547 3357 1641 3426 qui
1667 3358 1873 3415 utiliter

1981 3360 2101 3430 ejus
2143 3359 2355 3415 Patrem
2399 3368 2690 3429 operatum
2741 3357 2934 3415 beatus
2980 3358 3276 3428 Apostolus
3326 3357 3583 3427 praedicat

1367 3493 1625 3551 ALABDI
1663 3495 1897 3555 GAZEI
1937 3495 2506 3554 COMMENTARIUS.

367 3615 394 3643 ι
423 3605 620 3681 Egredi
650 3605 846 3662 dicitur
871 3608 1097 3680 angelus
1128 3623 1158 3662 a
1184 3607 1320 3681 facie
1345 3609 1474 3678 Dei,
1506 3624 1610 3666 non
1640 3611 1783 3681 quod
1812 3611 1881 3666 ab

283 3677 405 3747 ejus
439 3678 630 3750 notitia
659 3688 712 3732 et
732 3677 1006 3750 pmentia,
1040 3680 1420 3746 prmsentiave,
1454 3697 1549 3747 per
1581 3677 1738 3750 quam
1766 3683 1884 3748 ubi-

283 3763 393 3820 que
420 3748 841 3822 est,‘discedat,
880 3761 970 3804 aut
1009 3751 1128 3822 ejus
1169 3751 1414 3806 beatiﬁca
1455 3748 1664 3808 visione
1704 3753 1882 3820 prive-

285 3819 417 3896 tur;
460 3819 571 3896 sed
593 3822 717 3890 quia
747 3864 761 3889 ,
807 3819 1161 3896 peracta'pro
1189 3823 1357 3896 nobis
1397 3819 1792 3896 supplicatione
1826 3833 1882 3896 et

285 3891 691 3964 intercessione
730 3891 870 3964 apud
917 3891 1118 3960 Deum,
1172 3894 1357 3947 divina
1397 3891 1564 3964 nobis
1613 3893 1879 3964 beneﬁcia

179 4021 190 4028 λ
283 3961 570 4016 delaturos
613 3963 695 4017 vel
729 3961 1073 4018 nuntiaturus
1103 3964 1170 4018 ad
1212 3979 1312 4018 nos
1343 3963 1590 4019 advenit.
1623 3963 1778 4030 Nam,
1823 3973 1881 4018 ut

285 4034 368 4087 ait
397 4032 720 4100 Aposmlus,
756 4033 945 4087 Omnes
975 4043 1094 4088 sunt
1118 4036 1549 4090 administratorii
1579 4037 1794 4101 spiritus
1823 4037 1880 4089 in

287 4103 642 4176 ministerium
675 4104 854 4176 missi,
899 4116 1104 4176 propter
1145 4123 1227 4160 eos
1270 4108 1357 4175 qui
1397 4107 1744 4161 [nereditatem
1787 4121 1879 4160 ca-

288 4172 668 4258 piuntls'alptis
701 4172 971 4258 (ﬂete).
994 4172 1188 4258 Neque
1223 4172 1388 4258 tamen
1411 4219 1425 4243 ,
1468 4178 1642 4258 ait_B.
1676 4176 1883 4258 Grego-

289 4241 411 4298 rius
459 4241 612 4314 (Lib.
645 4258 683 4297 ιι
711 4241 1235 4316 ’Μοναι.ἐαρ.’5),
1285 4249 1360 4300 sic
1397 4241 1426 4300 a
1467 4249 1642 4302 divina
1687 4241 1881 4303 visione

289 4316 440 4386 foras
467 4324 685 4392 exeunt,
719 4318 1487 4392 ut_interntecontemplationis
1526 4320 1728 4390 gaudiis
1765 4321 1879 4392 pri-

291 4391 517 4444 ventur;
547 4386 666 4454 quia
693 4387 736 4440 si
767 4386 1060 4441 Conditoris
1099 4386 1355 4460 aspectum
1394 4386 1636 4444 exeuntes
1677 4386 1882 4444 amitte-

286 4464 405 4531 rent
427 4497 441 4523 ,
471 4473 562 4510 nec
581 4461 818 4531 jacentes
849 4460 1037 4531 erigere
1065 4476 1154 4518 nec
1197 4461 1553 4530 ignorantibus
1592 4477 1708 4515 vera
1748 4477 1880 4514 nun-

290 4528 420 4606 tiare
451 4528 652 4595 possent
678 4546 696 4594 ;
737 4528 1032 4606 [antemnae
1061 4528 1233 4594 luris,
1252 4545 1401 4606 quem
1432 4533 1745 4606 egredientes
1780 4532 1881 4606 ipsi

289 4597 564 4668 perderent
587 4643 600 4666 ,
630 4600 779 4672 etecis
805 4597 1097 4654 nullatenus
1123 4597 1479 4672 prapinarenﬂ
1501 4600 1567 4655 In
1593 4603 1686 4656 hoc
1706 4597 1882 4672 itaque

290 4674 370 4739 est
401 4678 588 4722 natura
616 4670 846 4739 angelica
890 4688 921 4723 a
966 4670 1165 4724 natura:
1204 4670 1394 4726 nostra:
1441 4675 1733 4726 conditione
1775 4670 1882 4727 dis-

292 4738 460 4810 tincta
483 4777 498 4802 ,
525 4740 662 4808 quod
689 4738 780 4793 nos
806 4751 856 4795 et
897 4740 1007 4795 loco
1049 4743 1534 4810 circnmscribinmr,
1565 4753 1610 4797 et
1638 4745 1882 4798 edacitatis

288 4809 588 4892 ignorantia
632 4823 971 4892 coarctamur,
1019 4815 1313 4892 angelorum
1356 4830 1472 4868 vero
1515 4809 1743 4892 spiritus
1769 4815 1882 4892 loco

287 4878 501 4953 quidem
533 4879 902 4953 circumscripti
931 4878 1216 4948 suun—sed
1252 4896 1418 4937 tamen
1459 4878 1635 4938 eor'um
1672 4887 1883 4940 scientia

287 4951 443 5023 longe
459 4967 615 5023 super
635 4967 726 5005 nos
749 4951 1216 5022 incomparabiliter
1238 4955 1505 5009 dilatatur.
1523 4955 1591 5010 Et
1608 4957 1884 5009 mittuntur

285 5021 468 5094 igitur,
497 5021 543 5075 et
573 5023 862 5079 assistunt:
895 5021 1015 5099 quia
1045 5041 1135 5097 per
1165 5027 1290 5099 hoc,
1331 5026 1468 5096 quod
1508 5027 1882 5099 circumscripti

286 5093 409 5145 sunt
432 5134 446 5159 ,
475 5103 664 5146 exeunt
687 5107 708 5158 ,'
735 5105 782 5147 et
807 5093 1024 5169 per/Ioc
1045 5093 1189 5169 'qu_od
1215 5093 1354 5148 intus
1383 5114 1582 5169 quoque
1607 5093 1884 5168 pt‘wsettles

286 5175 410 5215 sunt
425 5202 454 5236 ,_
474 5179 756 5236 numquam
783 5166 1050 5236 recedunt.
1086 5165 1154 5219 Et
1183 5169 1368 5235 faciem
1393 5165 1516 5236 ergo
1549 5165 1720 5220 Patris
1749 5177 1883 5220 scm-

285 5249 383 5305 per
406 5233 579 5288 uident
608 5233 836 5303 (Matth.
864 5251 994 5290 xvnt
1017 5238 1034 5305 )
1057 5276 1071 5299 ,
1104 5247 1150 5290 et
1183 5233 1352 5290 tamen
1391 5233 1470 5290 ad'
1499 5251 1588 5291 nos
1632 5241 1837 5292 veniunt
1860 5256 1881 5304 ;

286 5303 412 5369 quia
433 5315 498 5379 et
514 5306 582 5358 ad
615 5319 715 5379 nos
737 5307 961 5376 spiritali
991 5303 1265 5379 prwsentia
1297 5311 1436 5374 foras
1473 5321 1692 5374 exeunt,
1723 5309 1769 5362 et
1803 5303 1882 5364 ta-

286 5391 403 5450 men
427 5374 498 5428 ibi
525 5391 578 5429 se
606 5377 745 5429 unde
765 5374 1103 5450 ‘irecesserant
1143 5393 1246 5450 per,
1272 5379 1526 5431 internum
1543 5449 1550 5450 ί
1570 5380 1882 5450 contempla-

285 5445 473 5519 tionem
504 5457 726 5519 seruant.
760 5449 851 5504 Sic
878 5445 1194 5519 Gregorius.
1227 5449 1396 5519 Porro
1430 5449 1664 5519 qualiter
1705 5445 1880 5505 bonus

283 5517 511 5587 angelus
557 5518 798 5572 divinum
845 5520 909 5573 ad
957 5517 1056 5576 nos
1101 5517 1779 5587 beneficinm‘delatnrus,
1823 5532 1883 5576 ut

284 5585 381 5642 hic
418 5588 668 5657 habetur,
714 5590 982 5644 interdum
1029 5591 1250 5646 diabolo
1300 5592 1592 5645 resistente
1643 5585 1883 5646 remore-

284 5665 394 5736 tur,
429 5659 550 5736 sive
599 5659 932 5736 retur-detur,
963 5677 1086 5716 cum
1131 5669 1348 5736 constet
1388 5662 1668 5715 minimum
1715 5675 1882 5736 auge-

283 5727 400 5803 lum
432 5728 631 5803 bonum
665 5733 1028 5803 potentiorem
1062 5748 1180 5787 esse
1211 5733 1373 5789 etiam
1406 5747 1660 5802 supremo
1691 5727 1885 5803 ang'elo

282 5800 452 5874 paulo,
485 5800 634 5874 quia,
667 5811 725 5855 ut
754 5801 916 5874 docet
938 5803 995 5859 S.
1019 5803 1256 5858 Thomas
1281 5804 1330 5874 (l
1356 5821 1432 5869 p.,
1452 5800 1502 5873 q.
1533 5803 1651 5870 109,
1676 5800 1784 5858 art?
1803 5805 1882 5873 Δ),

282 5869 340 5928 in
388 5869 617 5940 Angelis
668 5873 1050 5944 praeponderat
1099 5883 1155 5929 et
1206 5869 1474 5944 praevalet
1515 5869 1654 5932 ordo
1697 5869 1886 5946 gratiae

1989 3610 2166 3666 ordini
2201 3619 2448 3672 naturae;
2483 3608 2722 3678 breviter
2761 3611 2998 3678 explicat
3026 3608 3299 3678 Rupertus
3338 3613 3420 3666 his
3458 3629 3582 3668 ver-

1989 3682 2073 3735 bis
2105 3679 2242 3751 (Lib.
2276 3695 2328 3732 tx
2357 3679 2421 3731 de
2453 3677 2650 3751 Victor.
2680 3677 2974 3751 rVerbicap.
3007 3678 3063 3745 6)
3093 3677 3291 3751 {Unde
3320 3684 3456 3735 malo
3483 3701 3582 3736 an-

1985 3753 2100 3820 gelo
2114 3749 2298 3820 'virtus
2321 3749 2591 3820 pugnandi
2618 3750 2862 3820 adversus
2895 3749 3081 3820 bonum
3110 3750 3382 3820 angelum.
3434 3755 3581 3818 eique

1986 3816 2253 3875 resistendi
2280 3819 2305 3871 ?
2335 3817 2422 3889 Ea;
2444 3816 2710 3889 hominum
2743 3818 2819 3870 rel
2856 3816 3436 3889 populorum'peccatis.
3476 3816 3578 3880 Ubi

1986 3891 2048 3960 ﬁt
2074 3891 2171 3943 ista
2203 3904 2377 3963 pugna
2407 3887 2538 3963 inter
2565 3888 2730 3963 bonos
2748 3897 2800 3963 et
2824 3887 2986 3963 malos
3015 3891 3224 3959 angelos
3248 3892 3272 3944 ?
3300 3893 3367 3945 In
3396 3911 3580 3963 campo

1975 3959 2231 4033 jystitigz,
2251 3959 2317 4033 in
2348 3959 2589 4033 conﬂictu
2608 3960 2800 4033 judicii
2821 3999 2836 4023 ,
2868 3960 2982 4033 ipso
3008 3971 3294 4033 spectatore
3318 3980 3379 4017 ac
3406 3959 3582 4033 iudice

1985 4030 2118 4087 Deo.
2144 4031 2257 4104 Δθεά
2284 4031 2542 4099 quomodo
2569 4031 2688 4084 boni
2711 4040 2761 4084 et
2801 4031 2923 4104 mali
2954 4030 3132 4104 angeli
3176 4030 3412 4104 pugnant
3440 4038 3578 4092 inter

1988 4105 2088 4159 se?
2128 4102 2305 4157 Malus
2348 4113 2542 4174 pugnat
2583 4102 2876 4156 accusando
2897 4142 2911 4166 ,
2942 4103 3102 4156 bonus
3131 4102 3471 4172 defendendo.
3506 4105 3576 4164 In

1984 4185 2234 4248 quantum
2266 4183 2338 4228 est
2367 4189 2555 4248 magna
2575 4183 2628 4248 et
2657 4189 2774 4248 vera
2803 4174 3058 4248 accusatio
3099 4175 3228 4248 mali
3271 4180 3447 4248 angeli
3471 4223 3484 4248 ,
3519 4180 3576 4234 in

1987 4245 2189 4301 tantum
2215 4255 2288 4300 est
2316 4245 2466 4298 tarda
2491 4255 2538 4298 et
2566 4246 2798 4298 invalida
2828 4245 3060 4314 defensio
3092 4245 3239 4311 boni,
3271 4245 3375 4304 etc.

2057 4317 2085 4357 ι)
2126 4319 2179 4372 Id
2207 4329 2330 4384 est,
2382 4315 2676 4370 secundum
2711 4315 3000 4369 humanam
3031 4327 3271 4371 naturam
3309 4334 3339 4374 a
3383 4336 3443 4375 se
3488 4337 3580 4376 as.

1986 4400 2296 4458 sumptam,
2350 4398 2404 4458 et
2460 4400 2576 4441 eam
2624 4388 2830 4441 orando
2875 4397 3294 4456 repraesentans.
3359 4389 3578 4447 Christo

1986 4457 2130 4514 enim
2156 4470 2214 4514 ut
2237 4457 2459 4522 homini,
2494 4465 2680 4511 nonut
2709 4459 2838 4522 Deo,
2871 4471 3028 4511 orare
3055 4461 3330 4523 convenit,
3356 4475 3477 4514 cum
3508 4464 3579 4517 sit

1985 4529 2132 4585 Patri
2179 4529 2400 4600 aequalis
2443 4529 2737 4582 secundum
2776 4528 3136 4600 divinitatem.
3189 4528 3370 4599 Neque
3401 4532 3478 4585 sic
3507 4547 3577 4589 ex

1988 4614 2220 4672 persona
2247 4598 2482 4672 hominis
2527 4598 2788 4672 assumpti
2810 4612 3004 4672 orasse
3036 4598 3248 4672 dicitur
3271 4598 3296 4667 ,’
3335 4604 3487 4672 quasi
3518 4604 3574 4659 in

1986 4669 2204 4728 Christo
2232 4671 2335 4725 alia
2358 4671 2427 4724 sit
2451 4669 2878 4743 personaV’erhi,
2901 4670 3005 4743 alia
3032 4670 3261 4726 hominis
3286 4669 3576 4743 assumpti,

1986 4751 2048 4797 ut
2075 4743 2262 4796 docuit
2289 4743 2485 4811 impius
2513 4740 2866 4793 hmresiarcha
2899 4739 3218 4809 Nestorius;
3253 4743 3348 4799 sed
3377 4739 3576 4800 dicitur

1987 4825 2150 4868 orans
2196 4828 2260 4868 ex
2307 4825 2536 4882 persona
2571 4811 2802 4865 hominis
2832 4814 3090 4882 assumpti
3118 4853 3134 4878 ,
3189 4815 3258 4868 ob
3309 4816 3571 4872 rationem

1911 4918 1960 4978 υ
1991 4884 2396 4978 munditia":
2427 4881 3576 4978 ιυὲἒητείξηηξξὶξξειιξι,εξξζξιυδῑεετιιίιιιίῖειιο

1989 4956 2206 5016 orabat,
2239 4964 2292 5008 et
2321 4967 2462 5007 nunc
2491 4962 2644 5016 orat;
2678 4954 3127 5022 quemadmodum
3165 4957 3240 5008 ait
3279 4957 3574 5023 Apostolus

1988 5026 2053 5080 ad
2093 5025 2347 5079 Hehrzeos
2378 5039 2454 5077 vu
2495 5041 2508 5076 :
2555 5023 2773 5090 Semper
2813 5026 2984 5077 uiuens
3026 5027 3093 5077 ad
3139 5025 3576 5086 interpellandum

1987 5111 2080 5166 pro
2111 5097 2275 5167 nobis.
2311 5093 2474 5167 (Vide
2502 5093 2561 5167 S.
2586 5092 2718 5167 T_lto.
2743 5091 2846 5167 ΔίὶέΞ
2873 5135 2886 5157 ,
2919 5111 2969 5159 q.
3000 5096 3090 5167 85,
3119 5106 3221 5167 art.
3251 5095 3338 5162 ιι),
3369 5106 3416 5149 et
3443 5097 3578 5152 Leo-

1985 5162 2137 5221 ἱκανά.
2172 5162 2433 5222 ιεεεζιὶὸ.
2458 5181 2497 5220 ιι
2526 5165 2588 5218 de
2609 5162 2847 5229 Justitia,
2881 5180 2995 5233 cap.
3031 5165 3146 5233 .37.)

2063 5249 2083 5275 ε
2125 5237 2213 5293 Sic
2237 5236 2294 5293 S.
2325 5236 2535 5307 Agatho
2568 5234 2802 5307 pontifex
2837 5238 2971 5307 invi
2995 5235 3203 5304 synodo
3240 5240 3574 5293 menmenica

1985 5309 2237 5363 deﬁnivit.
2281 5327 2291 5359 :
2342 5303 2700 5362 Prwdicamus
2749 5306 2802 5358 in
2849 5303 3054 5357 Christo
3103 5307 3233 5358 duas
3281 5310 3576 5363 voluntates

1986 5379 2238 5454 (divinam
2267 5379 2470 5454 scilicet
2507 5387 2552 5431 et
2586 5374 2903 5454 humanam)
2947 5393 3047 5454 non
3083 5380 3393 5454 contrarias,
3417 5383 3577 5454 juata

1988 5447 2126 5523 quod
2153 5450 2296 5518 impii
2320 5458 2552 5523 esserunt
2595 5448 2824 5502 haeretici
2845 5488 2858 5511 ,
2901 5447 2990 5523 sed
3017 5458 3310 5517 sequentem
3338 5452 3451 5520 ejus
3479 5451 3576 5523 hu-

1989 5518 2199 5575 manam
2249 5519 2564 5574 voluntatem
2591 5560 2604 5582 ,
2656 5529 2699 5571 et
2741 5533 2844 5570 non
2885 5518 3199 5571 resistentem
3227 5563 3240 5585 ,
3290 5518 3376 5571 sed
3405 5522 3577 5589 potius

1987 5595 2269 5664 subjectum
2324 5592 2510 5664 divinae
2552 5593 2663 5664 ejus
2720 5598 2870 5664 atque
2926 5589 3261 5664 omnipotenti
3304 5590 3572 5664 voluntati.

1992 5660 2091 5719 Sic'
2111 5665 2209 5718 ibi.
2245 5663 2410 5717 Porro
2440 5661 2508 5716 de
2550 5660 2647 5715 hac
2676 5661 3010 5732 voluntatum
3044 5661 3096 5732 in
3127 5660 3346 5728 (λιιι-ἰειο
3373 5662 3585 5732 plenis-2

1991 5737 2127 5789 sima
2172 5734 2462 5788 concordia
2511 5730 2828 5787 consulendi
2880 5738 3004 5802 sunt
3059 5730 3382 5802 interpretes
3431 5735 3576 5788 illius

1992 5806 2295 5876 sententiae,
2327 5821 2446 5876 qua:
2483 5804 2569 5859 hic
2603 5805 2804 5876 citatur
2821 5817 2893 5876 es
2919 5799 3219 5876 Mattiaco,
3246 5814 3298 5857 et
3325 5804 3577 5860 doctores

1992 5876 2156 5944 Super
2186 5871 2498 5950 Magistrum
2529 5876 2596 5931 ad
2627 5876 2756 5934 disc
2787 5872 2849 5926 l7
2879 5873 2975 5928 lib.
3000 5887 3060 5929 ιιι
3089 5877 3330 5932 Seuteut.
