4048 6198
196 183 271 239 8|
287 185 327 237 7
1316 177 1659 238 COLLATIO
1698 180 1766 237 Χ.
1795 210 1855 225 -

1943 179 1984 236 E
2022 175 2401 235 ORATIONE.
2704 206 2715 213 -
3408 182 3516 240 818

197 292 546 364 diligentius
575 290 978 349 observandum
1006 300 1111 358 est,
1141 300 1199 347 ut
1221 291 1485 350 intrantes
1510 293 1566 348 in
1593 292 1817 350 cubicu-
1840 295 1895 359 Α
1918 306 2024 365 que
2051 300 2135 348 est
2161 290 2486 348 sacrificium
2514 305 2733 360 verum,
2763 290 2890 363 quia
2918 292 3238 362 sacriﬁcium
3263 294 3377 351 Deo
3404 296 3517 366 spi-

200 386 336 439 lum
386 393 639 439 nostrum
687 385 872 440 clauso
916 386 1057 440 ostio
1107 393 1292 440 nostro
1341 400 1559 441 oremus
1600 385 1818 443 Patrem
1923 388 2055 441 ritus
2084 384 2465 441 contribulatus
2489 383 2663 458 (Psal.
2691 381 2779 459 ιε).
2810 384 2941 443 Hec
2979 385 3235 442 salutaris
3273 387 3514 455 oblatio,

203 488 485 533 nostrum
519 477 753 549 (Matth.
783 492 835 534 Vl
858 480 905 546 ),
947 477 1089 548 quod
1114 492 1145 533 a
1191 478 1347 534 nobis
1381 479 1452 534 ita
1484 478 1819 548 implebitur.
1927 482 2027 536 ista
2058 489 2186 536 sunt
2224 494 2362 551 pura
2400 479 2661 535 libamina
2684 518 2702 547 ,
2753 478 2895 535 istud
2942 479 3259 549 sacriﬁcium
3290 482 3516 551 justitite

211 570 386 623 Intra
421 579 667 625 nostrum
699 568 1005 625 cubiculum
1035 570 1422 641 supplicamus,
1454 584 1577 627 cum
1608 572 1678 628 ab
1703 586 1824 628 om-

213 664 390 716 nium
439 662 827 732 cogitationum
869 663 985 718 sive
1019 663 1439 719 sollicitudinum
1468 664 1696 735 strepitu
1727 680 1826 721 cor

216 765 491 809 nostrum
525 758 735 825 penitus
765 766 1110 822 amoventes,
1152 766 1363 812 secreto
1390 758 1625 827 quodam
1664 759 1824 815 modo

219 862 299 901 ac
355 847 694 903 familiariter
734 864 926 918 preces
971 859 1184 906 nostras
1229 849 1457 905 Domino
1500 852 1819 907 referamus.

221 940 448 994 Clauso
492 954 708 994 oramus
756 941 935 1007 ostio,
988 956 1111 996 cum
1165 941 1369 997 strictis
1416 941 1575 998 labiis
1625 944 1826 998 nostris

229 1031 509 1100 omnique
533 1030 748 1086 silentio
774 1031 1159 1102 supplicamus,
1188 1048 1295 1089 non
1323 1048 1512 1089 vocum
1534 1076 1550 1103 ,
1580 1036 1674 1089 sed
1704 1049 1827 1090 cor-

225 1121 397 1175 dium
444 1125 746 1178 scrutatori.
806 1124 863 1179 In
901 1126 1222 1182 abscondito
1272 1142 1495 1183 oramus
1527 1168 1542 1193 ,
1610 1128 1827 1197 quando

225 1215 414 1270 corde
456 1226 691 1281 tantum,
740 1224 795 1270 et
837 1217 1043 1273 intenta
1075 1230 1257 1275 mente
1288 1220 1576 1290 petitiones
1615 1226 1827 1275 nostras

228 1306 349 1362 soli
383 1307 662 1376 pendimus
691 1307 825 1373 Deo,
858 1309 930 1363 ita
956 1318 1015 1364 ut
1046 1325 1115 1366 ne
1160 1311 1293 1380 ipsa:
1332 1310 1551 1381 quidem
1581 1309 1829 1366 adversas

233 1397 459 1452 valeant
476 1407 773 1466 potestates
793 1414 965 1467 genus
988 1408 1191 1456 nostrai
1213 1400 1496 1470 petitionis
1516 1415 1827 1471 agnoscere.

230 1486 473 1557 PrOpter
495 1491 637 1559 quod
661 1505 786 1545 cum
810 1505 1026 1545 summu
1057 1501 1143 1547 est
1165 1492 1430 1547 orandum
1454 1492 1691 1561 silentio,
1723 1507 1827 1549 non

226 1582 417 1635 solum
448 1598 518 1638 ne
550 1584 749 1638 fratres
778 1593 1022 1639 astantes
1046 1587 1250 1641 nostris
1294 1587 1533 1642 susurris
1577 1587 1662 1643 vel
1709 1588 1825 1643 cla-

1927 572 2147 647 (Ibid.),
2175 571 2317 627 istud
2337 571 2659 642 sacriﬁcium
2678 572 2852 627 laudis
2874 568 3050 642 (Psal.
3075 571 3253 641 mx),
3280 568 3366 624 hae
3389 581 3517 626 sunt

1925 683 2070 724 verte
2112 681 2177 723 ac
2218 666 2449 737 pingues
2494 664 2689 722 hostia:
2714 707 2730 733 ,
2773 667 2873 721 ista
2911 673 3040 722 sunt
3078 664 3519 719 holocaustomata

1925 758 2414 827 medullata(Psal.
2445 758 2570 831 m)
2596 799 2614 827 ,
2658 774 2780 830 quae
2827 757 3077 815 contritis
3119 768 3175 815 et
3220 757 3518 813 humiliatis

1931 850 2193 907 cordibus
2235 849 2573 915 offeruntur;
2624 864 2853 920 quaeque
2880 848 2984 904 hac
3022 863 3127 918 qua
3167 847 3405 904 diximus
3437 848 3519 903 dl-

1927 941 2156 1011 sciplina
2200 950 2257 996 et
2301 940 2603 996 intentione
2650 939 2875 1011 spiritus
2919 940 3270 1010 exhibentes,
3306 939 3517 995 efﬁcaci

1929 1033 2232 1102 poterimus
2278 1032 2479 1088 virtute
2524 1042 2749 1089 cantare
2802 1050 2815 1085 :
2872 1030 3144 1104 Dirigatur
3191 1033 3357 1087 oratio
3404 1048 3522 1087 mea

1929 1125 2061 1179 sicut
2103 1126 2366 1179 incensum
2412 1123 2469 1177 in
2515 1130 2792 1194 conspectu
2839 1130 2969 1191 tuo,
3016 1123 3233 1177 elevatio
3268 1138 3519 1177 manuum

1930 1232 2161 1271 mearum
2202 1214 2516 1284 sacriﬁcium
2550 1215 2895 1287 uespertinum
2942 1212 3127 1287 (Psal.
3168 1213 3324 1284 cu).
3363 1213 3518 1282 Quod

1931 1310 2095 1366 etiam
2124 1323 2225 1365 nos
2245 1317 2550 1379 opportuna
2571 1316 2881 1364 commonet
2900 1306 3186 1363 devotione
3208 1307 3521 1376 persolvere

1934 1402 2081 1458 horta
2106 1401 2277 1472 ipsius
2303 1415 2367 1456 ac
2397 1400 2571 1456 noctis
2595 1400 2899 1457 adventus:
2928 1398 2997 1454 de
3020 1413 3127 1469 quo
3148 1396 3365 1467 quidem
3394 1396 3522 1453 licet

1932 1509 2033 1565 pro
2062 1493 2335 1549 tenuitatis
2362 1503 2562 1549 nostra:
2585 1506 2835 1548 mensura
2858 1490 3029 1546 multa
3062 1489 3267 1561 prolata
3293 1488 3519 1544 videan-

1935 1599 2058 1655 tur,
2094 1589 2295 1659 diuque
2335 1587 2406 1641 sit
2436 1594 2706 1656 protracta
2738 1584 2998 1651 collatio,
3046 1596 3144 1653 pro
3182 1580 3520 1637 sublimitate

230 1675 488 1730 moribus
519 1690 813 1731 avocemus
834 1717 849 1743 ,
892 1685 949 1731 et
974 1677 1243 1732 orantium
1284 1679 1530 1736 sensibus
1561 1681 1836 1752 obstrepa-
1862 1678 1912 1741 B
1943 1690 2120 1737 tamen
2152 1695 2217 1735 ac
2249 1677 2567 1734 difficultate
2593 1676 2837 1732 materiae
2862 1674 3050 1746 paucis
3078 1670 3369 1729 admodum
3398 1685 3521 1728 cre-

231 1781 399 1832 mus;
444 1768 540 1821 scd
584 1776 643 1821 ut
682 1769 833 1837 ipsos
875 1784 1095 1840 quoque
1141 1770 1385 1827 inimicos
1422 1782 1638 1827 nostros
1669 1817 1683 1842 ,
1736 1772 1830 1844 qui

233 1862 533 1915 orantibus
568 1861 726 1915 nobis
765 1862 1001 1917 maxime
1036 1862 1394 1929 insidiantur,
1438 1864 1599 1919 lateat
1630 1873 1831 1920 nostra:
1876 1919 1886 1932 ,

238 1953 533 2023 petitionis
558 1954 810 2008 intentio.
843 1954 915 2009 Ita
944 1955 1085 2010 enim
1115 1964 1441 2025 praceptum
1468 1956 1599 2012 illud
1631 1957 1828 2028 imple-

235 2046 467 2099 bimus:
499 2053 526 2082 α
568 2046 645 2098 Ab
690 2063 749 2099 ea
792 2064 908 2117 qua:
952 2049 1140 2102 dormit
1186 2050 1241 2102 in
1284 2050 1403 2104 sinu
1450 2060 1537 2105 tuo
1565 2089 1582 2116 ,
1632 2050 1831 2107 custodi

231 2141 472 2193 claustra
500 2139 607 2193 oris
629 2141 707 2193 tui
732 2139 947 2211 (illicita:
972 2140 1088 2212 vn).

796 2256 1022 2315 CAPUT
1059 2258 1298 2316 XXXVI.

488 2371 564 2426 De
589 2374 810 2429 utilitate
835 2375 997 2431 brevis
1024 2387 1075 2430 et
1103 2378 1272 2431 lacittz
1299 2378 1572 2432 orationis.

319 2505 402 2561 Ob
425 2505 568 2576 quod
596 2504 622 2545 δ
653 2506 964 2577 frequenter
1004 2509 1221 2580 quidem
1247 2553 1262 2577 ,
1313 2510 1407 2565 sed
1460 2511 1703 2567 breviter
1745 2518 1829 2566 est

237 2600 511 2654 orandum
536 2642 551 2665 ,
584 2617 652 2657 ne
684 2603 1099 2659 immerentibus
1128 2605 1314 2670 nobis,
1348 2606 1585 2660 inserere
1626 2604 1828 2677 aliquid

241 2702 437 2749 nostro
478 2696 629 2750 cordi
669 2698 950 2754 insidiator
982 2700 1156 2769 possit
1186 2700 1460 2756 inimicus.
1495 2700 1643 2756 Istud
1674 2717 1829 2755 nam-

1934 1774 2111 1829 dimus
2134 1773 2489 1842 disputatum.
2520 1770 2617 1826 Bis
2635 1769 2838 1829 sanctis
2859 1766 3206 1825 sermonibus
3230 1763 3521 1835 stupefacti

1934 1868 2113 1938 potius
2140 1881 2299 1938 quam
2321 1864 2547 1935 repleti,
2580 1875 2604 1903 ο
2639 1862 2948 1933 vespertina
2980 1861 3170 1933 synaxi
3198 1858 3472 1915 celebrata
3498 1897 3517 1925 ,

1932 1975 2129 2030 sopore
2170 1958 2449 2029 paululum
2478 1957 2721 2013 membra
2752 1955 3084 2021 laxavimus,
3126 1953 3413 2024 primoque
3438 1950 3519 2006 di-

1932 2052 2113 2109 luculo
2154 2052 2426 2122 supplices
2463 2050 2532 2106 de
2576 2049 2821 2121 pleniore
2852 2056 3083 2103 tractatu
3109 2046 3305 2101 iterum
3334 2057 3519 2099 rever-

1935 2145 2080 2210 suri,
2122 2144 2192 2199 ad
2229 2152 2415 2199 nostra
2450 2142 2834 2204 discessimus,
2879 2147 2991 2193 tam
3027 2137 3096 2193 de
3124 2144 3521 2206 praeceptorum

1934 2236 2325 2307 acquisitione,
2359 2248 2522 2303 quam
2547 2232 2617 2287 de
2645 2230 3037 2301 promissorum
3066 2228 3357 2282 securitate
3386 2239 3521 2295 gau-

1931 2330 2145 2386 dentes.
2176 2324 2570 2383 Excellentiam
2599 2322 2866 2393 siquidem
2902 2318 3165 2375 orationis
3192 2314 3370 2382 ,nobis
3400 2324 3520 2369 tan-

1932 2422 2213 2481 tummodo
2256 2426 2745 2492 pracmonstratam,
2790 2413 3033 2469 ordinem
3064 2423 3195 2464 vero
3225 2414 3383 2477 atque
3411 2406 3523 2460 vir-

1934 2526 2136 2587 tutem,
2178 2530 2284 2587 qua
2318 2512 2481 2569 etiam
2509 2507 2847 2581 perpetuitas
2872 2505 2989 2576 ejus
3012 2545 3026 2570 ,
3060 2501 3149 2557 vel
3192 2496 3520 2569 acquirenda

1935 2618 2051 2675 est,
2095 2606 2180 2663 vel
2224 2603 2485 2670 tenenda,
2528 2600 2757 2657 necdum
2812 2610 2913 2653 nos
2961 2596 3167 2665 integre
3212 2589 3525 2663 percepisse

1938 2701 2046 2755 illis
2071 2695 2531 2769 disputationibus
2552 2704 2915 2775 senseramus.

1312 2808 1568 2864 ALARDI
1605 2808 1836 2865 GAZEI
1874 2804 2443 2864 COMMENTARIUS.

248 2904 311 2947 ut
332 2894 373 2946 si
396 2893 526 2969 forte
550 2896 733 2966 aliqui,
763 2907 948 2969 praeter
969 2896 1121 2953 horas
1143 2902 1464 2969 constitutas,
1496 2903 1541 2956 si
1567 2903 1637 2955 eis
1661 2912 1828 2967 vacat,

244 2976 397 3039 orare
422 2965 672 3039 voluerint
698 3008 713 3033 ,
761 2965 864 3021 non
906 2969 979 3023 eis
1019 2972 1118 3023 sint
1147 2965 1530 3039 impedimento.
1580 2972 1681 3029 Ubi
1711 2965 1833 3027 vide

248 3032 497 3109 I_.Itnberti
517 3032 1001 3109 Gotiimentarium.
1036 3040 1094 3096 S.
1122 3032 1248 3095 item
1277 3043 1597 3098 Benedictus
1622 3058 1737 3109 cap.
1761 3042 1831 3097 52

246 3103 508 3191 Regula}:
546 3107 765 3191 ﬂxpleto
806 3127 958 3178 opere
987 3110 1084 3191 Dei
1108 3128 1348 3191 ,“omnes
1396 3131 1594 3191 summo
1632 3103 1831 3191 silentio
1860 3127 1906 3191 ρ

245 3186 432 3255 egeant
456 3220 471 3241 ,
510 3188 558 3255 et
587 3189 772 3255 agatur
801 3184 1081 3255 reverentia
1118 3182 1225 3237 Deo
1250 3224 1265 3247 ,
1310 3193 1367 3237 ut
1396 3187 1556 3254 frater
1583 3186 1671 3255 qui
1699 3185 1835 3253 forte

247 3248 347 3327 sibi
386 3251 711 3327 peculiariter
744 3251 855 3327 uult
892 3270 1042 3327 orare
1065 3294 1081 3318 ,
1126 3270 1229 3327 non
1273 3248 1834 3322 impediatur'alt'erius

248 3320 753 3393 improbitatesSed
794 3333 842 3377 et
888 3326 931 3376 si
967 3328 1097 3393 forte
1127 3326 1257 3377 alter
1294 3320 1407 3379 uult
1450 3327 1545 3380 sibi
1588 3328 1832 3381 secretius

249 3402 422 3469 orare.
453 3391 751 3469 simpliciter
776 3391 1028 3469 i_ntret,_'et
1069 3404 1210 3469 oret,_
1229 3413 1329 3449 non
1358 3398 1411 3449 in
1442 3400 1667 3451 clamosa
1692 3414 1832 3463 voce,

250 3460 421 3538 sed'in
445 3462 688 3538 lacrymis
712 3472 757 3516 et
786 3467 1065 3538 intentione
1088 3465 1280 3531 cordis,
1312 3478 1417 3521 etc.
1454 3470 1692 3538 Denique
1720 3460 1836 3524 (Σεὲ

251 3531 433 3609 sarius,
458 3531 929 3609 a_'l‘ur_rcc_remato
955 3536 1157 3609 citatus
1188 3554 1199 3587 :
1232 3538 1364 3591 Ante
1407 3531 1620 3604 omnia,
1662 3539 1838 3609 inquit

253 3597 590 3677 (Tract_._‘l18
616 3605 669 3656 in
698 3604 992 3675 Regulam),
1029 3608 1217 3675 fratres
1245 3610 1367 3672 mei,
1396 3597 1837 3677 quoties'orati'oni

251 3672 612 3751 incumbimus,
632 3690 745 3727 cum
771 3672 974 3751 silentio
996 3672 1041 3731 et
1061 3678 1227 3751 quiete
1247 3672 1542 3751 supplicare
1566 3681 1802 3736 debemus
1818 3697 1837 3735 :

254 3745 376 3807 quia
398 3745 701 3812 quicumque
728 3748 945 3801 uoluerit
970 3764 1082 3801 cum
1109 3746 1219 3801 alta
1246 3745 1362 3803 voce
1390 3755 1633 3811 clamare.
1668 3753 1835 3805 omni-

255 3813 348 3890 bus
382 3816 541 3890 jugta
569 3831 632 3890 se
677 3819 923 3872 stantibus
970 3819 1220 3873 orationis
1263 3823 1486 3890 fructum
1516 3823 1713 3876 videtur
1738 3837 1837 3874 au-

256 3884 663 3963 ferrauliugt'lus
687 3897 901 3963 tantum,
933 3898 979 3943 et
1004 3884 1347 3963 suspiria,'vel
1372 3896 1591 3963 gemitus
1612 3894 1831 3945 audian-

254 3964 361 4033 tur.
394 3953 541 4033 Nam
569 3959 733 4009 oratio
761 3953 930 4033 nostra
961 3953 1402 4033 talis'esse'debevt
1424 4006 1439 4029 ,
1485 3964 1651 4031 qualis
1683 3963 1840 4032 fuisse

255 4025 443 4105 legitur
471 4025 637 4079 Annw
670 4030 849 4105 matris
878 4030 1011 4085 beati
1048 4030 1330 4105 Samuelis.
1366 4025 1456 4089 Sic
1487 4025 1619 4088 enim
1654 4025 1715 4086 de
1744 4033 1839 4086 illa

258 4099 507 4165 scriptum
538 4106 633 4161 est,
664 4099 783 4166 quia
812 4102 941 4169 ﬂens
968 4102 1166 4166 orabat,
1197 4114 1245 4158 et
1272 4104 1409 4159 labia
1452 4108 1565 4177 ejus
1609 4114 1837 4158 tantum-

272 4240 640 4255 ψ

1938 2899 2476 2972 modo__moueban_tur,
2507 2902 2674 2972 etuas:
2702 2895 3045 2972 penitus_nort_
3067 2890 3390 2972 audiebatur.
3465 2958 3501 2972 γ.

2012 2980 2037 3006 ιι
2079 2969 2163 3024 Νε
2186 2970 2401 3041 patiaris
2428 2967 2567 3039 quod
2590 2963 2815 3023 Samson
2842 2981 2876 3018 a
2900 2963 3079 3018 Dalila
3106 2977 3288 3033 passus
3314 2968 3389 3016 est
3409 3000 3425 3027 ,
3454 2963 3530 3015 ait

1937 3041 2044 3117 div.
2074 3042 2456 3117 Rieronymus.
2481 3110 2496 3117 _
2614 3109 2627 3117 _
2981 3103 2997 3117 ,
3040 3104 3076 3117 Α,

2012 3111 2039 3185 ιτ
2081 3101 2568 3185 ιροιιείηοιδηάιιε
2611 3109 2669 3185 in
2714 3103 3243 3185 commendationem
3256 3101 3530 3185 .brevium

1940 3194 1995 3241 et
2018 3183 2462 3254 jaculatoriarum
2486 3182 2806 3254 orationum
2824 3220 2843 3254 ε
2874 3178 2955 3254 _de
2982 3176 3176 3254 quibus
3198 3174 3362 3254 etiam
3391 3171 3528 3254 alias

1942 3248 2147 3330 egimus
2179 3254 2335 3325 (Lib.
2365 3270 2399 3309 ll
2433 3251 2673 3308 Institut.
2694 3268 2753 3330 ε.
2786 3249 2895 3322 10)
2925 3267 2939 3303 :
2976 3248 3171 3330 quibus
3201 3248 3353 3330 quasi
3382 3248 3529 3330 scin:

1944 3314 2072 3384 tiilis
2100 3314 2197 3382 cor
2225 3335 2471 3383 nostrum
2509 3323 2823 3395 accenditur
2853 3314 2886 3389 ,’
2918 3331 2973 3376 et
2992 3314 3165 3391 quasi
3201 3314 3527 3395 quibusdam

1936 3383 2135 3467 jaculis
2160 3412 2257 3453 cor
2282 3396 2378 3452 Dei
2402 3395 2717 3469 conﬁgitur.
2744 3383 3076 3469 Dequarut'n
3102 3383 3531 3469 usu'monacbis

1942 3454 2051 3525 illis
2078 3470 2425 3539 frequentate
2460 3454 2796 3539 etfamiliari
2829 3454 2899 3517 it'a
2937 3462 3052 3539 div.
3096 3458 3432 3539 Augustinus
3460 3454 3532 3539 ad

1944 3527 2193 3596 Probum.
2214 3539 2231 3608 (
2255 3537 2603 3608 Epist._12‘2)
2632 3555 2643 3589 :
2694 3534 2953 3608 Dicuntur
2983 3534 3167 3608 fratres
3188 3527 3261 3582 in
3291 3527 3529 3608 /Egylpto

1944 3557 2171 3596 l’l'UDaIII
2214 3557 2299 3608 (Ε
2359 3557 2426 3593 δι.
2458 3557 2603 3606 ῙΖΖ)
2632 3557 2643 3589 ἶ
2694 3557 2953 3588 Utcuntur
2983 3557 3167 3601 patres
3208 3557 3261 3582 ιιι
3291 3557 3529 3596 Juyypsu

1941 3612 2165 3665 crebrius
2192 3557 2399 3679 quiﬁm
2427 3606 2615 3660 habere
2647 3606 2900 3679 orationes
2923 3644 2939 3667 ,
2981 3603 3069 3679 sed
3106 3617 3193 3679 eas
3223 3610 3387 3679 tamen
3416 3598 3531 3679 bre-

1941 3683 2174 3734 vissimus
2205 3666 2257 3731 'et
2296 3678 2483 3746 raptim
2527 3672 2904 3747 quodammodo
2926 3666 3232 3747 ;ejaculatas
3262 3685 3279 3724 :
3312 3667 3397 3747 Ne
3436 3666 3531 3747 illa

1941 3751 2214 3823 uigilanter
2235 3743 2425 3823 erecta,
2456 3743 2571 3814 qua:
2597 3744 2769 3799 oranti
2798 3743 3075 3823 plurimum
3097 3743 3385 3823 necessaria
3411 3744 3485 3823 est
3510 3778 3527 3803 ,

1940 3808 2031 3891 pevr
2052 3808 2601 3891 productioresmoras
2621 3808 2887 3891 evanescat
2916 3808 3343 3891 atque_hcbetetur
3362 3808 3533 3891 inten-

1942 3877 2141 3944 iio.'Ac
2174 3904 2264 3957 per
2306 3888 2400 3939 hoc
2434 3886 2584 3937 etiam
2618 3884 2718 3953 ipsi
2744 3883 2867 3957 satis
2904 3877 3175 3957 ostendunt
3204 3877 3334 3957 hanc
3364 3877 3532 3930 inten-

1942 3962 2129 4014 tionem
2155 3948 2185 4024 ,’
2214 3958 2345 4011 sicut
2387 3972 2489 4008 non
2530 3964 2605 4009 est
2639 3948 2963 4009 extendendo
2988 3993 3003 4018 ,
3046 3952 3090 4005 si
3118 3948 3398 4024 perdurare
3427 3963 3531 4001 non

1942 4040 2137 4104 potest;
2158 4018 2241 4083 ita
2266 4030 2309 4082 si
2334 4026 2836 4104 perdurauerithon
2865 4024 2965 4077 cito
2995 4018 3490 4104 esserumpettdam.

2018 4115 2040 4142 ο
2081 4091 2140 4157 Id
2163 4109 2267 4169 est,
2300 4091 2612 4169 vespertino
2639 4096 2820 4152 officio
2840 4134 2860 4164 ,
2888 4108 2987 4149 seu
3009 4091 3260 4148 oratione
3283 4096 3527 4159 peracta.

674 4234 3515 4264 W

1134 4340 1919 4450 οοιιΑΤιο
2005 4343 2218 4449 DE
2233 4335 2680 4457 ΟΙΜΑ,

1332 4525 1487 4599 Qum
1525 4530 1621 4589 est
1647 4524 1927 4587 secunda
1954 4524 2206 4586 abbatis
2237 4521 2477 4593 Issaac,

1694 4663 1779 4715 DE
1810 4661 2108 4716 OATIONE.

771 4905 996 4963 CAPUT
1036 4906 1328 4964 PRIMUM.

330 4994 477 5051 Inter
502 4996 619 5052 haec
647 4999 1097 5056 anachoretarum
1126 5002 1369 5059 inStituta
1403 5004 1653 5060 sublimia
1673 5045 1689 5071 ,
1718 5019 1840 5074 quae

3574 4635 3588 4789 ἒ

1864 4913 1920 4973 1)
1945 4907 2088 4978 style
2115 4946 2130 4973 ,
2169 4905 2422 4976 quiddam
2471 4915 2570 4959 nos
2610 4901 2943 4958 interserere
2985 4910 3146 4970 atque
3191 4906 3486 4956 contexere
3514 4937 3534 4965 .

1943 5000 2085 5071 quod
2117 5000 2262 5055 velut
2291 5008 2317 5035 ι
2352 4996 2582 5067 pulchro
2610 4995 2826 5064 corpori
2856 5010 3068 5050 naevum
3113 4991 3404 5063 quemdam
3448 4989 3533 5043 vi-

258 5098 545 5158 utcumque
577 5089 818 5147 donante
842 5092 955 5148 Deo
981 5135 997 5159 ,
1040 5094 1167 5150 licet
1196 5095 1448 5166 imperito
1470 5095 1677 5165 digesta
1711 5105 1841 5152 sunt
1942 5096 2135 5151 deatur
2156 5108 2455 5165 apponere,
2485 5091 2816 5147 narrationis
2842 5090 3014 5160 ipsius
3044 5086 3181 5145 ordo
3209 5083 3531 5155 compellit:
3617 5092 3631 5103 ‘

1326 5227 1585 5282 ALARDI
1624 5225 1851 5283 ΟΑΖᾹΞΙ
1890 5222 2452 5285 COMMENTARIUS.

332 5322 355 5352 ι
392 5313 610 5377 Nervus,
641 5314 807 5387 Festo
834 5326 1075 5383 auctore.
1107 5326 1192 5373 est
1218 5318 1430 5387 insigne
1454 5318 1717 5385 corporis,
1751 5328 1842 5374 aut

262 5387 464 5440 ‘nacula
500 5386 699 5438 nativa.
730 5386 921 5443 Cicero
949 5389 1017 5442 de
1047 5388 1167 5442 Nat.
1202 5390 1428 5443 deorum
1461 5387 1555 5440 lib.
1582 5402 1598 5439 ι
1631 5404 1643 5439 :
1675 5388 1739 5441 At
1766 5400 1842 5443 est

260 5458 462 5520 (orpori
509 5471 723 5522 ncevus;
765 5458 845 5512 illi
875 5468 1044 5512 tamen
1076 5460 1173 5511 hoc
1203 5460 1373 5513 lumen
1402 5457 1683 5510 videbatur.
1727 5458 1841 5514 Me-

266 5526 541 5598 tapltorice
568 5530 800 5583 sumitur
826 5546 925 5598 pro
954 5530 1149 5598 quovis
1183 5534 1330 5583 VlllO.
1373 5527 1494 5581 Div.
1525 5528 1842 5586 Ambrosius

268 5600 355 5652 lib.
382 5613 397 5650 ι
426 5597 586 5669 Oflie.
620 5612 739 5665 cap.
772 5597 983 5654 decimo
1013 5608 1205 5655 octavo
1230 5644 1243 5669 ,
1298 5614 1467 5669 natvus
1513 5598 1722 5651 erroris.
1755 5599 1843 5655 Si-

270 5668 454 5731 donius
484 5658 722 5743 Apollin.
770 5670 861 5727 lib.
906 5685 941 5727 ll
981 5670 1136 5749 epist.
1169 5674 1201 5727 ὅ
1232 5658 1256 5725 ἐ
1311 5666 1535 5727 Violata:
1578 5669 1841 5743 religionis

1952 5334 2141 5392 manus.
2182 5318 2461 5392 Ausonius
2493 5318 2545 5371 in
2574 5315 2791 5392 epistol.
2826 5314 2956 5392 idyl.
2984 5314 3015 5366 7
3043 5330 3056 5365 :
3092 5309 3283 5392 lywuos
3328 5319 3535 5392 nostros

1949 5402 1995 5443 et
2034 5383 2296 5443 cicatrices
2331 5404 2587 5441 amamus.
2611 5382 2899 5442 'Paulinus'
2920 5383 3165 5439 Ausonio
3190 5426 3204 5450 ,
3258 5382 3418 5450 epist.
3449 5382 3483 5435 2
3516 5396 3532 5435 :

1954 5460 2074 5514 Non
2104 5476 2346 5527 umquam
2376 5460 2517 5530 tenui
2558 5460 2859 5530 saltent-tua
2887 5456 3058 5530 gratia
3084 5469 3223 5507 ηωυο
3247 5468 3535 5530 commacu-

1950 5533 2052 5584 lata
2078 5519 2317 5585 mihi'est.
2349 5529 2638 5584 Cassianus
2666 5520 2848 5582 coll'at.
2873 5519 3102 5597 septima
3127 5538 3244 5592 cap.
3274 5522 3379 5597 25;
3403 5519 3534 5597 Cum

1950 5604 2007 5681 iri
2030 5602 2132 5655 illis
2162 5600 2605 5681 rte-tenuissimum
2624 5598 2833 5681 quidem
2856 5594 3052 5681 uagitum
3081 5605 3171 5681 aut
3199 5594 3533 5681 maculantia

1948 5672 2040 5730 illo
2058 5673 2243 5747 judicii
2273 5672 2356 5728 die
2382 5671 2608 5743 patiatur
2634 5664 2860 5728 invenire
2900 5671 3073 5725 divina
3105 5665 3392 5723 clementia.
3428 5664 3523 5739 De:
