4054 6186
520 207 624 265 825

1579 208 1861 267 JOANNIS
1899 206 2215 265 CASSIANI
2252 201 2746 262 COLLATIONES.

3694 192 3802 253 82$

521 325 740 395 Egypti
774 324 1119 379 monasteriis
1146 324 1597 393 praeminebant,
1629 325 1697 377 ita
1726 331 1813 378 est
1843 322 1961 379 haec
1990 322 2107 391 epi-
2136 328 2191 387 Α
2214 330 2345 387 tem,
2370 332 2709 391 nequaquam
2739 330 2911 387 usque
2937 314 3004 371 ad
3034 315 3195 371 finem
3225 312 3448 371 deviare
3483 311 3749 369 Dominus
3772 324 3802 363 a

522 418 661 471 stola
690 416 944 481 refutata,
978 423 1037 469 ut
1064 424 1258 485 praeter
1288 415 1537 469 abb'itcm
1570 424 1597 451 ἰ
1627 414 1986 485 Paphnutium
2019 429 2111 469 no-

522 518 650 563 strae
681 510 1117 577 congregationis
1149 508 1524 579 presbyterum
1544 548 1558 571 ,
1592 509 1771 562 nullus
1800 524 1918 564 eam
1947 520 2111 564 caete-

520 616 706 654 rorum
750 599 1188 670 presbyterorum
1222 602 1310 670 qui
1347 601 1398 655 in
1428 601 1619 655 eadem
1648 617 1831 657 eremo
1862 603 1981 657 aliis
2016 603 2110 658 tri-

520 692 619 745 bus
674 693 931 746 Ecetesiis
984 692 1373 759 prmsidebant,
1427 707 1527 747 nec
1574 693 1675 762 legi
1720 692 1969 763 quidem,
2019 703 2111 749 aut

522 787 735 839 recitari
772 786 822 838 in
852 784 964 840 suis
994 787 1351 841 conventibus
1381 800 1600 854 prorsus
1629 786 2003 843 admitterent.

1156 874 1383 931 CAPU'l‘
1426 876 1513 932 Ill.

525 965 782 1033 Serapion
834 967 888 1019 in
932 967 1586 1037 Ant/tropomorphitarum
1626 968 1861 1024 Iuvresim
1910 970 2109 1042 lapsus.

595 1059 741 1113 inter
761 1058 862 1113 hos
874 1074 1004 1129 ergo
1021 1059 1111 1128 qui
1134 1059 1235 1113 hoc
1259 1060 1647 1115 detinebantur
1666 1076 1874 1127 errore,
1900 1062 1999 1117 fuit
2020 1078 2115 1117 an-

530 1150 851 1221 tiquis~iinte
882 1150 908 1187 ι’
936 1151 1294 1206 districtionis
1321 1152 1480 1221 atque
1512 1153 1562 1207 in
1591 1154 1793 1209 actuali
1829 1154 2115 1225 disciplina

524 1260 621 1314 per
652 1244 835 1298 omnia
867 1252 1295 1310 consummatus,
1326 1245 1545 1301 nomine
1576 1256 1597 1284 α
1644 1246 1930 1312 Serapion,
1962 1248 2116 1316 cujus

524 1338 794 1407 imperitia
823 1352 989 1407 super
1032 1338 1274 1406 prredicti
1314 1338 1583 1407 dogmatis
1612 1338 1867 1408 opinione
1906 1348 2113 1393 tantum

525 1429 920 1499 przejndicabat
945 1430 1155 1483 cunctis
1186 1445 1368 1484 veram
1399 1430 1711 1486 tenentibus
1735 1432 1918 1499 ﬁdem,
1952 1445 2121 1501 quan-

526 1532 642 1575 tum
677 1524 793 1591 ipse
838 1523 922 1576 vel
956 1523 1076 1575 vita:
1106 1524 1300 1576 merito
1344 1524 1426 1577 vel
1476 1522 1800 1591 antiquitate
1854 1523 2116 1591 temporis

526 1628 715 1667 omnes
766 1614 880 1667 fere
927 1616 1224 1667 monachos
1250 1614 1514 1669 anteibat.
1547 1612 1792 1683 Cumque
1828 1614 1913 1667 hic
1943 1612 2115 1667 sancti

2214 414 2427 467 tramite
2483 419 2647 466 rectae
2693 409 2818 464 fidei
2869 408 3228 479 permisisset,
3259 417 3315 463 et
3364 421 3462 476 pro
3500 406 3802 475 gratiarum

2212 506 2423 561 actione
2474 511 2760 573 surgentes
2800 516 2994 572 preces
3038 500 3271 556 Domino
3312 500 3519 571 pariter
3549 498 3804 555 fundere-

2214 615 2355 665 mus,
2388 599 2460 653 ita
2492 606 2576 652 est
2628 598 2681 651 in
2727 596 2975 652 oratione
3018 609 3187 650 senex
3218 601 3399 648 mente
3427 591 3714 657 confusus,
3740 608 3805 648 eo

2212 691 2355 763 quod
2382 701 2407 730 ⁸
2438 691 2587 745 illam
2624 687 3310 758 Antlimpomorphltarum
3344 683 3636 754 imaginem
3680 684 3803 739 Dei-

2216 784 2361 846 tatis,
2389 798 2547 851 quam
2579 796 2887 851 proponere
2912 779 3015 836 sibi
3048 780 3102 833 in
3128 779 3380 834 oratione
3414 786 3801 841 consueverat,

2213 876 2417 932 aboleri
2446 875 2513 929 de
2541 889 2642 930 suo
2662 874 2833 929 corde
2862 872 3111 938 sentiret,
3142 880 3199 925 ut
3225 870 3279 925 in
3307 868 3679 923 amarissimos
3712 867 3805 922 ﬂe-

2216 977 2301 1021 tus
2344 966 2676 1035 crebrosque
2729 962 3002 1034 singultus
3052 971 3281 1032 repente
3330 974 3710 1029 prorumpens,
3748 961 3800 1015 in

2217 1069 2525 1127 terramque
2572 1065 2895 1126 prostratus,
2925 1069 3048 1110 cum
3078 1053 3285 1123 ejulatu
3310 1052 3643 1107 validissimo
3674 1066 3807 1120 pro-

2216 1150 2493 1215 clamaret,
2550 1148 2666 1204 ileu
2717 1162 2805 1203 me
2845 1147 3145 1202 miserum!
3180 1146 3417 1201 tulerunt
3446 1159 3477 1198 a
3508 1160 3593 1199 me
3639 1144 3810 1199 Deum

2218 1258 2421 1313 meum,
2446 1250 2503 1298 et
2531 1256 2694 1311 quem
2724 1255 2867 1297 nunc
2910 1250 3121 1296 teneam
3151 1255 3257 1295 non
3291 1240 3490 1304 habeo,
3523 1237 3607 1292 vel
3638 1252 3805 1307 quem

2218 1338 2435 1393 adorem
2485 1348 2576 1391 aut
2616 1335 2959 1405 interpellem
3002 1334 3114 1405 jam
3160 1334 3365 1389 nescio.
3391 1333 3567 1401 Super
3596 1346 3700 1400 qua
3750 1346 3811 1387 re

2219 1431 2376 1486 valde
2418 1431 2668 1500 permoti,
2704 1445 2803 1485 nec
2836 1443 2942 1483 non
2982 1428 3145 1483 etiam
3179 1427 3468 1497 prmteritae
3500 1425 3809 1481 collationis

2225 1523 2423 1576 virtute
2454 1521 2631 1575 adhuc
2672 1521 2723 1575 in
2773 1521 2975 1575 nostris
3005 1519 3261 1574 cordibus
3292 1518 3584 1585 insidente,
3615 1519 3682 1572 ad
3710 1518 3809 1573 ab-

2222 1614 2400 1668 batem
2436 1612 2583 1666 Isaac
2613 1611 2933 1679 redivimus,
2963 1625 3121 1681 quem
3151 1610 3399 1664 cominus
3425 1609 3695 1665 intuentes
3723 1609 3811 1665 his

528 1704 832 1772 presbyteri
880 1704 1167 1771 Paphnutii
1198 1705 1383 1759 multis
1412 1704 1879 1759 adhortationibus
1907 1704 1975 1758 ad
2006 1714 2117 1758 tra-
2148 1715 2195 1775 Β
2221 1706 2564 1763 sermonibus
2589 1706 2772 1761 adorsi
2801 1720 3007 1760 sumus.

528 1796 710 1848 mitem
748 1804 913 1848 recta:
949 1794 1073 1848 fidei
1128 1810 1231 1849 non
1284 1805 1467 1865 posset
1510 1797 1727 1863 adduci,
1756 1812 1822 1852 eo
1851 1798 1995 1867 quod
2018 1813 2117 1852 no-

528 1886 665 1938 vella
690 1887 738 1939 ei
769 1886 885 1940 haec
905 1888 1186 1957 persuasio
1212 1904 1312 1943 nec
1342 1889 1411 1942 ab
1439 1890 1801 1946 anterioribns
1828 1892 2118 1961 aliquando

529 1986 810 2045 comperta
852 1978 933 2031 vel
977 1978 1171 2033 tradita
1204 1980 1503 2045 videretur,
1548 1982 1746 2035 accidit
1791 1992 1847 2037 ut
1896 1983 2117 2051 quidam

528 2068 791 2122 diaconus
820 2084 1045 2124 summm
1094 2071 1340 2127 scientia;
1384 2073 1465 2126 vir
1506 2073 1727 2128 nomine
1756 2070 1785 2110 ά
1831 2074 2117 2140 Photinus,

531 2166 807 2220 desiderio
848 2168 1063 2222 videndi
1102 2168 1298 2224 fratres
1322 2170 1415 2240 qui
1448 2170 1501 2224 in
1528 2185 1714 2225 eremo
1737 2170 1927 2226 eadem
1962 2186 2117 2226 com-

530 2258 843 2325 monebant,
879 2259 945 2314 de
972 2258 1329 2330 Cappadociae
1353 2262 1595 2331 partibus
1623 2262 1925 2317 adveniret.
1947 2262 2116 2329 Quem

534 2351 724 2405 beatus
768 2352 1101 2422 Paphnutius
1132 2368 1342 2408 summa
1378 2356 1739 2425 gratulatione
1788 2356 2115 2424 suscipiens,

532 2442 599 2497 ad
628 2444 1102 2499 confirmationem
1136 2444 1256 2499 ﬁdei
1287 2462 1406 2515 quae
1438 2446 1612 2500 fuerat
1642 2446 1887 2515 prasdicti
1913 2446 2121 2515 pontifi-

531 2536 612 2587 cis
644 2536 836 2590 litteris
866 2537 1283 2605 comprehensa,
1322 2538 1626 2607 producens
1653 2540 1704 2593 in
1731 2541 1989 2603 medium,
2025 2554 2118 2595 co-

533 2642 649 2679 ram
701 2630 909 2682 cunctis
961 2630 1217 2683 fratribus
1268 2630 1602 2695 sciscitatur,
1660 2633 2119 2701 quemadmodum

535 2719 669 2773 illud
691 2720 834 2788 quod
872 2721 923 2774 in
964 2720 1161 2777 Genesi
1191 2723 1413 2789 dicitur,
1450 2724 1731 2779 Faciamus
1757 2726 2020 2781 hominem
2051 2728 2119 2780 ad

535 2812 811 2879 imaginem
838 2823 885 2865 et
914 2813 1304 2867 similitudinem
1338 2826 1568 2869 nostram
1598 2816 1809 2887 (Cenes.
1836 2816 1897 2888 ι),
1931 2818 2122 2873 catho-

534 2904 657 2958 lica:
680 2904 843 2958 totius
870 2905 1103 2959 Orientis
1132 2907 1624 2976 interpretarentur
1648 2910 1925 2965 Ecclesiae.
1958 2911 2123 2965 Cum-

534 3012 640 3065 que
670 2996 761 3051 ille
798 3011 904 3051 non
937 2999 1233 3053 secundum
1273 3000 1530 3056 humilem
1560 3002 1753 3057 litterae
1784 3017 2001 3067 sonum,
2025 3002 2118 3058 sed

2844 1798 3072 1855 CAPUT
3112 1798 3199 1854 IV.

2292 1891 2369 1945 De
2388 1891 2559 1946 reditu
2581 1891 2647 1945 ad
2667 1892 2899 1946 abbatem
2928 1890 3101 1955 Isaac,
3117 1900 3165 1944 et
3192 1890 3513 1945 discussione
3535 1892 3725 1945 erroris

2567 1979 2715 2031 quem
2746 1979 2902 2017 senex
2927 1963 3201 2034 prwdiclus
3222 1963 3463 2017 incurrit.

2292 2077 2441 2133 Licet
2474 2091 2573 2132 nos
2598 2077 2716 2147 ejus
2742 2076 2822 2131 rei
2852 2092 2971 2147 qua:
3011 2091 3184 2145 nuper
3221 2076 3410 2131 oborta
3443 2085 3531 2132 est
3568 2076 3795 2141 novitas,

2220 2180 2275 2225 et
2319 2170 2611 2241 praeteritae
2661 2170 2966 2224 collationis
3010 2184 3131 2239 qua:
3170 2184 3333 2238 super
3362 2170 3632 2224 orationis
3658 2178 3801 2224 statu

2221 2264 2429 2334 digesta
2470 2273 2577 2330 est,
2610 2262 2941 2319 desiderium
2981 2277 3265 2318 recurrere
3295 2262 3362 2316 ad
3398 2272 3548 2317 tuam
3579 2264 3807 2318 beatitu-

2221 2356 2404 2411 dinem
2446 2356 2763 2426 postpositis
2795 2356 3051 2410 omnibus
3080 2355 3356 2420 invitaret,
3388 2356 3591 2425 adjecit
3623 2365 3805 2411 tamen

2220 2448 2420 2518 aliquid
2450 2448 2573 2503 huic
2604 2447 2887 2517 cupiditati
2915 2448 3080 2502 etiam
3105 2447 3316 2502 abbatis
3346 2447 3659 2516 Serapionis
3696 2457 3806 2502 tam

2218 2541 2399 2611 gravis
2424 2555 2601 2606 error,
2639 2540 3094 2609 nequissimorum
3126 2540 3207 2609 (ut
3230 2539 3566 2606 arbitramur)
3596 2538 3806 2592 daemo-

2221 2648 2349 2687 num
2375 2632 2673 2687 calliditate
2703 2640 3016 2701 conceptus.
3052 2632 3169 2687 Non
3209 2635 3353 2689 enim
3394 2647 3550 2701 parva
3583 2632 3800 2701 deSpe—

2222 2724 2429 2778 ratione
2456 2722 2762 2793 dejicimur,
2787 2722 3198 2780 considerantes
3220 2740 3342 2779 eum
3367 2723 3575 2779 labores
3597 2734 3803 2791 tantos,

2220 2830 2357 2885 quos
2389 2829 2486 2884 per
2514 2815 2899 2884 quinquaginta
2929 2830 3101 2869 annos
3126 2818 3177 2869 in
3221 2816 3319 2869 hac
3348 2830 3534 2870 eremo
3562 2814 3809 2871 laudabi-

2222 2906 2347 2959 liter
2376 2890 2579 2975 ex'egit,
2605 2905 2927 2976 ignorantia;
2956 2906 3112 2975 hujus
3145 2907 3274 2961 vitio
3303 2921 3409 2960 non
3443 2907 3623 2960 solum
3648 2907 3803 2976 peni-

2223 3006 2307 3051 tus
2331 2998 2656 3067 perdidisse,
2686 2998 2781 3054 sed
2803 2998 2969 3052 etiam
2994 3007 3268 3068 perpetuae
3297 3001 3492 3053 mortis
3516 3000 3810 3054 incurrisse

540 3088 864 3155 spiritaliter
894 3090 1180 3160 imaginem
1217 3092 1311 3145 Dei
1350 3107 1411 3145 ac
1439 3093 1851 3149 similitudinem
1887 3095 2021 3148 tradi
2050 3094 2119 3150 ab
2147 3092 2193 3156 C
2223 3088 2539 3145 discrimen.
2592 3089 2747 3146 Unde
2800 3105 2954 3160 ergo,
2985 3090 3073 3145 vel
3123 3106 3220 3145 cur
3258 3090 3307 3145 ei
3355 3091 3443 3144 hic
3490 3100 3601 3145 tam
3637 3091 3810 3162 gravis

538 3182 808 3235 universis
835 3182 1200 3237 Ecclesiarum
1227 3186 1565 3255 principibus
1592 3188 1930 3255 explanaret,
1962 3188 2123 3257 idque

539 3274 766 3343 copioso
796 3290 1051 3331 sermone
1075 3292 1139 3331 ac
1171 3278 1415 3346 plurimis
1446 3280 1847 3345 Scripturarum
1877 3280 2124 3336 testimo-

540 3367 645 3420 niis
697 3366 1041 3435 approbaret,
1069 3384 1168 3423 nec
1213 3383 1369 3438 posse
1419 3371 1472 3423 in
1515 3370 1661 3425 illam
1706 3373 2026 3425 immensam
2071 3380 2126 3426 et

540 3460 1143 3531 incomprehensibilem
1185 3471 1347 3530 atque
1402 3464 1726 3518 invisibilem
1785 3465 2124 3533 majestatem

538 3554 741 3625 aliquid
773 3554 1079 3625 hujusmodi
1110 3556 1306 3612 cadere
1333 3558 1477 3627 quod
1507 3558 1738 3613 humana
1771 3558 2125 3628 compositio-

541 3661 610 3700 ne
644 3646 817 3701 valeat
843 3660 906 3701 ac
936 3648 1291 3704 similitudine
1339 3649 1739 3714 circumscribi,
1772 3650 1973 3719 quippe
2003 3665 2126 3721 quae

538 3738 862 3809 incorporea
906 3748 961 3794 et
1011 3740 1367 3811 incomposita
1422 3741 1762 3812 simplexque
1810 3750 2000 3797 natura
2030 3743 2119 3810 sit,

538 3845 765 3899 quaeque
804 3831 945 3886 sicut
989 3833 1161 3888 oculis
1190 3833 1543 3902 deprehendi,
1581 3836 1651 3889 ita
1687 3844 1867 3890 mente
1899 3851 2006 3891 non
2032 3850 2127 3889 va.

538 3922 645 3975 leat
673 3923 969 3987 aestimari;
1000 3933 1211 3981 tandem
1245 3942 1439 3991 senex,
1468 3928 1656 3983 multis
1685 3943 1747 3983 ac
1778 3928 2127 3984 validissimis

538 4012 838 4067 doctissimi
865 4015 964 4068 viri
987 4017 1382 4071 assertionibus
1421 4028 1620 4083 motus,
1653 4019 1719 4072 ad
1752 4018 1909 4074 ﬁdem
1940 4020 2126 4075 catho-

538 4104 657 4158 lica:
710 4106 1016 4160 traditionis
1063 4116 1325 4162 attractus
1381 4119 1485 4162 est.
1518 4106 1763 4178 Cumque
1811 4125 1972 4179 super
2024 4110 2125 4166 hoc

534 4193 652 4263 ejus
681 4210 907 4250 assensu
950 4198 1158 4251 inﬁnita
1211 4198 1290 4253 vel
1335 4199 1588 4255 abbatem
1640 4201 2000 4270 Paphnutium
2030 4204 2119 4258 vel

539 4299 639 4339 nos
680 4301 873 4341 omnes
902 4288 1085 4341 ltPlilia
1133 4289 1476 4359 replevisset,
1508 4292 1651 4360 quod
1698 4292 1908 4348 scilicet
1946 4296 2122 4349 virum

538 4386 703 4431 tanta;
744 4380 1088 4448 antiquitatis
1124 4384 1398 4453 tantisque
1439 4385 1735 4440 virtutibus
1780 4402 2124 4442 consumma-

2231 3198 2384 3239 error
2430 3184 2730 3254 irrepserit,
2766 3184 3000 3254 primum
3054 3182 3429 3238 desideramus
3471 3199 3807 3253 agnoscere;

2229 3276 2425 3331 deinde
2461 3292 2774 3347 quaesumus
2800 3276 3016 3332 edoceri
3058 3276 3514 3346 quemadmodum
3558 3278 3625 3331 ad
3666 3279 3807 3333 illam

2228 3369 2495 3423 orationis
2522 3369 2861 3439 qualitatem,
2895 3368 2962 3422 de
2991 3383 3094 3438 qua
3116 3367 3323 3437 pridem
3359 3384 3465 3422 non
3508 3369 3684 3424 solum
3714 3382 3807 3423 co-

2231 3460 2399 3528 piose,
2453 3463 2549 3516 sed
2599 3460 2762 3516 etiam
2820 3460 3100 3529 magnifice
3153 3460 3461 3530 disputasti,
3519 3462 3810 3532 pervenire

2231 3556 2517 3621 possimus.
2548 3556 2604 3610 1n
2639 3555 2740 3608 hoc
2768 3554 2909 3608 enini
2946 3552 3178 3622 profecit
3200 3553 3254 3608 in
3281 3554 3437 3609 nobis
3474 3555 3809 3610 admirabilis

2228 3645 2319 3700 illa
2347 3647 2587 3713 collatio,
2612 3658 2670 3702 ut
2708 3656 2985 3718 stuporem
3028 3646 3402 3702 tantummodo
3430 3649 3632 3703 mentis
3660 3650 3809 3703 incu-

2229 3748 2390 3807 teret,
2418 3755 2523 3794 non
2565 3740 3023 3811 quemadmodum
3048 3754 3167 3795 eam
3207 3740 3477 3809 perficere
3505 3743 3592 3797 vel
3617 3756 3809 3811 appre-

2230 3830 2467 3887 hendere
2496 3832 2825 3897 valeremus,
2858 3831 3195 3886 ostenderet.

2864 3923 3093 3979 CAPUT
3136 3924 3198 3979 ν.

2229 4018 2513 4088 Responsio
2538 4016 2601 4069 de
2622 4017 2822 4086 origine
2850 4016 3101 4071 hmreseos
3130 4016 3366 4085 superius
3406 4019 3809 4087 comprehensa.

2298 4110 2483 4164 Isaac:
2516 4109 2631 4164 Non
2671 4119 2756 4163 est
2797 4110 3105 4164 mirandum
3157 4109 3436 4165 hominem
3477 4113 3813 4180 simplicissi-

2229 4219 2399 4269 mum,
2432 4211 2488 4258 et
2520 4202 2588 4257 de
2621 4202 2928 4256 substantia
2973 4217 3037 4256 ac
3085 4212 3275 4257 natura
3312 4203 3615 4259 divinitatis
3654 4221 3813 4261 num-

2226 4311 2384 4366 quam
2428 4294 2642 4366 penitus
2666 4295 2960 4360 eruditum,
2990 4295 3304 4350 rusticitatis
3334 4296 3468 4350 vitio
3493 4306 3547 4351 et
3578 4312 3815 4354 consue-

2231 4390 2418 4444 tudine
2453 4390 2660 4446 erroris
2689 4389 2897 4458 antiqui
2938 4404 3111 4458 usque
3143 4403 3284 4444 nunc
3310 4388 3560 4454 detineri,
3600 4392 3683 4445 vel
3714 4391 3817 4447 de-

536 4479 670 4536 tum,
688 4470 954 4540 imperitia
981 4474 1093 4527 sola
1116 4484 1169 4528 et
1198 4476 1548 4544 simplicitate
1580 4478 1899 4533 rusticitatis
1929 4496 2111 4535 erratio
2146 4473 2201 4532 D
2225 4481 2329 4551 cipi
2356 4482 2711 4551 potuisse,et,
2734 4490 2790 4535 ut
2806 4480 2877 4536 ita
2900 4479 3073 4535 dicam
3088 4484 3287 4548 verius,
3303 4480 3352 4534 in
3373 4492 3555 4534 errore
3577 4482 3818 4548 pristino

1598 4636 1850 4692 ALARDI
1891 4637 2128 4696 GAZIEI
2166 4641 2730 4701 COMMENTARIUS.

604 4767 746 4845 {De
789 4767 1069 4845 quo‘allas
1113 4784 1257 4845 s:_epe
1300 4772 1528 4845 etvaria
1575 4774 1859 4845 occasione
1907 4776 2117 4845 egimus

526 4836 746 4913 (Lib._v
784 4836 960 4913 Instil.
995 4856 1111 4907 cap.
1138 4842 1237 4905 40,
1270 4842 1444 4897 collat.
1478 4844 1511 4896 4
1544 4862 1657 4913 cap.
1696 4843 1792 4913 1),
1836 4853 1892 4900 et.
1932 4836 2118 4902 rursus

528 4909 795 4981 agendum
825 4910 1009 4964 collat.
1043 4913 1109 4966 18
1140 4928 1260 4981 cap.
1292 4913 1375 4968 15.

600 4980 624 5015 b
660 4979 715 5033 Id
740 4990 844 5043 est,
876 4979 1310 5038 austeritatis-vel
1343 4985 1707 5040 abstinentiae.

602 5062 622 5086 ο
653 5050 787 5107 Tres
819 5052 978 5128 hujus
1002 5055 1233 5128 nominis
1264 5056 1623 5112 anaclioretas
1645 5057 1780 5128 alibi
1812 5057 2116 5128 designavi-

528 5138 671 5195 nins.
700 5137 729 5177 e
759 5125 954 5192 quibus
979 5126 1170 5180 tertius
1203 5127 1536 5191 Arsenoites,
1570 5127 1655 5183 cui
1687 5129 1869 5195 quinta
1900 5125 2118 5185 collatio

523 5195 591 5247 ab
636 5193 876 5267 Auctore
919 5196 1175 5250 tribuitur
1212 5196 1280 5249 de
1330 5210 1453 5252 octo
1499 5193 1885 5267 principalibus
1922 5202 2108 5267 vitiis;

526 5279 686 5327 quem
720 5266 939 5333 quidem
971 5268 1133 5321 etiam
1168 5267 1272 5321 hoc
1300 5269 1420 5321 loco
1442 5268 1709 5333 designari
1738 5270 1868 5324 mihi
1890 5286 2113 5337 persua-

525 5337 649 5395 deo,
697 5352 816 5389 cum
875 5338 1071 5389 nullam
1130 5338 1538 5393 distinctionem
1600 5341 1847 5394 indicarit
1909 5341 2111 5397 Auctor

525 5422 628 5474 qua
685 5407 908 5475 intelligi
961 5410 1129 5473 possit
1159 5410 1321 5464 alium
1368 5425 1491 5464 esse
1524 5412 1590 5464 ah
1626 5427 1692 5465 eo
1723 5414 1813 5478 qui
1847 5413 2110 5469 hactenus

528 5478 763 5549 nominat
777 5488 904 5530 uset
927 5495 989 5531 ex
1013 5481 1446 5545 praecedentibus
1468 5492 1647 5543 notus,
1664 5484 1754 5536 sed
1776 5484 1950 5549 potius
1964 5499 2108 5538 eum-

526 5547 785 5623 depresso
800 5564 864 5623 ex
879 5551 1154 5623 attributis
1176 5554 1221 5605 ei
1239 5552 1407 5606 titulis
1424 5554 1521 5607 coll
1533 5547 1785 5621 igendum‘
1802 5554 2099 5623 reliquerit.

592 5617 619 5653 ἀ
642 5620 772 5684 Quis
824 5619 925 5672 iste
974 5617 1257 5686 Photinus,
1287 5617 1575 5677 incertum'
1602 5623 1795 5683 habeo.
1833 5627 1899 5677 At
1923 5617 2101 5680 'certe

524 5700 636 5743 non
670 5689 761 5744 ille
794 5687 1177 5757 haeresiarcha,
1211 5692 1279 5748 de
1322 5708 1429 5766 quo
1476 5692 1586 5753 div.
1632 5693 1991 5769 Hieronymus
2043 5698 2094 5760 in

2220 4776 2498 4851 Catalogo,
2529 4781 2861 4851 ethocrates
2892 4779 2985 4834 lib.
3018 4796 3054 4834 ll
3088 4795 3211 4851 cap.
3238 4783 3301 4844 ὃς
3336 4794 3435 4835 nec
3479 4780 3568 4835 ille
3597 4794 3812 4835 rursum

2222 4848 2486 4921 Photinus
2513 4849 2804 4917 episcopus
2817 4860 3090 4921 etmartyr
3115 4848 3286 4905 multo
3309 4852 3605 4919 antiquior,
3629 4863 3815 4919 utpote

2208 4920 2412 4993 .[rentgi
2445 4934 2761 4993 princessor.
2802 4922 2875 4976 De
2901 4937 3007 4987 quo
3052 4924 3203 4993 idem
3244 4923 3611 4993 Hieronymus
3642 4924 3812 4990 epist.

2218 4990 2308 5052 84.
2354 4989 2556 5062 Euseb.
2586 4991 2677 5045 lib.
2713 5008 2888 5061 vcap.
2918 4994 2953 5045 2
3004 5005 3057 5047 et
3096 4996 3146 5051 5.
3181 4992 3335 5062 Apud
3384 4989 3651 5047 Joannem
3698 4994 3816 5047 Mo-

2220 5061 2576 5134 sehum,_vel,
2608 5064 2652 5117 si
2687 5064 2881 5129 mavis,
2911 5061 3278 5130 SOphrouiuin
3298 5106 3312 5129 ,
3345 5064 3397 5117 in
3428 5063 3591 5118 Prato
3620 5065 3809 5134 Spirit.

2246 5129 2376 5203 Cap.
2407 5132 2533 5201 127)
2585 5145 2917 5189 memoratur
2962 5129 3223 5189 Photinus
3278 5135 3478 5199 abbas,
3522 5129 3813 5203 episcopus

2270 5202 2403 5256 hari.
2438 5204 2507 5258 At
2553 5214 2735 5259 noster
2786 5205 2870 5259 hic
2912 5204 3177 5259 Photinus
3208 5221 3314 5260 non
3360 5202 3675 5274 episcopus.
3710 5202 3810 5260 sed

2220 5273 2484 5329 diaconus
2505 5274 2787 5329 dumtaxat
2810 5278 3089 5340 asset-itur,
3125 5276 3207 5329 vir
3232 5290 3383 5332 certe
3403 5273 3727 5341 eatholicus,
3756 5290 3813 5330 et

2217 5344 2269 5397 in
2301 5344 2542 5399 doctrina
2580 5346 2705 5401 fidei
2750 5350 2966 5415 egregie
3012 5361 3286 5411 versatus,
3315 5360 3369 5402 et
3415 5348 3539 5401 inde
3575 5347 3810 5401 fortasse

2212 5416 2279 5469 ad
2314 5418 2681 5485 episcopatum
2716 5427 3023 5485 provectus.

2283 5496 2306 5523 ο
2334 5486 2618 5566 Ciaconins
2671 5499 2724 5566 et
2769 5489 2858 5566 alii
2892 5491 3074 5566 legunt
3107 5507 3121 5543 τ
3173 5488 3807 5566 ΙιΙαγῃΔάνΘρωπόμορφον

2206 5557 2483 5637 imaginem
2538 5560 2775 5637 deitatis;
2824 5562 3263 5637 ἀνθρωπόμορφον,
3310 5562 3360 5637 id
3414 5557 3519 5625 est,
3568 5557 3805 5637 speéiem

2206 5626 2493 5691 humanam
2545 5626 3027 5710 refereiitetn,'seu
3060 5626 3291 5689 humana
3320 5631 3494 5701 forma
3544 5626 3804 5709 efficiant,

2203 5710 2258 5763 ut
2284 5714 2448 5773 supra
2477 5710 2801 5775 expositum.
