4054 6186
187 207 296 265 i725

1284 198 1627 258 COLLATIO
1667 199 1736 255 Χ.
1763 228 1833 242 -—
1859 198 1951 255 DE
1989 199 2357 258 ORATIONE.

3361 199 3467 260 826

193 318 508 387 perdurare,
530 318 623 389 qui
646 330 753 373 non
779 314 1008 379 recenti,
1038 314 1178 369 sicut
1200 313 1429 383 putatis,
1464 312 1770 367 daemonum
1799 318 1853 379 Α
1878 310 1949 365 tis
1977 311 2175 365 nostris
2206 319 2260 365 et
2291 311 2520 366 humana
2548 300 2872 382 figuratione
2902 312 3265 383 compositam
3298 318 3467 386 perti-

189 409 465 475 illusione,
496 407 589 463 sed
616 408 951 478 ignoratione
973 403 1220 475 pristina:
1257 402 1574 473 gentilitatis
1610 401 1776 457 infer-

191 514 302 567 tur,
330 501 457 557 dum
484 508 511 537 ⁸
543 500 839 555 secundum
890 494 1336 553 consuetudinem
1381 495 1583 550 erroris
1630 492 1777 548 illius

188 611 299 666 quo
330 595 612 651 daemones
655 592 931 647 hominum
963 590 1135 662 ﬁgura
1181 588 1511 657 compositos
1558 589 1779 644 excole-

194 689 345 754 hant,
380 700 526 741 nunc
556 699 777 761 quoque
803 683 949 737 illam
979 679 1588 750 incomprehensibilem
1615 689 1777 748 atque

192 778 527 834 inefiabilem
573 778 688 832 veri
730 775 968 831 numinis
1011 773 1354 843 majestatem
1395 772 1495 827 sub
1545 772 1778 827 circum-

192 870 495 941 scriptione
540 868 771 939 alicujus
814 866 1059 937 imaginis
1105 864 1376 919 testimant
1417 863 1774 931 adorandam;

192 962 332 1017 nihil
364 976 422 1017 se
452 962 691 1017 retinere
717 959 804 1016 vel
832 959 1031 1014 habere
1060 956 1364 1022 credentes,
1380 956 1426 1011 si
1445 956 1777 1026 propositam

192 1067 303 1106 non
334 1052 623 1106 habuerint
654 1050 941 1119 imaginem
966 1047 1281 1118 quamdam,
1304 1061 1466 1116 quam
1491 1046 1546 1100 in
1574 1047 1779 1116 suppli-

192 1145 407 1198 catione
429 1142 589 1212 positi
617 1142 815 1212 jugiter
842 1139 1213 1209 interpellent,
1244 1152 1472 1208 eamque
1494 1137 1778 1194 circumfe-

192 1245 320 1291 rant
348 1246 550 1304 mente,
580 1250 644 1290 ac
686 1250 793 1304 pra;
838 1232 1009 1289 oculis
1041 1239 1262 1287 teneant
1289 1245 1508 1300 semper
1532 1228 1774 1285 affixam.

190 1330 368 1399 Super
422 1345 653 1399 quorum
704 1327 806 1384 hoc
852 1341 1043 1383 errore
1092 1332 1470 1395 competenter
1524 1324 1777 1395 dirigitur

190 1420 282 1474 illa
310 1420 580 1475 sententia
609 1436 621 1471 :
658 1418 723 1472 Et
755 1426 1076 1473 mutaverunt
1116 1418 1339 1489 gloriam
1371 1415 1777 1487 incorruptibilis

191 1512 291 1567 Dei
330 1512 356 1552 ι’
384 1515 438 1567 in
477 1513 869 1567 similitudinem
899 1511 1143 1582 imaginis
1176 1510 1395 1564 hominis
1426 1510 1777 1581 corruptibilis

190 1605 367 1677 (Rom.
408 1606 481 1675 ι).
525 1605 794 1661 Jeremias
816 1618 1034 1674 quoque
1064 1620 1077 1656 :
1113 1602 1369 1674 Papulas,
1401 1601 1599 1672 inquit,
1628 1618 1774 1656 meus

1887 401 2005 457 naci
2058 402 2424 471 perversitate
2472 404 2790 469 contendit;
2820 419 2979 474 quam
3023 413 3229 473 tamen,
3261 407 3307 462 si
3342 408 3464 479 quis

1887 494 2047 549 fuerit
2067 493 2353 550 catholicis
2393 493 2737 563 dogmatibus
2766 496 3072 565 institutus,
3108 509 3164 554 ut
3193 504 3458 571 gentilem

1882 587 2273 658 blasphemiam
2314 586 2696 652 detestabitur,
2726 596 2782 642 et
2811 588 2882 642 ita
2911 588 2977 644 ad
3019 589 3164 644 illam
3197 592 3463 645 orationis

1879 679 2226 750 purissimam
2272 680 2557 749 perveniet
2603 679 2945 749 qualitatem,
2971 695 3092 749 quae
3133 697 3241 736 non
3286 685 3461 738 solum

1879 770 2081 825 nullam
2107 769 2412 826 divinitatis
2431 770 2690 840 effigiem,
2716 785 2817 826 nec
2846 771 3172 827 lineamenta
3196 788 3459 844 corporea

1882 862 2051 934 (quod
2082 862 2229 919 dictu
2266 877 2482 933 quoque
2512 863 2666 918 nefas
2695 864 2806 929 est)
2836 863 2889 917 in
2928 878 3025 917 sua
3065 864 3462 933 supplicatione

1880 955 2150 1022 miscebit,
2181 955 2275 1012 sed
2324 970 2425 1011 nec
2478 957 2638 1010 ullam
2695 955 2920 1026 quidem
2950 955 3005 1010 in
3052 970 3112 1011 se
3144 958 3459 1011 memoriam

1879 1047 2008 1103 dicti
2042 1048 2323 1118 cujusdam
2352 1048 2437 1103 vel
2467 1047 2594 1103 facti
2624 1046 2863 1117 speciem
2895 1062 2991 1104 seu
3017 1046 3250 1102 formam
3280 1047 3463 1117 cujus-

1880 1139 2016 1196 libet
2043 1141 2373 1197 characteris
2398 1140 2670 1196 admittet.

2476 1294 2703 1351 CAPUT
2744 1295 2829 1350 Vl.

1880 1405 2077 1474 Quibus
2098 1422 2159 1460 ea:
2172 1406 2338 1460 causis
2350 1405 2628 1474 unicuique
2640 1415 2870 1459 nostrum
2883 1415 2970 1459 aut
2995 1407 3206 1462 huntilis
3220 1407 3455 1466 Christus

2216 1476 2367 1531 Iesus
2392 1486 2480 1529 aut
2500 1475 2822 1546 gloriﬁcatus
2852 1487 3119 1548 appareat.

1946 1610 2257 1670 Secundum
2285 1624 2591 1664 mensuram
2619 1624 2848 1679 namque
2875 1610 3130 1679 puritatis
3152 1627 3289 1679 sum,
3313 1613 3455 1668 sicut

188 1698 406 1751 mutavit
453 1698 673 1767 gloriam
723 1710 872 1749 suam
918 1695 971 1748 in
1015 1694 1215 1748 idolum
1272 1693 1487 1767 (Ιενεηιο
1538 1693 1621 1763 ιι).
1665 1693 1770 1760 QUi
1807 1697 1854 1756 B
1881 1706 2167 1776 superiore
2194 1704 2485 1759 collatione
2513 1703 2768 1772 praefatus
2794 1718 2913 1757 sum
2932 1702 3147 1774 (Collal.
3178 1704 3210 1758 9
3238 1722 3351 1775 cap.
3377 1706 3457 1776 8),

189 1804 350 1843 error
399 1789 524 1842 licet
574 1786 783 1857 origine
829 1785 933 1840 hac
982 1800 1086 1856 qua
1141 1785 1377 1840 diximus
1417 1785 1778 1855 quorumdam

186 1880 447 1935 sensibus
479 1880 550 1935 sit
582 1879 831 1944 inolitus,
858 1878 1212 1933 nihilominus
1252 1887 1430 1933 tamen
1472 1879 1525 1932 in
1552 1878 1775 1933 illorum

190 1988 415 2043 quoque
461 1974 658 2028 animis
700 1973 794 2043 qui
842 1988 1134 2043 numquam
1166 1972 1352 2042 gentili
1382 1971 1778 2040 superstitione

183 2065 381 2133 polluti
406 2074 556 2131 sunt,
578 2066 681 2121 sub
702 2066 887 2120 colore
913 2064 1209 2120 testimonii
1232 2066 1393 2133 hujus
1410 2078 1519 2134 quo
1543 2064 1771 2119 dicitur:

186 2157 474 2215 Faciamus
506 2159 763 2213 hominem
783 2159 850 2211 ad
876 2159 1149 2229 imaginem
1179 2168 1227 2211 et
1247 2158 1638 2212 similitudinem
1656 2176 1777 2214 nos-

186 2264 326 2306 tram
352 2252 560 2326 (Genes.
592 2252 656 2323 ι),
700 2250 973 2321 imperitia
1017 2266 1112 2307 seu
1165 2252 1471 2307 rusticitate
1519 2251 1773 2317 faciente,

181 2356 502 2400 contractus
534 2352 637 2412 est,
673 2345 743 2398 ita
775 2351 834 2398 ut
875 2346 1038 2399 etiam
1065 2354 1087 2383 ο
1121 2343 1379 2412 Ιιωτθεὶε,
1411 2360 1535 2415 quae
1575 2345 1776 2401 dicitur

180 2436 897 2505 Anthropomorphitarum,
941 2438 1043 2491 sub
1094 2439 1387 2494 occasione
1436 2440 1774 2495 detestanda:

180 2527 350 2596 hujus
397 2528 864 2597 interpretationis
918 2529 1232 2595 emerserit,
1278 2545 1398 2601 quae
1446 2532 1772 2587 immensam

176 2622 333 2675 illam
357 2636 419 2677 ac
442 2621 745 2691 simplicem
762 2621 1063 2677 divinitatis
1087 2624 1446 2679 substantiam
1473 2625 1769 2682 lineamen-

1883 1812 2215 1869 unaquaeque
2245 1811 2402 1851 mens
2433 1797 2487 1849 in
2519 1795 2771 1849 oratione
2819 1808 2919 1848 sua
2968 1795 3053 1850 vel
3102 1796 3328 1866 erigitur
3372 1798 3459 1851 vel

1884 1888 2178 1951 formatur;
2215 1896 2416 1941 tantum
2450 1885 2656 1940 scilicet
2683 1901 2709 1937 a
2741 1893 3084 1940 terrenarum
3117 1903 3180 1943 ac
3204 1889 3462 1942 materia-

1879 1980 2015 2034 liutn
2071 1994 2255 2034 rerum
2298 1976 2765 2046 contemplatione
2827 1977 3143 2045 discedens,
3195 1989 3461 2050 quantum

1882 2087 2001 2127 eam
2033 2081 2204 2127 status
2227 2085 2338 2125 suae
2366 2069 2679 2140 provexerit
2706 2069 2981 2140 puritatis,
3010 2070 3306 2142 feceritque
3331 2072 3463 2128 dle-

1882 2179 2001 2220 sum
2057 2163 2141 2218 vel
2186 2162 2442 2217 humilem
2476 2162 2672 2227 adhuc,
2697 2163 2785 2216 vel
2832 2177 3110 2227 carneutn,
3144 2166 3229 2219 vel
3259 2164 3463 2233 gloriﬁ~

1880 2265 2059 2310 catum
2093 2258 2143 2309 in
2173 2255 2476 2325 majestatis
2518 2270 2630 2308 sua:
2658 2255 2831 2324 gloria
2861 2256 3196 2321 venientem,
3231 2256 3461 2311 internis

1879 2347 2156 2401 obtutibus
2186 2347 2380 2399 animae
2412 2345 2711 2414 pervideri.
2744 2344 2862 2399 Non
2904 2344 3047 2399 enim
3092 2354 3350 2415 poterunt
3372 2348 3464 2403 Je-

1877 2456 1997 2496 sunt
2019 2442 2218 2495 intueri
2246 2441 2558 2495 venientem
2582 2439 2632 2493 in
2661 2453 2829 2507 regno
2851 2454 2974 2502 suo,
3000 2441 3124 2510 quia
3152 2440 3330 2496 adhuc
3359 2442 3463 2497 sub

1878 2534 1967 2589 illa
2013 2534 2416 2605 quodammodo
2453 2532 2675 2589 Judaica
2713 2532 3032 2588 infirmitate
3079 2534 3319 2600 detenti,
3353 2550 3460 2590 non

1876 2637 2081 2698 queunt
2128 2628 2315 2683 dicere
2344 2643 2468 2683 cum
2520 2627 2789 2697 Apostolo
2828 2642 2844 2683 :
2887 2626 2955 2680 Et
2990 2627 3035 2681 si
3078 2629 3407 2700 cognovimus
3438 2639 3462 2668 θ

1272 2761 1528 2817 ALARDI
1567 2763 1801 2820 (ἓΑΖᾹίΙ
1837 2764 2395 2821 COMMENTARIUS.

262 2863 286 2891 °
320 2853 389 2910 Ut
420 2852 518 2917 illi,
553 2852 620 2907 de
665 2869 892 2921 quorum
944 2869 1172 2909 numero
1198 2868 1258 2909 se
1308 2870 1430 2911 esse
1478 2857 1631 2911 linxit
1657 2856 1769 2923 ille,

176 2926 280 2991 qui
310 2926 370 2980 S.
400 2924 640 2979 Antonio
672 2926 725 2978 in
756 2940 942 2979 eremo
984 2926 1085 2979 sub
1124 2924 1294 2980 forma
1331 2927 1640 2982 homunculi
1678 2944 1774 2996 ap-

177 2998 391 3062 paruit,
447 3005 500 3049 et
540 2998 784 3065 quisnam
831 3006 980 3051 esset
1024 2998 1380 3066 interroganti
1435 2999 1714 3067 respondit
1755 3015 1769 3052 :

1879 2857 2271 2911 concluderetur
2297 2858 2554 2911 hominem
2589 2873 2689 2911 non
2715 2873 2820 2910 esse
2843 2857 3058 2911 similem
3090 2856 3222 2922 Deo,
3253 2877 3347 2914 nec
3388 2867 3459 2915 ad

1880 2930 1990 2999 ejus
2018 2929 2293 2997 imaginem
2328 2936 2375 2982 et
2422 2928 2813 2999 similitudinem
2858 2928 3071 2996 factum.
3105 2927 3313 2983 Etenim
3357 2931 3466 2987 Za-

1880 2997 2084 3052 charias
2130 3015 2248 3065 cap.
2285 3014 2335 3069 tv
2374 2998 2611 3051 describit
2642 2997 2809 3051 Deum
2835 3008 3023 3069 septem
3065 3003 3239 3054 oculos
3273 3003 3465 3057 haben-

183 3066 436 3121 Mortalis
467 3083 558 3136 ego
601 3078 809 3138 sum,et
837 3084 970 3138 unus
999 3083 1061 3121 ea:
1086 3068 1275 3121 accolis
1303 3069 1453 3121 eremi
1481 3066 1607 3138 quos
1635 3070 1776 3123 vario
1805 3070 1849 3134 C
1882 3079 2001 3131 tem,
2031 3086 2145 3123 cum
2176 3086 2271 3123 nos
2305 3068 2433 3123 duos
2465 3077 2662 3121 tantum
2691 3066 3007 3135 habeamus;
3041 3082 3088 3123 et
3124 3070 3338 3125 Psalmo
3372 3090 3465 3127 no-

176 3139 369 3191 delusa
398 3152 569 3189 errore
586 3137 851 3259 gentilitas
876 3136 1109 3202 Faunos,
1138 3138 1454 3209 Satyrosque
1476 3136 1521 3193 et
1550 3138 1774 3194 Incubos

176 3225 379 3259 vocans
406 3208 524 3259 colit
556 3210 570 3259 t'
639 3248 650 3259 .
685 3208 903 3259 Hieron.
938 3210 992 3259 in
1023 3208 1144 3259 Vita
1177 3209 1378 3259 Pauli).

176 3225 379 3262 vocans
406 3208 524 3261 colit
556 3208 650 3272 (D.
685 3208 903 3261 Hieron.
938 3210 992 3261 in
1023 3208 1144 3261 Vita
1177 3208 1378 3277 Pauli).

260 3276 577 3354 {Erasmus
606 3280 658 3332 in
689 3280 1129 3354 annotationibus
1160 3281 1283 3354 legit
1326 3276 1379 3333 in
1424 3281 1662 3354 ablativo
1682 3324 1694 3345 ,
1721 3282 1774 3335 in

179 3349 567 3425 similitudine,
602 3365 667 3403 eo
700 3351 842 3425 quod
875 3349 1068 3425 Griitce
1097 3351 1360 3425 habeatur
1386 3355 1435 3406 ἔν
1469 3352 1770 3425 ὁμοιώματι.

182 3422 349 3487 Quod
378 3422 449 3473 ita
478 3421 671 3474 dictum
698 3431 793 3484 est,
820 3420 1012 3489 inquit,
1040 3424 1188 3489 quasi
1210 3423 1432 3487 dicatur,
1461 3420 1548 3492 per
1574 3420 1771 3477 as'simi.

178 3492 435 3563 lationem
462 3491 725 3563 imaginis.
756 3503 808 3545 ut
835 3509 1013 3546 sensus
1044 3494 1109 3545 sit
1143 3510 1160 3546 :
1191 3493 1518 3547 Mutaverunt
1550 3495 1774 3563 gloriam

182 3562 293 3615 Dei
318 3562 591 3634 figurando
614 3561 709 3615 sibi
732 3563 1002 3633 imagines,
1034 3563 1220 3632 quibus
1243 3564 1490 3629 putabant
1520 3561 1572 3617 se
1600 3581 1776 3617 verum

184 3633 382 3696 Iteum,
432 3633 518 3702 qui
564 3634 899 3704 incorporeus
939 3643 1036 3704 est,
1083 3636 1390 3703 exprimere.
1427 3634 1572 3688 Tales
1628 3645 1776 3689 erant

178 3705 436 3757 adversus
484 3720 611 3772 quos
662 3703 892 3772 disputat
941 3703 1144 3757 Paulus
1174 3706 1351 3758 Actor.
1392 3720 1527 3764 xvn.
1569 3715 1775 3774 arrepta

180 3775 460 3829 occasione
510 3790 572 3827 ea:
620 3775 955 3841 inscriptione
995 3775 1201 3845 altaris,
1261 3774 1450 3845 Ignoto
1494 3774 1642 3839 Deo;
1692 3776 1775 3828 ubi

180 3855 306 3914 post
334 3848 515 3909 multa,
544 3846 617 3898 sic
660 3845 865 3898 tandem
890 3847 1047 3912 infert
1080 3862 1097 3899 :
1127 3844 1303 3899 Genus
1330 3861 1448 3913 ergo
1476 3862 1591 3898 cum
1613 3846 1775 3898 simus

182 3916 313 3986 Dei,
346 3933 447 3968 non
490 3916 729 3969 debemus
751 3917 1047 3970 existimare
1076 3926 1293 3986 auro,et
1314 3926 1547 3986 argento,
1577 3926 1667 3968 aut
1698 3918 1776 3967 la-

180 3985 303 4054 pidi
328 3988 609 4054 sculptura:
634 3987 763 4039 artis
792 3994 840 4039 et
871 3987 1196 4056 cogitationis
1225 3985 1511 4052 hominum,
1542 3987 1773 4039 divinum

183 4073 298 4109 esse
347 4058 534 4111 simile.
582 4057 671 4112 Sic
725 4059 859 4123 ipse.
904 4056 1005 4122 Qui
1051 4056 1265 4127 quidem
1320 4057 1768 4126 enmntentarius,

182 4129 435 4197 quamvis
465 4128 676 4191 bonus;
714 4129 839 4194 quia
887 4136 1063 4183 tamen
1116 4144 1221 4182 non
1268 4128 1454 4197 optimi
1507 4127 1766 4193 auctoris,

184 4213 304 4251 non
333 4198 795 4268 magnifaciendus
828 4208 929 4264 est,
955 4200 1260 4268 praesertim
1308 4213 1431 4252 cum
1461 4198 1636 4254 Graeci
1685 4200 1767 4253 in-

186 4266 490 4340 terpretes,
526 4266 971 4340 Chrysostomus;
1004 4270 1393 4337 OEcumenius,
1426 4268 1769 4340 Theophyla-

186 4348 336 4411 etus,
363 4339 553 4394 eodem
587 4339 746 4395 medo
800 4342 1223 4409 interpretentur
1267 4356 1377 4411 quo
1420 4339 1630 4405 Latini,
1659 4339 1766 4395 non

188 4409 503 4477 ignorantes
527 4411 963 4479 prmpositionem
992 4414 1041 4466 ἐν
1060 4409 1373 4479 frequenter
1397 4412 1645 4481 usurpari
1671 4425 1768 4476 pro

188 4484 310 4604 c353]
316 4482 616 4563 praesertim
658 4496 781 4535 cum
818 4482 1041 4537 verbutn
1076 4483 1389 4551 adjunctum
1425 4482 1476 4536 id
1507 4482 1770 4552 postulat,

189 4566 222 4604 ιι
317 4568 384 4604 te.

189 4562 247 4605 ιιι
278 4562 384 4606 hic.

272 4631 294 4659 ο
324 4622 499 4690 Hujus
544 4620 768 4690 haeresis
809 4623 1039 4689 primum
1084 4630 1362 4677 auctorem
1416 4622 1619 4678 faciunt
1670 4626 1780 4678 Au-

187 4687 709 4760 daeumquemdam,
745 4704 773 4742 a
804 4687 909 4759 quo
936 4691 1195 4755 Audiani,
1231 4708 1326 4746 seu
1373 4692 1620 4760 Vadiani,
1643 4693 1776 4749 dicti

185 4766 343 4831 sunt.
378 4759 469 4814 Sic
511 4763 655 4831 enim
697 4760 861 4815 refert
907 4761 1241 4829 Nicephorus
1282 4762 1376 4817 lib.
1411 4778 1465 4818 ιι
1498 4759 1617 4831 cap.
1660 4765 1724 4819 M
1760 4782 1772 4817 :

193 4830 275 4905 Ea
299 4828 697 4905 tetate_A_udceus
722 4846 923 4901 quoque
962 4828 1193 4903 quidam,
1227 4842 1273 4886 et
1312 4850 1495 4903 genere
1518 4828 1577 4905 et;
1598 4834 1777 4905 lingua

193 4903 387 4971 Syrus,
434 4901 533 4970 fuit
580 4915 824 4954 novorum
874 4901 1174 4971 dogmatum
1226 4901 1476 4958 inventor.
1542 4901 1774 4958 Primum

191 4988 417 5041 namque
445 4987 562 5041 cum
594 4988 863 5041 perperam
913 4973 1048 5028 illud
1088 4975 1424 5029 intellexisset
1451 4991 1469 5028 .'
1501 4973 1775 5029 Faciamus

191 5040 456 5115 hominem
479 5040 547 5093 ad
568 5040 840 5111 imaginem
861 5054 907 5099 et
930 5045 1317 5099 similitudinem
1340 5058 1583 5115 nostram,
1610 5045 1776 5100 Deum

194 5112 425 5188 htt_t_nan_a
459 5128 566 5188 esse
598 5116 774 5188 forma
819 5118 1060 5188 apinatus
1099 5126 1193 5182 est,
1227 5112 1776 5188 eamdemque'corpo-

196 5182 332 5233 ralia
381 5182 567 5255 habere
600 5182 860 5237 membra
896 5187 1224 5253 existimavit,
1283 5203 1443 5241 sacrm
1473 5182 1779 5255 'Scripturaz

196 5254 500 5333 sententiam
545 5270 648 5307 non
691 5257 817 5309 satis
861 5268 1145 5333 assecutus,
1171 5273 1296 5333 quin,
1330 5259 1502 5333 divini
1531 5254 1778 5333 Numinis

198 5324 440 5401 operibus
468 5326 811 5401 humanarum
841 5330 1065 5394 partium
1086 5324 1335 5401 vocabula;
1358 5329 1614 5401 attribuit.
1648 5329 1778 5385 Haec

200 5393 316 5472 ille.
374 5392 993 5472 Porro_Theo_doretus,
1029 5409 1221 5464 ιιιιωει.
1275 5399 1347 5453 ‘20
1397 5400 1448 5455 in
1494 5400 1774 5472 Genesim,

200 5460 513 5525 huiusmodi
564 5465 846 5541 haereticos
865 5460 1331 5541 boc’argutnento
1377 5472 1685 5541 redarguit:
1716 5460 1778 5524 Si

201 5546 474 5611 propterea
503 5536 824 5611 existimatur
856 5538 995 5593 Deus
1042 5536 1225 5593 habere
1263 5558 1467 5611 corpus,
1504 5536 1657 5611 quale
1680 5544 1777 5594 ha-

205 5606 285 5681 bet
317 5603 486 5671 homo,
531 5607 652 5676 quia
682 5607 967 5681 _Scrjptura
1009 5611 1243 5668 describit
1268 5603 1381 5664 eum
1412 5603 1677 5680 tamquam
1703 5613 1784 5665 in—

206 5679 454 5729 structum
485 5684 528 5730 et
549 5679 824 5753 prteditum
846 5682 1079 5739 membris
1104 5682 1341 5739 humanis
1363 5699 1378 5748 ;
1400 5679 1557 5739 simili
1581 5682 1783 5751 ratione

1799 4454 1855 4515 D

1880 3143 2139 3211 nagesimo
2162 3140 2422 3193 inducitur
2445 3138 2803 3212 Deushabens
2825 3157 3018 3212 pennas
3055 3152 3103 3195 et
3131 3144 3262 3209 alas,
3281 3145 3464 3212 quibus

1878 3210 1972 3264 nos
2003 3226 2234 3264 caremus
2256 3228 2274 3277 ;
2294 3221 2340 3265 et
2364 3212 2525 3264 multa
2552 3210 2660 3263 alia
2692 3228 2781 3278 per
2806 3210 3157 3277 metaphoram
3183 3210 3465 3270 Dea—attri-

1878 3282 1983 3335 buit
2025 3282 2319 3355 Scriptura.
2352 3298 2464 3350 qua:
2504 3282 2549 3335 si
2578 3282 2789 3351 proprie
2816 3292 2863 3335 et
2890 3284 2960 3334 ad
2993 3285 3258 3338 veritatem
3289 3288 3462 3355 exige-

1876 3363 2073 3423 rentur,
2108 3352 2275 3408 Deum
2307 3358 2533 3423 facerent
2561 3370 2819 3407 enormem
2845 3364 2996 3423 atque
3023 3352 3391 3418 monstrosum,
3415 3368 3463 3410 et

1876 3422 2028 3495 longe
2066 3426 2467 3497 dissimillimum
2488 3424 2742 3497 hominis.
2789 3424 2909 3477 Non
2937 3425 3097 3497 igitur
3146 3428 3317 3497 imago
3364 3426 3462 3481 Dei

1877 3497 2152 3563 qttwrenda
2177 3506 2247 3548 est
2279 3497 2329 3548 in
2361 3495 2582 3567 hominis
2608 3511 2841 3565 corpore,
2872 3497 2960 3548 sed
2989 3495 3043 3547 in
3058 3495 3264 3567 animo,
3287 3500 3376 3567 qui
3404 3507 3460 3550 ut

1883 3569 2039 3629 Deus,
2074 3568 2146 3619 sic
2189 3567 2316 3638 ipse
2331 3565 2581 3638 rationis,
2627 3566 2830 3618 consilii
2860 3573 2918 3638 et_
2954 3565 3218 3638 sapientiw
3253 3565 3463 3638 compos

1877 3646 1921 3688 et
1950 3653 2115 3703 capax
2150 3644 2244 3689 est.
2279 3634 2411 3689 Vide
2439 3634 2772 3689 Abulensem
2803 3642 2859 3689 et
2887 3635 3166 3689 Pereriunt
3198 3637 3253 3690 in
3296 3634 3458 3691 Com-

1879 3717 2046 3759 ment.
2083 3706 2135 3759 in
2167 3705 2444 3759 Genesim.

1947 3774 1972 3811 ά
2004 3776 2127 3828 Tria
2177 3790 2376 3844 genera
2430 3773 2717 3844 hominum,
2752 3772 3049 3827 videntium
3089 3773 3295 3841 Jesum,
3348 3776 3464 3832 sive

1880 3846 2140 3917 triplicem
2184 3842 2400 3898 inodum
2434 3859 2562 3917 quo
2587 3844 2679 3917 (ut
2709 3842 2869 3917 habet
2893 3844 3086 3917 titulus
3115 3845 3275 3917 cap.)
3304 3845 3462 3902 Jesus

1879 3916 2187 3969 hominibus
2214 3924 2456 3984 apparet,
2488 3915 2756 3968 subtiliter
2779 3913 3059 3982 tliStinguit
3082 3925 3135 3969 et
3186 3913 3465 3971 moraliter

1879 3987 2293 4056 interpretatur.
2345 3985 2571 4054 Quidam
2622 3986 2767 4056 enim
2808 3984 2991 4038 vident
3018 3985 3200 4040 Jesum
3233 3997 3457 4041 tantum.

1876 4055 2036 4111 modo
2061 4069 2117 4111 ut
2148 4071 2426 4120 carneum,
2457 4057 2570 4109 sive
2592 4055 2885 4121 carnalem,
2913 4064 2971 4109 ut
2993 4056 3239 4111 carnales
3266 4058 3461 4127 Judaei,

1874 4128 1962 4196 qui
2001 4127 2272 4182 Christum
2306 4142 2414 4180 non
2451 4128 2550 4180 nisi
2590 4141 2842 4180 cartteum
2875 4136 2930 4182 et
2963 4142 3154 4194 purum
3187 4129 3463 4183 hominem

1873 4198 2264 4267 agnoscebant;
2297 4198 2386 4251 vel
2416 4198 2503 4267 qtti
2544 4196 2712 4252 Deum
2742 4208 2797 4249 ut
2826 4212 3080 4252 carneutn
3112 4206 3167 4252 et
3196 4213 3456 4266 corpore-

1872 4284 1960 4322 um
1996 4270 2374 4337 imaginantur,
2415 4277 2474 4323 ut
2510 4267 3105 4338 Antltropomorphitm,
3150 4269 3218 4323 de
3259 4270 3466 4338 quibus

1870 4354 2072 4408 supra;
2104 4335 2186 4393 vel
2220 4339 2430 4400 Ariani,
2459 4338 2550 4408 qui
2586 4335 2863 4391 ChriStum
2897 4335 3002 4391 non
3031 4338 3128 4391 nisi
3161 4335 3380 4395 carnem
3411 4352 3465 4396 et

1876 4420 2181 4465 creaturam
2211 4410 2567 4469 asserebant;
2597 4408 2680 4462 vel
2715 4408 3043 4473 Nestoriani,
3070 4411 3160 4478 qui
3188 4411 3463 4466 Christum

1882 4482 2209 4544 dividebant,
2250 4482 2353 4534 hoc
2392 4488 2494 4544 est,
2536 4480 3098 4551 persnnatnAhotninis
3146 4496 3174 4533 a
3230 4495 3467 4551 persona

1884 4551 2049 4607 Verbi
2070 4554 2119 4604 in
2139 4547 2713 4619 Christoseparabant,
2742 4559 2796 4603 et
2824 4547 3102 4603 Christum
3133 4547 3243 4605 non
3273 4553 3463 4619 Deum,

1882 4623 1975 4696 s_ed
1994 4620 2241 4696 θεοφόρον,
2268 4621 2445 4696 idest,
2468 4620 2740 4696 Deiterum
2762 4619 3124 4696 appellabant.
3155 4621 3262 4675 Alii
3283 4622 3467 4696 vident

1882 4690 2162 4747 Jesutn'u't
2191 4691 2472 4758 humilem,
2519 4690 2571 4744 id
2611 4700 2715 4752 est,
2761 4691 3066 4758 parvulum,
3111 4701 3166 4744 ut
3211 4693 3376 4748 rudes
3412 4701 3469 4748 et

1884 4762 2181 4833 imperfecti
2225 4760 2673 4833 Cltristiani,4qui
2718 4759 2920 4833 Christi
2970 4761 3359 4833 humanitatem
3409 4774 3468 4817 et

1883 4831 2112 4887 humana
2140 4832 2255 4900 ejus
2288 4847 2449 4901 opera
2481 4831 2825 4885 solummodo
2850 4831 3228 4896 considerant;
3259 4835 3379 4898 vel,
3410 4845 3468 4885 ut

1883 4904 1969 4959 hic
2000 4904 2245 4966 habetur,
2278 4904 2330 4956 in
2372 4901 2630 4970 operibus
2661 4902 2904 4959 externis
2937 4904 3059 4955 vitae
3086 4903 3279 4957 activa;
3310 4906 3467 4955 dum-

1881 4983 2031 5028 taxat
2059 4984 2412 5043 occupantur,
2444 4982 2501 5027 ut
2529 4972 2731 5028 Martha
2762 4974 2813 5027 in
2843 4970 3352 5043 Evangelithucw
3379 4987 3407 5024 x
3426 4972 3465 5043 ),

1879 5055 1934 5100 et
1970 5046 2047 5119 illi
2095 5044 2161 5098 ad
2200 5039 2340 5114 quos
2386 5044 2686 5119 Apostolus
2724 5039 3062 5119 scribebat;‘:
3106 5039 3298 5119 .Filioli
3346 5042 3468 5119 mgf.

1881 5132 2005 5186 quos
2026 5118 2210 5169 iterum
2224 5109 2490 5183 ‘parturio,
2523 5116 2683 5169 donec
2712 5117 2961 5186 formetur
2990 5109 3230 5164 Christus
3248 5109 3304 5186 in_
3330 5109 3471 5163 vobis

1882 5180 2088 5312 gGalat.
2139 5180 2247 5256 tv).
2289 5187 2393 5241 Alii
2434 5186 2668 5254 denique
2712 5180 2901 5238 vident
2935 5191 2990 5234 et
3031 5180 3473 5260 contemplantur

1916 5272 2064 5312 esum
2096 5268 2151 5311 ut
2180 5258 2499 5312 gloriosum.
2534 5256 2622 5312 aui
2656 5254 2774 5312 eius
2802 5252 3146 5305 divinitatem
3182 5258 3233 5303 et
3264 5250 3468 5312 glortti-

1916 5272 2064 5312 esum
2096 5268 2151 5311 ιιι
2180 5248 2499 5327 gloriosum,
2534 5248 2622 5325 qui
2656 5254 2774 5327 ejus
2793 5252 3146 5327 divinitatem
3178 5258 3233 5327 _et
3264 5248 3468 5327 gloriﬁ-

1881 5330 2152 5383 cationem
2178 5318 2390 5395 aliaque
2412 5318 2592 5380 divitia
2616 5332 2669 5378 et
2686 5318 2938 5395 sublimia
2966 5320 3224 5395 my_ste_ria
3253 5318 3475 5395 assidue

1881 5401 2128 5453 recolunt
2160 5408 2215 5453 et
2251 5388 2603 5469 meditantur,
2636 5404 2694 5448 ut
2728 5394 2823 5469 pii,
2858 5401 2909 5469 et
2942 5388 3165 5469 perfecti
3196 5391 3468 5456 monachi,

1883 5478 1938 5524 et
1987 5460 2410 5535 contemplai‘tvi,
2462 5466 2552 5533 qui
2585 5460 2741 5535 Acutn‘
2778 5462 2953 5535 Maria
3000 5460 3209 5527 eligunt
3265 5471 3467 5531 partem

1884 5530 2343 5601 tnelioretnjqute
2373 5530 2783 5587 nutiauferetur
2812 5530 2880 5583 ab
2906 5531 3003 5583 eis.

1959 5620 1981 5647 θ
2012 5606 2309 5663 Secundum
2342 5619 2566 5666 carnem,
2598 5603 2649 5653 id
2679 5612 2782 5663 est,
2816 5602 3091 5656 carnalem
3115 5612 3172 5659 et
3203 5603 3475 5662 visibilem

1886 5678 2128 5753 corporis
2155 5674 2494 5745 praesentiam
2526 5686 2540 5729 ξ
2573 5670 2678 5727 Sed
2713 5675 2815 5724 iam
2840 5685 2980 5730 nunc
3010 5688 3114 5729 non
3139 5679 3390 5745 nouimus,
3423 5675 3478 5737 id
