4054 6186
608 260 719 327 827

1670 244 1954 307 JOANNIS
1991 235 2305 300 CASSIANI
2340 232 2836 293 COLLATIONES.

3804 224 3907 293 828

608 378 892 438 secundum
921 390 1124 430 carnem
1153 370 1450 439 Christum;
1476 369 1565 423 sed
1598 382 1733 421 nunc
1764 368 1882 438 jam
1912 378 2014 415 non
2054 356 2192 413 ηουὶ-
2223 353 2275 414 Α
2300 350 2371 407 do
2410 365 2568 421 posse
2606 350 2832 405 cassari.
2887 347 3041 418 Quod
3070 346 3145 405 ita
3188 345 3299 417 flet,
3344 361 3469 405 cum
3500 345 3683 403 omnis
3734 358 3903 412 amor,

610 490 723 527 mus
753 469 823 542 (ll
847 470 969 523 Cor.
1002 470 1080 539 v).
1112 464 1217 521 Sed
1249 458 1322 519 illi
1355 462 1456 517 soli
1483 461 1786 532 purissimis
1814 456 1986 513 oculis
2010 452 2198 511 divini-

613 574 783 621 tatem
819 562 988 632 ipsius
1031 558 1404 629 speculantur,
1438 554 1527 624 qui
1566 552 1633 608 de
1671 551 1969 609 humilibus
2000 563 2061 604 ac
2095 557 2204 603 ter-

614 659 762 714 renis
812 656 1075 726 operibus
1120 662 1177 706 et
1226 649 1647 721 cogitationibus
1692 642 2048 699 ascendentes
2079 656 2201 695 cum

615 751 709 806 illo
744 747 1007 805 secedunt
1032 748 1083 799 in
1115 744 1333 798 excelso
1355 739 1673 797 solitudinis
1710 748 1913 801 monte,
1948 738 2033 803 qui
2068 734 2204 789 liber

614 842 684 896 ab
711 839 955 896 omnium
994 847 1334 892 terrenarum
1376 832 1768 903 cogitationum
1823 845 1885 883 ac
1918 828 2206 900 perturba-

615 936 822 991 tionum
855 930 1108 997 tumultu,
1139 937 1196 983 et
1241 944 1267 982 a
1319 936 1637 981 cunctorum
1672 924 1924 978 vitiorum
1962 920 2204 994 permix-

618 1029 764 1083 tione
788 1036 1058 1091 secretus,
1092 1023 1194 1078 fide
1219 1021 1509 1093 purissima
1534 1034 1597 1074 ac
1622 1021 1882 1073 virtutum
1908 1015 2205 1071 eminentia

616 1118 972 1183 sublimatus,
1005 1115 1234 1187 gloriam
1269 1116 1456 1167 Vultus
1498 1113 1616 1182 ejus
1662 1126 1724 1165 ac
1771 1111 2035 1164 claritatis
2085 1109 2208 1179 ejus

616 1211 828 1267 revelat
876 1208 1165 1279 imaginem
1216 1207 1298 1259 liis
1350 1207 1440 1275 qui
1490 1213 1769 1259 merentur
1818 1220 1938 1259 eum
1992 1203 2208 1257 mundis

617 1304 814 1359 animae
867 1302 1149 1357 obtutibus
1194 1299 1416 1355 intueri.
1465 1298 1733 1353 Caeterum
1784 1297 1998 1351 videtur
2050 1296 2208 1350 Jesus

618 1396 784 1451 etiam
818 1394 883 1448 ab
912 1393 996 1448 bis
1025 1392 1116 1463 qui
1150 1391 1204 1446 in
1237 1390 1549 1445 civitatibus
1580 1398 1635 1444 et
1662 1388 1907 1444 castellis
1933 1403 1995 1440 ac
2016 1387 2211 1442 viculis

619 1496 1055 1550 commorantur,
1091 1484 1143 1538 id
1184 1494 1290 1548 ess,
1326 1484 1413 1552 qui
1464 1484 1517 1536 in
1568 1483 1766 1535 actuali
1795 1482 2212 1535 conversatione

624 1591 941 1651 suntatque
975 1582 1027 1634 in
1079 1579 1337 1648 Operibus
1368 1576 1686 1642 constituti;
1717 1576 1811 1629 sed
1863 1592 1967 1628 non
2014 1575 2065 1627 in
2122 1573 2208 1626 illa

619 1675 866 1731 claritate
915 1688 1020 1740 qua
1056 1671 1161 1725 illis
1193 1670 1445 1740 apparuit
1476 1669 1565 1737 qui
1597 1684 1716 1721 cum
1753 1668 1870 1738 ipso
1902 1676 2127 1737 ansunt
2156 1668 2206 1719 in

620 1766 883 1838 praedicto
908 1765 1165 1818 virtutum
1192 1773 1373 1816 monte
1394 1735 1789 1825 conscendere,
1820 1760 1869 1812 id
1898 1735 2003 1825 est,
2025 1758 2207 1826 Petro,
2240 1735 2286 1792 Β

622 1861 825 1917 Jacobo
853 1866 907 1912 et
928 1852 1349 1927 Joanni(Matth.
1374 1852 1529 1923 xvtt).
1562 1852 1639 1907 Ita
1670 1854 1813 1906 enim
1840 1852 1893 1905 in
1916 1851 2209 1906 solitudine

626 1962 683 2010 et
719 1953 847 2008 Mosi
880 1950 1128 2020 apparuit
1155 1948 1353 2018 (Exod.
1386 1948 1489 2015 ιιι),
1526 1956 1580 2000 et
1605 1947 1736 2000 Elia:
1770 1946 1983 2000 locutus
2014 1956 2095 2000 est
2119 1944 2213 2016 (ΙΙΙ

623 2045 754 2115 Reg.
800 2058 931 2098 xvttt
983 2052 1027 2096 et
1076 2040 1212 2110 xu).
1270 2040 1423 2108 Quod
1474 2040 1665 2094 volens
1720 2046 1906 2093 noster
1954 2039 2212 2092 Dominus

622 2138 949 2196 conﬁrmare
1001 2148 1063 2189 ac
1114 2132 1372 2203 perfectae
1414 2132 1571 2187 nobis
1626 2131 1937 2201 relinquere
1966 2129 2213 2200 puritatis

624 2228 896 2298 exempla,
931 2238 984 2281 et
1018 2224 1235 2296 quidem
1269 2240 1391 2279 cum
1418 2224 1534 2293 ipse
1566 2222 1689 2277 fons
1721 2222 2057 2276 inviolabilis
2085 2236 2213 2275 san-

625 2320 833 2378 ctitatis
865 2319 930 2374 ad
972 2317 1321 2373 obtinendam
1369 2316 1658 2385 puritatem
1690 2315 2020 2370 secessionis
2062 2314 2215 2385 adju-

624 2416 768 2471 torio
794 2428 857 2468 ac
882 2412 1196 2468 solitudinis
1227 2411 1492 2465 beneficio
1519 2411 1863 2464 extrinsecus
1893 2424 1997 2462 non
2028 2416 2217 2478 egeret

626 2508 759 2579 (non
784 2507 927 2561 enim
958 2512 1175 2576 poterat
1201 2502 1323 2556 ullis
1361 2502 1641 2555 turbarum
1671 2501 1926 2555 sordibus
1964 2502 2216 2569 puritatis

627 2598 909 2672 plenitudo
958 2596 1239 2667 maculari,
1276 2610 1374 2651 nec
1406 2596 1769 2649 contaminari
1812 2596 2047 2649 humano
2080 2611 2216 2649 con-

627 2691 799 2745 sortio
829 2690 918 2760 qui
954 2689 1204 2743 universa
1243 2688 1445 2757 polluta
1474 2688 1736 2743 emundat
1785 2697 1947 2757 atque
1977 2687 2218 2742 sanctifi-

629 2792 716 2839 cat
738 2784 779 2853 ),
808 2780 1047 2836 secessit
1074 2790 1250 2834 tamen
1280 2781 1430 2835 solus
1454 2782 1507 2835 in
1539 2789 1778 2835 montem
1810 2795 1969 2835 orare
1995 2780 2212 2852 (.llattls.

627 2876 760 2947 xw),
789 2891 886 2945 per
917 2876 1019 2929 hoc
1049 2875 1259 2929 scilicet
1296 2888 1398 2929 nos
1430 2876 1709 2929 instruens
1739 2890 1856 2929 sure
1889 2876 2217 2931 secessionis

628 2969 902 3038 exemplo,
936 2977 993 3021 ut
1022 2966 1067 3022 si
1098 2966 1450 3035 interpellare
1496 2981 1594 3021 nos
1634 2982 1849 3037 quoque
1885 2967 2217 3023 voluerimus

631 3062 803 3119 Deum
833 3074 971 3131 puro
1018 3070 1073 3114 et
1110 3060 1325 3130 integro
1355 3058 1537 3115 cordis
1587 3058 1809 3125 affectu,
1837 3059 1906 3115 ab
1949 3062 2097 3115 omni
2128 3062 2217 3115 in-

627 3154 945 3227 quietudine
976 3164 1030 3207 et
1077 3152 1398 3208 confusione
1444 3150 1729 3204 turbarum
1772 3152 2028 3206 similiter
2066 3166 2218 3207 sece-

628 3248 842 3312 damus,
877 3254 935 3299 ut
965 3246 1016 3299 in
1048 3244 1151 3298 hoc
1180 3258 1412 3313 corpore
1442 3251 1845 3297 commorantes
1873 3243 1939 3296 ad
1964 3244 2218 3297 similitu-

626 3340 812 3397 dinem
854 3338 1141 3409 quamdam
1186 3336 1330 3390 illius
1386 3335 1739 3390 beatitudinis
1789 3351 1912 3405 qua:
1955 3336 2008 3391 in
2038 3337 2220 3392 futuro

629 3431 1031 3501 reproniittitur
1063 3428 1285 3494 sanctis,
1313 3427 1396 3482 vel
1420 3441 1487 3481 ex
1514 3438 1666 3495 parte
1694 3427 1873 3496 aliqua
1905 3444 2003 3482 nos
2034 3441 2221 3498 aptare

631 3527 927 3601 possimus,
960 3524 1136 3592 sitque
1181 3520 1339 3575 nobis
1386 3520 1557 3574 omnia
1611 3530 1657 3574 et
1705 3522 1759 3574 in
1813 3520 2047 3576 omnibus
2083 3521 2221 3577 Deus

630 3617 677 3689 (ι
704 3613 825 3673 Cor.
852 3614 965 3687 xv).

1230 3703 1463 3761 CAPUT
1505 3704 1612 3760 Vll.

706 3804 773 3859 In
801 3820 901 3875 quo
923 3803 1043 3873 ﬁnis
1071 3811 1116 3856 et
1147 3799 1518 3882 consummatio
1544 3807 1839 3853 nostrarum
1864 3800 2153 3854 orationum

1297 3880 1563 3926 consistat.

710 4001 860 4056 Tunc
890 3998 1034 4052 enim
1066 3995 1302 4065 perfecte
1339 3993 1805 4048 consummabitur
1851 3992 1903 4045 in
1949 3991 2107 4045 nobis
2138 3990 2226 4045 illa

635 4093 809 4152 nostri
838 4088 1140 4148 Salvatoris
1171 4087 1368 4153 oratio,
1402 4099 1504 4153 qua
1536 4098 1635 4152 pro
1658 4084 1769 4137 suis
1796 4082 2078 4150 discipulis
2107 4096 2230 4137 ora-

635 4188 718 4244 vit
743 4186 809 4240 ad
841 4185 1056 4239 Patrem
1089 4180 1299 4246 dicens,
1336 4175 1404 4231 Ut
1432 4176 1637 4231 dilectio
1666 4192 1767 4244 qua
1794 4176 2018 4228 dilexisti
2046 4191 2143 4241 me,
2175 4176 2230 4229 in

638 4282 712 4335 eis
750 4279 837 4339 sit,
882 4284 926 4328 et
964 4275 1065 4343 ipsi
1103 4273 1158 4325 in
1200 4270 1377 4333 nobis;
1419 4277 1473 4323 et
1515 4269 1729 4334 iterum,
1766 4265 1835 4322 Ut
1869 4283 2044 4321 omnes
2075 4285 2232 4322 unum

639 4372 762 4435 sint,
794 4368 920 4423 sicut
950 4375 1025 4432 tu,
1062 4363 1240 4427 Pater,
1286 4363 1339 4414 in
1366 4375 1447 4413 me
1481 4369 1526 4414 et
1569 4376 1663 4431 ego
1706 4361 1854 4423 inte,
1890 4370 1943 4413 ut
1978 4370 2022 4414 et
2052 4362 2150 4427 ipsi
2178 4362 2231 4415 in

642 4461 786 4517 nobis
810 4473 967 4512 unum
994 4457 1096 4510 sint
1124 4452 1303 4527 (Joan.
1342 4450 1507 4524 xvn);
1553 4453 1767 4520 quando
1813 4453 1906 4507 illa
1960 4454 2055 4508 Dei
2108 4470 2231 4523 per.

2308 460 2468 501 omne
2515 444 2874 510 desiderium,
2918 456 3080 498 omne
3126 441 3385 507 studium,
3434 441 3615 493 omnis
3655 450 3901 506 conatus,

2307 536 2485 595 Omnis
2514 536 2768 606 cogitatio
2801 543 3007 601 nostra,
3032 518 3214 589 omne
3260 530 3403 603 quod
3444 530 3720 595 videmus,
3774 533 3902 602 quod

2306 634 2600 703 loquimur,
2633 629 2782 701 quod
2812 643 3113 698 speramus,
3145 620 3289 683 Deus
3320 627 3441 689 erit,
3478 624 3680 695 illaque
3707 625 3901 688 unitas,

2308 742 2428 796 qua:
2471 739 2613 778 nunc
2644 731 2727 777 est
2768 721 2942 775 Patris
2970 734 3091 775 cum
3134 717 3292 785 Filio,
3326 726 3381 773 et
3421 718 3541 771 Filii
3567 726 3690 771 eum
3732 716 3898 778 Patre.

2309 818 2364 874 in
2406 829 2649 872 nostrum
2688 815 2849 869 fuerit
2890 827 3108 867 sensum
3152 820 3473 879 mentesque
3521 810 3827 872 transfusa,
3862 808 3903 862 id

2310 918 2414 977 est,
2448 919 2507 964 ut
2533 907 2983 981 quemadmodum
3018 919 3115 959 nos
3140 904 3233 959 ille
3254 904 3461 958 sincera
3490 912 3548 958 et
3581 916 3717 971 pura
3757 912 3905 972 atque

2312 1002 2671 1059 indissolubili
2694 1001 2867 1071 diligit
2893 998 3179 1063 charitate,
3210 1012 3310 1051 nos
3332 1010 3547 1067 quoque
3568 995 3619 1049 ei
3653 1004 3908 1066 perpetua

2311 1110 2365 1155 et
2393 1097 2735 1167 inseparabili
2767 1094 3031 1150 cbaritate
3064 1094 3372 1162 iungamur,
3402 1090 3473 1143 ita
3504 1088 3713 1143 scilicet
3740 1090 3909 1143 eidem

2312 1190 2572 1263 c0pulati,
2618 1198 2677 1242 ut
2722 1186 2979 1257 quidquid
3013 1197 3318 1254 speramus,
3365 1180 3624 1251 quidquid
3656 1168 3912 1263 intelligi-

2313 1299 2454 1353 mus,
2481 1281 2736 1352 quidquid
2765 1280 3055 1349 loquimur,
3086 1277 3229 1332 Deus
3252 1276 3351 1342 sit;
3387 1275 3438 1329 in
3466 1275 3638 1337 illum,
3666 1262 3909 1343 inquam.

2314 1375 2694 1447 pervenientes
2738 1387 2898 1443 quem
2932 1370 3281 1441 praediximus
3328 1368 3511 1427 finem,
3556 1380 3718 1438 quem
3777 1364 3914 1421 idem

2314 1472 2576 1527 Dominus
2604 1483 2766 1523 orans
2794 1469 2847 1521 in
2878 1467 3035 1523 nobis
3063 1474 3215 1534 optat
3245 1465 3477 1535 impleri,
3510 1462 3580 1520 Ut
3610 1481 3797 1518 omnes
3820 1465 3915 1517 sint

2314 1580 2494 1627 unum,
2529 1564 2659 1617 sicut
2688 1578 2781 1615 nos
2814 1577 2973 1613 unum
2999 1576 3212 1625 sumus;
3242 1574 3334 1630 ego
3359 1559 3414 1611 iu
3442 1560 3537 1623 eis,
3570 1568 3615 1612 et
3647 1569 3702 1611 tu
3730 1560 3789 1613 in
3818 1576 3912 1625 me,

2316 1674 2371 1715 ut
2411 1661 2512 1713 sint
2551 1668 2598 1712 et
2646 1658 2743 1730 ipsi
2787 1658 3122 1710 consummati
3151 1658 3203 1711 in
3230 1673 3386 1709 unum
3410 1653 3597 1726 (Joan.
3624 1660 3736 1712 tht
3773 1658 3815 1727 ).
3856 1658 3915 1712 Et

2318 1754 2512 1809 iterum
2540 1769 2553 1802 :
2582 1751 2761 1819 Pater,
2792 1768 2917 1821 quos
2946 1751 3132 1805 dedisti
3166 1750 3310 1816 mihi,
3340 1751 3454 1805 volo
3480 1760 3535 1805 ut
3568 1754 3654 1805 ubi
3681 1770 3779 1825 ego
3806 1772 3914 1808 sum

2316 1857 2363 1900 et
2393 1847 2490 1915 ipsi
2518 1846 2619 1899 sint
2649 1862 2843 1898 mecum
2873 1844 3084 1918 (1ὺὶ(1.).
3118 1845 3244 1899 Haec
3269 1845 3431 1916 igitur
3472 1846 3768 1917 destinatio
3789 1852 3913 1906 soli-

2319 1937 2439 1992 tarii
2475 1947 2521 2005 η,
2557 1937 2671 1992 haec
2701 1938 2862 1991 debet
2891 1952 3011 1991 esse
3036 1939 3211 1991 omnis
3234 1937 3486 2007 intentio,
3531 1950 3587 1994 ut
3625 1918 3911 2014 imaginem

2318 2029 2516 2084 futura:
2542 2029 2889 2083 beatitudinis
2922 2030 2973 2084 in
3008 2029 3109 2083 hoc
3138 2046 3366 2103 corpore
3396 2032 3677 2099 possidere
3706 2051 3912 2091 merea-

2320 2132 2426 2191 tur,
2465 2133 2517 2177 et
2558 2121 2961 2195 quodammodo
2990 2119 3018 2160 b
3050 2122 3264 2177 arrham
3308 2124 3555 2180 caelestis
3598 2126 3737 2200 illius
3774 2143 3911 2182 con-

2318 2214 2642 2269 versationis
2670 2222 2724 2267 et
2750 2212 2944 2284 gloria:
2985 2213 3205 2283 incipiat
3237 2216 3285 2269 in
3319 2216 3423 2270 hoc
3451 2218 3673 2274 vasculo
3705 2235 3910 2292 prsegu-

2318 2316 2484 2363 stare.
2534 2308 2656 2375 llic,
2702 2308 2943 2377 inquam,
2978 2304 3097 2362 linis
3130 2309 3292 2362 totius
3323 2309 3674 2383 perfectionis
3712 2298 3818 2378 est,
3856 2324 3911 2366 ut

2320 2416 2385 2457 eo
2429 2416 2598 2473 usque
2637 2409 2929 2457 extenuata
2976 2416 3128 2457 mens
3162 2402 3230 2457 ab
3274 2403 3425 2458 omni
3468 2406 3570 2459 situ
3612 2407 3813 2471 carnali
3846 2405 3907 2460 ad

2321 2495 2585 2564 spiritalia
2641 2496 2880 2566 qu0tidie
2939 2495 3281 2564 sublimetur,
3338 2497 3506 2552 donec
3558 2500 3734 2559 omnis
3787 2498 3912 2568 ejus

2320 2587 2695 2651 conversatio,
2744 2589 2922 2643 omnis
2973 2588 3235 2643 volutatio
3265 2588 3468 2656 cordis,
3523 2603 3624 2643 una
3662 2597 3715 2643 et
3748 2588 3912 2662 jugis

2321 2678 2585 2735 efficiatur
2613 2680 2787 2734 oratio
2822 2691 2867 2732 ε.

2912 2792 3139 2851 CAPUT
3181 2794 3298 2850 Vlll

2323 2927 2671 2996 Interrogatio
2716 2944 2869 2998 super
2916 2929 3198 3002 eruditione
3248 2931 3577 3000 perfectionis
3626 2949 3713 3002 per
3756 2949 3905 2999 quam

2394 3002 2646 3070 possimus
2674 3004 2739 3054 ad
2774 3009 3071 3069 perpetuam
3100 2998 3197 3054 Dei
3224 2998 3528 3055 ntenioriam
3559 2998 3835 3071 pervenire.

2394 3138 2696 3194 Germanus
2740 3154 2753 3191 :
2804 3138 2975 3207 Major
3014 3137 3168 3193 nobis
3196 3138 3263 3194 ad
3294 3139 3586 3209 praeteritae
3611 3141 3906 3197 collationis

2323 3230 2465 3284 illius
2496 3229 2933 3296 admirationem,
2977 3230 3049 3285 ob
3077 3246 3234 3301 quam
3277 3230 3383 3286 huc
3416 3234 3767 3299 recurrimns,
3802 3250 3907 3288 rna-

2322 3323 2551 3394 gnitudo
2590 3325 2829 3393 stuporis
2870 3326 3157 3382 accrescit.
3210 3327 3478 3393 Quantum
3532 3330 3676 3385 enim
3724 3331 3903 3386 incita—

2322 3426 2507 3474 mento
2534 3416 2797 3474 doctrinae
2825 3418 2985 3489 hujus
3010 3420 3079 3474 ad
3108 3420 3437 3478 desiderium
3461 3424 3716 3493 perfecta:
3738 3424 3905 3480 beati.

2325 3510 2528 3565 tudinis
2578 3510 3006 3578 inflammamur,
3064 3522 3213 3568 tanto
3272 3514 3480 3585 majore
3540 3515 3910 3587 desperatione

2325 3605 2686 3672 concidimus,
2727 3607 3038 3677 ignorantes
3078 3608 3532 3678 quemadmodum
3579 3610 3911 3682 disciplinam

2327 3708 2490 3756 tantis
2537 3699 2887 3757 sublimitatis
2924 3710 3182 3771 expetere
3221 3702 3303 3757 vel
3345 3702 3594 3759 obtinere
3628 3704 3913 3772 possimus.

2327 3793 2669 3863 Quapropter
2709 3809 2827 3864 quas
2857 3794 2911 3848 in
2942 3794 3076 3849 cella
3122 3793 3281 3863 positi
3321 3792 3527 3849 diutina
3574 3795 3916 3850 meditatione

2332 3888 2552 3943 volvere
2575 3901 2933 3958 cceperamus,
2967 3887 3085 3956 quia
3112 3899 3336 3941 necesse
3359 3896 3441 3941 est
3466 3887 3673 3956 loquaci
3694 3886 3917 3944 forsitan

2331 3980 2717 4050 prosecutione
2746 3978 3015 4048 proferre,
3059 3992 3394 4047 quaesumus,
3428 3990 3489 4034 ut
3513 3979 3769 4050 explicari
3795 3995 3859 4039 ea
3891 3994 3917 4031 a

2333 4073 2491 4128 nobis
2522 4071 2792 4142 patienter
2821 4071 3094 4125 admittas.
3124 4069 3465 4139 Quamquam
3492 4074 3716 4126 sciamus
3745 4072 3923 4125 beati-

2334 4166 2575 4219 tudinem
2605 4174 2751 4219 tuam
2799 4163 2963 4219 nullis
3003 4162 3202 4217 offendi
3230 4162 3409 4239 solere
3442 4161 3647 4234 ineptiis
3675 4159 3923 4239 inﬁrmo-

2335 4273 2480 4323 rum,
2512 4274 2633 4328 qute
2673 4256 2759 4312 vel
2798 4256 2869 4310 ob
2914 4257 3017 4313 hnc
3054 4266 3180 4309 sunt
3209 4253 3261 4308 iu
3291 4236 3531 4317 medium
3560 4236 3917 4325 proferenda,

2338 4361 2395 4406 ut
2425 4367 2547 4419 quas
2588 4351 2638 4404 in
2669 4350 2748 4405 eis
2791 4348 3021 4404 absurda
3061 4358 3210 4416 sunt,
3252 4348 3610 4417 corrigantur.
3651 4347 3922 4413 Quantum

2338 4448 2520 4516 itaque
2562 4446 2743 4516 opinio
2783 4453 2965 4499 nostra
2998 4454 3120 4497 sese
3148 4441 3339 4507 habet,
3389 4436 3417 4477 ιι
3460 4437 3749 4511 cujuslibet
3788 4439 3926 4492 artis

640 4552 782 4611 lecta
812 4548 1055 4612 dilectio,
1086 4513 1189 4615 qua
1216 4544 1358 4613 prior
1388 4513 1483 4601 nos
1514 4543 1604 4598 ille
1636 4543 1815 4599 dilexit
1844 4544 1899 4609 (Ι
1928 4543 2085 4599 Joan.
2109 4513 2227 4616 ἰν),
2262 4513 2315 4573 Ῑ)
2340 4513 2445 4594 εθιι
2466 4513 2766 4608 disciplinae
2797 4535 3055 4607 perfectio
3084 4549 3312 4590 necesse
3338 4541 3418 4589 est
3446 4541 3501 4584 ut
3529 4546 3556 4583 a
3585 4530 3923 4599 quibusdam

643 4645 697 4700 in
730 4642 898 4699 nostri
927 4653 1141 4710 quoque
1172 4636 1445 4692 transierit
1474 4635 1655 4692 cordis
1679 4635 1953 4705 allectum,
2004 4638 2103 4693 hac
2131 4639 2234 4694 Do-

644 4738 843 4796 minica
873 4734 1119 4792 oratione
1148 4734 1416 4806 completa
1448 4747 1609 4802 quam
1636 4732 1906 4789 credimus
1940 4734 2087 4791 nullo
2120 4751 2229 4789 mo-

2340 4634 2594 4689 mollibus
2642 4630 2909 4701 incipiens
2948 4628 3291 4691 rudimentis,
3335 4622 3659 4683 facilioribus
3684 4622 3925 4692 primum

2341 4744 2403 4784 ac
2436 4724 2741 4803 tenerrimis
2773 4722 2945 4789 initiis
2972 4719 3266 4793 imbuatur,
3312 4724 3338 4757 ο
3382 4725 3441 4773 ιιι
3483 4715 3715 4787 quodam
3758 4717 3927 4770 ratio-

1716 4871 1974 4928 ALARDI
2014 4872 2248 4930 GAZA‘JI
2287 4864 2853 4928 COMMENTARIUS.

641 5006 743 5060 est,
773 5008 878 5049 non
900 5008 960 5048 ea
988 4992 1197 5048 ratione
1219 5003 1565 5057 veneramur,
1587 4988 1758 5059 utqui
1782 4989 1980 5045 visibili
2002 5003 2233 5059 corpore

644 5081 886 5139 praesens
920 5079 1043 5120 esse
1074 5063 1313 5139 desierit.

715 5148 739 5177 ει
774 5137 830 5192 ld
862 5147 966 5199 est,
1002 5135 1275 5190 monachi.
1310 5135 1387 5189 lta
1417 5134 1618 5201 passim
1646 5134 1891 5187 nominat
1920 5132 2231 5197 Cassianus,

644 5211 947 5280 przrsertim
996 5208 1103 5280 lib.»
1142 5223 1195 5261 ιιι
1223 5217 1277 5261 et
1308 5223 1338 5260 ι
1365 5204 1621 5280 _lnstitut.
1668 5204 1861 5269 Graeci,
1895 5205 2231 5280 ἠσυχαστάς,

644 5275 1021 5348 liesycliastas,
1056 5278 1107 5332 id
1134 5288 1236 5342 est,
1272 5278 1435 5332 tacite
1461 5286 1516 5330 et
1538 5278 1718 5346 quiete
1744 5286 1988 5345 agentes,
2019 5285 2073 5328 ut
2103 5275 2234 5327 scri-

643 5354 720 5409 bit
748 5351 1089 5406 Justinianus
1122 5349 1335 5404 novella
1363 5350 1415 5404 5.
1451 5349 1745 5417 Utramque
1776 5348 2235 5417 nutnenclatnram

641 5424 959 5491 Complexus
990 5431 1071 5476 est
1099 5421 1366 5476 Jeretnias
1389 5415 1673 5474 versiculo
1694 5419 1807 5483 illo,
1835 5418 1922 5486 qni
1955 5415 2239 5491 monachis

642 5487 889 5564 apprime
919 5494 1173 5565 cungruit
1204 5491 1462 5565 z§edebit
1484 5491 1770 5565 solitarius,
1801 5499 1846 5543 et
1874 5487 2090 5565 tacebit;
2118 5488 2240 5565 quia

645 5558 831 5621 lév'abit
861 5584 918 5621 se
942 5558 1095 5635 super
1122 5581 1174 5619 se
1205 5563 1423 5638 (Thren.
1454 5562 1554 5633 ιιι).
1590 5562 1667 5616 De
1697 5574 1805 5631 quo
1834 5559 1958 5628 vide
1991 5558 2140 5639 plura
2174 5558 2240 5612 ad

646 5639 832 5693 collat.
871 5638 936 5694 19
964 5653 1084 5694 can.
1116 5638 1169 5691 8.

646 5648 832 5693 collat.
871 5648 936 5694 19
964 5653 1084 5706 cap.
1116 5648 1169 5691 δ.

718 5707 747 5745 ι’
778 5708 854 5762 De
893 5710 994 5761 hac
1029 5701 1214 5772 arrlia,
1257 5708 1371 5759 sive
1404 5704 1739 5771 arrliabone,
1774 5701 1901 5759 vide
1937 5710 2121 5759 notata
2155 5714 2244 5756 su-

649 5776 839 5844 perius
863 5776 930 5830 ad
960 5790 1082 5844 cap.
1117 5777 1150 5830 5
1180 5774 1363 5829 collat.
1396 5776 1447 5829 7.

2416 4998 2435 5022 η
2481 4985 2595 5051 Qua
2646 4982 2903 5037 nimirum
2948 4979 3283 5049 compleatur
3330 4992 3394 5033 ac
3446 4974 3751 5046 perficiatur
3794 4976 3925 5030 illud

2339 5057 2712 5124 evangelicum
2762 5073 2775 5108 :
2828 5052 3041 5124 Oportet
3068 5067 3293 5124 femi)".
3335 5064 3504 5124 orare,
3546 5059 3599 5124 et
3648 5063 3927 5124 numquam

2340 5118 2558 5195 deficere
2600 5124 2790 5192 (Lacte
2831 5118 3129 5195 uniuni
3169 5118 3705 5195 illudApostolicum
3749 5119 3924 5195 :_Sin_e

2338 5189 2711 5253 intermissione
2758 5206 2899 5249 orate
2948 5192 3143 5263 (Thes.
3188 5191 3347 5261 ult.).
3396 5189 3472 5263 De
3519 5202 3620 5260 qua
3669 5189 3927 5263 orationis

2337 5272 2564 5340 jugitate
2607 5279 2659 5321 et
2700 5261 3021 5340 assiduitate
3059 5265 3305 5340 instituta
3336 5262 3571 5340 est_|t:nc_
3603 5261 3843 5324 collatio,
3878 5268 3929 5312 ut

2344 5332 2490 5412 patet
2516 5354 2581 5395 ex
2614 5340 2717 5392 line
2748 5337 3101 5412 pra-cedentis
3130 5346 3185 5412 et
3213 5345 3323 5412 toto
3352 5333 3513 5412 hujus
3542 5332 3792 5412 ιΙι-ίξιιινειιἶ

2415 5410 2441 5450 ἀ
2467 5414 2619 5468 Scita
2641 5421 2693 5465 et
2716 5410 2922 5478 vulgata
2952 5408 3245 5473 sententia,
3271 5404 3337 5459 In
3360 5406 3494 5478 omni
3523 5414 3629 5478 arte
3648 5404 3927 5478 etscientia

2344 5502 2375 5539 a
2423 5482 2743 5549 facilioribus
2793 5475 2837 5533 et
2887 5479 3179 5531 rudiaribus
3226 5475 3617 5549 principiisadg
3658 5477 3847 5549 altiora
3888 5482 3929 5523 et

2345 5545 3094 5626 difﬁcilieratprogredienclum
3127 5549 3421 5626 (Aristoni
3457 5545 3718 5626 Parisiis).

2421 5614 2444 5665 δ
2474 5627 2612 5681 Hinc
2640 5614 2837 5678 Paulus
2861 5624 2925 5675 ad
2954 5614 3265 5675 Corinthios
3296 5618 3473 5673 adhuc
3503 5614 3554 5672 in
3586 5614 3687 5671 tide
3717 5627 3771 5671 et
3800 5614 3921 5668 doc.

2348 5700 2487 5754 trina
2518 5696 2820 5751 Christiana
2853 5693 3012 5747 rudes
3042 5703 3094 5746 et
3136 5693 3418 5758 imperitos
3445 5689 3691 5747 scribens
3720 5687 3775 5757 (l
3814 5685 3924 5758 Cor.

2346 5769 2427 5839 ιιι)
2462 5787 2475 5824 :
2513 5768 2638 5823 Non
2670 5766 2838 5838 potui,
2872 5764 3067 5835 inquit,
3100 5756 3240 5817 vobis
3270 5760 3435 5830 loqui,
3465 5760 3616 5831 quasi
3640 5756 3926 5828 spirituali-
