4048 6198
99 86 248 146 829
1274 86 1618 145 COLLA-TIO
1656 87 1725 144 X.
1752 116 1824 130 —
1850 86 1939 144 DE
1979 86 2349 152 ORATIONE.
3349 101 3460 166 850

98 205 328 261 ηδιιίιὶ
366 204 512 261 lacte
537 205 746 262 nutrita
768 205 1033 275 paulatim
1061 203 1392 274 educataque
1422 210 1751 270 succrescat,
1782 207 1833 264 Α
1860 204 2054 261 obruta
2099 214 2207 272 est,
2256 221 2362 278 qua
2409 208 2708 279 spiritalem
2755 212 3074 270 memoriam
3126 219 3456 280 resuscitare

25 334 70 388 ἒ
99 307 318 365 atque
374 298 450 388 ita
491 297 560 352 ab
603 296 726 388 imis
767 296 836 355 ad
887 310 1097 388 summa
1144 296 1342 352 sensim
1382 294 1759 368 gradatimque
1863 299 2154 367 possimus,
2185 301 2447 358 retardati
2476 303 2644 374 ipsius
2673 304 3036 374 inquisitionis
3062 279 3234 377 mora,
3271 313 3454 388 prius-

23 369 72 434 ?
100 387 534 454 conscendat;
572 387 768 457 quibus
791 401 912 446 cum
944 385 1108 444 fuerit
1131 387 1376 456 planiora
1407 385 1667 458 principia
1701 393 1758 440 et
1859 403 2021 458 quam
2053 392 2388 462 reperiamus
2431 369 2576 461 eam,
2605 411 2636 452 a
2668 369 2859 460 nostro
2891 407 3087 452 conatu
3133 369 3327 464 iterum
3359 371 3454 459 de-

63 464 76 476 ’
101 479 572 552 quodammodo
595 480 792 550 ianuas
821 489 1052 550 arreptae
1093 477 1442 548 professionis
1483 477 1749 548 ingressa,
1856 481 2162 550 volvamur,
2218 493 2274 538 et
2309 494 2599 552 antequam
2643 487 2904 556 apiritalis
2947 469 3164 561 quidam
3212 493 3454 564 pariatur

102 574 190 629 ad
225 571 682 644 penetrabiliora
700 586 916 642 quoque
937 569 1286 641 perfectionis
1306 569 1518 625 excelsa
1541 568 1752 638 fastigia
1854 571 2104 640 intuitus,
2135 586 2400 645 concepta
2432 577 2612 634 cordis
2645 589 2934 634 evanescat
2979 569 3228 636 intentio.
3278 582 3448 651 Quam

103 675 564 737 consequenter
583 673 638 721 et
659 664 860 735 absque
881 664 1067 720 labore
1089 664 1380 732 perveniat.
1407 663 1539 720 Nam
1563 677 1749 732 quem-
1854 664 2231 727 confusionem
2256 667 2459 724 idcirco
2480 669 2641 724 nobis
2669 671 2918 727 accidere
2946 673 3078 727 satis
3104 683 3311 728 certum
3341 684 3444 744 est,

105 757 455 813 admodum
484 756 838 827 pronuntiare
863 769 1150 826 puerorum
1183 755 1444 826 quispiam
1476 753 1749 822 simplices
1851 758 1980 828 quia
2019 760 2255 828 speciale
2285 760 2492 829 aliquid
2525 775 2635 829 prae
2679 763 2850 817 oculis
2904 765 3268 836 propositum,
3300 767 3448 822 velut

107 850 364 919 poterit
396 849 620 920 copulas
645 847 992 918 syllabarum,
1036 847 1137 902 nisi
1176 847 1328 916 prius
1356 847 1746 912 elementorum
1791 868 1793 870 ·
1850 849 2135 904 formulam
2190 850 2500 921 quamdam,
2561 852 2826 907 stabiliter
2881 869 2986 907 non
3046 863 3318 924 tenemus,
3361 837 3442 914 ad

108 943 520 998 characteres
559 941 842 1012 diligenter
883 941 1196 1010 agnoverit?
1226 939 1318 994 Vel
1365 939 1640 1009 quomodo
1673 939 1747 995 le—
1847 957 2008 1011 quam
2048 942 2217 1011 possit
2249 956 2418 1012 vagus
2449 945 2659 997 animus
2692 952 2812 1012 post
2842 946 3042 1016 multos
3072 945 3348 1003 anfractus
3377 965 3441 1006 ac

109 1034 309 1105 gendi
337 1035 593 1105 peritiam
621 1039 1006 1101 consequetur,
1030 1033 1119 1102 qui
1148 1032 1341 1098 breves
1365 1039 1421 1090 et
1447 1046 1743 1101 peranguso
1848 1032 2128 1090 discursus
2174 1033 2354 1089 varios
2398 1037 2667 1101 revocari,
2711 1045 2764 1090 et
2812 1047 2930 1106 post
2979 1038 3133 1111 longa
3165 1042 3438 1116 naufragia

114 1135 215 1181 tas
251 1126 665 1196 descriptiones
690 1124 966 1182 nominum
993 1125 1220 1186 necdum
1247 1133 1333 1186 est
1362 1122 1590 1178 idoneus
1617 1137 1744 1180 con-
1846 1127 1995 1182 velut
2020 1134 2233 1196 portum
2264 1127 2462 1194 quietis
2488 1128 2714 1182 intrare.
2747 1128 2934 1200 Itaque
2966 1129 3024 1184 ﬁt
3055 1140 3110 1184 ut
3150 1132 3249 1204 hac
3289 1134 3437 1206 igno-

104 1220 374 1291 jugare?
397 1223 510 1288 Qua
530 1230 709 1277 autem
736 1221 948 1277 ratione
973 1220 1022 1276 is
1044 1220 1135 1291 qui
1164 1220 1354 1289 peritia
1379 1218 1743 1289 grammaticae
1842 1219 2056 1274 ratione
2086 1232 2149 1272 ac
2178 1217 2494 1274 difficultate
2525 1235 2680 1275 mens
2701 1221 2903 1294 jngiler
2942 1225 3257 1296 praepedita,
3286 1217 3436 1282 e'n-a-

110 1316 446 1386 disciplinae
488 1315 662 1370 minus
699 1315 1000 1370 instructus
1038 1323 1146 1379 est,
1184 1315 1272 1369 vel
1309 1313 1634 1368 rhetoricam
1669 1312 1744 1366 fa-
1843 1313 2022 1368 bunda
2055 1328 2272 1384 semper
2295 1321 2350 1368 et
2380 1314 2529 1370 velut
2552 1315 2703 1370 ebria
2730 1332 2823 1388 per
2851 1317 3061 1372 diversa
3082 1319 3348 1387 jactetur;
3378 1331 3433 1376 et

111 1409 415 1474 cundiam,
449 1408 535 1465 vel
566 1407 999 1479 philosophicam
1031 1407 1316 1462 scientiam
1337 1405 1741 1476 consequetur?
1840 1421 1909 1463 ne
1958 1407 2087 1462 illud
2134 1407 2349 1478 quidem
2389 1408 2530 1476 quod
2579 1424 2707 1464 casu
2749 1411 2926 1479 potius
2971 1426 3130 1481 quam
3163 1412 3427 1469 industria

114 1503 488 1572 Quapropter
540 1501 669 1556 huic
719 1515 939 1570 quoque
986 1498 1392 1558 sublimissimae
1443 1499 1738 1569 disciplinae
1837 1498 2057 1553 sibimet
2104 1499 2401 1554 occurrerit
2442 1498 2708 1568 spiritale,
2739 1497 2830 1554 diu
2870 1515 2935 1555 ac
2966 1502 3190 1557 ﬁrmiter
3223 1511 3422 1574 teneat,

115 1609 226 1663 per
255 1609 426 1664 quam
455 1593 783 1649 instruimur
813 1591 927 1646 Deo
952 1591 1155 1660 jugiter
1181 1590 1470 1658 inhaerere,
1503 1606 1611 1646 non
1638 1591 1735 1646 du-
1763 1585 1811 1654 B
1836 1590 1962 1650 dum
1994 1590 2136 1645 aliud
2183 1605 2249 1645 ex
2295 1592 2400 1645 alio
2432 1606 2647 1661 seraper
2678 1590 2971 1661 recipiens,
3005 1593 3145 1648 sicut
3173 1595 3425 1650 introitus

111 1683 241 1739 bito
275 1682 538 1754 quardam
585 1682 943 1738 institutionis
973 1696 1093 1738 esse
1125 1680 1490 1749 fundamenta,
1538 1683 1732 1752 quibus

113 1777 374 1847 primum
409 1774 722 1832 firmissime
749 1774 1054 1837 collocatis,
1094 1781 1216 1841 post
1247 1771 1363 1828 haec
1390 1775 1727 1846 superposita

109 1869 472 1925 extollantur
502 1867 850 1941 perfectionis
879 1867 1092 1924 excelsa
1135 1865 1364 1938 fastigia.
1407 1867 1570 1938 Cujus
1611 1869 1728 1923 haec

112 1977 248 2019 esse
275 1961 554 2032 principia
581 1961 816 2020 tenuiter
833 1960 1186 2030 suspicamur,
1222 1969 1278 2014 ut
1303 1959 1533 2030 primum
1564 1974 1728 2016 nove-

108 2056 302 2111 rimus
331 2069 440 2126 qua
475 2053 828 2110 meditatione
867 2061 1114 2110 teneatur
1140 2051 1224 2108 vel
1253 2052 1518 2122 cositetur
1556 2051 1720 2107 Deus.

111 2147 338 2202 Deinde
388 2147 530 2202 hanc
575 2144 842 2213 eamdem,
886 2158 1237 2216 quaecumque
1283 2152 1390 2212 est,
1439 2145 1722 2200 materiam

111 2237 596 2307 quemadmodum
663 2237 934 2292 valeamus
996 2235 1344 2290 immobiliter
1405 2235 1719 2300 custodire,

112 2330 276 2401 quod
307 2333 468 2388 etiam
505 2346 608 2386 non
639 2329 960 2398 ambigimus
990 2329 1202 2383 culmen
1247 2327 1414 2382 totius
1442 2327 1720 2397 perfectio-

114 2423 214 2477 nis
262 2421 516 2478 existere.
566 2420 640 2476 Et
681 2420 882 2495 idcirco
913 2420 1199 2492 quamdam
1240 2423 1516 2476 memoriae
1560 2420 1720 2490 hujus

115 2516 408 2569 materiam
437 2529 543 2584 qua
574 2513 716 2572 Deus
748 2521 927 2570 mente
954 2511 1312 2581 concipiatur,
1345 2513 1428 2568 vel
1459 2522 1719 2582 perpetuo

115 2617 399 2675 teneatur,
451 2608 606 2662 nobis
655 2607 904 2677 cupimus
947 2607 1330 2673 demonstrari,
1374 2615 1435 2662 ut
1461 2623 1578 2663 eam
1607 2623 1718 2678 prae

115 2703 302 2760 oculis
332 2710 662 2758 retentantes
691 2714 811 2757 cum
843 2702 1058 2770 elapsos
1099 2715 1195 2755 nos
1224 2701 1293 2755 ab
1318 2700 1506 2756 eadem
1533 2715 1718 2755 sense-

114 2796 321 2860 rirnus,
355 2795 649 2852 habeamus
679 2794 732 2850 in
763 2804 1010 2863 promptu
1041 2808 1148 2862 quo
1187 2793 1540 2864 respicientes
1572 2793 1715 2848 illico

113 2898 486 2953 revertamur,
531 2903 595 2943 ac
636 2903 915 2943 resumere
946 2887 1093 2941 illam
1136 2887 1254 2941 sine
1300 2886 1408 2942 ulla
1455 2887 1714 2944 circuitus

1835 1697 2024 1737 eorum
2052 1691 2214 1753 atque
2237 1684 2520 1754 principia,
2542 1685 2614 1746 ita
2637 1685 2798 1740 etiam
2828 1685 2989 1741 linem
3017 1684 3424 1758 discessumque

1833 1787 1941 1828 non
1970 1775 2191 1828 sentiat.

2443 1866 2672 1923 CAPUT
2712 1867 2804 1922 IX.

1831 1959 2117 2029 Responsio
2146 1961 2206 2014 de
2235 1961 2458 2030 efﬁcacia
2486 1961 2797 2034 intellectus,
2825 1965 2913 2032 qui
2943 1978 3032 2033 per
3057 1963 3422 2034 experientiam

2088 2039 2101 2055 '
2484 2031 2762 2104 colligitur.

1899 2141 2048 2197 Isaac
2081 2160 2093 2196 :
2127 2143 2407 2212 inquisitio
2435 2151 2610 2199 vestra
2645 2153 2750 2198 tam
2780 2145 2980 2199 minuta
3013 2155 3172 2212 atque
3202 2145 3421 2202 subtilis

1825 2236 2088 2307 proximae
2119 2237 2370 2304 puritatis
2404 2237 2691 2306 praesignat
2718 2234 3000 2290 indicium.
3032 2236 3144 2290 Nec
3176 2237 3322 2290 enim
3350 2237 3419 2293 de

1825 2328 1908 2382 his
1927 2327 2121 2383 saltem
2145 2327 2505 2397 interrogare,
2533 2343 2640 2382 non
2659 2327 2833 2382 dicam
2864 2327 3227 2398 introspicere
3253 2336 3417 2397 atque

1823 2421 2156 2487 discernere,
2187 2421 2456 2491 quispiam
2491 2420 2826 2490 praevalebit,
2861 2420 2962 2476 nisi
2992 2434 3153 2490 quem
3185 2418 3416 2490 diligens

1821 2523 1877 2569 et
1902 2512 2092 2568 efﬁcax
2133 2515 2328 2568 mentis
2359 2512 2619 2568 industria
2650 2526 2713 2568 ac
2741 2511 3053 2568 sollicitudo
3079 2512 3302 2583 pervigil
3333 2513 3402 2568 ad

1821 2607 2267 2679 perscrutandam
2339 2608 2564 2662 istarum
2622 2607 3044 2679 profunditatem
3104 2607 3416 2678 provexerit

1819 2703 2206 2774 quaestionum,
2251 2705 2637 2772 castigantque
2677 2702 2802 2758 vitae
2846 2702 2993 2772 jugis
3043 2702 3271 2758 intentio
3316 2717 3416 2772 per

1819 2796 2212 2865 experientiam
2265 2795 2454 2850 fecerit
2513 2795 2783 2850 actualem
2841 2802 3109 2850 attentare
3165 2795 3414 2864 puritatis

1819 2889 1979 2958 hujus
2009 2889 2196 2943 limina
2221 2887 2526 2958 januasque
2558 2887 2792 2958 pulsare.
2823 2886 2889 2942 Et
2919 2886 3121 2942 idcirco
3150 2891 3411 2960 quoniam

116 2997 281 3038 mora
328 2991 381 3037 et
421 2983 784 3052 inquisitionis
824 2981 1138 3036 difficultate
1166 2980 1462 3050 possimus.
1525 2984 1714 3037 Evenit
1737 2965 1786 3028 (ἶ
1819 2985 1976 3041 video
1997 2999 2094 3039 vos
2122 2999 2226 3038 non
2256 2983 2428 3038 dicam
2458 2998 2554 3053 pro
2579 2982 2788 3038 foribus
2812 2982 3074 3040 orationis
3100 2981 3246 3038 illius
3268 2998 3412 3038 vera:

116 3092 360 3147 namque
389 3085 444 3132 ut
467 3091 588 3131 cum
625 3076 693 3130 de
722 3074 945 3130 theoriis
985 3072 1318 3144 spiritalibus
1350 3083 1375 3110 ι
1403 3075 1610 3146 evagati
1643 3075 1707 3130 ad

117 3171 485 3240 nosmetipsos
525 3170 672 3224 velut
708 3168 776 3223 de
805 3167 832 3208 δ
863 3167 1051 3223 lethali
1087 3180 1285 3236 sopore
1322 3170 1708 3236 convertimur,

115 3269 178 3318 et
231 3272 496 3332 tamquam
547 3258 912 3331 expergefacti
957 3257 1244 3313 materiam
1274 3259 1563 3327 quaerimus
1591 3275 1710 3330 qua:

1818 3077 1884 3133 de
1921 3092 2024 3150 qua
2065 3075 2380 3132 disserimus
2419 3075 2655 3130 astitisse
2695 3073 2822 3147 [AL
2871 3073 3100 3145 astare].
3141 3074 3236 3130 sed
3277 3075 3412 3144 ipsis

1816 3167 2216 3240 quodammodo
2243 3167 2591 3238 experientiae
2619 3167 2866 3222 manibus
2899 3166 3192 3238 penetralia
3216 3167 3333 3235 ejus
3353 3175 3410 3222 et

1817 3261 2074 3317 interiora
2119 3263 2357 3333 palpare,
2403 3271 2459 3319 et
2501 3262 2750 3334 quaedam
2781 3262 3021 3319 membra
3049 3261 3156 3331 jam
3184 3261 3410 3332 jamque

1183 3373 1442 3429 ALARDI
1479 3374 1715 3432 GAZlEl
1753 3377 2320 3434 COMMENTARIUS.

126 3477 264 3542 bus,
320 3474 402 3527 sed
455 3471 598 3541 quasi
655 3467 1312 3542 carnalibus.f_1_‘amquam
1351 3470 1597 3542 paruulis
1655 3471 1710 3524 in

126 3539 331 3602 Christo
371 3539 634 3612 lac‘vobis
673 3551 849 3609 polum
891 3540 1010 3592 dedi
1050 3539 1289 3612 (idest,
1319 3539 1618 3612 simplicem
1655 3549 1712 3612 et

131 3617 340 3672 facilem
372 3608 737 3676 doctrinam),
782 3629 888 3665 non
930 3608 1096 3664 escam
1127 3608 1388 3681 (solidum
1418 3610 1622 3681 cibum,
1656 3611 1710 3666 id

124 3699 233 3751 cst,
279 3686 670 3756 perfectiorem,
697 3693 752 3756 et
787 3683 854 3737 de
890 3680 1481 3756 altioribnsmysteriis
1509 3680 1712 3756 doctri-

127 3750 308 3828 nam)‘.
347 3755 593 3808 Nondum
622 3750 756 3828 enim
786 3753 1029 3828 poteratis
1050 3750 1473 3828 eaqueeaque
1503 3750 1710 3817 quidem

128 3821 352 3899 potestis,
380 3829 550 3882 adhuc
571 3827 707 3899 enim
733 3821 966 3899 carnales
994 3824 1132 3899 estis2
1157 3823 1250 3878 Sic
1272 3822 1338 3874 ad
1365 3821 1620 3899 Hebraeos
1632 3837 1705 3899 Δνε

131 3892 278 3954 Facti
321 3899 459 3962 estis,
510 3897 695 3968 quibus
742 3892 875 3950 lacte
921 3909 1048 3968 Opus
1085 3894 1174 3958 sit,
1221 3906 1326 3945 non
1365 3892 1528 3945 solido
1573 3892 1704 3946 cibo.

134 3972 308 4025 Omnis
336 3971 464 4022 enim
495 3965 583 4040 qui
613 3969 762 4021 laetis
789 3975 864 4019 est
890 3965 1177 4040 particepsl
1197 3979 1380 4040 eropon
1407 3973 1484 4017 est
1512 3973 1708 4016 sermo-

131 4045 211 4096 nis
247 4034 950 4114 ju‘st_itim,_'parvulus_eni:m
995 4034 1110 4114 est._
1136 4034 1494 4114 Ρενίεειοιειηη
1536 4042 1709 4114 autem

133 4122 209 4166 est
239 4101 425 4163 s'olidus
452 4101 613 4174 cib'us,
647 4119 752 4162 etc.
783 4108 853 4161 Et
878 4107 1069 4162 Petrus
1097 4106 1151 4159 in
1183 4101 1366 4174 priore
1393 4101 1662 4160 Canonica
1688 4121 1703 4162 :

137 4183 301 4250 Quasi
343 4181 490 4254 modo
518 4179 688 4254 igeniti
715 4181 966 4254 infantes,
1000 4175 1358 4254 rationabiles,
1405 4176 1528 4254 sine
1561 4177 1700 4254 dolo,

134 4245 217 4343 (ac
246 4245 608 4343 c‘oncupisciie,
628 4249 762 4343 u‘t‘in
794 4265 851 4302 eo
879 4249 1122 4343 crescetis
1143 4249 1206 4328 in
1231 4249 1448 4343 salutem
1475 4246 1528 4319 (1
1559 4245 1705 4343 lien.
1736 4285 1786 4343 Β

136 4340 170 4378 ιι
193 4324 231 4393 ).
256 4317 478 4390 Quoties
491 4317 636 4393 ponit
661 4321 851 4393 Glossa
874 4337 886 4372 :
917 4317 1252 4393 Simplicior-tt
1273 4317 1561 4393 rudimenta
1583 4318 1705 4393 ﬁdei

136 4340 170 4378 ll
193 4339 231 4393 ).
256 4339 396 4390 unua
421 4339 478 4375 ex
526 4339 636 4377 om:
661 4339 851 4376 massa
874 4339 886 4372 :
917 4339 1250 4389 atmpttcwra
1273 4339 1561 4371 ruarmema
1583 4339 1704 4386 pact

134 4397 199 4450 de
228 4393 451 4447 uberibus
477 4339 662 4447 Flatris
693 4390 944 4444 Ecclesia
971 4391 1204 4459 quwrite,
1239 4388 1291 4443 id
1319 4399 1421 4450 est,
1457 4389 1524 4443 de
1573 4390 1708 4442 utri-

138 4477 298 4534 usque
325 4459 652 4534 Testamcqt'i
687 4462 1030 4534 Doctoribus.
1061 4461 1114 4534 l_n
1147 4469 1434 4534 quaterni
1473 4460 1708 4534 Aposto-

135 4529 339 4602 li,'pro
376 4529 734 4598 rationabiles,
783 4533 842 4590 in
891 4531 1194 4586 emendatis
1221 4530 1404 4585 Bibliis
1431 4530 1704 4602 module-

135 4599 276 4676 gitui‘
303 4605 638 4676 rationabile,"
663 4613 722 4658 ut
763 4614 816 4658 et
853 4602 1046 4676 Grtece
1073 4602 1380 4676 76_10'[t3tt‘w.
1424 4599 1576 4666 Quod
1619 4601 1706 4676 hic

136 4671 400 4740 spectasse
444 4675 654 4734 videtur
702 4678 927 4729 Auctor.
981 4672 1076 4727 Sic
1122 4671 1186 4724 D.
1232 4671 1600 4741 Hieronymus
1649 4673 1703 4727 in

139 4762 253 4815 cap.
301 4761 359 4800 LV
403 4743 553 4798 Isaire
603 4763 614 4796 :
661 4743 785 4811 Lac,
832 4745 1030 4814 inquit,
1070 4743 1324 4815 signiﬁcat
1361 4743 1704 4815 innocentiam

139 4811 471 4886 parvulorum.
505 4815 606 4881 Qui
636 4827 744 4870 ritas
771 4833 830 4869 ac
862 4811 1008 4886 typus
1048 4816 1103 4867 in
1118 4811 1432 4886 :Occidentis
1463 4811 1703 4886 Ecclesiis

139 4884 281 4940 hodie
298 4903 450 4955 usque
470 4899 723 4951 servatur,
743 4899 796 4940 ut
811 4884 1005 4939 renatis
1027 4887 1082 4938 in
1103 4884 1305 4955 Clu-isto
1328 4886 1502 4955 vinum
1524 4884 1704 4948 lacque

144 4953 377 5010 tribuatur
445 4958 522 5010 De
549 4973 650 5026 quo
696 4959 826 5011 lacte
853 4956 1050 5008 dicebat
1079 4965 1124 5008 et
1153 4953 1356 5026 Paulus
1383 4972 1400 5008 .'
1436 4954 1539 5008 Lac
1565 4955 1703 5026 vobis

143 5039 304 5097 potum
337 5028 473 5090 dedi,
526 5024 628 5081 non
679 5027 907 5080 solidum
937 5028 1123 5097 cibum.
1160 5025 1224 5078 Et
1256 5024 1500 5097 Petrus:
1542 5025 1704 5097 Quasi

145 5095 284 5169 modo
309 5101 410 5151 nati
438 5100 662 5169 parvuli,
692 5097 946 5151 rationale
975 5099 1052 5169 lac
1074 5095 1378 5169 desiderate.
1406 5096 1548 5169 idem
1574 5096 1700 5150 alibi

147 5167 230 5232 (In
257 5167 634 5237 Jerennxxxrt)
664 5169 820 5223 docet
841 5168 1152 5234 promissam
1175 5181 1295 5221 esse
1325 5167 1702 5237 ll...-hr:eister-

149 5256 248 5292 ram
281 5241 405 5294 lacte
434 5252 486 5293 et
531 5236 695 5293 melle
724 5250 1051 5302 Illanalllem,
1085 5238 1205 5301 quia
1247 5237 1476 5290 solidum
1522 5236 1698 5291 cibum

148 5324 320 5434 cupere
344 5326 446 5365 non
481 5318 753 5380 poterant,
776 5310 866 5364 sed
901 5308 1058 5363 melle
1084 5319 1137 5362 et
1162 5309 1301 5362 laete
1331 5307 1700 5361 nutricbantur

149 5396 193 5433 ιιι
218 5392 381 5434 unum.

149 5392 381 5434 lltlltttlllB.

215 5460 237 5488 ι
272 5450 321 5505 ld
347 5460 452 5516 est,
483 5467 512 5505 a
543 5453 700 5507 seriis
737 5459 790 5506 et
835 5449 1169 5515 Spiritalihus
1201 5447 1618 5518 cogitationibus
1645 5455 1699 5502 et

151 5521 563 5592 meditationibus
612 5529 902 5592 evagantes
948 5530 999 5574 et
1028 5519 1326 5592 abstracti,
1375 5526 1478 5592 etc.
1529 5517 1698 5592 Porro

153 5590 411 5650 lectionum
457 5595 692 5649 varietas
717 5587 794 5646 'in
843 5590 1071 5646 diversis
1114 5588 1508 5658 exemplaribus
1556 5587 1698 5643 hunc

1814 3471 1994 3526 locum
2017 3472 2410 3542 subobscuram
2427 3479 2478 3527 et
2501 3470 2811 3542 ambiguum
2836 3469 3035 3542 reddit.
3061 3467 3406 3542 Plautiniana

1815 3542 2000 3605 editio,
2041 3539 2213 3609 quam
2245 3546 2393 3608 prius
2431 3542 2604 3595 secuti
2649 3539 2871 3606 fuimus,
2919 3541 3082 3595 habet
3129 3539 3355 3596 inferius
3389 3559 3403 3596 :

1815 3611 2088 3664 Materiam
2118 3612 2393 3679 quwrimus
2423 3612 2590 3672 illam,
2621 3627 2733 3679 quia
2763 3611 2944 3663 obruta
2979 3621 3070 3675 est,
3114 3627 3216 3680 qua
3245 3613 3406 3680 spiri-

1815 3681 1970 3735 talem
2000 3682 2297 3734 memoriam
2327 3683 2629 3734 resuscitare
2661 3682 2934 3747 possimus.
2977 3681 3045 3737 At
3076 3680 3190 3732 ha'c
3220 3689 3403 3734 nostra

1815 3751 2084 3820 posterior
2125 3751 2306 3812 lectio,
2352 3760 2406 3803 ut
2451 3752 2808 3814 communior,
2859 3751 2929 3804 ita
2971 3757 3033 3820 et
3069 3750 3406 3804 eruendatinr

1816 3819 2048 3884 videtur,
2080 3835 2185 3890 qua
2215 3820 2343 3878 illud
2375 3835 2489 3890 qua:
2519 3820 2698 3884 obruta
2736 3829 2809 3875 est
2839 3836 2944 3874 non
2973 3819 3039 3890 ad
3081 3820 3403 3874 memoriam

1815 3889 2133 3960 spiritalem,
2165 3891 2259 3948 sed
2293 3890 2357 3944 ad
2388 3889 2668 3948 materiam
2698 3892 2948 3945 refertur.
2978 3889 3073 3945 Cui
3097 3892 3257 3944 etiam
3290 3903 3403 3944 ma-

1813 3964 1895 4034 gis
1925 3963 2138 4021 accedit
2177 3962 2501 4034 Dionysiana
2550 3962 2892 4034 paraphrasis
2926 3962 2980 4034 in
3029 3960 3144 4034 haec
3184 3960 3345 4034 verba
3383 3979 3396 4014 :

1815 4033 2074 4104 Contingit
2104 4031 2334 4104 (μιίιηκ,⁷
2359 4042 2413 4090 ω
2454 4032 2579 4089 dum
2618 4049 2648 4086 a
2682 4031 3008 4104 spiritalibus
3035 4031 3245 4084 tlteoriis
3278 4047 3402 4104 con-

1814 4103 2056 4188 vertimur
2087 4103 2154 4160 ad
2188 4121 2280 4188 aps
2309 4107 2470 4188 ipsos,
2514 4104 2735 4186 quodam
2761 4103 2936 4188 letliali
2963 4117 3163 4183 sopore,
3204 4111 3251 4156 et
3280 4103 3400 4156 dein

1812 4178 1960 4243 quasi
1992 4175 2338 4248 expergefacti
2364 4176 2641 4246 quaerimus
2670 4175 2935 4248 rnateriam
2966 4189 3091 4248 quae
3113 4175 3399 4245 interrupta

1812 4259 1907 4313 est,
1942 4265 2033 4318 per
2061 4244 2224 4318 quam
2262 4244 2568 4302 resuscitare
2607 4247 2858 4318 possimus
2886 4244 3173 4312 spiritalem
3204 4244 3398 4318 metuo-

1813 4313 1963 4383 riam,
2005 4313 2109 4376 etc.
2153 4319 2462 4374 Concurdat
2504 4327 2556 4372 et
2599 4316 2806 4374 Gallica
2836 4317 3206 4384 interpretatio
3235 4313 3395 4372 Joan.

1813 4388 2118 4460 Lavardini,
2160 4406 2318 4460 quam
2355 4391 2606 4460 etiamin
2651 4388 2956 4460 huiusmodi
2976 4387 3168 4460 dubiis
3198 4401 3398 4460 ςριιειιτ

1813 4459 1926 4516 lere
1957 4453 2480 4530 haud'in'congruum
2513 4459 2685 4524 duco;
2719 4453 2838 4527 qua:
2871 4459 2948 4512 sic
2976 4457 3176 4530 habet:
3211 4453 3320 4530 Car
3358 4457 3398 4530 il

1809 4531 2011 4586 advicnt
2045 4547 2140 4598 que
2165 4527 2336 4599 quand
2362 4543 2699 4601 extravagant:
2735 4531 2854 4582 hors
2883 4531 2953 4582 les
2994 4527 3210 4582 tlteories
3240 4528 3397 4601 spiri:

1810 4603 2024 4666 uelles,
2059 4597 2192 4655 usus
2227 4602 2456 4654 tombons
2499 4597 2729 4654 en'nous
2771 4617 2979 4654 mesmes
3003 4641 3017 4664 ,
3059 4606 3105 4655 et
3145 4613 3334 4656 venaris
3363 4597 3398 4652 ὰ

1809 4688 1989 4741 conger
2012 4674 2043 4725 ὰ
2072 4689 2162 4728 nos
2187 4671 2481 4742 eiections,
2510 4681 2554 4725 et
2587 4671 2796 4740 a/faires
2815 4711 2830 4736 ,
2872 4678 3191 4742 transportez
3218 4667 3357 4742 leans
3375 4709 3392 4735 ,

1808 4738 2000 4795 caninae
2021 4757 2114 4812 par
2139 4761 2208 4796 un
2229 4740 2460 4796 sommeil
2484 4738 2687 4807 mortel,
2711 4751 2756 4798 et
2778 4753 2874 4812 que
2895 4738 3085 4795 contine
3107 4738 3393 4812 resveillez,

1808 4809 2212 4884 nouscarchous
2251 4825 2386 4867 ceste
2430 4815 2638 4868 matiere
2678 4809 2801 4884 (qui
2839 4830 2871 4866 a
2911 4814 3014 4866 este
3051 4809 3288 4884 accablée
3327 4828 3394 4884 en

1807 4883 1967 4952 unus)
1998 4899 2094 4956 par
2115 4883 2338 4952 laquelle
2360 4900 2484 4937 noua
2507 4883 2765 4956 puissiOns
2791 4887 3062 4956 resnsciter
3079 4883 3130 4934 la
3151 4883 3394 4956 memoire

1806 4950 2091 5022 spirituelle
2110 4995 2122 5016 ,
2157 4950 2196 5007 il
2226 4956 2459 5025 adtvicnt,
2490 4950 2649 5025 di-je,
2680 4970 2776 5020 que
2807 4953 3043 5007 retardez
3076 4968 3170 5023 par
3200 4951 3250 5002 la
3279 4950 3394 5025 lon-

1805 5021 1968 5094 gaeur
1994 5025 2058 5077 de
2088 5026 2140 5078 la
2169 5023 2431 5088 recerche,
2464 5035 2509 5080 et
2529 5021 2832 5090 inquisition
2855 5067 2869 5091 ,
2904 5039 3034 5076 nous
3062 5021 3279 5094 somnies
3303 5021 3390 5074 de-

1805 5087 1983 5163 rechef
2000 5097 2208 5150 reiettez
2237 5097 2356 5149 ltors
2388 5087 2451 5149 de
2477 5087 2648 5150 nostra
2687 5087 2864 5164 essay,
2884 5095 2947 5148 de
2978 5101 3147 5145 nostra
3167 5087 3314 5154 eﬂ'ort
3346 5102 3393 5145 et

1804 5180 2004 5236 mayen,
2032 5177 2187 5220 artant
2210 5183 2307 5236 que
2332 5183 2460 5221 noua
2486 5165 2540 5219 la
2566 5167 2848 5232 trouvions,
2885 5174 2992 5236 etc.
3022 5234 3031 5236 μ
3411 5187 3424 5230 ;.

1873 5235 1901 5307 1?
1953 5234 2238 5307 Dionysius
2286 5239 2526 5291 voculam
2577 5240 2639 5291 de
2685 5239 2885 5288 nnnsit.
2939 5234 3162 5307 Videtur
3206 5244 3389 5307 autem
3435 5259 3441 5269 τ

1802 5306 2018 5362 lethalis
2066 5303 2228 5376 sopor
2276 5308 2380 5362 hoc
2432 5309 2572 5369 loco,
2621 5305 3072 5376 quemadmodum
3123 5313 3180 5361 et
3224 5303 3382 5376 μηδι,

1801 5378 2011 5434 duobus
2043 5375 2219 5434 modis
2243 5382 2438 5447 exponi
2473 5375 2674 5448 posse:
2711 5375 2762 5427 ἰ’
2793 5393 2886 5445 pro
2917 5375 3112 5448 lethaeo
3151 5391 3195 5448 ar
3219 5375 3388 5448 Lethe
3425 5396 3446 5430 ,ι

1801 5448 2046 5517 ﬂumine,
2081 5451 2131 5504 id
2156 5459 2257 5519 est,
2290 5445 2552 5517 profundo
2577 5459 2628 5500 at
2654 5449 2838 5519 gravi;
2874 5445 2956 5500 vel
2985 5462 3083 5519 pro
3111 5445 3385 5519 lcthifero,

1802 5534 1898 5601 seu
1927 5515 2312 5588 mortifero,'id
2342 5527 2442 5586 est,
2474 5519 2635 5574 saluti
2663 5515 2864 5572 animae
2907 5517 3070 5572 noxio
3106 5533 3169 5573 ac
3199 5515 3386 5587 perui-

1799 5606 1968 5646 CIOSO.
