4048 6198
597 162 697 219 831

1647 163 1927 221 JOANNIS
1962 164 2273 222 CASSIANI
2311 166 2809 227 COLLATIONES.

3800 174 3912 232 ὧι

596 278 935 350 contingere,
967 292 1069 336 nec
1097 293 1182 337 me
1212 280 1577 335 laboraturum
1606 280 1788 346 credo,
1815 287 1873 333 ut
1896 279 2007 350 jam
2037 278 2178 334 intra
2204 286 2257 349 Α
2283 281 2311 321 δ
2341 298 2500 353 quam
2542 284 2775 354 primum
2813 284 2956 356 typis
2999 284 3322 356 quibusdam
3354 295 3410 342 et
3444 285 3715 342 formulis
3759 302 3912 344 cera

596 373 775 427 aulam
805 372 1202 444 quodammodo
1232 372 1402 442 ipsius
1424 374 1763 441 oberrantes,
1786 372 1843 428 in
1872 372 2030 443 adyta
2054 385 2189 444 quo-

595 486 718 537 que,
774 468 826 522 in
874 478 1134 538 quantum
1178 469 1438 523 Dominus
1487 468 1767 535 direxerit,
1822 466 2181 538 introducam,

597 578 695 614 nec
736 576 833 617 vos
871 562 940 617 ad
996 561 1417 632 introspicienda
1458 563 1574 617 haec
1611 578 1731 633 qua:
1770 561 2188 617 demonstranda

596 663 745 721 sunt,
780 654 889 708 ullo
918 653 1251 717 difﬁcultatis
1282 655 1563 709 obstaculo
1590 655 1965 711 retardandos.
1999 654 2189 710 Proxi-
2230 696 2240 706 .

601 761 717 797 nius
747 745 892 800 enim
922 745 1219 815 cognitioni
1249 754 1354 811 est,
1385 747 1477 816 qui
1505 747 1633 816 quid
1665 747 1937 814 inquirere
1968 747 2182 813 debeat,

598 837 895 906 prudenter
931 838 1198 907 agnoscit,
1232 848 1257 875 α
1288 853 1390 893 nec
1442 854 1470 892 a
1524 841 1746 895 scientia
1792 841 1947 911 longe
1978 849 2060 896 est
2095 840 2188 910 qui

597 930 762 997 Cthil
781 929 1101 999 intelligere,
1125 930 1253 1000 quld
1278 930 1508 1001 ignoret.
1542 930 1611 986 Et
1635 932 1839 988 idcirco
1866 948 1971 988 non
1996 947 2189 988 vereor

599 1032 777 1075 notam
811 1020 1128 1090 proditionis
1155 1023 1239 1078 vel
1272 1024 1508 1079 levitatis
1536 1024 1839 1091 incurrere,
1875 1027 1920 1079 si
1951 1040 2035 1089 ea,
2066 1041 2189 1095 quae

601 1115 651 1166 in
684 1114 962 1184 superiore
992 1123 1221 1170 tractatu
1260 1115 1330 1171 de
1370 1116 1700 1186 perfectione
1728 1119 1990 1173 orationis
2015 1119 2190 1175 disse-

600 1221 728 1260 rcns
776 1205 1124 1276 diSputationi
1172 1208 1570 1278 subtraxeram,
1622 1211 2007 1281 propalavero;
2057 1227 2193 1282 quo-

602 1316 717 1353 rum
750 1300 1000 1356 virtutem
1031 1300 1184 1356 vohls
1211 1304 1265 1356 in
1297 1302 1400 1358 hoc
1432 1304 1693 1359 exercitio
1723 1319 1786 1359 ac
1814 1304 1993 1359 studio
2021 1304 2192 1359 collo-

600 1393 756 1458 catis,
789 1392 951 1448 etiain
975 1393 1095 1449 sine
1122 1395 1430 1451 ministerio
1460 1398 1631 1451 nostri
1661 1397 1955 1465 sermonis,
1981 1411 2077 1467 per
2093 1395 2191 1453 Dei

602 1489 830 1557 gratiam
861 1487 1097 1543 arbitror
1122 1486 1289 1544 fuisse
1320 1489 1691 1545 reserandam.

1222 1618 1451 1679 CAPUT
1489 1622 1561 1677 X.

896 1735 972 1791 De
998 1737 1316 1793 institutione
1342 1740 1589 1794 orationis
1610 1746 1888 1812 perpetuat.

670 1873 1041 1943 Quapropter,
1074 1874 1366 1929 secundum
1404 1874 1553 1928 illam
1591 1874 1986 1929 institutionem
2033 1888 2192 1944 quam

600 1966 949 2035 parvulorum
994 1964 1286 2021 eruditioni
1336 1966 1757 2035 prudentissime
1800 1967 2193 2037 comparastis,

599 2059 834 2128 quialias
857 2060 1252 2113 elementorum
1279 2058 1622 2113 traditionem
1650 2060 1880 2129 primam
1908 2058 2196 2127 percipere

600 2164 708 2204 non
739 2160 986 2219 possunt,
1011 2166 1111 2207 nec
1133 2166 1319 2205 eorum
1348 2151 1432 2206 vel
1460 2165 1757 2222 agnoscere
1783 2150 1980 2216 lineas,
2004 2150 2089 2205 vel
2116 2150 2199 2205 in-

602 2244 810 2314 trepida
853 2261 1015 2301 manu
1067 2256 1273 2317 queunt
1316 2245 1626 2302 describere
1668 2245 2051 2311 characteres,
2091 2244 2196 2301 nisi

2291 376 2574 447 diligenter
2619 378 2923 448 impressis,
2956 378 3165 451 efﬁgies
3191 392 3383 436 eorum
3413 382 3746 452 exprimere
3776 397 3912 438 con-

2292 469 2648 538 templatione
2684 469 2799 540 jugi
2844 478 2899 525 et
2932 470 3247 541 quotidiana
3301 471 3613 529 imitatione
3663 488 3907 531 consue-

2290 569 2473 628 scant;
2534 562 2694 630 hujus
2746 576 2961 632 quoque
3009 562 3274 632 spiritalis
3324 564 3554 620 theoriaa
3626 567 3903 623 tradenda

2290 652 2445 707 vobis
2493 661 2577 708 est
2626 651 2883 720 formula,
2937 653 3005 708 ad
3045 669 3208 725 quam
3265 669 3486 726 semper
3537 659 3902 714 tenacissime

2291 755 2529 800 vestrum
2562 745 2814 801 intuitum
2836 746 3167 819 defigentes,
3193 748 3278 804 vel
3307 750 3557 806 eamdem
3598 752 3903 807 salubriter

2290 838 2513 893 volvere
2559 837 2830 907 lndirupta
2862 838 3089 909 jugitate
3116 840 3372 907 discatis,
3418 843 3505 897 vel
3540 842 3904 899 sublimiore:

2292 929 2519 986 intuitus
2548 931 2817 988 scandere
2853 933 2997 987 illius
3026 948 3126 988 usu
3158 948 3223 988 ac
3244 933 3610 989 meditatione
3650 937 3901 1006 possitis.

2292 1022 2418 1079 Hinc
2465 1025 2630 1095 igitur
2669 1026 2824 1082 vobis
2868 1026 3031 1096 hujus
3070 1042 3231 1097 quam
3283 1027 3531 1097 quaeritis
3583 1028 3906 1099 disciplina:

2291 1130 2456 1192 atque
2484 1120 2750 1175 orationis
2774 1119 3005 1175 formula
3036 1119 3379 1190 proponitur,
3402 1137 3565 1191 quam
3595 1121 3905 1191 unusquis-

2294 1228 2399 1283 que
2450 1211 2750 1267 monachus
2788 1211 2858 1266 ad
2905 1211 3089 1282 jugem
3137 1212 3228 1267 Dei
3277 1213 3603 1267 memoriam
3665 1213 3907 1268 tendens

2293 1304 2606 1362 incessabili
2636 1304 2814 1359 cordis
2844 1304 3177 1360 volutatione
3203 1304 3478 1371 meditari,
3508 1304 3752 1374 expulsa
3784 1321 3906 1360 om-

2295 1401 2442 1455 nium
2465 1398 2853 1469 cogitationum
2888 1399 3187 1467 varietate,
3219 1408 3581 1466 consuescat,
3628 1399 3767 1468 quia
3810 1415 3906 1455 nec

2292 1494 2430 1550 alias
2452 1508 2569 1548 eam
2596 1493 2710 1547 ullo
2733 1491 2895 1547 modo
2925 1492 3126 1561 poterit
3159 1498 3453 1557 retentare,
3484 1491 3593 1545 nisi
3623 1491 3691 1546 ab
3724 1493 3912 1551 omni-

2296 1588 2397 1643 bus
2421 1586 2586 1641 fuerit
2614 1585 2997 1656 corporalibus
3023 1584 3168 1639 curis
3205 1599 3269 1638 ac
3309 1584 3781 1639 sollicitudinibus
3813 1584 3907 1639 ab-

2223 1674 2273 1735 B
2299 1679 2532 1735 solutus.
2561 1677 2694 1745 Quae
2722 1675 3041 1732 sicutnobis
3070 1691 3100 1730 a
3130 1674 3337 1744 paucis,
3362 1674 3451 1741 qui
3484 1675 3907 1744 antiquissimov

2304 1786 2424 1825 rum
2458 1781 2670 1840 patrum
2715 1768 2921 1824 residui
2962 1777 3138 1835 erant,
3167 1766 3362 1821 tradita
3389 1777 3497 1832 est,
3545 1768 3621 1821 ita
3662 1783 3693 1821 a
3745 1768 3904 1822 nobis

2301 1878 2517 1936 quoque
2543 1879 2653 1918 non
2684 1862 2789 1917 nisi
2812 1861 3107 1916 rarissimis
3146 1875 3209 1915 ac
3246 1874 3377 1915 vere
3409 1858 3724 1914 sitientibus
3780 1858 3908 1914 inti-

2302 1968 2498 2013 matur.
2545 1957 2661 2013 Erit
2716 1956 2898 2027 itaque
2952 1955 3020 2010 ad
3063 1962 3381 2025 perpetuam
3428 1954 3529 2009 Dei
3577 1957 3905 2010 memoriam

2301 2051 2708 2122 possidendam,
2759 2051 2875 2104 haec
2922 2048 3363 2114 inseparabiliter
3412 2048 3689 2117 pr0posita
3740 2048 3908 2104 vobis

2303 2144 2537 2199 formula
2571 2143 2783 2214 pietatis
2812 2160 2825 2195 :
2851 2140 3013 2207 Deus,
3046 2142 3100 2195 in
3120 2140 3444 2213 adjutorium
3463 2157 3631 2195 meum
3652 2141 3905 2207 intende;

2300 2240 2541 2307 Domine,
2574 2238 2641 2291 ad
2670 2235 3025 2304 adiuvandum
3073 2249 3151 2287 me
3194 2231 3403 2300 festina.
3458 2242 3481 2271 ε
3517 2232 3614 2288 llic
3661 2247 3903 2303 namque

1666 2380 1927 2437 ALARDI
1964 2378 2200 2436 GAZJEI
2238 2373 2802 2433 COMMENTARIUS.

675 2485 702 2512 α
736 2473 873 2527 Nam
900 2475 987 2543 qui
1015 2475 1148 2528 nihil
1181 2476 1300 2538 scit,
1328 2474 1461 2528 nihil
1489 2474 1709 2535 dubitat,
1743 2474 1817 2528 ait
1852 2474 2190 2529 Aristoteles.

604 2546 742 2599 llinc
765 2546 1056 2614 Apostolus
1086 2562 1097 2595 :
1130 2543 1230 2607 Qui
1262 2562 1315 2599 se
1338 2545 1593 2598 existimat
1623 2546 1755 2598 scire
1796 2544 2016 2611 aliquid,
2065 2561 2197 2597 non-

604 2615 727 2667 dum
755 2616 985 2683 cognovit
1020 2615 1452 2683 quemadnodum
1494 2624 1727 2681 Oporteat
1769 2631 1885 2669 eum
1928 2617 2078 2669 seire.
2130 2616 2197 2669 Et

604 2684 857 2739 Socrates
885 2686 1201 2741 Graecorum
1230 2686 1665 2754 sapientissimus
1692 2686 1963 2753 judicatus
1992 2704 2004 2738 :
2037 2685 2151 2739 Hoc
2174 2727 2190 2753 ,

606 2757 799 2825 inquit,
832 2759 937 2809 scio
957 2756 1095 2826 quod
1124 2756 1255 2809 nihil
1280 2758 1405 2818 scio,
1438 2767 1497 2811 ut
1519 2756 1685 2812 refert
1722 2759 1884 2812 etiam
1914 2757 2029 2811 Div.
2065 2757 2196 2811 Hie-

604 2841 866 2935 ronzmus
890 2828 942 2882 in
974 2826 1136 2895 epist.
1169 2828 1235 2881 ad
1266 2829 1573 2883 Paulinum.

762 2896 1051 2935 (linnnninc
1079 2906 1131 2935 at
1164 2897 1249 2935 alii
1278 2899 1455 2935 Ιοηιιηι
1484 2918 1495 2928 ο
1530 2899 1573 2935 n

762 2896 1052 2952 Ciaconius
1079 2906 1134 2953 et
1162 2897 1252 2952 alii
1277 2899 1459 2969 legunt
1484 2918 1496 2951 :
1530 2899 1699 2965 Quam
1725 2900 1954 2969 protgpis
1980 2898 2196 2969 quibus-

605 2970 728 3022 dans
753 2979 802 3021 et
831 2968 1068 3037 formulis
1097 3010 1111 3033 ,
1145 2980 1250 3023 etc.
1292 2968 1535 3026 sumitur
1564 2968 1741 3025 autem
1775 2968 1865 3024 hic
1895 2968 2053 3040 typus
2083 2970 2196 3024 sive

609 3051 873 3112 protypon
925 3055 1019 3112 pro
1071 3041 1333 3110 scriptura
1391 3043 1692 3112 exemplari
1747 3041 1813 3095 ad
1873 3040 2194 3112 imitandum

609 3111 909 3180 proposita.
956 3111 1122 3181 Cujus
1166 3109 1453 3167 Occasione
1500 3109 1607 3167 non
1666 3113 1771 3166 erit
1824 3112 2059 3165 alienum
2110 3109 2198 3164 hic

611 3190 828 3236 notasse
871 3184 1080 3236 varium
1124 3198 1185 3237 ac
1232 3184 1585 3251 multiplicem
1635 3183 1905 3237 scribendi
1953 3182 2193 3242 modum.

607 3254 722 3307 sive
754 3254 1034 3308 materiam
1066 3254 1345 3321 scriptioni
1376 3264 1611 3322 aptatam
1636 3254 1779 3313 apud
1804 3263 2036 3318 veteres,
2072 3264 2198 3307 ante

608 3338 763 3377 usum
810 3324 1011 3377 charta:
1066 3334 1267 3379 nostrae
1311 3326 1611 3378 inventum.
1665 3323 1902 3376 Primum
1949 3324 2091 3377 enim
2144 3324 2194 3375 in

606 3409 755 3459 ccra,
784 3408 881 3449 seu
911 3395 1108 3450 ceratis
1140 3396 1191 3448 in
1224 3395 1438 3461 tabulis,
1470 3396 1585 3450 sive
1608 3394 1960 3463 pugillaribus
1990 3391 2200 3464 (quales

609 3466 902 3519 etiamnum
930 3464 1437 3534 circumferuntur),
1468 3468 1826 3520 instrumento
1854 3464 2084 3532 quodam
2115 3466 2199 3519 vel

611 3535 787 3590 ferreo
832 3536 918 3591 vel
949 3551 1138 3599 :enaeo,
1178 3538 1468 3592 alteriusve
1515 3536 1780 3599 materia,
1811 3534 1967 3604 quasi
2011 3536 2201 3604 grandi

610 3620 731 3679 acu,
758 3608 1089 3679 scribebant,
1122 3607 1356 3677 illudque
1382 3608 1583 3679 stylum
1608 3617 1702 3662 aut
1727 3608 2009 3679 graphium
2036 3620 2202 3661 voca-

609 3677 761 3732 bant.
794 3678 942 3750 Uude
973 3689 1028 3733 et
1058 3679 1274 3733 dicendi
1303 3676 1477 3748 genus
1509 3680 1705 3750 stylum
1740 3676 1917 3731 adhuc
1945 3677 2196 3750 dicimus,

610 3759 664 3822 ct
703 3749 992 3822 pugillares
1022 3750 1175 3822 dicti,
1206 3753 1346 3822 quod
1377 3751 1517 3822 stylo
1551 3748 1600 3803 in
1631 3750 1715 3803 his
1747 3748 2032 3819 pungendo
2063 3749 2201 3822 scri-

614 3820 855 3875 beretur.
886 3821 998 3888 Qua
1031 3821 1097 3875 de
1135 3838 1192 3876 re
1232 3821 1277 3875 si
1317 3820 1649 3891 antiquitatis
1680 3821 1986 3891 testimonia
2019 3820 2203 3889 requi-

611 3892 707 3959 ris,
742 3895 980 3947 occurrit
1026 3892 1230 3948 Plinius
1275 3894 1369 3947 lib.
1412 3889 1703 3961 rEpistol.
1739 3906 1754 3943 :
1786 3889 1975 3958 Erant,
2009 3892 2201 3960 inquit,

612 3964 665 4015 in
705 3964 946 4033 proximo
983 3980 1083 4017 non
1119 3964 1423 4017 venabulum
1466 3975 1559 4017 aut
1598 3964 1794 4027 lancea,
1838 3961 1926 4016 sed
1963 3964 2128 4033 stglus
2158 3969 2207 4014 et

615 4032 898 4101 pugillares
944 4050 962 4087 :
1008 4034 1293 4088 meditabar
1332 4036 1556 4104 aliquid,
1603 4032 2025 4102 enotabamque,“
2055 4033 2208 4104 utsi

614 4120 797 4158 manus
824 4121 1027 4170 vacuas,
1062 4108 1238 4175 plenas
1268 4103 1437 4158 tamen
1465 4120 1610 4158 ceras
1634 4107 1897 4172 referrem.
1932 4104 2051 4175 Div.
2070 4103 2209 4175 illie-

614 4190 873 4242 ronymus
911 4173 1127 4242 epistul.
1166 4176 1197 4228 7
1238 4178 1512 4244 eleganter
1559 4184 1613 4228 et
1658 4176 1905 4244 apposite
1950 4173 2017 4225 ad
2067 4174 2208 4229 hunc

615 4244 791 4297 locum
815 4246 976 4298 tradit
1000 4245 1219 4299 modum
1236 4242 1345 4312 quo
1366 4246 1623 4299 doceatur
1650 4242 1913 4298 infantula
1942 4244 2204 4311 scribere,

619 4312 711 4366 ubi
733 4314 848 4368 haec
871 4316 1011 4369 inter
1036 4315 1139 4369 alia
1166 4333 1177 4368 :
1202 4314 1332 4369 Cum
1354 4319 1559 4383 coeperit
1584 4315 1817 4369 trementi
1842 4330 1995 4367 manu
2016 4316 2210 4384 stylum

615 4384 669 4435 in
711 4400 827 4437 cera
866 4386 1075 4450 ducere,
1120 4386 1198 4439 vel
1233 4385 1446 4457 alterius
1485 4386 1808 4457 superposita
1835 4401 1995 4438 manu
2023 4388 2208 4452 teneri,

615 4464 861 4526 regantur
889 4457 1116 4521 articuli,
1158 4457 1234 4510 vel
1272 4458 1325 4508 in
1365 4456 1555 4509 tabula
1579 4456 1886 4525 sculpantur
1912 4456 2158 4510 elementa
2188 4474 2207 4511 :

617 4537 669 4577 ut
720 4542 811 4598 per
852 4528 1052 4581 eosdem
1097 4527 1267 4581 sulcos
1319 4528 1523 4580 inclusa
1571 4526 1885 4598 marginibus
1933 4526 2210 4582 trahantur

618 4596 858 4669 uestigia,
890 4609 965 4669 uc
991 4603 1132 4669 foras
1160 4616 1263 4652 non
1292 4609 1479 4665 queant
1509 4596 1737 4669 evagari.
1776 4597 1841 4651 Et
1872 4612 2064 4652 rursus
2095 4601 2210 4668 epi-

2298 2470 2658 2541 Hieronymus
2680 2467 2898 2541 epistol.
2932 2466 3383 2541 igadl‘liceam;
3404 2464 3571 2541 Rudes
3597 2467 3683 2541 illi
3714 2465 3900 2541 Italia:

2300 2536 2552 2602 homines,
2581 2538 2721 2610 quod
2757 2538 2944 2592 Cascos
2973 2536 3177 2591 Ennius
3207 2538 3444 2610 appellat,
3476 2538 3564 2606 qui
3584 2538 3699 2603 sibi,
3732 2549 3799 2610 ut
3846 2540 3902 2591 in

2304 2608 2797 2666 Rhetorica—Cicero
2839 2610 2933 2674 ait,
2986 2610 3092 2662 ritu
3138 2608 3306 2679 ferino
3349 2609 3521 2662 uictum
3559 2608 3901 2677 quaerebant,

2299 2694 2419 2736 ante
2446 2682 2635 2735 charta:
2664 2692 2713 2735 et
2741 2680 3155 2735 membranarum
3182 2697 3353 2742 usum,
3386 2688 3471 2731 aut
3495 2680 3547 2731 in
3577 2680 3845 2733 dedolatis
3872 2696 3900 2733 e

2300 2754 2442 2825 ligno
2473 2752 2749 2825 codicillis,
2793 2751 2976 2825 autin
3004 2751 3277 2825 corticibus
3306 2750 3543 2825 arborum
3573 2760 3753 2825 mutuo
3785 2751 3898 2825 epi-

2300 2821 2547 2878 stularum
2579 2824 2805 2892 alloquia
2835 2823 3159 2876 missitabant
3189 2838 3206 2874 :
3235 2821 3375 2875 unde
3402 2833 3450 2875 et
3474 2822 3749 2888 portitores
3776 2823 3897 2873 illa-

2300 2911 2417 2948 rum
2435 2891 2751 2958 tabellarios,
2770 2902 2818 2946 et
2841 2894 3115 2963 scriptores
3143 2910 3176 2946 a
3201 2891 3349 2945 libris
3379 2892 3622 2947 arborum
3651 2893 3894 2945 librarios

2300 2982 2561 3020 vocavere.
2602 2965 2820 3032 Quinto.
2868 2964 2990 3018 Fuit
3030 2965 3262 3034 denique
3302 2973 3483 3028 vetus,
3528 2964 3742 3032 publica
3778 2965 3897 3031 qui-

2303 3039 2424 3092 dem
2472 3039 2803 3090 monimenta
2843 3036 2894 3088 in
2938 3035 3204 3105 plumbeis
3249 3035 3639 3099 voluminibus,
3690 3036 3895 3103 privata

2302 3123 2432 3162 vero
2478 3108 2528 3161 in
2571 3107 2752 3161 linteis
2800 3107 2963 3161 textis
3000 3106 3272 3161 scribendi
3317 3121 3459 3159 mos.
3494 3106 3571 3160 De
3601 3122 3706 3174 quo
3737 3106 3893 3158 etiam

2303 3179 2550 3234 meminit
2586 3178 2793 3232 Plinius
2848 3178 2941 3231 lib.
2983 3194 3075 3231 χιιι
3109 3192 3231 3246 cap.
3265 3177 3352 3239 ll,
3392 3176 3755 3247 Symmachus
3788 3177 3897 3245 epi-

2251 3288 2267 3310 .
2303 3250 2421 3303 stol.
2448 3249 2516 3305 54
2549 3249 2642 3303 lib.
2666 3265 2739 3312 iv,
2770 3248 3042 3303 Ausonius
3068 3248 3293 3302 Paulino
3315 3248 3535 3318 epistol.
3565 3264 3723 3312 xxiii,
3752 3251 3896 3318 unde

2304 3320 2426 3374 libri
2460 3321 2627 3383 lintei,
2661 3321 2813 3375 Livio
2844 3320 2937 3374 lib.
2970 3334 3021 3373 Iv
3052 3318 3210 3391 (Vide
3239 3317 3393 3372 etiam
3421 3318 3769 3373 Trithemium
3803 3317 3890 3371 lib.

2303 3391 2366 3445 de
2398 3391 2797 3463 Polygraphia).

2379 3473 2399 3500 ο
2446 3460 2649 3516 Exumia
2683 3471 2739 3517 et
2758 3460 3096 3531 amplissima
3129 3460 3531 3515 commendatio
3561 3460 3706 3515 illius
3733 3460 3899 3514 versi-

2304 3532 2410 3586 culi
2455 3532 2694 3587 Davidici
2732 3551 2745 3588 :
2788 3532 2949 3595 Deus,
2992 3533 3045 3585 in
3087 3533 3408 3600 adiutorium
3450 3548 3619 3585 meum
3658 3533 3897 3595 intende;

2306 3603 2641 3676 Domine,rad
2662 3604 3021 3676 adjuvandum
3047 3620 3126 3657 me
3150 3603 3357 3676 festina.
3384 3602 3551 3676 Cujus
3580 3603 3899 3676 multiplices

2306 3689 2437 3728 usus
2477 3673 2844 3745 utilitatesque
2874 3683 3025 3727 tanta
3054 3673 3318 3745 orationis
3343 3675 3499 3743 copia
3527 3683 3584 3730 et
3610 3673 3900 3745 splendore

2308 3748 2678 3814 prosequitur,
2714 3742 2771 3800 ut
2801 3745 2935 3800 nihil
2966 3744 3089 3799 addi
3118 3760 3278 3813 posse
3307 3742 3573 3799 videatur.
3608 3745 3743 3798 llinc
3772 3742 3900 3798 Cas—

2307 3817 2560 3871 siodorus
2590 3820 2652 3875 in
2693 3817 3030 3887 expositione
3070 3815 3315 3887 ejusdem
3363 3816 3553 3887 psalmi
3582 3833 3595 3868 :
3625 3814 3781 3869 Hunc
3810 3821 3899 3887 Ato—

2308 3903 2443 3955 cum,
2476 3890 2670 4011 inquit,
2701 3885 3100 3957 facundissimus
3124 3886 3403 3941 Cassianus
3434 3888 3488 3940 in
3518 3886 3717 3940 decima
3739 3885 3899 3939 colla-

2311 3961 2470 4011 tione.
2504 3977 2537 4011 n
2562 3962 2731 4011 urima
2759 3960 2821 4011 de
2851 3960 2962 4011 eius
2986 3957 3210 4011 utilitate
3231 3958 3514 4011 disserens.
3538 3967 3681 4011 tanto
3707 3958 3899 4011 honore

2311 3961 2470 4021 tione,
2504 3957 2731 4029 plurima
2759 3960 2821 4013 de
2851 3960 2962 4029 ejus
2986 3957 3210 4012 utilitate
3231 3958 3514 4020 disserens,
3538 3967 3681 4011 tanto
3707 3958 3899 4029 honore

2308 4028 2648 4100 concelebrat,
2681 4039 2735 4083 ut
2771 4029 3025 4100 quidquid
3067 4029 3307 4083 monachi
3354 4030 3745 4097 assumpserint,
3793 4028 3899 4081 sine

2311 4098 2467 4172 hujus
2520 4102 2755 4155 versiculi
2785 4098 2929 4155 trina
2981 4101 3245 4155 iteratione
3294 4115 3396 4152 non
3438 4099 3711 4172 inchoent;
3754 4114 3901 4166 quem

2312 4170 2526 4242 repetita
2550 4174 2740 4242 smpius
2777 4172 2931 4226 laude
2960 4174 3345 4241 congeminans,
3389 4171 3542 4242 uincis
3580 4170 3754 4242 utilem
3792 4185 3900 4223 esse

2314 4241 2497 4309 probat
2545 4238 2656 4308 eius
2699 4244 3016 4297 memoriam.
3060 4238 3236 4296 Ῥοτιο
3284 4242 3424 4296 hanc
3468 4238 3737 4307 Cassiani,
3787 4242 3897 4294 sive

2314 4312 2520 4368 abbatis
2550 4313 2718 4368 lsaaci
2744 4315 3044 4369 doctrinam
3072 4312 3264 4368 doctor
3294 4312 3566 4367 Navarrus
3594 4313 3729 4365 tanti
3756 4310 3897 4365 fecit‘

2315 4394 2373 4436 ut
2416 4400 2554 4452 pene
2599 4394 2769 4440 totum
2814 4387 2916 4439 hoc
2958 4393 3121 4454 caput
3150 4386 3205 4439 in
3235 4398 3391 4454 suum
3417 4383 3903 4454 inserueritccom-

2313 4451 2637 4526 mentarium
2669 4457 2737 4511 de
2769 4451 3042 4512 Oratione
3062 4472 3184 4526 cap.
3226 4454 3313 4526 l9,
3346 4451 3429 4506 ubi
3458 4453 3537 4504 sic
3563 4452 3859 4507 exorditur
3887 4470 3901 4508 :

2319 4524 2387 4579 Ut
2404 4527 2601 4599 jugiter
2638 4526 2733 4581 Dei
2764 4537 2874 4599 apt.
2900 4543 3041 4581 max.
3075 4524 3421 4599 recordemur,
3460 4532 3505 4574 et
3528 4538 3905 4599 assuescamus

2305 4592 2427 4668 jugi
2472 4592 2719 4664 brationi,
2750 4592 3033 4667 praesertim
3063 4598 3275 4651 mentali
3319 4605 3375 4668 et
3407 4593 3563 4668 brevi,
3596 4592 3905 4664 ubicumque

616 4666 757 4720 stol.’
778 4666 848 4724 20
881 4686 893 4724 :
929 4666 1170 4723 Tremula
1202 4684 1383 4723 manus
1412 4685 1499 4740 per
1524 4666 1700 4722 curvos
1726 4684 1854 4740 certe
1876 4672 2103 4723 tramites
2130 4666 2212 4725 ἓν·
2237 4666 2494 4734 Βέἰιηιιε,
2539 4676 2586 4721 et
2630 4666 2882 4740 quidquid
2926 4685 3166 4740 agamus,
3193 4668 3322 4722 citra
3360 4666 3787 4740 impedimentum
3818 4681 3905 4718 no-

618 4748 815 4810 rantem
852 4741 1041 4810 stylum
1076 4740 1235 4793 ducit.
1286 4739 1558 4804 Secundo,
1604 4741 1653 4792 in
1694 4739 2000 4810 palmarum
2042 4740 2204 4795 foliis.

618 4809 825 4864 Auctor
852 4807 1026 4864 Virro
1055 4812 1193 4878 apud
1218 4810 1466 4866 Servium
1495 4811 1562 4864 ad
1592 4825 1643 4864 γι
1674 4807 1894 4864 Eneid.
1922 4827 1936 4863 :
1970 4807 2036 4863 In
2068 4810 2209 4881 foliis

618 4880 811 4950 palma:
837 4882 1095 4934 interdum
1122 4884 1279 4947 notis,
1304 4882 1565 4935 interdum
1592 4882 1912 4934 sermonibus
1940 4880 2208 4937 scribebat.

618 4951 824 5016 'l‘ertio,
880 4952 931 5005 in
984 4952 1319 5007 tenuissimis
1364 4954 1639 5023 arborum”
1672 4952 1963 5005 corticibus
1999 4971 2009 5004 :
2054 4955 2209 5023 cujus

618 5023 833 5095 generis
881 5024 1045 5077 arbor
1094 5038 1328 5095 papyrus
1384 5024 1522 5095 apud
1581 5021 1862 5095 XEgyptios
1914 5024 2036 5095 huic
2090 5021 2208 5079 usui

615 5092 920 5160 aptissima,
954 5104 1012 5150 ut
1041 5095 1174 5149 alias
1203 5092 1450 5149 notatum
1483 5093 1711 5219 gCollat.
1746 5095 1802 5161 ὅ,
1836 5110 1949 5165 cap.
1981 5093 2138 5164 ult.);
2178 5111 2208 5150 a

617 5165 771 5219 cuius
800 5167 1019 5219 nomine
1053 5166 1215 5219 etiam
1256 5165 1416 5219 hodie
1454 5180 1481 5219 c
1527 5175 1669 5218 artas
1700 5172 1933 5219 nostras.
1974 5181 2093 5219 aute
2135 5182 2206 5219 ex

617 5165 771 5228 cujus
800 5167 1019 5220 nomine
1053 5166 1215 5220 etiam
1256 5165 1416 5221 hodie
1454 5165 1669 5219 chartas
1700 5172 1933 5235 nostras,
1974 5181 2093 5235 quae
2135 5182 2206 5221 ex

618 5235 866 5307 contritis
905 5237 1084 5291 linteis
1124 5236 1281 5301 fiunt,
1330 5251 1588 5307 papyrum
1631 5234 1817 5288 rudem
1851 5234 2205 5307 appellamus,

617 5305 759 5371 quod
792 5308 1042 5362 eumdem
1080 5307 1235 5362 nobis
1267 5305 1523 5376 praestent
1549 5321 1729 5372 usum,
1760 5305 2074 5374 quern’olim
2104 5306 2205 5363 1E—

619 5376 820 5442 gyptiis
868 5378 1155 5445 priestabat
1202 5393 1458 5448 papyrus.
1506 5376 1731 5448 Quarto,
1788 5378 1837 5429 in
1882 5380 2207 5432 membranis

621 5457 715 5496 Scu
750 5450 1000 5501 trnuibus
1034 5447 1453 5517 pelliculis’qute
1482 5447 1723 5517 Pergami
1750 5448 1979 5515 primum
2014 5450 2205 5503 inven-

627 5522 715 5575 πει»,
750 5521 889 5569 unde
919 5529 969 5571 et
1002 5534 1341 5587 pergamenac
1381 5529 1507 5573 sunt
1538 5518 1841 5585 appellans.
1871 5518 2074 5571 Plinius
2112 5520 2206 5573 lib.

627 5598 695 5636 vn
727 5600 843 5653 cap.
882 5589 939 5642 ll
981 5608 992 5641 :
1027 5588 1093 5642 In
1134 5606 1279 5653 nuce,
1322 5590 1417 5651 ait,
1451 5590 1748 5642 conclusam
1778 5587 1952 5641 Iliada
1968 5588 2206 5655 Homeri,

629 5668 834 5718 carmen
872 5659 927 5712 in
971 5661 1269 5719 membrana
1304 5661 1551 5728 scriptum
1593 5659 1805 5713 tradidit
1845 5658 2040 5717 Cicero.
2090 5660 2205 5727 Div,

2314 4749 2541 4812 strarum
2569 4737 2853 4812 actionum,
2891 4737 3010 4793 cum
3035 4754 3239 4812 magna
3266 4737 3619 4812 consclat_ion_e
3649 4746 3697 4789 et
3739 4738 3903 4812 fructu

2315 4811 2630 4875 animarum,
2656 4806 2846 4864 bonum
2868 4820 2942 4866 est
2968 4811 3043 4864 uti
3068 4806 3159 4864 illo
3190 4808 3441 4863 versiculo
3471 4806 3902 4879 PsalmOgraphi:

2319 4880 2566 4953 Deus,_in
2597 4883 2919 4953 adjutorium
2966 4897 3137 4935 meum
3179 4880 3407 4953 intende,
3439 4890 3549 4934 etc.
3592 4878 3905 4953 lta_'Nav_ar-

2317 4966 2430 5006 rus.
2484 4949 2553 5005 Ut
2599 4949 2781 5008 autem
2838 4954 2996 5022 hujus
3046 4952 3307 5006 doctrina:
3357 4965 3635 5022 summam»
3673 4949 3905 5022 breviter

2317 5026 2768 5092 perstringamus,
2795 5020 2939 5079 valet
2966 5026 3019 5078 in
3049 5023 3236 5092 primis
3280 5021 3375 5077 ille
3408 5020 3709 5092 versiculus
3753 5021 3905 5092 tcties

2318 5093 2405 5148 hic
2452 5090 2762 5162 repetitus,
2794 5095 2968 5165 primo
2998 5090 3064 5148 ad
3109 5106 3313 5165 omnes
3349 5093 3469 5160 pios
3502 5090 3727 5165 aﬂ‘ectus
3768 5090 3905 5145 exci-

2318 5161 2542 5229 tandos’;
2568 5165 2711 5220 unde
2732 5161 3104 5221 et'formulam
3136 5164 3350 5230 pietatis
3379 5175 3653 5232 nuncupat
3684 5161 3901 5216 Auctor.

2318 5234 2592 5305 Secundo,
2623 5237 2692 5291 ad
2737 5251 2925 5292 omnes
2956 5233 3290 5290 tentationes
3333 5234 3678 5305 superandus
3708 5242 3801 5305 aut
3830 5247 3907 5284 re-

2321 5307 2633 5375 pellendas;
2662 5322 2763 5376 qua
2796 5308 3006 5361 ratione
3037 5320 3224 5359 murus
3254 5304 3720 5374 inexpugnabilis.
3750 5304 3907 5357 lorica

2320 5378 2770 5445 impenetrabilis,
2799 5394 2861 5432 ac
2901 5376 3293 5431 munitissimus
3323 5376 3549 5443 clypeus
3599 5376 3792 5427 merito
3831 5376 3908 5426 di-

2319 5450 2522 5503 cendus
2564 5459 2666 5502 est.
2712 5450 2913 5513 'l‘ertio,
2940 5447 3200 5500 adversus
3228 5462 3421 5500 omnes
3462 5446 3627 5511 animi
3656 5446 3905 5511 morbos;

2322 5535 2510 5587 pravas
2542 5520 2937 5577 inclinationes,
2987 5516 3321 5578 affectiones,
3371 5517 3650 5581 vitiorum,
3685 5530 3907 5587 pra-ser-

2323 5586 2413 5643 tim
2462 5592 2776 5653 Carrialium,
2813 5589 3173 5647 titillationes,
3226 5590 3589 5650 irritame:.ta,
3642 5586 3879 5655 pericula

2320 5664 2737 5736 occasionesque
2766 5646 3126 5731 peccatorum.
3153 5646 3375 5727 Quarta,
3407 5646 3674 5715 adversus
3704 5646 3910 5731 noctur:
