4048 6198
132 338 257 397 833

1277 313 1616 379 COLLATIO
1655 316 1725 373 X.
1754 345 1825 359 -ο
1855 316 1942 373 DE
1982 314 2353 373 ORATIONE.

3363 327 3494 389 834

133 448 460 506 versiculus
480 459 594 500 non
613 439 889 497 immerito
913 437 983 493 de
1004 440 1119 490 toto
1138 433 1538 499 Scripturai-um
1564 442 1758 484 excer—
1787 434 1844 493 Α
1866 426 2161 496 unicuique
2191 436 2438 481 nostrum
2466 425 2520 480 in
2546 424 2785 494 qualibet
2810 424 3074 495 qualitate
3113 426 3328 497 degenti
3373 452 3482 495 ne.

134 555 282 613 plus
325 551 413 598 est
440 542 824 595 inStrumento.
878 530 1096 599 Recipit
1139 528 1282 584 enim
1322 538 1513 581 omnes
1539 522 1763 578 allectus

135 638 495 706 quicumque
536 630 725 687 inferri
774 628 1027 682 humanae
1058 628 1284 692 possunt
1326 628 1536 674 naturae
1559 659 1575 685 ,
1608 624 1665 671 et
1692 614 1762 670 ad

138 743 381 785 omnem
436 735 639 782 statum
691 732 852 792 atque
909 718 1193 775 universos
1243 714 1499 769 incursus
1544 709 1763 781 proprie

137 821 290 876 satis
322 832 376 876 et
406 824 781 888 competenter
806 820 1043 882 aptatur.
1083 807 1251 862 Habet
1276 803 1546 874 siquidem
1570 801 1759 855 adver-

107 928 248 985 .sus
297 911 562 967 universa
609 904 924 964 discrimina
968 900 1371 956 invocationem
1427 896 1542 961 Dei,
1599 894 1761 949 habet

138 1006 525 1063 humilitatem
558 1004 657 1074 pice
685 998 1068 1063 confessionis,
1099 994 1265 1050 habet
1285 990 1668 1049 sollicitudinis
1696 1004 1761 1045 ac

78 1066 117 1193 Ξ
141 1098 375 1153 timoris
403 1094 651 1168 perpetui
680 1090 1036 1162 vigilantiam,
1064 1086 1227 1141 habet
1265 1082 1758 1141 considerationem

152 1190 172 1193 _
436 1191 443 1193 μ
980 1182 989 1191 .
1060 1178 1126 1193 η.
1207 1178 1219 1189 .
1294 1192 1299 1193 ί
1384 1173 1755 1193 μηυηηω

141 1190 477 1261 fragilitatis
499 1202 632 1251 suae,
663 1181 1026 1240 exauditiouis
1057 1178 1344 1242 ﬁduciam;
1374 1173 1759 1231 confidentiam

145 1282 491 1353 praesentis,
526 1292 851 1347 semperque
890 1274 1121 1329 astantis
1172 1269 1436 1341 praesidii.
1484 1268 1585 1336 Qui
1615 1268 1759 1323 enim

141 1378 361 1447 jugiter
392 1389 545 1428 suum
584 1372 817 1427 invocat
848 1375 1237 1439 protectorem,
1264 1370 1452 1419 certus
1509 1370 1593 1417 est
1635 1375 1758 1415 cum

145 1484 279 1526 esse
306 1482 520 1536 semper
561 1473 918 1530 praesentem.
960 1459 1136 1514 Habet
1165 1456 1371 1511 amoris
1396 1464 1448 1509 et
1479 1453 1761 1509 charitatis

150 1562 439 1627 ardorem,
474 1558 643 1613 habet
675 1555 996 1611 insidiarum
1029 1549 1545 1620 contemplationem
1579 1548 1758 1602 inimi-

145 1666 458 1721 corumque
492 1648 871 1712 formidinem,
919 1645 1117 1714 quibus
1161 1642 1499 1713 perspiciens
1541 1641 1761 1696 semeti-

143 1763 319 1818 psum
377 1745 467 1800 die
520 1752 798 1812 noctuque
854 1740 1148 1807 vallatum,
1197 1737 1489 1792 confitetur
1532 1751 1593 1791 se
1645 1749 1755 1789 non

1868 525 2141 578 cessarius
2169 530 2225 577 et
2256 521 2405 576 utilis
2432 521 2725 576 invenitur.
2757 521 2891 575 Nam
2933 522 3024 592 qui
3060 536 3120 577 se
3159 538 3391 595 semper
3415 543 3469 588 et

1866 615 1921 670 in
1949 615 2202 669 omnibus
2229 613 2505 668 desiderat
2535 611 2799 681 adjuvari,
2838 613 3152 669 manifestat
3178 619 3323 686 quod
3354 636 3463 678 non

1868 716 2077 761 tantum
2108 706 2165 762 in
2197 706 2361 761 rebus
2391 704 2542 759 duris
2562 719 2626 759 ac
2656 704 2929 773 tristibus,
2971 706 3064 761 sed
3090 708 3256 764 etiam
3284 711 3340 766 in
3370 728 3462 769 se-

1864 798 2058 853 cundis
2105 812 2168 852 ac
2218 798 2355 851 [tntis
2385 798 2496 866 pari
2545 797 2707 853 modo
2737 798 2849 853 Deo
2880 810 3040 869 egeat
3076 801 3357 872 adjutore;
3401 818 3463 864 ut

1864 888 2320 960 quemadmodum
2362 902 2429 943 ex
2473 888 2581 943 illis
2614 890 2755 958 erui,
2794 889 2868 944 ita
2898 890 2952 944 in
2981 890 3102 948 istis
3131 907 3254 949 eum
3297 896 3463 955 faciat

1865 981 2165 1049 immorari,
2190 982 2245 1035 in
2297 990 2493 1035 neutro
2541 981 2724 1037 sciens
2772 981 3064 1037 humanam
3104 985 3459 1055 fragilitatem

1865 1079 1983 1134 sine
2033 1078 2175 1132 illius
2233 1077 2589 1146 opitulatione
2658 1077 2983 1136 subsistere.
3054 1079 3465 1154 Gastrimargia:

1866 1170 2123 1240 passione
2167 1170 2544 1238 perstringor,
2594 1169 2747 1225 cibos
2793 1186 2931 1242 quos
2973 1188 3191 1229 eremus
3248 1176 3462 1246 ignorat

1866 1264 2116 1336 inquiro;
2155 1273 2210 1320 et
2243 1265 2295 1319 in
2338 1265 2583 1334 squalida
2629 1265 2922 1321 solitudine
2966 1268 3287 1336 ingeruntur
3326 1270 3458 1325 mihi

1865 1358 2065 1413 odores
2091 1356 2357 1427 regalium
2392 1355 2742 1421 ferculorum,
2782 1366 2944 1427 atque
2965 1358 3032 1412 ad
3068 1359 3284 1413 illorum
3315 1361 3462 1414 tlcsi-

1864 1450 2013 1506 deria
2075 1450 2253 1505 sentio
2316 1464 2403 1503 me
2472 1448 2857 1503 invitissimum
2928 1450 3096 1515 trahi;
3169 1451 3459 1506 dicendum

1864 1544 2092 1615 proinde
2121 1544 2254 1598 mihi
2280 1552 2363 1599 est
2388 1560 2401 1596 :
2431 1543 2590 1611 Deus,
2615 1544 2667 1595 in
2691 1543 3013 1611 adjutorium
3035 1560 3201 1597 meum
3222 1546 3461 1613 intende;

1860 1637 2102 1703 Domine,
2130 1636 2199 1689 ad
2220 1635 2578 1707 adjuvandum
2600 1651 2676 1687 me
2699 1636 2904 1702 festina.
2930 1636 3246 1705 Anticipare
3267 1637 3461 1695 horam

1862 1737 2075 1785 statutae
2106 1727 2421 1784 refectionis
2470 1726 2718 1796 instigor,
2771 1742 2864 1781 seu
2919 1727 3138 1782 modum
3176 1728 3335 1797 iustae
3393 1743 3459 1787 ac

144 1854 328 1911 posse
359 1838 481 1893 sine
508 1837 590 1891 sui
635 1833 946 1890 defensoris
968 1830 1168 1887 auxilio
1198 1829 1438 1883 liberari.
1468 1827 1564 1883 llic
1589 1828 1757 1882 vcrsi-
1787 1825 1834 1886 B
1861 1822 2041 1877 solitae
2061 1814 2340 1889 parcitati’s
2370 1818 2611 1873 retinere
2633 1833 2754 1872 cum
2796 1833 2992 1888 magno
3022 1820 3204 1874 cordis
3229 1820 3335 1874 mei
3363 1820 3463 1875 do-

146 1932 317 1986 cuius
349 1928 604 1983 omnibus
650 1925 998 1982 iniestatione
1041 1922 1350 1977 daemonum
1383 1919 1757 1974 laborantibus

150 2020 603 2093 inexpugnabilis
638 2032 826 2073 murus
857 2025 961 2085 est,
1006 2022 1062 2069 et
1089 2011 1516 2084 impenetrabilis
1566 2010 1754 2073 lorica,

154 2131 226 2171 ac
256 2116 655 2169 munitissimus
677 2114 922 2184 clypeos.
959 2110 1067 2164 lste
1103 2108 1158 2162 in
1180 2106 1367 2162 acedia
1394 2113 1449 2160 et
1487 2105 1759 2159 anxietate

154 2208 333 2263 animi
386 2207 707 2271 collocatos,
765 2219 861 2259 seu
900 2200 1148 2268 triStitia,
1204 2200 1291 2255 vel
1340 2197 1758 2268 cogitationibus

154 2301 601 2372 quibuscumque
624 2299 934 2367 depressos,
967 2295 1160 2350 salutis
1187 2292 1429 2349 remedia
1463 2291 1760 2360 desperare

158 2410 272 2450 non
303 2394 523 2463 patitur,
551 2390 843 2446 ostendens
874 2388 1025 2442 illum
1049 2401 1208 2457 quem
1244 2386 1455 2440 invocat
1485 2384 1759 2453 inspicere

152 2488 364 2559 jugiter
388 2495 576 2541 nostra
614 2483 936 2549 certamina,
970 2489 1132 2551 atque
1180 2494 1209 2533 a
1261 2479 1378 2535 suis
1425 2477 1758 2548 supplicibus

153 2596 269 2635 non
301 2580 514 2635 abesse.
548 2578 654 2633 lste
681 2590 787 2631 nos
808 2577 860 2629 in
889 2573 1230 2645 spiritalibus
1259 2570 1603 2628 successibus
1631 2584 1756 2624 cor-

154 2673 354 2742 disque
396 2669 581 2724 laetitia
633 2667 965 2723 constitutos
994 2664 1251 2719 admonet
1298 2661 1484 2717 extolli
1539 2660 1757 2730 penitus

157 2780 271 2820 non
321 2763 560 2827 debere,
603 2776 703 2816 nec
733 2759 913 2814 inﬂari
953 2757 1020 2813 de
1056 2770 1323 2827 prospero
1370 2763 1536 2821 statu,
1592 2767 1754 2822 quem

157 2861 288 2911 sine
334 2861 649 2925 protectore
694 2853 811 2908 Deo
857 2850 1081 2905 retineri
1139 2862 1244 2902 non
1293 2861 1454 2917 posse
1502 2853 1753 2913 testatur,

156 2948 292 3003 dum
323 2963 429 3002 non
459 2947 632 3001 solum
657 2960 779 3000 eum
804 2958 1042 3014 semper,
1076 2941 1171 2997 sed
1206 2942 1373 2996 etiam
1399 2939 1660 2994 velociter
1701 2948 1759 2991 ut

157 3040 262 3095 sibi
294 3040 615 3102 auxiliatur,
650 3037 925 3107 implorat.
972 3036 1109 3101 lste,
1157 3033 1411 3103 inquam,
1454 3030 1758 3087 versiculus

1865 1917 1979 1969 lore
1997 1913 2301 1979 contendo;
2326 1927 2447 1967 cum
2475 1912 2679 1982 gemitu
2704 1912 2833 1966 mihi
2860 1921 2944 1967 est
2968 1913 3416 1979 proclamandum
3440 1932 3453 1969 :

1867 2007 2028 2075 Deus,
2059 2010 2112 2061 in
2143 2007 2460 2078 adjutorium
2492 2021 2661 2058 meum
2684 2005 2916 2070 intende;
2953 2004 3186 2071 Domine,
3215 2008 3283 2060 ad
3305 2009 3462 2082 adju-

1862 2101 2087 2155 vandum
2116 2115 2194 2152 me
2236 2098 2445 2166 festina.
2492 2096 2725 2165 Jejuniis
2757 2112 2843 2150 me
2887 2096 2956 2151 ob
3000 2097 3458 2167 impugnationem

1864 2193 2045 2246 carnis
2076 2190 2497 2244 districtioribus
2538 2188 2868 2256 indigentem
2901 2190 3163 2243 stomachi
3207 2191 3460 2259 prohibet

1866 2283 2151 2348 lassitudo,
2184 2296 2278 2336 seu
2320 2279 2526 2334 ventris
2556 2277 2779 2331 ariditas
2820 2280 3239 2347 constrictioque
3279 2282 3460 2336 deter.

1862 2387 1981 2441 ret;
2017 2383 2075 2429 ut
2096 2374 2321 2429 effectus
2344 2385 2465 2425 meo
2494 2368 2770 2424 desiderio
2798 2368 3086 2437 tribuatur,
3120 2371 3204 2425 vel
3232 2381 3379 2426 certe
3403 2384 3460 2428 ut

1862 2476 2031 2524 aestus
2062 2464 2296 2521 carnalis
2316 2461 2774 2531 concupiscentia:
2797 2461 3004 2529 absque
3029 2470 3460 2531 temperamento

1862 2555 2419 2627 districtiorisjcjunii
2448 2554 2825 2623 conquiescat,
2868 2552 3134 2607 orandum
3168 2554 3296 2609 mihi
3329 2566 3412 2609 est
3440 2576 3454 2612 :

1864 2654 2027 2718 Deus,
2058 2653 2114 2704 in
2137 2650 2457 2722 adjutorium
2480 2662 2648 2700 meum
2675 2644 2915 2710 intende;
2947 2642 3184 2710 Domine,
3211 2646 3280 2699 ad
3304 2647 3463 2717 adju-

1860 2746 2087 2801 vandum
2118 2760 2196 2797 me
2220 2742 2424 2812 festina.
2462 2738 2737 2792 Accedens
2781 2738 2847 2791 ad
2896 2737 3275 2801 refectionem,
3323 2740 3460 2796 hora

1858 2839 2099 2910 legitima
2130 2844 2488 2905 suggerente,
2528 2829 2931 2896 perceptionem
2964 2832 3118 2899 panis
3146 2832 3417 2887 exhorrco
3440 2874 3458 2900 ,

1860 2942 2025 3001 atque
2055 2931 2124 2985 ab
2154 2928 2299 2982 omni
2350 2940 2446 2980 esu
2490 2922 2752 2977 naturalis
2785 2923 3123 2976 necessitatis
3164 2925 3457 2990 excludor;

1860 3041 1983 3082 cum
2015 3022 2215 3093 eiulatu
2240 3014 2684 3088 proclamandum
2717 3020 2802 3069 est
2829 3013 2963 3069 mihi
2991 3031 3003 3066 :
3031 3012 3195 3084 Deus,
3223 3017 3277 3072 in
3305 3018 3461 3087 adju-

1238 3170 1372 3226 ALA
1389 3169 1505 3223 RDI
1547 3166 1782 3224 ΟΑΖᾹΞΙ
1825 3156 2390 3221 COMMENTARIUS.

158 3310 260 3350 nas
291 3293 452 3348 etiam
500 3291 804 3345 dmmonum
860 3288 1164 3353 illusiones,
1211 3283 1605 3347 infestationes,
1650 3291 1754 3338 etc.
1786 3279 1831 3342 C
1864 3278 2007 3331 illius
2031 3269 2545 3353 insultusauaitium
2590 3277 2709 3321 ante
2748 3266 2922 3353 omnia
2952 3283 2984 3319 a
3017 3264 3243 3353 Domino
3282 3280 3462 3340 poslu-

160 3366 322 3419 Valet
348 3364 578 3433 denique
598 3363 665 3417 ad
699 3369 1010 3429 perpetuam
1041 3359 1132 3413 Dei
1164 3356 1493 3433 memoriam
1514 3356 1754 3433 retinen-

162 3437 309 3502 dam,
342 3435 406 3488 ad
434 3425 618 3503 jugem
649 3425 715 3486 et‘
730 3425 1017 3503 assiduam
1036 3429 1339 3503 orationem
1368 3425 1529 3503 facile
1553 3436 1603 3478 et
1636 3425 1755 3503 sine

162 3497 409 3563 molestia
434 3497 747 3560 'teuendam
788 3502 949 3571 (Vide
979 3499 1355 3554 Bellarminum
1379 3497 1456 3571 Δξιξ
1510 3497 1755 3567 ρνοωηιὶο

164 3581 319 3650 sujus
348 3577 579 3647 psalmi).
617 3567 1117 3650 Proindeassidue,
1154 3571 1207 3650 in
1245 3567 1392 3650 omni
1439 3567 1756 3650 luem-tem-

165 3638 316 3718 pore,
350 3638 549 3712 noctu,
575 3648 831 3711 interdiu,
863 3647 915 3718 in
950 3641 1243 3718 prosperis,
1294 3640 1345 3693 in
1395 3638 1753 3718 adversis,_i.n

166 3708 314 3773 omni
357 3708 576 3789 negotio
622 3708 907 3788 spirituali,
951 3708 1009 3769 in
1059 3708 1206 3766 omni
1252 3711 1550 3789 tentatione
1598 3708 1755 3761 nobis

165 3780 616 3859 pronuntiandus,
649 3780 829 3843 incute
871 3796 923 3840 et
951 3800 1044 3859 ore
1073 3780 1386 3859 _versandus_
1413 3794 1475 3833 ac
1503 3786 1754 3859 repeten-

164 3849 306 3915 dus:
340 3849 792 3929 quemadmodum
838 3866 893 3913 et
932 3856 999 3911 de
1042 3855 1211 3929 signo
1236 3852 1433 3929 crucis,
1462 3849 1751 3929 quodcum

165 3933 269 3985 hoc
301 3917 572 3986 versiculo
603 3931 846 3985 adhiberi
874 3929 1034 3992 solet,
1064 3917 1140 3979 ait
1170 3922 1537 3977 Tertullianus
1566 3919 1660 3972 lib.
1687 3917 1755 3972 de

161 4002 375 4057 Corona
434 4002 620 4056 Militis
673 4001 822 4069 (Cap.
871 3999 929 4068 ’5)
971 4016 984 4050 :
1038 3997 1118 4049 Ad
1174 4008 1373 4047 omnem
1427 4004 1754 4069 progressum

162 4082 311 4140 atque
352 4058 781 4141 promotum,‘ad
824 4058 1023 4124 omnem
1057 4068 1282 4141 aditum,
1332 4072 1379 4141 et
1422 4058 1636 4127 exitum,
1683 4058 1754 4141 ad

162 4131 431 4207 vestitum,
474 4142 541 4195 ad
584 4131 897 4209 calceatum,
945 4141 1011 4193 ad
1048 4138 1274 4198 lavacra,
1312 4134 1379 4209 ad
1420 4149 1642 4195 mensas,
1684 4131 1754 4183 ad

164 4216 369 4278 limina,
413 4204 480 4267 ad
517 4214 771 4279 cubicula,
811 4204 892 4267 ad'
927 4211 1135 4270 sedilia,
1188 4204 1617 4279 quandocumque
1662 4217 1756 4256 nos

166 4275 485 4339 conversatio
515 4296 735 4351 exercet,
760 4275 1181 4355 'frontemerucis
1212 4276 1478 4355 signaculo
1523 4275 1751 4355 terimus:

164 4357 446 4410 Postremo
487 4343 732 4412 occurrit
758 4343 920 4410 etiam
958 4352 1089 4407 illud
1134 4343 1452 4411 notandum,
1496 4344 1639 4415 quod
1685 4343 1752 4415 ad

165 4428 327 4497 hujus
366 4428 621 4483 versiculi
671 4424 1199 4497 commendationem
1231 4414 1559 4497 magnopere
1589 4414 1755 4485 perti-

164 4488 275 4564 nei,
324 4500 467 4568 quod
520 4501 669 4552 hora:
722 4497 996 4553 canonica:
1044 4493 1136 4568 ab_
1167 4490 1358 4568 eodem
1407 4488 1751 4568 inchoentur.

162 4556 314 4635 Quod
343 4556 555 4624 notavit
582 4571 1030 4624 'l‘urrecrematus
1070 4562 1220 4635 (Post
1265 4560 1575 4635 Durandum
1604 4556 1699 4635 lib._
1718 4570 1754 4608 v

162 4628 379 4710 Dation.
426 4657 539 4710 cap.
574 4640 630 4710 2)
666 4641 736 4694 ita
766 4628 1143 4710 commentans
1190 4633 1244 4687 in
1287 4645 1411 4710 cap.
1441 4630 1488 4710 .9
1538 4628 1754 4695 Regula

163 4709 309 4779 (Div.
334 4701 623 4773 Benedicti,
645 4727 759 4778 cap.
785 4711 865 4778 8),
900 4706 1212 4779 ubidicitur
1238 4720 1249 4755 :
1277 4701 1476 4779 Hiemis
1506 4710 1752 4766 tempore,

94 4786 122 4837 Ξ
162 4772 432 4849 ριέωιηὶδεο
462 4782 513 4849 in
545 4772 720 4849 primis
744 4772 894 4835 ver-su
919 4796 936 4837 :
966 4776 1133 4849 Deus,
1159 4776 1214 4828 in
1236 4772 1555 4849 adjutorium
1585 4786 1755 4823 meum

163 4843 404 4912 intende;
462 4843 702 4916 Domine,
755 4852 823 4905 ad
870 4847 1225 4921 adjuvandum
1276 4843 1594 4921 me__festina,
1641 4851 1748 4895 etc.

167 4921 325 4987 Quia,
355 4923 543 4991 inquit,
576 4933 632 4977 ut
660 4914 914 4976 Dominus
932 4914 1012 4973 'ait
1042 4921 1094 4972 in
1130 4915 1413 4991 Evangelia
1443 4914 1613 4991 Joan;
1635 4926 1706 4991 sv
1736 4929 1747 4964 :

167 4983 292 5051 Sine
314 4983 400 5047 me
423 4983 558 5048 nihil
588 4996 800 5062 potestis
827 4995 1016 5061 facere,
1044 4990 1230 5062 merito
1252 4983 1312 5042 ς.
1350 4986 1502 5062 Pater
1531 4983 1749 5062 oﬂiciun'

166 5063 393 5117 divinum
423 5082 454 5118 a
483 5054 665 5120 deuota
709 5054 942 5118 oratione
968 5054 1319 5114 inchoandum
1357 5054 1605 5125 disponit,
1636 5068 1751 5120 qua:

165 5136 441 5189 secundum
466 5137 755 5190 doctrinam
777 5137 831 5188 in
852 5130 1213 5187 collationibus
1235 5127 1453 5181 Patrum
1482 5124 1747 5188 traditam,

164 5205 217 5257 in
246 5208 383 5259 omni
410 5206 652 5270 articulo,
694 5205 984 5259 incessabili
1010 5202 1236 5273 jugitate
1266 5197 1663 5273 {audenda-ett.
1700 5194 1755 5247 ίη

166 5279 421 5347 prosperis
448 5288 497 5332 et
526 5280 578 5332 in
607 5266 855 5331 adversis.
893 5275 957 5329 In
983 5266 1238 5347 p303peris
1266 5266 1280 5335 ;
1314 5284 1375 5322 ne
1414 5266 1753 5347 extollantur;

165 5340 219 5417 in
265 5340 516 5417 adversis,
568 5359 625 5402 ut
678 5363 939 5402 eruantur.
984 5340 1254 5417 'Praéterea
1310 5340 1755 5417 cuin-secundum

166 5408 515 5487 Apostolum,
568 5418 756 5474 Omnia
808 5420 862 5472 in
926 5417 1022 5471 Dei
1083 5414 1288 5487 nomine
1356 5408 1756 5487 faciendansint

169 5476 224 5557 (1⁷
242 5486 359 5544 Cor.
385 5492 463 5559 Χ),
493 5476 678 5545 merito
706 5501 780 5545 est
814 5490 878 5542 ab
914 5504 972 5544 eo
1001 5476 1366 5559 inchoandum;
1402 5478 1533 5559 Item
1570 5476 1759 5531 Glossa

166 5553 497 5638 ῥίψει-,ξιιᾴᾷ
522 5564 711 5638 psalm.
745 5577 867 5616 thx
896 5579 909 5614 :
945 5559 1102 5618 Deus.
1128 5560 1189 5638 in.
1230 5553 1551 5634 adiutorium
1591 5564 1759 5601 meum

168 5629 394 5699 intende,
427 5626 596 5687 dicit:
624 5632 767 5686 Nota
804 5631 940 5699 quod
971 5627 1252 5683 versiculus
1300 5626 1393 5676 ists
1440 5631 1759 5699 ant_e_omnes

170 5697 321 5773 horas
352 5692 403 5756 in
439 5704 586 5758 initio
632 5692 968 5773 prtedic'itur‘;
1009 5700 1132 5773 quia
1170 5713 1284 5751 cum
1325 5709 1472 5747 orare
1499 5692 1756 5772 debemus,

170 5772 392 5825 maxime
443 5784 560 5827 tunc
609 5762 791 5828 nititur
844 5762 1099 5826 diabolus.
1153 5778 1205 5822 ut
1254 5780 1443 5821 musca:
1488 5762 1759 5816 morientes

174 5845 387 5943 perdant
416 5846 727 5906 suavitatem
760 5842 1010 5917 unguenti
1046 5838 1271 5914 (Eccles.
1306 5839 1382 5910 ι).
1419 5832 1609 5894 Contra
1639 5846 1761 5909 ergo

1863 3353 2053 3403 lamus.
2083 3346 2236 3402 Circa
2266 3343 2361 3397 hoc
2388 3350 2563 3413 autem,
2588 3339 2875 3413 notandum
2907 3348 2998 3413 est,
3033 3340 3171 3409 quod
3210 3342 3461 3413 contingit

1861 3423 2023 3474 tribus
2053 3419 2219 3472 modis
2248 3430 2480 3487 peccare,
2520 3412 2756 3487 videlicet
2801 3410 2956 3487 conde
2988 3449 3002 3487 ,
3053 3427 3146 3487 ore
3180 3422 3228 3487 et
3260 3410 3427 3487 opere
3442 3431 3461 3479 ,-

1858 3493 2072 3556 ideoque
2100 3480 2261 3542 tribus
2295 3486 2562 3556 modis,_ut
2588 3482 2776 3534 dicitur
2797 3482 2854 3556 in,
2876 3480 3146 3556 liationcIt'
3167 3480 3460 3537 divinorum

1860 3551 2164 3632 ofﬁciorum,
2212 3559 2353 3609 hora:
2396 3552 2726 3632 inchoantur,
2770 3551 3003 3631 videlicet
3050 3551 3459 3617 Completorium

1860 3622 1949 3702 per
1973 3648 1991 3684 :
2018 3622 2260 3702 Converte
2289 3642 2401 3689 nos,
2443 3624 2583 3702 Deus.
2607 3622 2855 3674 salutaris
2897 3629 3086 3702 n'oster,
3121 3630 3300 3702 contra
3343 3640 3463 3691 pec-

1859 3688 2029 3755 catum
2052 3699 2253 3753 cordis:
2279 3688 2544 3747 nocturna:
2565 3691 2725 3749 ItnrlL’,
2754 3707 2841 3757 per
2864 3705 2883 3743 :
2910 3688 3152 3749 Domine,
3184 3690 3320 3741 labia
3344 3688 3458 3745 mea

1859 3772 2077 3842 aperias,
2106 3777 2285 3842 contra
2320 3771 2580 3842 peccatum
2614 3761 2754 3841 oris;
2787 3760 2906 3842 alite
2955 3774 3073 3812 vero
3118 3758 3284 3822 Itom’,
3315 3777 3408 3830 per
3437 3778 3454 3815 :

1863 3831 2021 3907 Deus,
2056 3831 2107 3892 in
2137 3837 2476 3907 adjutorium
2504 3847 2669 3907 meum
2699 3831 3139 3907 intendetcon't‘ra
3190 3841 3455 3895 peccatum

1859 3897 2027 3983 operii
2057 3897 2324 3983 (Durand.
2359 3904 2567 3983 Ration.
2600 3900 2691 3983 lib,
2719 3917 2894 3983 νεαρ.
2924 3901 3003 3983 θλ.
3038 3897 3118 3983 Et.
3134 3901 3377 3981 quoniam
3403 3904 3458 3983 in

1859 3970 2073 4055 pleccato
2096 3980 2264 4055 cordis
2291 3988 2337 4031 et
2380 3976 2483 4030 oris
2512 3983 2586 4055 est
2613 3970 3180 4055 aliquidHOperisnideo
3205 3970 3257 4022 in
3287 3975 3457 4055 omni-

1861 4040 1952 4107 bus
1992 4052 2132 4106 horis
2181 4061 2285 4104 tam
2313 4046 2579 4102 nocturnis
2611 4040 2763 4111 quam
2788 4040 2990 4095 diurnis
3018 4040 3207 4093 dicitur
3230 4057 3248 4094 :
3282 4040 3447 4112 Deus,

1859 4126 1913 4178 in
1944 4124 2265 4197 adiutorium
2286 4116 2707 4197 meum-intende:
2742 4112 2988 4167 Monac/ti
3009 4128 3124 4197 vero
3151 4128 3216 4165 ex
3246 4114 3453 4194 institu-

1860 4184 2026 4250 tione,
2046 4196 2107 4251 δ.
2160 4192 2225 4247 Ρ.
2276 4190 2543 4245 Benedicti
2588 4190 2640 4240 in
2683 4190 2779 4238 hoc
2823 4201 2939 4255 cap.
2988 4184 3167 4237 dicunt
3199 4184 3362 4252 primo
3403 4187 3455 4239 in

1859 4268 2123 4322 nocturnis
2155 4265 2295 4318 horis
2324 4279 2340 4316 :
2376 4261 2536 4326 Deus,
2577 4260 2631 4313 in
2673 4257 2993 4329 adjutorium
3026 4271 3191 4329 meum
3222 4256 3452 4329 intende,

1859 4349 1907 4391 et
1939 4347 2155 4405 postea:
2183 4336 2424 4398 Domine,
2457 4332 2598 4405 labia
2620 4327 2768 4405 _mea_
2792 4327 3181 4405 aperies..Qttia
3220 4328 3330 4380 sine
3363 4328 3453 4380 Dei

1859 4398 2127 4477 adiutorio
2174 4424 2265 4460 nec
2293 4422 2380 4458 cor
2412 4420 2502 4457 nec
2529 4401 2664 4456 labia
2700 4401 2768 4477 ad
2810 4398 2975 4465 ipsius
3015 4398 3221 4477 laudem
3265 4399 3457 4469 aperiri

1859 4468 2051 4534 valent.
2082 4480 2157 4533 lta
2191 4479 2663 4531 Turrecrematns.
2699 4469 2867 4523 Porro
2899 4469 3131 4521 eumdem
3162 4468 3307 4519 illum
3337 4484 3452 4521 ver-

1860 4551 2083 4604 siculum
2106 4551 2193 4620 qui
2218 4566 2250 4601 a
2286 4548 2344 4602 S.
2380 4546 2446 4599 P.
2580 4542 2862 4620 Benedicto
2892 4540 3031 4620 [toris
3056 4538 3457 4620 canonicislpri-

1862 4638 1997 4675 mum
2026 4624 2075 4673 in
2106 4607 2214 4674 suis
2250 4617 2571 4672 monasteriis
2609 4612 2853 4682 anteponi
2874 4614 3055 4682 jussu_s
3092 4609 3263 4682 fuerat
3284 4607 3457 4682 ,_Gre—

1782 4659 1834 4718 D
1863 4694 2035 4763 gorius
2088 4690 2331 4763 Magnus
2358 4659 2969 4763 pontifextabitnive‘i'sa
3004 4659 3234 4763 Ecclesia
3263 4659 3452 4762 eisdem

1862 4752 2111 4835 prwmitti
2127 4752 2443 4835 auctoritate
2478 4752 2758 4835 Pontiﬁcio
2801 4752 3314 4835 prwcapit,.adje‘ctis
3344 4768 3455 4835 ver-

1860 4823 2039 4888 siculis
2069 4831 2250 4886 Gloria
2280 4824 2448 4891 Patri,
2479 4838 2549 4895 et,
2585 4826 2735 4881 Sicut
2756 4823 2884 4890 erat,
2914 4833 2968 4877 ut
2990 4823 3163 4895 scribit
3193 4823 3456 4876 Arnoldus

1865 4904 2019 4959 Wion
2053 4903 2371 4957 Cassinensis
2404 4900 2493 4953 lib.
2529 4893 2560 4951 v
2592 4898 2746 4967 Ligni
2792 4898 2926 4960 vitaz,
2969 4896 3021 4967 in
3051 4893 3343 4967 _Gregario.
3375 4896 3455 4967 lie

1859 4976 2049 5030 eodem
2084 4988 2241 5027 versu
2276 4970 2568 5025 Walfridus
2600 4963 2796 5023 Strabo
2830 4967 2921 5021 lib.
2957 4966 3023 5019 de
3051 4963 3232 5018 Rcbtis
3262 4963 3446 5017 Ecclu.

1859 5048 2092 5101 siristicis
2115 5060 2231 5112 cap.
2259 5044 2329 5097 25
2361 5045 2520 5112 habet
2543 5058 2556 5095 :
2590 5038 2727 5112 Sane
2751 5054 2947 5091 versum
2970 5037 3055 5112 qui
3082 5037 3133 5112 in
3158 5035 3326 5101 capite
3347 5050 3456 5112 om-

1860 5118 2002 5170 nium
2041 5106 2247 5186 (prtet'er
2301 5110 2512 5186 Missas)
2544 5110 2824 5186 officiorum
2842 5123 2970 5186 qua:
3012 5106 3151 5186 [toris
3195 5106 3457 5186 canonicis

1857 5174 2184 5251 exhibeiitur,
2234 5187 2336 5240 dici
2384 5174 2531 5246 salsi,
2575 5174 2639 5235 id
2688 5174 2991 5251 est-Deus,
3035 5178 3093 5251 in
3136 5174 3456 5251 adjutorium

1858 5276 2027 5313 meum
2049 5245 2271 5323 intende,
2303 5266 2348 5310 et
2380 5245 2601 5325 reliqua,
2627 5251 2810 5325 Patres
2849 5248 3044 5317 antiqui
3074 5248 3181 5299 suis
3212 5245 3454 5325 collatio.

1860 5332 2005 5383 nibus
2037 5316 2271 5382 videntur
2301 5316 2566 5389 statuisse,
2591 5316 2848 5384 omnibus,
2890 5316 2991 5372 non
3023 5328 3219 5370 tantum
3256 5316 3453 5389 ofﬁciis,

1857 5403 1948 5457 sed
1973 5404 2129 5456 etiam
2164 5399 2404 5465 aperibus
2433 5388 2843 5463 prazmittendum
2868 5407 2886 5445 :
2911 5398 2965 5465 ut
2993 5389 3244 5441 invocatio
3272 5388 3459 5465 divina:

1861 5457 2239 5545 opitulationis,
2278 5457 2440 5524 initio.
2464 5464 2735 5545 cujuslibet
2765 5463 2979 5543 actionis
3009 5469 3303 5545 assumpta,
3327 5457 3460 5545 facit

1863 5528 2046 5599 liorem
2089 5528 2305 5614 facit'ct
2358 5528 2653 5614 postulandi
2697 5533 3059 5596 constantiam,
3105 5540 3155 5583 et
3188 5528 3459 5610 obtinendi

1866 5601 2121 5669 virtuteni.
2164 5613 2230 5666 In
2270 5601 2481 5683 agendis
2513 5617 2683 5683 autem
2712 5614 3051 5683 martum-unt,
3096 5612 3141 5655 et
3172 5601 3307 5670 circa
3335 5614 3456 5683 pals-

1863 5688 2023 5741 sionis
2068 5670 2351 5739 Dominic‘a:
2376 5679 2767 5739 solemnitatem,
2806 5673 3157 5744 indicationes
3202 5684 3255 5744 et?
3288 5670 3459 5743 estple-n

1864 5760 2026 5813 tiones
2056 5758 2358 5829 ofﬁciorum,
2386 5770 2487 5807 non
2516 5762 2568 5804 ut
2670 5748 2862 5829 caneris
2894 5747 3061 5815 fiunt;
3084 5743 3305 5800 tristitia
3323 5743 3459 5801 tilde!

1869 5830 1983 5886 licet
2007 5818 2362 5905 signiﬁcantius
2388 5840 2564 5883 causa.
2592 5821 2719 5883 llaec
2740 5818 2851 5879 ille.
