4054 6186
673 365 782 433 855

1729 372 2010 435 JOANNIS
2047 375 2360 436 CKSSIANI
2398 376 2896 438 COLLATIONES.

3881 384 3953 444 δὲ

678 493 866 545 torium
894 506 1062 546 meum
1083 489 1320 557 intende;
1346 485 1587 560 Domine,
1615 492 1684 546 ad
1704 493 2064 559 adiuvandum
2087 513 2164 549 me
2187 500 2259 566 [ευ
2287 501 2335 566 Α
2364 503 2634 563 secutum,
2682 496 3035 552 exuberantia
3085 513 3297 569 quoque
3342 488 3682 572 spiritalium
3712 517 3952 561 sensim

677 585 828 638 atina.
863 582 1137 638 Volentem
1182 598 1266 637 me
1292 583 1360 638 ob
1392 584 1740 640 Stabilitatem
1781 587 1961 642 cordis
2007 587 2259 642 insistere

677 677 915 740 lectioni,
947 674 1296 745 interpellans
1321 675 1514 745 capitis
1546 676 1794 746 prohibet
1815 677 1993 748 dolor,
2023 677 2260 749 horaque

677 768 827 820 tertia
858 766 1049 820 faciem
1080 781 1252 821 meam
1278 766 1344 822 ad
1374 781 1581 822 sacram
1615 770 1858 839 paginam
1892 785 2114 824 somnus
2136 768 2258 824 alli-

675 860 788 924 dit;
817 874 878 914 ac
904 859 1218 929 deputatum
1250 859 1419 930 quieti
1455 869 1683 932 tempus,
1706 861 1791 916 vel
1814 863 2136 934 transgredi,
2174 864 2260 920 vel

674 959 974 1028 praevenire
1033 961 1364 1032 compellor,
1422 960 1596 1032 ipsum
1644 961 1879 1032 denique
1940 961 2254 1017 canonicum

673 1066 941 1122 synaxeos
965 1053 1404 1124 psalmorumque
1433 1054 1650 1109 modum
1675 1053 2006 1112 intercidere
2030 1069 2114 1108 me
2137 1067 2260 1124 gra-

669 1145 891 1199 vissima
921 1145 1096 1200 somni
1125 1147 1273 1218 cogit
1304 1147 1622 1216 impressio;
1648 1145 1898 1200 similiter
1923 1145 2258 1216 proclaman-

672 1236 797 1291 dum
826 1248 906 1292 est
938 1237 1066 1291 mihi
1103 1256 1114 1290 :
1149 1237 1310 1304 Deus,
1358 1239 1410 1290 in
1443 1240 1765 1310 adjutorium
1796 1255 1963 1293 meum
2010 1237 2258 1302 intende;

670 1325 909 1396 Domine,
935 1329 1001 1384 ad
1027 1329 1380 1396 adjuvandum
1403 1347 1480 1383 me
1502 1333 1708 1401 festina.
1733 1327 1959 1384 Sublato
1989 1330 2054 1384 ab
2085 1329 2257 1384 oculis

671 1422 803 1476 meis
835 1437 1054 1490 sopore,
1090 1421 1277 1476 multis
1307 1439 1391 1477 me
1420 1424 1692 1487 noetibus,
1717 1422 2003 1477 diabolicis
2047 1423 2255 1477 insom-

671 1513 797 1580 niis,
833 1515 988 1568 video
1029 1515 1334 1586 fatigatum,
1379 1529 1707 1584 omnemque
1738 1533 1765 1568 a
1802 1516 2074 1586 palpebris
2121 1515 2256 1570 meis

669 1607 1021 1661 refectionem
1051 1619 1331 1661 nocturnae
1357 1607 1553 1680 quietis
1592 1607 1900 1672 exclusam;
1934 1623 2052 1662 cum
2082 1607 2256 1675 Suspi-

667 1699 762 1754 riis
786 1698 1048 1752 orandum
1069 1709 1151 1752 est
1178 1700 1306 1752 mihi
1332 1718 1344 1753 :
1367 1699 1525 1766 Deus,
1553 1701 1605 1752 in
1633 1700 1955 1772 adjtttorium
1980 1716 2147 1752 meum
2173 1700 2255 1753 ἰη-

667 1795 848 1858 tende;
881 1792 1116 1858 Domine,
1140 1794 1206 1846 ad
1228 1794 1580 1862 adjuvandum
1611 1810 1688 1846 me
1718 1794 1926 1862 festina.
1954 1792 2144 1847 Adhuc
2169 1809 2252 1848 me

2362 587 2690 656 redundare,
2752 589 3145 647 revelationem
3194 593 3700 650 sacratissimorum
3757 596 3952 654 intelle-

2361 691 2568 752 clunm,
2602 693 2656 737 et
2687 692 2843 740 antea
2876 687 3091 755 penitus
3120 686 3252 741 mihi
3281 688 3648 759 occultorum,
3683 695 3949 768 repentina

2363 772 2575 828 Domini
2609 774 2975 832 illustratione
3008 779 3260 850 percepi;
3288 789 3344 834 ut
3374 781 3426 835 in
3458 781 3545 836 bis
3588 798 3822 839 merear
3861 787 3953 840 dis-

2361 866 2464 922 tius
2489 867 2790 934 immorari,
2825 867 3058 924 sollicite
3100 871 3230 926 mihi
3263 880 3346 928 est
3388 871 3835 948 frequenterque
3863 880 3950 931 cla-

2360 959 2616 1016 mandum
2641 959 2832 1031 :Deus,
2853 963 2904 1018 in
2925 964 3246 1034 adjutorium
3265 982 3428 1019 meum
3449 967 3705 1036 intende;
3737 963 3950 1036 Donusa,

2359 1051 2426 1103 ad
2451 1051 2799 1123 adjuvandum
2824 1068 2903 1106 me
2932 1054 3142 1126 festina.
3176 1054 3466 1114 Nocturnis
3506 1057 3839 1116 daemonum
3869 1074 3955 1117 ter-

2360 1143 2580 1198 roribus
2605 1144 3143 1201 circumvallantibus
3167 1149 3436 1226 exagitor,
3467 1160 3518 1206 et
3551 1151 3952 1208 immuttdorum

2359 1233 2642 1310 spirituum
2685 1236 3155 1306 pltantasntatibus
3187 1238 3492 1308 inquietor;
3523 1254 3659 1311 spes
3699 1243 3823 1312 ip~a
3847 1244 3954 1298 mibi

2360 1328 2548 1383 salutis
2581 1344 2644 1383 ac
2669 1331 2813 1397 vitm,
2842 1329 3225 1400 trepidationis
3251 1333 3477 1388 horrore
3503 1334 3881 1401 Subtrahitur,
3899 1336 3950 1390 ad

2358 1420 2653 1480 salutarem
2678 1421 2934 1477 versiculi
2963 1421 3126 1491 hujus
3149 1427 3362 1494 portum
3385 1425 3722 1497 confugiens
3745 1430 3872 1484 totis
3892 1431 3949 1483 vi-

2358 1513 2511 1566 ribus
2539 1511 2889 1568 exclatnabo:
2919 1513 3076 1581 Deus,
3103 1516 3158 1568 in
3178 1518 3495 1588 adjutorium
3520 1535 3696 1574 meum
3731 1522 3948 1582 intende;

2359 1601 2596 1672 Domine,
2623 1606 2690 1657 ad
2711 1607 3069 1678 adjuvandum
3090 1624 3168 1661 me
3191 1609 3397 1676 festina.
3415 1608 3634 1666 Rursus
3656 1627 3788 1668 cum
3817 1613 3952 1670 fuero

2357 1698 2727 1758 consolatione
2758 1698 2970 1752 Domini
3011 1710 3320 1769 reparatus,
3364 1710 3419 1755 et
3460 1703 3641 1772 ipsius
3685 1709 3949 1762 animatus

2359 1788 2592 1842 adventu
2651 1790 2799 1844 velut
2845 1790 3147 1846 innumeris
3191 1792 3508 1861 angelorum
3560 1796 3816 1854 millibus
3871 1814 3951 1854 me

667 1883 722 1937 in
771 1883 1162 1938 colluctatione
1205 1886 1436 1952 positum
1491 1884 1742 1936 vitiorum
1797 1883 2031 1937 titillatio
2073 1884 2252 1938 carnis
2283 1868 2583 1934 BSCIISCI'O
2611 1880 3065 1951 οἰτειιωεθριιιω,
3122 1885 3192 1936 ita
3243 1893 3298 1936 ιιι
3342 1897 3534 1939 eorum
3588 1901 3738 1956 quos
3786 1900 3950 1944 morte

666 1983 889 2044 repente
937 1975 1251 2044 compungit
1281 2015 1294 2038 ,
1350 1985 1403 2029 et
1453 1973 1518 2028 ad
1575 1989 1898 2030 consensum
1944 1976 2256 2045 pertrahere

664 2067 1028 2122 dormientem
1077 2067 1269 2121 blanda
1313 2068 1678 2124 oblectatione
1704 2080 1964 2134 conatur;
2008 2085 2078 2124 ne
2122 2071 2256 2140 ignis

663 2159 873 2213 alienus
898 2169 1203 2214 exmstuans
1234 2169 1354 2214 urat
1376 2175 1538 2214 suave
1565 2161 1774 2216 olentes
1807 2161 2063 2215 flosculos
2093 2162 2257 2216 casti-

665 2253 810 2321 tatis,
827 2253 1164 2308 clamandum
1185 2254 1316 2308 mihi
1341 2267 1419 2309 est
1444 2273 1455 2306 :
1477 2255 1636 2324 Deus,
1669 2256 1721 2308 in
1744 2256 2062 2328 adjutorium
2085 2273 2254 2310 meum

660 2344 900 2405 intende:
928 2345 1164 2414 Domine,
1187 2347 1254 2400 ad
1275 2349 1623 2417 adjuvandum
1646 2365 1724 2402 me
1745 2349 1949 2418 festina.
1977 2348 2253 2402 Exstittcta

661 2437 838 2491 sentio
883 2436 1125 2492 libidinis
1179 2439 1486 2508 incentiva,
1542 2451 1594 2496 et
1649 2441 1937 2510 genitalem
1994 2441 2254 2497 membris

662 2528 799 2583 meis
828 2529 1124 2598 intepuisse
1154 2528 1444 2598 fervorem,
1466 2538 1528 2583 ut
1560 2539 1708 2598 parta
1737 2531 1851 2584 h'trc
1876 2530 2066 2597 virtus,
2089 2531 2254 2586 immo

662 2620 834 2690 gratia
877 2621 966 2674 Dei
1010 2621 1062 2674 in
1116 2635 1202 2674 me
1252 2621 1451 2674 diutius
1481 2623 1565 2676 vel
1609 2630 1871 2691 perpetuo
1903 2633 2249 2692 perseveret,

662 2711 869 2766 intente
890 2711 1178 2767 dicendum
1202 2723 1284 2767 est
1306 2713 1465 2767 mihi:
1489 2712 1647 2780 Deus,
1673 2715 1724 2766 in
1742 2715 2061 2787 atljutort'um
2085 2733 2252 2770 meum

662 2807 901 2874 intende;
928 2807 1162 2873 Domine,
1187 2809 1254 2862 ad
1279 2811 1633 2880 adjuvandum
1657 2829 1732 2865 me
1757 2811 1962 2881 festina.
1985 2811 2104 2878 lrm,
2136 2812 2254 2881 phi-

663 2900 935 2971 largyrize,
972 2902 1205 2956 tristitia:
1244 2903 1478 2957 stimulis
1507 2904 1801 2973 inquietor,
1831 2919 2104 2973 cogorque
2129 2919 2253 2972 pro-

662 2995 891 3064 positam
915 3004 1073 3064 atque
1103 2996 1334 3050 amicam
1358 2996 1486 3050 mihi
1513 2997 1906 3064 interrumpere
1937 2997 2249 3063 lenitatem;

663 3100 733 3140 ne
763 3084 815 3138 in
857 3085 1274 3140 amaritudinem
1305 3085 1452 3141 fellis
1480 3089 1890 3158 perturbatione
1929 3089 2127 3166 furoris
2158 3089 2252 3144 ab-

663 3177 856 3242 ducar,
884 3191 1005 3230 cum
1029 3190 1239 3231 summo
1272 3177 1399 3231 ntihi
1422 3180 1623 3247 gemitu
1655 3180 2093 3248 proclamandum
2123 3189 2250 3246 est:

2357 1974 2577 2040 gravius
2601 1983 2758 2028 antea
2785 1975 3188 2045 trcmiscebam,
3212 1984 3266 2030 et
3283 1989 3513 2045 quorum
3541 1988 3769 2046 tactum,
3793 1983 3949 2038 immo

2359 2063 2635 2129 viciniam,
2671 2066 2898 2120 horrore
2927 2068 3121 2122 mentis
3148 2077 3202 2122 et
3230 2070 3479 2139 corporis
3509 2071 3836 2137 sentiebam,
3867 2090 3949 2130 re-

2358 2164 2519 2224 pente
2573 2171 2899 2227 congressus
2951 2168 3208 2228 expetere
3259 2160 3488 2216 audeam
3537 2176 3600 2217 ac
3653 2179 3953 2233 provocare

2356 2245 2662 2313 conflictus,
2710 2257 2768 2302 ut
2797 2248 2848 2303 in
2892 2263 2978 2304 me
3009 2252 3326 2306 constantia:
3357 2253 3518 2322 hujus
3548 2256 3699 2324 vigor
3728 2271 3832 2324 per
3863 2258 3952 2313 Dei

2355 2338 2580 2405 gratiam
2633 2338 2833 2394 diutius
2865 2341 3214 2407 imntoretur,
3266 2344 3396 2398 totis
3437 2345 3567 2399 mihi
3618 2355 3703 2402 est
3746 2348 3951 2404 viribus

2355 2428 2797 2496 proclamaudutn
2830 2449 2843 2483 :
2882 2427 3036 2497 Deus,
3067 2433 3121 2484 in
3160 2431 3482 2504 adjutoritun
3507 2451 3673 2488 meum
3703 2437 3949 2503 intende;

2357 2515 2596 2586 Domine,
2621 2521 2687 2572 ad
2718 2521 3072 2591 adjuvandum
3095 2539 3174 2576 me
3201 2525 3403 2591 festina.
3427 2524 3594 2594 Hujus
3623 2527 3802 2595 igitur
3834 2545 3948 2584 ver-

2354 2612 2512 2668 siculi
2540 2613 2736 2680 oratio,
2768 2615 2818 2667 in
2841 2614 3089 2669 adversis
3122 2625 3180 2672 ut
3203 2633 3467 2685 eruamur,
3490 2620 3543 2673 in
3567 2623 3869 2690 prosperis
3899 2634 3945 2676 ut

2353 2723 2635 2762 servemur
2683 2723 2752 2762 ne
2795 2710 3144 2779 cxtollamur,
3197 2712 3498 2768 incessabili
3543 2713 3774 2784 jugitate
3824 2717 3941 2771 fun-

2353 2800 2528 2857 denda
2553 2810 2656 2856 est.
2684 2802 2876 2872 Hujus,
2905 2804 3145 2874 inquam,
3177 2806 3430 2861 versiculi
3461 2807 3736 2862 meditatio
3770 2809 3825 2862 in
3858 2819 3942 2864 tuo

2355 2904 2576 2964 pectore
2608 2894 2883 2964 indirupta
2918 2895 3184 2951 volvatur.
3218 2898 3369 2954 llunc
3401 2900 3454 2953 in
3477 2915 3642 2970 opere
3666 2900 3936 2969 quolibet,

2353 3000 2449 3040 seu
2479 2987 2804 3053 ministerio,
2835 2987 2916 3043 vel
2949 2989 3005 3042 in
3038 2989 3237 3044 itinere
3277 2993 3608 3047 constitutus
3654 2992 3938 3047 decantare

2357 3093 2460 3132 non
2481 3078 2717 3135 desinas.
2759 3079 2910 3136 llunc
2937 3090 2993 3136 et
3035 3081 3343 3148 dormiens,
3387 3092 3443 3138 et
3496 3085 3779 3147 reficiens,
3810 3094 3864 3138 et
3892 3085 3936 3137 in

2356 3172 2562 3228 ultimis
2594 3183 2804 3226 naturae
2854 3173 3271 3228 necessitatibus
3299 3173 3590 3229 meditare.
3623 3175 3745 3229 lltnc
3797 3175 3934 3228 volu-

663 3268 828 3335 Dgug’
856 3270 910 3323 in
930 3270 1246 3338 adiutorium
1268 3245 1444 3326 meum'
1462 3245 1697 3337 intende).
1725 3272 1968 3340 Domine,
2001 3274 2069 3328 ad
2093 3276 2249 3343 adju.
2275 3245 2322 3309 Ο
2356 3269 2487 3320 tatio
2517 3265 2697 3320 COI‘diS
2728 3266 2878 3320 velut
2899 3265 3127 3320 formula
3171 3266 3266 3321 ῑὶὺί
3308 3267 3565 3329 salutaris
3596 3268 3805 3332 effecta,
3839 3285 3935 3322 non

664 3362 888 3416 nandum
931 3377 1010 3415 me
1057 3361 1262 3432 festina.
1297 3364 1543 3433 Acedize,
1577 3365 1890 3420 cenodoxite
1915 3407 1931 3433 ,
1980 3367 2250 3436 superbia:

665 3452 899 3510 elatione
924 3463 1221 3523 pertentor,
1245 3470 1307 3510 ac
1347 3455 1416 3512 de
1444 3456 1672 3512 aliorum
1705 3458 2029 3529 negligentia
2058 3459 2140 3513 vel
2167 3469 2249 3514 te-

667 3561 799 3617 pore
825 3546 1079 3617 quiddam
1112 3548 1214 3604 sibi
1259 3564 1413 3605 mens
1435 3550 1623 3606 subtili
1666 3552 1994 3622 cogitatione
2030 3552 2247 3608 blandi-

666 3644 782 3702 tur;
815 3652 883 3692 ne
925 3639 979 3692 in
1013 3653 1100 3694 me
1149 3641 1444 3708 praevaleat
1478 3641 1593 3697 haec
1626 3644 1829 3698 inimici
1869 3644 1922 3697 in
1953 3659 2039 3699 me
2065 3645 2251 3713 perni-

664 3735 812 3789 ciosa
828 3737 1126 3805 suggestio,
1142 3750 1260 3791 cum
1279 3738 1427 3792 omni
1446 3739 1774 3796 contritione
1787 3740 1963 3796 cordis
1984 3740 2249 3795 orandum

665 3837 749 3884 est
769 3829 900 3884 mihi
925 3848 936 3882 :
962 3829 1126 3898 Deus,
1148 3831 1200 3884 in
1217 3830 1536 3901 adjutorium
1559 3851 1725 3888 meum
1741 3835 1976 3901 intende;
2005 3833 2246 3902 Domine,

664 3921 734 3975 ad
758 3920 1110 3992 adjuvandum
1141 3938 1221 3976 me
1249 3925 1454 3994 festina.
1489 3924 1826 3980 Humilitatis
1850 3935 1903 3980 et
1929 3926 2249 3995 simplicita-

668 4013 738 4068 tis
763 4015 1014 4083 gratiam,
1039 4015 1308 4086 superbiae
1338 4025 1546 4070 tumore
1563 4017 1832 4086 deposito,
1853 4019 1966 4088 jugi
1991 4033 2253 4088 compun-

667 4106 844 4162 ctione
890 4105 1112 4177 spiritus
1155 4107 1448 4175 aequisivi;
1484 4124 1542 4162 ne
1563 4124 1776 4162 rursum
1816 4113 1982 4163 veniat
2009 4111 2133 4164 mihi
2163 4128 2252 4180 pes

665 4196 934 4265 superbiai,
962 4205 1008 4251 et
1031 4212 1214 4252 manus
1235 4199 1512 4268 peccatoris
1538 4211 1734 4254 moveat
1754 4217 1834 4254 me
1862 4200 2032 4269 (Psal.
2062 4202 2248 4273 xxxv),

665 4288 996 4357 graviusque
1022 4289 1091 4342 de
1120 4288 1364 4343 victoriae
1397 4305 1533 4344 mete
1561 4292 1798 4347 elatione
1827 4293 2128 4357 confodiar,
2162 4304 2248 4349 to-

668 4380 738 4436 tis
769 4379 898 4433 mihi
926 4379 1366 4449 proclamandum
1391 4392 1471 4437 est
1505 4383 1744 4440 viribus:
1777 4386 1937 4452 Deus,
1961 4387 2013 4439 in
2043 4389 2252 4452 adiuto-

662 4473 799 4527 rium
818 4489 983 4528 meum
995 4473 1229 4540 intende;
1245 4475 1480 4539 Domine,
1495 4477 1564 4529 ad
1580 4477 1929 4548 adjuvandum
1947 4495 2024 4533 me
2041 4483 2247 4550 festina.

666 4565 1086 4634 Evagationibus
1111 4566 1309 4620 animae
1353 4567 1654 4625 innumeris
1693 4585 1756 4625 ac
1790 4569 2047 4637 diversis,
2084 4583 2139 4627 et
2169 4573 2251 4627 in-

2352 3361 2528 3414 solum
2563 3359 2789 3413 illaesum
2821 3359 2889 3413 ab
2917 3360 3064 3414 omni
3092 3358 3401 3416 daemonum
3430 3361 3743 3417 incursione
3765 3371 3940 3416 custoo

2353 3451 2483 3516 diet,
2521 3451 2614 3504 sed
2647 3451 2806 3504 etiam
2839 3453 3051 3506 cunctis
3083 3461 3134 3507 te
3164 3453 3313 3508 vitiis
3342 3461 3578 3510 terrente
3603 3453 3943 3522 contagionis
4024 3441 4025 3506 ἐ

2354 3559 2661 3614 cxpurgans
2683 3584 2698 3611 ,
2730 3544 2794 3597 ad
2827 3545 2946 3599 illas
2979 3546 3278 3601 invisibiles
3310 3547 3551 3603 tlteorias
3592 3547 3948 3619 caelestesque

2354 3634 2634 3704 perducet,
2687 3644 2850 3704 atque
2895 3636 2962 3694 ad
3001 3637 3152 3694 illum
3205 3637 3538 3694 inelfabilent
3569 3656 3634 3696 ac
3665 3642 3947 3710 perpaucis

2353 3737 2636 3797 expertum
2661 3729 2920 3797 proveltet
2963 3730 3225 3786 orationis
3253 3731 3531 3786 ardorem.
3578 3733 3733 3788 llunc
3776 3733 3921 3788 versi

2353 3822 2533 3877 culum
2563 3820 2842 3876 meditanti
2885 3823 2982 3880 tibi
3025 3837 3249 3878 somnus
3281 3826 3513 3896 irrepat,
3555 3827 3727 3883 donec
3755 3829 3945 3884 ineﬂxv

2355 3914 2448 3970 bili
2478 3913 2597 3983 ejus
2626 3915 3010 3970 exercitatione
3051 3915 3332 3983 fortnatus,
3379 3920 3542 3973 etiam
3572 3934 3670 3989 per
3695 3936 3946 3990 soporem

2354 4019 2476 4060 eum
2531 4005 2823 4062 decantare
2870 4021 3212 4065 consuescas.
3275 4007 3372 4064 Hic
3426 4010 3524 4065 tibi
3567 4011 3946 4080 expergefacta

2355 4099 2566 4170 primus
2589 4106 2856 4165 occurrat,
2884 4099 2932 4155 is
2964 4109 3016 4155 te
3043 4100 3337 4170 evigilante
3365 4103 3720 4173 cogitationes
3745 4104 3946 4158 antici-

2357 4202 2449 4261 pet
2475 4193 2781 4260 universas,
2813 4192 2915 4248 iste
2959 4201 3012 4249 te
3037 4193 3104 4248 de
3135 4203 3226 4248 tuo
3251 4205 3564 4266 surgentem
3611 4195 3774 4251 cubili
3819 4212 3944 4253 cur-

2358 4284 2556 4341 vationi
2587 4299 2820 4354 genuum
2872 4284 3088 4349 tradat,
3148 4295 3310 4357 atque
3361 4289 3511 4348 illinc
3558 4289 3820 4361 deinceps
3879 4290 3941 4345 ad

2356 4389 2518 4430 omne
2559 4389 2692 4445 opus
2737 4385 3000 4446 actusque
3027 4375 3282 4445 deducat,
3322 4379 3409 4434 hic
3437 4390 3489 4434 te
3516 4383 3667 4436 omni
3696 4391 3940 4453 tempore

2357 4479 2746 4543 prosequatur;
2777 4470 2920 4526 hunc
2961 4470 3310 4528 meditaberis
3333 4471 3623 4530 secundum
3663 4485 3941 4545 prmccpta

2360 4562 2709 4632 legislatoris,
2737 4562 2933 4617 sedens
2961 4563 3012 4616 in
3046 4562 3207 4620 domo
3235 4576 3292 4620 et
3319 4564 3595 4620 ambulans
3630 4565 3689 4619 in
3717 4565 3934 4632 itinere,

665 4657 961 4723 stabilitate
1003 4660 1182 4714 cordis
1209 4671 1474 4728 exaestuo,
1507 4678 1606 4719 nec
1635 4664 2014 4734 cogitationum
2039 4667 2251 4738 disper-
2276 4631 2331 4691 Β
2355 4654 2631 4709 ἀοτιηίεηε
2664 4663 2824 4725 θιαυθ
2851 4669 3223 4726 commitam;
3257 4659 3402 4714 hunc
3428 4658 3637 4714 scribes
3667 4659 3723 4713 ίη
3753 4660 3936 4715 “mine

662 4750 846 4816 siones
878 4752 1030 4808 valeo
1055 4767 1308 4808 coercere
1335 4794 1349 4818 ,
1397 4755 1674 4826 ipsamque
1719 4758 2020 4814 orationem
2069 4777 2245 4817 meam

662 4841 890 4897 fundare
929 4843 1134 4913 absque
1186 4843 1624 4913 interpellatione
1662 4858 1825 4917 atque
1872 4849 2247 4918 phantasmate

594 4959 604 5012 ί
659 4934 898 4990 inanium
933 4934 1264 5005 ﬁgurarum,
1290 4951 1707 5010 sermonumque
1739 4948 1793 4994 et
1830 4949 2043 4996 actuum
2073 4951 2246 4998 retra-

572 5043 580 5054 ·-
657 5024 893 5081 ctatioue
923 5040 1028 5082 non
1057 5041 1300 5096 possum,
1333 5037 1584 5099 tantaque
1617 5045 1701 5086 me
1728 5032 1901 5087 sentio
1942 5033 2244 5090 sterilitatis

656 5114 819 5185 hujus
844 5118 1097 5173 ariditate
1125 5120 1504 5185 constrictum,
1528 5130 1586 5176 ut
1613 5121 1789 5178 nullas
1819 5124 2038 5179 omnino
2077 5125 2242 5194 spiri-

655 5208 843 5262 talium
877 5224 1132 5266 sensuum
1157 5213 1538 5282 generationes
1565 5215 1834 5282 parturire
1861 5208 1948 5271 me
1969 5217 2198 5271 sentiam
2222 5233 2236 5282 ;

653 5299 799 5358 utde
825 5299 928 5357 hoc
954 5303 1118 5356 animi
1147 5304 1399 5372 squalore
1430 5319 1641 5360 merear
1681 5305 1934 5376 liberari,
1968 5307 2110 5361 unde
2157 5321 2242 5364 me

652 5391 944 5460 gemitibus
989 5393 1175 5449 multis
1221 5403 1382 5464 atque
1411 5397 1661 5466 suspiriis
1681 5399 1938 5468 expedire
1985 5414 2093 5454 non
2119 5415 2244 5470 pos-

652 5497 797 5548 sum,
846 5488 1156 5541 necessarie
1200 5488 1552 5556 proclamabo
1583 5506 1595 5540 :
1626 5489 1783 5556 Deus,
1828 5491 1880 5544 in
1924 5492 2241 5561 adjutorium
2307 5481 2318 5494 ’

651 5591 819 5631 meum
839 5578 1076 5646 intende;
1099 5577 1336 5647 Domine,
1359 5580 1429 5632 ad
1447 5581 1801 5651 adjuvandum
1819 5598 1898 5636 me
1921 5583 2127 5651 festina.
2150 5584 2242 5641 Di-

649 5670 948 5726 rectlonem
972 5683 1162 5725 rursus
1187 5671 1408 5738 animm,
1431 5671 1786 5729 stabilitatem
1808 5674 2196 5744 cogitationum
2218 5720 2234 5748 ,

651 5755 987 5814 alacritatem
1028 5759 1232 5824 cordis,
1277 5775 1402 5815 cum
1431 5761 1692 5816 ineffabili
1725 5764 1922 5831 gaudio
1950 5775 2005 5821 et
2041 5770 2237 5826 mentis

652 5855 910 5913 excessu,
946 5846 1250 5903 visitatione
1278 5851 1451 5903 sancti
1497 5851 1730 5918 Spiritus
1774 5867 1861 5908 me
1909 5859 2087 5913 sentio
2113 5875 2237 5917 con-

2350 4756 2406 4805 et
2427 4749 2608 4818 januis
2635 4753 2745 4806 oris
2775 4753 2890 4818 ttti;
2926 4752 3144 4808 buncin
3177 4751 3474 4824 parietibus
3503 4750 3700 4806 domus
3741 4761 3844 4805 tute
3879 4764 3936 4805 ac

2346 4843 2717 4911 penetralibus
2756 4845 2834 4899 tui
2879 4845 3115 4915 pectoris
3149 4843 3466 4910 collocabis,
3513 4845 3585 4898 ita
3630 4853 3686 4897 ut
3717 4843 3832 4898 haec
3875 4840 3936 4896 ad

2347 4937 2644 4992 orationem
2675 4940 3050 5010 procumbenti
3095 4941 3168 4993 sit
3213 4939 3310 4994 tibi
3339 4939 3567 4993 acclivis
3596 4938 3935 5001 decantatio;

2345 5037 2397 5082 et
2447 5029 2641 5085 exinde
2670 5031 3014 5102 consurgenti
3065 5041 3226 5102 atque
3274 5030 3340 5084 ad
3399 5043 3592 5086 omnes
3637 5045 3766 5084 usus
3816 5028 3936 5084 vita:

2343 5125 2684 5181 necessarios
2714 5126 2987 5182 incedenti
3015 5125 3108 5182 fiat
3136 5135 3316 5180 erecta
3345 5134 3402 5179 et
3425 5124 3572 5196 jugis
3595 5125 3788 5182 oratio.

2945 5240 3173 5296 CAPUT
3213 5239 3306 5294 XI.

2347 5327 2422 5385 De
2449 5332 2760 5402 perfectione
2789 5335 3059 5401 orationis,
3092 5334 3160 5389 ad
3192 5350 3347 5414 quam
3380 5334 3632 5404 praedicta
3663 5335 3933 5392 traditione

2947 5406 3328 5466 conscenditur.

2416 5493 2576 5548 Istam
2609 5508 2763 5550 mens
2804 5496 3172 5552 indesinenter
3203 5496 3491 5553 formulam
3526 5506 3735 5564 teneat,
3764 5497 3927 5553 donec

2341 5598 2442 5639 usu
2468 5585 2586 5656 ejus
2617 5586 2926 5642 incessabili
2950 5598 3004 5641 et
3021 5589 3132 5658 jugi
3157 5589 3514 5644 meditatione
3538 5590 3772 5654 ﬁrmata,
3802 5602 3922 5645 cun-

2339 5690 2547 5734 ctarum
2576 5681 2960 5750 cogitationum
2991 5680 3204 5736 divitias
3236 5682 3562 5758 amplasque
3591 5680 3918 5738 substantias

2339 5773 2561 5842 abjiciat
2589 5784 2644 5828 et
2672 5775 2894 5842 refutet,
2919 5785 3082 5845 atque
3111 5774 3184 5835 ita
3214 5759 3470 5839 versiculi
3509 5775 3669 5845 hujus
3699 5785 3918 5846 pauper-

2340 5873 2450 5919 tate
2480 5866 2793 5932 constricta,
2823 5865 2888 5920 ad
2937 5865 3080 5920 illam
3127 5867 3507 5938 Evangelieatn
3533 5865 3919 5924 beatitudinem

4022 5171 4026 5236 l
