4048 6198
86 286 209 345 837
1228 260 1571 341 COLLATIO
1615 281 1683 342 χ.
1719 310 1724 328 ε

1830 284 1912 343 DE
1951 288 2325 345 ORATIONE.
3306 306 3447 366 εδδ

86 416 221 469 ιμιτε
289 401 437 456 inter
496 408 730 457 caeteras
778 399 1141 456 beatitudines
1194 398 1485 470 primatum
1544 408 1708 467 tenet,
1740 402 2106 471 Amunitus,
2163 403 2564 458 virulentorum
2623 404 2951 474 serpentium
3019 412 3434 471 exterminator

89 508 285 559 prona
324 492 593 548 facilitate
630 495 926 563 perveniat.
956 492 1123 560 Beati,
1160 493 1326 559 enim,
1362 493 1555 562 inquit,
1590 508 1722 560 pau-
1826 496 2053 551 effectus
2084 508 2186 559 est,
2216 498 2423 553 habens
2453 498 2745 552 contritum
2773 499 3026 553 Satanam
3059 502 3160 556 sub
3190 504 3427 570 pedibus

89 599 257 649 peres
289 585 520 653 spiritu:
549 587 793 654 quoniam
831 587 1061 656 ipsorum
1098 594 1169 639 est
1211 601 1427 657 regnum
1473 583 1718 639 caelorum

88 675 341 743 (Matth.
376 677 461 745 v).
500 677 566 731 Et
594 680 665 731 ita
693 692 786 746 per
814 677 1116 733 istiusmodi
1151 684 1520 746 paupertatem
1563 691 1719 747 egrev

87 772 229 837 gius
283 784 492 839 pauper
540 770 820 837 existens,
870 771 996 825 illud
1050 771 1422 841 propheticum
1471 770 1720 840 implevit

89 859 420 930 eloquium.
473 860 685 933 Pauper
729 871 775 915 et
823 863 966 933 inaps
1005 863 1295 916 laudabunt
1324 878 1524 917 nomen
1570 872 1718 917 tuum

90 950 303 1023 (Psal.
330 954 551 1023 uxin).
580 954 647 1008 Et
673 967 861 1008 revera
889 969 1009 1023 quae
1039 955 1213 1024 major
1240 963 1331 1009 aut
1353 956 1592 1010 sanctior
1623 971 1719 1026 po-

94 1052 219 1097 test
254 1058 383 1099 esse
414 1055 707 1115 paupertas
735 1060 890 1115 quam
917 1046 1062 1100 illius
1086 1048 1177 1116 qui
1201 1046 1333 1101 nihil
1362 1063 1423 1103 se
1452 1048 1714 1116 praesidii,

95 1138 253 1191 nihil
290 1140 489 1194 virium
520 1139 717 1194 habere
746 1154 1107 1210 cognoscens,
1139 1141 1208 1195 de
1253 1141 1430 1195 aliena
1463 1141 1720 1211 largitate

94 1230 495 1299 quotidianum
531 1231 700 1298 poscit
731 1232 1015 1294 auxilium,
1054 1243 1108 1286 et
1139 1233 1305 1285 vitam
1356 1246 1512 1286 suam
1559 1242 1721 1302 atque

98 1324 479 1380 substantiam
504 1324 729 1395 singulis
753 1326 1061 1395 quibusque
1094 1325 1383 1379 momentis
1413 1325 1597 1379 divina
1620 1342 1721 1395 0pc

96 1418 426 1489 intelligens
468 1420 785 1485 sustentari,
821 1434 1013 1475 verum
1062 1434 1123 1474 se
1168 1418 1477 1473 mendicum
1510 1419 1723 1474 Domini

96 1524 224 1565 non
257 1510 530 1566 immerito
557 1512 872 1580 profitetur,
901 1509 1222 1579 suppliciter
1242 1510 1312 1565 ad
1333 1525 1455 1565 eum
1482 1511 1722 1580 quotidie

93 1606 380 1671 clamans,
409 1604 524 1677 Ego
554 1616 727 1660 autem
754 1606 1026 1659 mendicus
1070 1615 1118 1660 et
1157 1623 1351 1678 pauper
1379 1624 1515 1673 sum,
1556 1606 1714 1672 Deus,

92 1698 314 1769 adjuva
352 1714 432 1752 me
463 1696 639 1767 (Psal.
682 1697 916 1766 xxxix)?
965 1696 1031 1752 Et
1074 1697 1154 1753 sic
1196 1699 1260 1753 ad
1308 1698 1455 1752 illam
1503 1714 1720 1769 quoque

1822 592 1961 656 suis,
1992 601 2049 645 et
2078 592 2143 647 ad
2175 592 2401 662 figuram
2433 593 2765 647 rationabilis
2817 594 2960 647 cervi
2995 595 3193 649 mentis
3223 596 3424 651 alacri-

1823 693 1935 739 tate
1981 688 2247 755 pervenit,
2272 696 2525 756 pascetur
2553 689 2604 741 in
2636 686 2969 756 propheticis
2998 696 3161 753 atque
3205 700 3421 759 aposto-

1823 776 1942 831 licis
1979 779 2275 843 montibus,
2306 777 2358 832 id
2388 786 2493 846 est,
2527 778 2915 833 excelsissimis
2941 794 3129 834 eorum
3160 795 3221 834 ac
3250 782 3424 837 subli-

1822 868 2085 923 missimis
2126 871 2515 937 sacramentis;
2551 887 2779 941 quorum
2810 872 2921 942 jugi
2965 888 3163 942 pascuo
3204 884 3423 944 vegeta-

1824 971 1931 1024 tus,
1972 975 2164 1016 omnes
2210 978 2449 1031 quoque,
2477 965 2810 1032 psalmorum
2852 964 3076 1019 affectus
3106 966 3160 1019 in
3193 981 3252 1020 se
3284 967 3421 1022 reci—

1822 1053 2001 1121 piens,
2033 1053 2103 1106 ita
2131 1052 2353 1123 incipiet
2393 1053 2707 1121 decantare,
2736 1063 2795 1109 ut
2823 1069 2917 1109 eos
2947 1071 3051 1110 non
3082 1066 3356 1126 tamquam
3389 1072 3421 1112 a

1822 1144 2100 1215 Propheta
2148 1150 2503 1216 compositos,
2548 1147 2643 1202 sed
2673 1148 2818 1203 velut
2865 1163 2891 1200 a
2936 1164 2995 1202 se
3038 1148 3239 1216 editos,
3267 1150 3422 1219 quasi

1823 1241 2127 1294 orationem
2163 1240 2435 1309 propriam
2470 1240 2740 1310 profunda
2772 1241 2952 1295 cordis
2998 1244 3423 1311 compunctione

1824 1331 2126 1400 depromat,
2159 1333 2243 1386 vel
2274 1345 2424 1388 certe
2450 1334 2517 1387 ad
2546 1348 2699 1387 suam
2734 1348 3021 1401 personam
3050 1333 3286 1389 aestimet
3327 1351 3420 1391 eos

1824 1421 1993 1476 fuisse
2035 1422 2291 1491 directos,
2325 1440 2623 1495 eorumque
2654 1427 2955 1480 sententias
2985 1444 3092 1480 non
3138 1435 3264 1481 tunc
3298 1437 3419 1481 tan-

1826 1520 2106 1573 tummodo
2155 1535 2250 1589 per
2299 1518 2626 1588 Prophetam
2682 1529 2774 1574 aut
2822 1521 2876 1574 in
2926 1519 3199 1588 Propheta
3253 1519 3423 1576 fuisse

1824 1612 2146 1681 completas,
2195 1614 2289 1669 sed
2336 1614 2388 1667 in
2430 1629 2491 1668 se
2531 1614 2772 1683 quotidie
2802 1614 2920 1685 geri
2968 1613 3286 1683 implerique
3332 1627 3424 1667 co-

1824 1715 2065 1774 gnoscat.
2091 1707 2245 1760 Tunc
2271 1706 2411 1760 enim
2446 1706 2741 1774 Scriptura:
2782 1707 2976 1761 divinze
3014 1707 3170 1761 nobis
3216 1706 3421 1762 clarius

95 1788 510 1844 multiformem
558 1788 845 1844 scientiam
892 1789 987 1845 Dei
1036 1789 1155 1860 ipso
1202 1789 1542 1847 illuminante
1588 1806 1717 1846 cou-
1749 1790 1798 1849 B
1828 1805 2239 1867 perpatescunt,
2280 1806 2335 1851 et
2362 1798 2761 1869 quodammodo
2802 1814 2989 1853 earum
3029 1812 3181 1854 vente
3217 1800 3424 1856 medul-

98 1880 424 1946 scendens,
456 1880 682 1950 incipiat
712 1880 972 1952 deinceps
1000 1881 1414 1937 sublimioribus
1442 1897 1503 1936 ac
1539 1898 1721 1939 sacra-

98 1974 353 2029 tioribus
384 1976 667 2047 mysteriis
696 1976 958 2048 saginari,
984 1977 1283 2033 secundum
1313 1978 1444 2033 illud
1474 1979 1616 2047 quod
1640 1980 1722 2033 di-

98 2067 263 2122 citur
302 2081 403 2137 per
430 2067 759 2136 Prophetam
786 2085 799 2122 :
832 2068 1040 2123 Montes
1083 2069 1269 2124 excelsi
1313 2070 1500 2135 cervis,
1526 2078 1552 2107 δ
1577 2081 1721 2138 petra

97 2161 389 2232 refugium
424 2161 662 2215 erinaciis
708 2158 880 2233 (Psal.
927 2160 1066 2232 cm).
1114 2161 1269 2227 Quod
1318 2162 1457 2217 satis
1502 2161 1721 2232 proprie

101 2252 250 2307 huic
312 2268 477 2322 quem
536 2252 770 2308 diximus
825 2257 1011 2308 sensui
1073 2262 1399 2323 coaptatur;
1457 2269 1526 2310 eo
1575 2253 1722 2324 quod

97 2345 373 2415 quisquis
406 2346 458 2399 in
506 2344 853 2411 simplicitate
901 2354 1065 2414 atque
1109 2346 1416 2400 innocentia
1463 2360 1721 2415 perseve-

99 2452 274 2505 rans,
311 2437 442 2493 nulli
470 2447 553 2493 est
579 2437 774 2492 noxius
806 2437 890 2492 vel
930 2438 1214 2503 molestus,
1258 2437 1356 2493 sed
1384 2453 1479 2493 sua
1514 2446 1721 2493 tantum

103 2532 469 2601 simplicitate
510 2541 836 2598 contentus,
871 2532 1216 2587 solummodo
1244 2547 1303 2588 se
1358 2532 1428 2587 ab
1457 2533 1724 2587 insidian-

107 2624 256 2678 tium
281 2623 463 2691 praeda
495 2623 771 2679 desiderat
796 2624 1090 2688 contutari,
1123 2624 1273 2681 velut
1310 2626 1582 2681 erinacius
1611 2627 1724 2694 spi-

110 2715 297 2770 ritalis
311 2715 685 2787 eli'ectus,jugi
700 2718 1029 2788 evangelicae
1051 2718 1191 2773 illius
1214 2717 1242 2757 δ
1269 2728 1439 2787 petra:
1453 2719 1723 2775 velamine

112 2816 464 2879 protegstur,
516 2808 570 2863 id
614 2818 721 2876 est,
771 2810 1033 2865 memoria
1076 2810 1375 2865 Dominicze
1432 2811 1721 2879 passionis,

116 2902 485 2971 prtedictique
516 2903 771 2957 versiculi
820 2902 1130 2958 incessabili
1162 2903 1517 2959 meditatione
1548 2904 1726 2957 muni-

115 3004 235 3058 tus,
271 2994 578 3049 infestantis
600 2995 803 3049 inimici
833 2994 1072 3051 declinet
1112 2996 1360 3051 insidias.
1396 2995 1469 3051 De
1499 2995 1584 3049 bis
1614 2995 1725 3065 spi-

116 3084 375 3142 ritalibus
416 3084 673 3143 erinaciis
713 3088 850 3141 etin
895 3086 1210 3143 Proverbiis
1250 3087 1322 3142 ita
1353 3086 1554 3141 dicitur
1595 3104 1610 3142 :
1656 3087 1723 3140 Et

121 3192 147 3219 ο
175 3181 394 3235 erinacii
406 3198 528 3254 gens
543 3180 773 3235 invalida
786 3183 872 3251 qui
888 3185 1114 3252 fecerunt
1134 3183 1186 3235 in
1204 3182 1365 3253 petris
1378 3181 1557 3236 domos
1577 3199 1722 3237 suas.
1750 3165 1797 3230 (ἶ

118 3275 198 3331 Et
225 3289 413 3330 revera
440 3274 569 3344 quid
600 3276 889 3330 invalidius
915 3275 1215 3330 christiano
1242 3319 1256 3344 ,
1290 3275 1416 3346 quid
1461 3276 1724 3331 infirmius

120 3368 421 3437 monacho,
453 3370 538 3424 cui
571 3384 678 3424 non
727 3369 901 3425 solum
935 3369 1083 3425 nulla
1124 3369 1445 3438 injuriarum
1488 3370 1721 3427 vindicta

122 3463 462 3533 suppeditat,
488 3465 583 3519 sed
614 3479 682 3519 ne
711 3463 847 3519 levis
875 3464 1092 3534 quidem
1131 3463 1402 3534 tacitaque
1431 3466 1722 3521 commotio

125 3554 325 3610 saltem
379 3554 709 3611 intrinsecus
755 3556 1026 3626 pullulare
1076 3556 1431 3611 conceditur?
1467 3558 1721 3630 Quisquis

127 3654 311 3702 autem
341 3663 405 3704 ex
428 3648 531 3704 hoc
560 3647 851 3718 proficiens
873 3658 1042 3714 statu,
1064 3666 1169 3705 non
1193 3651 1365 3704 solum
1397 3650 1721 3707 innocentia:

126 3742 531 3814 simplicitatem
555 3744 815 3814 possidet,
844 3744 938 3798 sed
965 3745 1125 3799 etiam
1150 3745 1499 3799 discretionis
1525 3746 1723 3799 virtute

1826 1893 1999 1961 laeque
2028 1892 2354 1961 panduntur,
2384 1894 2606 1961 quando
2648 1894 2978 1963 experientia
3013 1902 3198 1948 nostra
3233 1911 3424 1950 earum

1825 1999 1934 2038 non
1968 1993 2176 2038 tantum
2209 1984 2459 2054 percipit,
2490 1986 2584 2040 sed
2618 1987 2779 2040 etiam
2821 1987 3082 2055 praevenit
3121 1987 3422 2054 netionem,

1824 2090 2124 2146 sensusque
2168 2077 2458 2131 Verborum
2507 2093 2610 2132 non
2660 2093 2756 2147 per
2796 2080 3193 2147 expositionem
3240 2082 3423 2148 nobis,

1824 2169 1918 2223 sed
1969 2184 2065 2239 per
2113 2170 2433 2223 documenta
2491 2178 2823 2223 reserantur.
2879 2170 3143 2225 Eumdem
3194 2188 3425 2243 namque

1825 2262 2151 2329 recipientes
2183 2262 2361 2315 cordis
2392 2261 2643 2315 aﬂ‘ectutn
2676 2276 2782 2329 quo
2832 2262 3057 2330 quisque
3106 2262 3424 2319 deoantatus

1825 2354 1909 2407 vel
1933 2354 2272 2423 conscriptus
2300 2364 2379 2407 eSt
2405 2354 2663 2423 psalmus,
2688 2355 2832 2408 velut
2858 2364 3107 2409 auctores
3130 2355 3251 2424 ejus
3275 2357 3421 2425 lacti,

1826 2446 2200 2515 prmcedemns
2243 2446 2414 2515 magis
2457 2446 2787 2500 intellectum
2821 2445 3010 2515 ipsius,
3042 2462 3201 2517 quam
3236 2461 3425 2519 seque-

1827 2554 1977 2605 mur;
2010 2539 2064 2593 id
2098 2547 2199 2604 est,
2235 2550 2291 2593 ut
2318 2540 2471 2611 prius
2504 2538 2774 2593 dictorum
2807 2539 3059 2594 virtutem
3091 2555 3252 2610 quam
3284 2541 3427 2596 noti-

1828 2632 1954 2684 tiam
1986 2630 2330 2700 colligentes,
2359 2630 2487 2699 quid
2519 2631 2573 2684 in
2604 2630 2761 2685 nobis
2789 2641 2999 2701 gestum
3047 2630 3138 2694 sit,
3171 2630 3252 2686 vel
3285 2644 3425 2701 quo-

1828 2722 2046 2777 tidianis
2096 2732 2314 2791 geratur
2362 2724 2708 2791 incursibus,
2761 2723 3182 2792 superveniente
3234 2738 3426 2780 eorum

1828 2820 2183 2875 meditatione
2230 2822 2631 2891 quodammodo
2683 2822 3056 2890 recordemur,
3090 2833 3145 2879 et
3196 2824 3326 2893 quid
3370 2826 3427 2881 in

1831 2923 1986 2978 nobis
2011 2924 2095 2978 vel
2127 2924 2448 2993 negligentia
2488 2934 2673 2978 nostra
2702 2927 2997 2996 pepererit,
3026 2928 3113 2981 vel
3141 2926 3426 2998 diligentia

1829 3029 2202 3099 conquisierit,
2241 3030 2331 3083 vel
2379 3030 2715 3099 providentia
2764 3030 2943 3086 divina
2991 3033 3307 3101 contulerit,
3341 3034 3428 3092 vel

1831 3131 2105 3202 instigatio
2138 3130 2467 3185 fraudaverit
2494 3131 2722 3199 inimici,
2748 3132 2832 3187 vel
2859 3132 3191 3189 subtraxerit
3217 3134 3425 3192 lubrica

1828 3248 1894 3291 ac
1931 3234 2145 3289 subtilis
2187 3233 2409 3301 oblivio,
2443 3234 2528 3289 vel
2571 3234 2816 3290 intulerit
2860 3236 3089 3295 humana
3132 3236 3427 3307 fragilitas,

1830 3350 1928 3391 seu
1976 3335 2278 3407 improvida
2327 3336 2582 3391 fefellerit
2633 3336 2925 3406 ignoratio,
2958 3338 3313 3393 decantantes
3345 3353 3427 3394 re-

1832 3439 2200 3493 miniscamur.
2231 3437 2433 3493 Omnes
2463 3453 2694 3507 namque
2728 3439 2825 3493 hos
2855 3438 3078 3492 allectus
3110 3440 3163 3492 in
3192 3439 3429 3496 Psalmis

1828 3542 2136 3599 invenimus
2164 3556 2475 3609 expressos,
2510 3550 2567 3593 ut
2611 3556 2673 3593 ea
2718 3556 2840 3611 quze
2887 3540 3238 3603 incnrrerint,
3280 3542 3429 3596 velut

1831 3643 1887 3698 in
1909 3642 2130 3711 speculo
2160 3642 2449 3710 purissimo
2476 3639 2845 3708 pervidentes,
2870 3640 3144 3695 efﬁcacius
3167 3654 3426 3710 agnosca-

1834 3758 1973 3807 mus,
1996 3753 2049 3797 et
2073 3743 2143 3795 ita
2166 3739 2191 3777 ά
2219 3740 2658 3812 magistrantibus
2680 3740 2960 3795 eﬂ'ectibus
2989 3741 3153 3815 [Lips.
3178 3743 3230 3795 in
3254 3758 3424 3814 marg.

1214 3860 1470 3916 ALARDI
1510 3860 1745 3917 ΟΑΖᾹΞΙ
1782 3856 2351 3917 COMMENTARIUS.

211 3965 232 3992 ι
278 3955 391 4009 Div.
442 3952 800 4024 Hieronymus
840 3953 1053 4021 epistol.
1089 3955 1123 4008 ὅ
1168 3955 1341 4022 legit:
1379 3953 1533 4007 Petra
1582 3956 1726 4022 refu-

127 4028 272 4099 gium
304 4025 578 4099 leporibus.
613 4025 719 4077 Pro
745 4041 865 4099 quo,
896 4025 1087 4094 inquit,
1133 4025 1285 4078 multi
1329 4027 1610 4099 Iicrinaceis
1650 4027 1726 4080 le-

128 4043 272 4099 gium
304 4043 578 4150 tironem.
613 4043 719 4077 rro
746 4043 865 4092 quo.
896 4043 1087 4094 inquit,
1133 4043 1284 4078 mum
1329 4043 1610 4079 nermaceis
1650 4043 1726 4080 te-

128 4107 280 4169 gunt.
375 4097 643 4149 erinaceus
666 4097 863 4149 animal
895 4108 966 4148 est
996 4113 1230 4169 parvum,
1266 4108 1311 4150 et
1334 4098 1514 4167 fugax.
1549 4109 1595 4151 et
1621 4100 1730 4164 spi-

130 4167 320 4221 narum
347 4168 574 4220 sentibus
606 4177 1002 4235 prwgravatum.
1040 4167 1104 4220 Et
1150 4170 1199 4221 in
1240 4170 1451 4232 epistol.
1502 4169 1567 4222 ad
1617 4170 1724 4224 Su-

131 4239 282 4293 nium
314 4245 367 4292 et
386 4237 673 4292 Fretellam
702 4237 895 4305 (Epist.
929 4238 1055 4301 155)
1085 4255 1098 4292 :
1131 4238 1285 4291 Petra
1306 4241 1561 4309 refugium
1592 4241 1728 4293 lteri-

132 4309 327 4365 naceis.
359 4326 453 4379 pro
487 4325 585 4377 quo
615 4310 667 4362 in
702 4308 924 4362 Hebrreo
964 4310 1185 4375 positum
1210 4320 1282 4363 est
1314 4308 1649 4380 sep/ianium;
1680 4322 1727 4365 et

134 4396 309 4436 omnes
355 4382 775 4455 χοιρογρυλλίους
811 4396 931 4433 voce
956 4381 1113 4455 simili
1162 4382 1558 4455 transtulerunt.
1610 4383 1727 4455 Soli

137 4452 497 4521 Septuaginta.
520 4452 729 4519 lepores
756 4452 1079 4524 interpretati
1108 4460 1261 4515 sunt,
1284 4462 1390 4513 τοῖς
1410 4454 1643 4524 λαγωοῖς,
1670 4454 1725 4507 id

135 4534 233 4589 est,
262 4534 398 4590 petra
417 4524 675 4593 refugium
701 4524 974 4591 leporibus.
1003 4522 1286 4575 Sciendum
1306 4534 1378 4576 est
1402 4522 1597 4577 animal
1618 4541 1726 4579 esse

139 4610 241 4647 non
261 4595 427 4661 majus
450 4593 661 4652 hericio,
681 4594 870 4647 habens
893 4594 1286 4646 similitudinem
1310 4596 1472 4647 muris
1494 4603 1538 4647 et
1562 4598 1671 4647 ursi
1708 4612 1725 4649 :

137 4667 279 4719 unde
302 4673 348 4715 et
380 4664 431 4737 in
464 4662 745 4737 Paltestina
782 4672 975 4736 κτομῦς
1005 4665 1229 4737 dicitur;
1259 4675 1305 4717 et
1338 4682 1525 4737 magna
1569 4678 1643 4720 est
1674 4669 1727 4721 in

142 4737 256 4790 istis
305 4734 595 4809 regionibus
635 4737 787 4805 hujus
833 4734 1041 4809 generis
1062 4736 1403 4809 abundantia,
1424 4734 1727 4809 semperque

140 4811 193 4860 in
223 4805 451 4858 cavernis
482 4814 735 4875 petrarum
759 4818 805 4861 et
835 4818 984 4861 terra;
1015 4807 1171 4875 foveis
1192 4807 1424 4862 habitare
1451 4805 1727 4865 consueve-

142 4885 278 4931 runt.
312 4876 824 4947 SiCiHiCI'OllyanS.
860 4878 1097 4933 lsidorus
1124 4894 1253 4932 vero
1283 4879 1378 4933 lib.
1414 4895 1487 4933 ιιι
1515 4880 1722 4947 Origin.

145 4965 260 5015 cap.
287 4950 353 5003 ὗε
389 4946 618 5013 Ericius,
645 4950 835 5017 inquit,
866 4951 955 5018 qui
977 4959 1023 5002 et
1046 4949 1346 5003 herinaceus
1369 4951 1579 5014 dicitur,
1611 4946 1727 5005 ani-

147 5023 248 5072 mal
274 5020 433 5090 spinis
455 5030 767 5085 coopertum,
794 5024 932 5089 quod
961 5020 1145 5073 exinde
1172 5023 1361 5074 dicitur
1388 5022 1726 5089 cognomina-

150 5100 269 5165 tum,
314 5106 369 5144 eo
398 5097 538 5165 quod
580 5092 769 5165 subigit
796 5107 850 5143 se
874 5092 1081 5159 quando
1107 5094 1271 5158 spinis
1304 5091 1723 5165 suisclauditur,

150 5163 321 5229 quibus
374 5163 602 5229 undique
649 5163 905 5229 protectus
951 5172 1025 5215 est
1070 5172 1250 5215 contra
1296 5164 1535 5216 insidias.
1586 5163 1725 5219 Nam

151 5233 310 5304 statim
338 5244 393 5286 ut
425 5234 625 5303 aliquid
663 5234 898 5298 senserit,
925 5234 1227 5304 primumse
1254 5233 1463 5304 subigit,
1493 5244 1644 5297 atque
1666 5237 1724 5289 in

153 5254 310 5284 διωιιη
338 5254 393 5286 ιιι
425 5254 623 5303 auquta
663 5254 898 5298 δεηδσηι,
925 5254 1149 5304 primum
1172 5254 1227 5286 δε
1254 5254 1365 5286 sum
1405 5254 1463 5297 ιι,
1493 5254 1644 5297 atque
1666 5254 1724 5289 ιη

153 5302 345 5374 globum
368 5320 641 5359 conversus
659 5306 713 5358 in
738 5320 835 5358 sua
855 5321 999 5357 arma
1025 5302 1279 5374 recolligit
1309 5307 1326 5374 (
1348 5254 1473 5357 tide
1499 5304 1730 5361 Plinium

154 5373 239 5427 lib.
269 5389 355 5428 vni
394 5391 510 5445 cap.
560 5376 676 5445 57).
726 5376 851 5431 flare
890 5376 1026 5444 ipse.
1072 5373 1241 5429 Porro
1283 5373 1614 5430 aSsimilatur
1642 5379 1729 5433 hie

156 5446 442 5501 monachus
488 5448 677 5513 ericio,
730 5449 849 5501 sive
902 5448 1216 5512 heriuaceo,
1269 5448 1415 5499 varia
1475 5448 1726 5504 ratione:

156 5516 212 5570 1ο
242 5525 457 5585 propter
486 5517 849 5573 innocentiam
872 5528 926 5573 et
952 5518 1387 5585 simplicitatem;
1420 5517 1483 5570 2ο
1498 5528 1731 5587 .propler

157 5590 448 5642 cautionem
490 5596 545 5643 et
586 5590 926 5658 prudentiam
962 5589 1285 5657 naturalem,
1322 5604 1423 5658 qua
1458 5590 1560 5643 sibi
1590 5589 1731 5643 refu-

156 5659 291 5730 gium
321 5661 510 5730 quierit
553 5661 606 5715 in
633 5661 886 5716 cavernis
916 5676 1010 5716 seu
1045 5661 1401 5716 foraminibus
1431 5673 1725 5728 petrarum,

158 5728 236 5783 vel
276 5728 412 5803 intra
453 5730 695 5803 seipsum
730 5747 793 5787 se
818 5733 1089 5803 recolligit
1116 5747 1179 5787 ac
1207 5732 1460 5799 revolvit,
1494 5742 1548 5787 ut
1578 5732 1733 5786 undi-

161 5813 256 5874 que
279 5800 388 5856 suis
432 5802 604 5871 spinis
646 5811 820 5859 tectus
858 5817 925 5862 ac
962 5800 1109 5861 tu'tus
1141 5812 1388 5873 maneat;
1415 5806 1477 5861 5°
1508 5812 1735 5877 propter

1833 3953 2191 4009 humilitatem
2223 3966 2321 4006 seu
2365 3952 2701 4020 parvitatem.
2740 3950 2936 4004 Verum
2981 3950 3140 4017 longe
3170 3950 3328 4005 aliter
3357 3954 3426 4009 de

1833 4027 1999 4081 ericio
2046 4024 2271 4091 ejusque
2316 4033 2504 4078 natura
2538 4032 2592 4077 et
2622 4022 3017 4091 significatione
3068 4022 3426 4080 ratiocinator

1833 4098 1894 4151 D.
1940 4095 2234 4167 Gregorius
2276 4096 2329 4151 in
2373 4093 2634 4149 Pastornli
2665 4095 2709 4165 tl
2740 4093 2868 4148 Par.
2904 4109 2951 4148 ε.
2984 4096 3107 4163 xu),
3152 4102 3208 4147 ul
3236 4094 3311 4147 illi
3347 4098 3427 4151 Vi-

1830 4170 1959 4223 dere
1988 4178 2093 4223 est.

1902 4238 1928 4276 δ
1970 4240 2182 4292 Petram
2227 4238 2596 4307 evangelicam
2628 4238 2924 4306 allegorice
2951 4236 3227 4292 Christum
3257 4239 3425 4295 intel-

1834 4310 1988 4379 ligit:
2021 4312 2070 4363 in
2111 4311 2266 4377 cujus
2306 4308 2685 4374 foraminibus,
2724 4310 2774 4362 id
2812 4316 2915 4371 est,
2947 4310 3283 4373 vulneribus,
3314 4314 3425 4379 spi-

1833 4383 2041 4436 ritualis
2069 4384 2289 4446 ericius,
2322 4382 2375 4434 id
2405 4390 2509 4447 e—t,
2546 4379 2763 4433 humilis
2797 4382 3097 4436 monachus
3138 4396 3292 4435 suum
3330 4383 3423 4435 lia-

1832 4454 1922 4507 bel
1958 4452 2375 4519 subterfugiutn,
2420 4453 2628 4521 asylum
2666 4466 2727 4503 ac
2760 4458 2998 4521 tutamen
3027 4468 3037 4502 :
3073 4451 3139 4503 de
3169 4466 3270 4521 qua
3304 4455 3424 4521 qui-

1830 4525 1951 4578 dem
2004 4534 2151 4591 petra
2203 4527 2277 4576 ait
2332 4520 2621 4591 Apostolus
2677 4522 2740 4574 ad
2786 4520 3141 4575 Corinthios:
3178 4520 3423 4576 Btbebant

1828 4608 1997 4647 autem
2023 4595 2086 4646 de
2115 4595 2370 4663 spirituali
2402 4602 2736 4659 consequente
2757 4609 2839 4645 eos
2873 4602 3039 4659 petra,
3077 4601 3220 4663 petra
3252 4603 3425 4647 autem

1830 4678 1936 4718 erat
1988 4662 2223 4718 Christus
2274 4666 2314 4734 (l
2360 4665 2481 4717 Cor.
2516 4668 2593 4732 Χ).
2644 4664 2705 4715 Et
2741 4663 3022 4716 Psalmista
3051 4662 3290 4716 {Beatus
3336 4668 3425 4733 qui

1830 4739 2017 4790 tenebit
2041 4745 2083 4788 et
2103 4737 2279 4789 allidet
2305 4736 2547 4807 parvulos
2565 4745 2677 4807 tuos
2699 4735 2767 4786 ad
2788 4746 2987 4803 petram
3013 4734 3182 4803 (Psal.
3210 4737 3423 4807 nm).

1753 4784 1806 4843 Ῑ)
1922 4784 2225 4873 sistat.“
2240 4784 2289 4859 in
2305 4784 2577 4860 caiisa;
2591 4784 2613 4858 ’έ
2629 4784 2892 4858 enitet
2908 4784 3424 4875 *..;..;'.-;."y'.;.;.;;s.;t:

1831 4878 1921 4931 bus
1953 4888 2131 4948 petrw,
2162 4879 2218 4929 in
2263 4878 2500 4948 cavernis
2534 4879 2768 4929 maceria:
2806 4878 3026 4946 (Cantic.
3059 4878 3140 4948 tt).
3179 4878 3426 4946 Denique

1831 4946 1961 5004 illud
1998 4948 2367 5018 evangelicum
2408 4966 2417 4999 :
2469 4946 2651 4999 Posuit
2704 4946 3106 5017 fundamentum
3142 4965 3295 5017 super
3341 4965 3427 5018 pe-

1830 5030 1962 5073 tram
2001 5017 2180 5087 (Lucae
2220 5019 2315 5088 vr).
2358 5019 2529 5071 Etiam
2568 5018 2637 5071 de
2682 5018 2834 5071 Petra
2868 5020 3203 5088 evangelica,
3238 5018 3285 5071 id
3319 5017 3425 5083 est,

1830 5093 2064 5151 Christo,
2100 5105 2128 5141 a
2162 5089 2410 5141 Pntrihus
2463 5089 2692 5143 subinde
2738 5092 3043 5156 exponitur.
3096 5089 3159 5141 D.
3195 5089 3425 5144 Basilius

1830 5162 1968 5231 apud
2004 5162 2059 5215 S.
2094 5160 2352 5213 Thomam
2397 5162 2447 5214 in
2491 5164 2692 5231 (latena
2736 5174 2939 5213 aurea:
2976 5158 3195 5231 Ponere.
3225 5160 3423 5231 inquit,

1831 5228 2225 5304 fundamentum
2248 5248 2403 5299 super
2418 5243 2637 5303 petram,
2658 5230 2753 5304 hoc
2771 5240 2867 5292 est,
2894 5231 3045 5304 inniti
3070 5230 3189 5304 fidei
3210 5228 3425 5298 Christi,

1835 5299 1891 5359 ut
1938 5303 2210 5356 immobilis
2248 5299 2531 5371 perseveret
2577 5305 2629 5355 in
2671 5303 2914 5364 adversis,
2959 5303 3062 5354 sive
3104 5299 3425 5369 humanitus,

1833 5377 1936 5431 sive
1961 5376 2203 5429 divinitus
2231 5374 2487 5427 accidant.

1912 5457 1933 5485 ο
1980 5448 2148 5515 Vulgo
2182 5446 2446 5513 legimus:
2480 5443 2823 5515 Lepusculus,
2870 5444 3011 5512 plebs
3049 5442 3299 5508 invalida,
3340 5444 3428 5512 qui

1837 5518 2059 5571 collocat
2092 5521 2143 5569 in
2173 5527 2318 5589 petra
2347 5516 2515 5589 cubile
2541 5533 2710 5589 suum.

1908 5589 1933 5624 ά
1976 5589 2052 5643 Ita
2093 5586 2379 5643 Ciaconius
2412 5587 2465 5640 in
2498 5587 2741 5643 editione
2788 5586 3154 5656 Lngtlunensi,
3193 5595 3343 5653 puto,
3375 5592 3429 5640 et

1840 5659 2115 5723 Romana;
2146 5670 2198 5713 et
2228 5661 2350 5723 hoc,
2384 5660 2569 5725 cred-0,
2600 5674 2784 5721 sensu,
2817 5676 2879 5712 ac
2906 5657 2950 5711 si
2983 5658 3231 5712 dicatur:
3263 5672 3431 5723 expc-

1841 5732 2033 5804 rientia
2080 5748 2257 5789 rerum
2306 5734 2557 5804 magistra
2604 5732 2807 5794 edocti.
2849 5730 2991 5801 quod
3040 5731 3093 5783 in
3145 5728 3430 5804 proverbio

1843 5812 1945 5858 est.
1977 5803 2110 5871 Quae
2141 5804 2357 5875 (ιιιιὼῚιὶ
2395 5803 2561 5860 lectio
2596 5814 2649 5861 et
2678 5817 2869 5860 sensus
2910 5818 3017 5859 non
3053 5803 3193 5857 male
3233 5808 3432 5865 anteco
