4054 6186
638 392 744 451 839

1696 374 1977 444 JO.\NNIS
2014 376 2313 442 CASSIAM
2354 382 2850 439 COLLATIONES.

3828 375 3917 431 ϐω

634 504 941 577 all'ectibus]
984 505 1191 566 erudii,
1224 518 1326 558 non
1363 514 1418 556 ut
1449 502 1653 567 audita,
1688 503 1783 557 sed
1810 514 2079 571 tamquam
2102 502 2305 573 per-1A
2327 515 2443 556 rum
2489 499 2639 555 brevi
2690 511 2944 553 sermone
2993 497 3355 553 concluderet
3390 494 3457 549 Et
3498 494 3711 550 idcirco
3762 512 3915 549 unum

636 601 773 655 fecta
817 600 1119 670 palpemus,
1154 612 1253 651 nec
1302 607 1571 665 tamquam
1625 596 1897 650 memoria:
1947 608 2223 648 commen-

636 692 781 759 data,
810 691 903 747 sed
934 692 1079 745 velut
1104 690 1205 759 ipsi
1232 704 1413 743 rerum
1444 698 1657 742 natura:
1700 687 1883 753 insita,
1912 686 1981 741 de
2012 688 2223 740 interno

635 784 816 838 cordis
864 782 1230 852 parturiamus
1276 779 1490 846 affectu,
1536 790 1594 833 ut
1640 794 1828 833 eorum
1882 791 2073 832 sensus
2116 791 2222 830 non

638 885 785 931 textu
820 876 1090 940 lectionis,
1116 874 1211 929 sed
1242 874 1577 942 experientia
1606 870 1946 940 praecedente
1976 876 2226 939 penetre-

636 986 787 1034 mus,
822 979 982 1037 atque
1034 970 1104 1023 ita
1157 968 1221 1021 ad
1272 968 1419 1021 illam
1463 965 1729 1041 orationis
1768 962 2223 1031 incorruptionem

638 1081 789 1121 mens
815 1074 995 1118 uestra
1024 1062 1325 1131 perveniat,
1354 1061 1420 1114 ad
1450 1074 1608 1129 quam
1640 1059 1692 1112 in
1723 1056 2003 1126 superiore
2035 1064 2227 1108 tracta-

637 1168 713 1222 tu,
741 1166 999 1225 quantum
1032 1153 1291 1206 Dominus
1317 1152 1520 1204 donare
1546 1150 1799 1219 dignatus
1828 1158 1931 1215 est,
1958 1146 2092 1201 ordo
2118 1145 2229 1199 col-

638 1248 853 1301 lationis
882 1245 1126 1301 ascendit
1155 1243 1367 1315 (Collat.
1402 1244 1434 1298 9
1458 1260 1577 1312 cap.
1607 1242 1723 1313 Q9),
1758 1257 1882 1311 quae
1914 1255 2022 1294 non
2052 1238 2226 1291 solum

639 1342 838 1395 nullius
881 1339 1133 1409 imaginis
1180 1346 1475 1405 occupatur
1506 1336 1721 1404 intuitu,
1758 1336 1856 1389 sed
1889 1334 2051 1387 etiam
2082 1330 2226 1385 nulla

642 1435 809 1498 vocis,
873 1434 1018 1487 nulla
1076 1432 1361 1485 verborum
1417 1430 1801 1500 prosecutione
1856 1424 2226 1495 distinguitur,

640 1526 807 1596 ignita
845 1540 974 1579 vero
1010 1524 1209 1577 mentis
1241 1523 1541 1577 intentione
1571 1537 1667 1591 per
1700 1520 2025 1575 ineffabilem
2052 1516 2229 1571 cordis

636 1634 927 1673 excessum
978 1616 1375 1687 inexpugnabili
1428 1616 1651 1683 Spiritus
1695 1613 1975 1668 alacritate
2018 1610 2227 1681 profer-

638 1720 752 1774 tur,
785 1723 1053 1779 quamque
1085 1723 1240 1761 meus
1266 1716 1415 1761 extra
1445 1721 1633 1760 omnes
1659 1718 1854 1760 sensus
1888 1718 1951 1759 ac
1989 1700 2230 1757 visibiles

638 1803 828 1858 etfecta
884 1801 1169 1865 materias,
1218 1799 1509 1870 gemitibus
1564 1798 2018 1854 inenarrabilibus
2070 1802 2230 1863 atque

639 1894 886 1964 suspiriis
919 1892 1195 1959 profundit
1224 1893 1289 1945 ad
1319 1892 1507 1945 Deum.

1234 1982 1462 2038 CAPUT
1502 1982 1617 2037 XII.

711 2076 1054 2148 Interrogatio
1082 2075 1512 2148 quemadmodum
1543 2075 1799 2142 spiritales
1826 2077 2157 2141 cogitationes

1100 2147 1429 2199 imntobiliter
1467 2154 1758 2198 teneantur.

711 2265 1013 2320 Germanus
1047 2282 1060 2318 :
1097 2262 1213 2317 Non
1257 2261 1431 2315 solum
1475 2261 1631 2315 nobis
1676 2260 2026 2316 traditionem
2069 2260 2229 2330 spiri-

644 2359 763 2412 talis
796 2357 954 2425 hujus
980 2372 1139 2425 quam
1171 2353 1515 2423 poposcimus
1546 2352 1864 2422 disciplinae,
1916 2355 2011 2409 sed
2060 2354 2227 2421 ipsam

649 2452 806 2518 plane
852 2449 1236 2518 perfectionem
1281 2449 1409 2501 satis
1440 2454 1627 2515 aperte
1665 2455 1824 2515 atque
1869 2446 2105 2501 dilucide
2136 2461 2232 2514 pu-

646 2552 825 2598 tamus
854 2555 1186 2609 expressam.
1218 2538 1358 2604 Quid
1385 2540 1529 2593 enim
1559 2547 1739 2606 potest
1767 2554 1887 2593 esse
1917 2540 2233 2609 perfectius,

646 2635 844 2705 quidve
892 2633 1191 2698 sublimius,
1237 2646 1399 2701 quam
1432 2631 1527 2685 Dei
1570 2632 1883 2686 memoriam
1935 2643 2043 2686 tam
2088 2648 2237 2687 com-

648 2728 907 2798 pendiosa
938 2726 1288 2781 meditatione
1315 2724 1623 2793 complecti,
1649 2734 1809 2792 atque
1834 2733 1855 2760 ⁸
1889 2726 2045 2778 unius
2069 2725 2237 2780 versi-

646 2823 754 2877 culi
786 2822 1119 2875 volutatione
1148 2835 1178 2873 a
1206 2818 1416 2873 cunctis
1455 2816 1745 2871 visibilium
1782 2817 2026 2871 terminis
2056 2816 2233 2870 demi-

647 2929 829 2983 grare,
864 2923 917 2968 et
946 2909 1343 2983 quodammodo
1389 2907 1613 2963 affectus
1654 2908 1959 2963 orationum
2016 2918 2232 2964 cuncta-

2324 594 2465 664 quod
2488 600 2758 661 superest,
2784 589 2959 645 adhuc
2984 590 3140 643 nobis
3164 604 3451 658 precamur
3473 587 3704 656 exponi,
3739 603 3916 656 quem-

2324 685 2614 740 admodum
2664 683 2807 737 hunc
2860 680 3109 735 eumdem
3159 680 3481 737 versiculum
3537 694 3707 748 quem
3772 681 3915 732 nobis

2324 778 2441 833 vice
2471 776 2714 832 formulae
2744 775 3033 841 tradidisti,
3063 775 3324 828 stabiliter
3352 774 3593 829 retinere
3618 774 3916 843 possimus,

2325 878 2385 923 ut
2414 870 2553 922 sicut
2578 881 2674 937 per
2706 866 2798 920 Dei
2826 866 3052 936 gratiam
3084 878 3269 917 sumus
3316 879 3344 916 a
3378 863 3735 917 saecularium
3786 866 3919 932 cogi-
4002 863 4013 937 ί

2330 959 2593 1013 talionum
2624 956 2840 1027 ineptiis
2868 953 3100 1021 liberati,
3135 955 3206 1009 ita
3244 954 3511 1024 spiritales
3541 969 3806 1024 quasque
3836 957 3898 1007 im

2329 1051 2603 1107 mobiliter
2631 1050 2982 1105 retineamus.

2919 1177 3147 1234 CAPUT
3172 1178 3312 1235 Xlll.

2690 1299 2765 1353 De
2803 1298 3140 1351 mutabilitate
3163 1298 3557 1366 cogitationum.

2401 1438 2531 1491 Cum
2565 1436 2705 1491 enim
2728 1434 2755 1473 ιδ
2788 1435 3080 1504 capitulum
3113 1434 3396 1503 cujuslibet
3428 1435 3627 1503 psalmi
3657 1452 3821 1492 mens
3846 1456 3920 1493 no-

2330 1539 2439 1585 stra
2469 1530 2796 1599 conceperit,
2828 1527 3215 1582 insensibiliter
3241 1543 3305 1583 eo
3342 1529 3654 1593 subtracto,
3703 1532 3772 1585 ad
3805 1534 3927 1585 alte-

2332 1624 2446 1678 rius
2487 1623 2783 1691 Scriptum
2810 1629 3014 1675 textum
3048 1620 3295 1675 nesciens
3324 1630 3667 1690 stupensque
3698 1623 3928 1676 devolvi-

2334 1724 2441 1768 tur.
2470 1712 2711 1781 Cumque
2762 1710 2893 1765 illud
2944 1712 2995 1763 in
3041 1712 3333 1779 semetipsa
3383 1712 3618 1780 coeperit
3666 1714 3925 1777 volutare,

2335 1808 2563 1863 necdum
2601 1807 2689 1859 illo
2720 1806 2784 1859 ad
2830 1806 3095 1874 integrum
3145 1804 3426 1869 ventilato,
3479 1804 3679 1859 oborta
3711 1807 3929 1861 alterius

2262 1891 2307 1949 B
2338 1899 2627 1954 testimonii
2676 1898 2967 1963 memoria,
3000 1896 3401 1951 meditationem
3436 1899 3683 1951 materia:
3742 1901 3929 1967 prioris

2335 1990 2594 2048 excludit.
2630 1990 2696 2044 de
2730 1990 2828 2043 hac
2856 2004 3068 2058 quoque
3089 1989 3153 2042 ad
3182 1988 3433 2055 alteram,
3461 1990 3817 2046 subintrante
3840 1994 3930 2045 alia

2336 2084 2685 2137 meditatione
2718 2080 3065 2140 transfertur.
3120 2090 3176 2136 et
3221 2083 3293 2135 ita
3342 2082 3555 2137 animus
3604 2098 3827 2153 semper
3875 2086 3933 2138 de
4018 2100 4019 2107 ‘

2335 2175 2544 2243 psalmo
2591 2183 2801 2227 rotatus
2842 2173 2906 2226 ad
2957 2173 3245 2243 psalmum,
3280 2174 3348 2227 de
3376 2172 3651 2245 Evangelii
3681 2186 3842 2231 textu
3871 2176 3932 2229 ad

2340 2266 2577 2334 Apostoli
2608 2264 2939 2319 ‘transiliens
2991 2264 3305 2327 lectionem,
3341 2264 3409 2319 de
3462 2267 3561 2319 hac
3595 2283 3816 2336 quoque
3867 2270 3931 2321 ad

2341 2357 2652 2427 prophetica
2682 2357 2966 2410 devolutus
2995 2356 3233 2425 eloquia,
3268 2366 3323 2410 et
3349 2358 3543 2412 exinde
3573 2359 3640 2411 ad
3670 2359 3929 2427 quasdam

2338 2448 2613 2519 spiritales
2642 2448 2851 2502 delatus
2884 2447 3155 2512 historias,
3192 2463 3288 2515 per
3328 2463 3483 2502 omne
3524 2449 3931 2517 Scripturarum

2338 2554 2533 2609 corpus
2552 2539 2818 2596 instabilis
2836 2540 3387 2608 vagusquejactatur;
3415 2540 3538 2593 nihil
3571 2555 3666 2607 pro
3686 2543 3934 2596 arbitrio

2339 2648 2439 2687 suo
2472 2632 2773 2701 przevalens
2821 2631 2903 2685 vel
2957 2630 3195 2699 abjicere
3240 2630 3327 2685 vel
3374 2640 3574 2695 tenere,
3615 2645 3719 2685 nec
3766 2632 3930 2698 pleno

2340 2724 2627 2793 quidquam
2654 2723 2859 2791 judicio
2908 2730 2963 2776 et
3016 2722 3414 2778 examinatione
3462 2721 3636 2789 ﬁniri,
3684 2723 3928 2792 palpator

2343 2815 2717 2871 tantummodo
2746 2814 3067 2885 spiritalium
3097 2829 3353 2869 sensuum
3376 2830 3439 2869 ac
3463 2815 3798 2885 degustator,
3827 2833 3927 2871 non

2339 2917 2623 2978 generator
2677 2920 2775 2961 nec
2821 2919 3103 2975 possessor
3132 2904 3386 2971 eﬂ'ectus;
3429 2917 3451 2944 ε
3486 2917 3648 2976 atque
3679 2908 3743 2962 ita
3776 2923 3926 2961 meus

1738 3027 1995 3082 ALARDI
2036 3026 2270 3083 ΟΑΖᾸΞΙ
2306 3026 2867 3084 COMMENTARIUS.

652 3121 909 3175 dentibus
934 3129 988 3175 et
1017 3119 1472 3189 consequentibus
1496 3119 1754 3174 cohaeret.
1786 3122 1853 3174 At
1888 3121 2130 3188 plerique
2153 3120 2246 3174 alii

2354 3140 2475 3175 rans
2504 3138 2520 3175 :
2549 3120 2669 3185 Eia,
2693 3123 2876 3191 inquit,
2904 3140 2997 3176 cur
3022 3123 3302 3177 dormitm?
3328 3120 3749 3191 Cachinnansque
3780 3125 3929 3177 desu-

654 3194 852 3245 habent
890 3209 903 3244 :
942 3188 1213 3262 Magistris
1254 3188 1521 3254 aﬂ‘ectibus
1555 3191 1783 3262 eruditi.
1834 3190 1982 3257 Quos
2024 3202 2239 3245 secutus
2267 3194 2312 3255 C
2345 3210 2454 3262 per,
2475 3210 2591 3245 cum
2620 3188 2985 3260 defecisset.an
3004 3196 3246 3248 hordeum
3273 3194 3419 3246 vellet
3439 3188 3928 3261 a'ccipere,sciscita-

655 3259 1042 3331 Paraphrastes
1074 3259 1365 3343 :.E_r.uditi,
1404 3261 1626 3343 inquit,
1677 3259 1942 3327 affectibus
1995 3262 2237 3343 prapriis,

656 3346 914 3401 tamquam
971 3332 1270 3401 magistris,
1304 3331 1598 3401 ipalpemtts
1651 3348 1749 3395 ea,
1801 3348 1901 3383 non
1957 3331 2100 3400 quasi
2149 3348 2242 3384 att-

657 3400 797 3466 dita,
848 3413 985 3469 etc.,
1021 3400 1141 3472 qua
1186 3410 1242 3456 et
1286 3400 1526 3456 Gallicus
1571 3400 1839 3472 interpres
1872 3403 2041 3456 verbo
2092 3412 2247 3457 tenus

750 3493 762 3523 ι
936 3516 948 3528 .

658 3483 932 3599 ϐιξΐιῖῗῗιιὲ
988 3542 1199 3599 scilicet
1237 3541 1493 3597 versiculi
1539 3561 1551 3594 :
1616 3542 1786 3614 Deus,
1832 3543 1902 3614 in,
1930 3543 2247 3614 adjutoriunt

663 3632 829 3671 meum
862 3616 1087 3679 intende,
1111 3622 1244 3681 etc.,
1274 3614 1340 3667 de
1369 3628 1475 3682 quo
1506 3628 1666 3683 supra
1697 3612 1847 3683 (Cap.
1884 3612 1995 3681 10).

734 3687 761 3725 δ
788 3686 1091 3757 Capitulum
1122 3701 1217 3750 pro
1245 3696 1582 3757 argumento,
1616 3687 1697 3757 vel
1729 3699 1827 3757 pro
1858 3685 2093 3757 exordio
2134 3685 2249 3740 sive

666 3755 952 3829 principio,
988 3759 1253 3829 sumitur;
1283 3756 1555 3829 quomodo
1596 3755 1757 3809 etiam
1791 3756 1854 3829 D.
1892 3756 2248 3829 Hieronymus

666 3825 757 3902 (In
793 3829 988 3894 Qutest.
1021 3828 1183 3882 Hebr.
1212 3830 1341 3902 etin
1373 3825 1482 3902 _Isa.
1514 3843 1561 3902 c.
1593 3842 1727 3902 _XXIK
1754 3836 1800 3880 et
1832 3825 2104 3902 in_Ezech_.
2130 3843 2244 3902 cap.

665 3896 723 3971 ιί)
760 3902 885 3969 legit
916 3910 967 3971 et
998 3902 1225 3971 esponit
1258 3898 1388 3952 illud
1420 3898 1608 3971 psalmi
1643 3913 1809 3971 xxxix
1837 3915 1849 3949 :
1885 3896 1950 3950 In
1978 3900 2147 3962 capite
2172 3898 2249 3971 vel

663 3966 716 4025 in
743 3966 972 4035 capitulo
993 3971 1110 4023 libri
1130 3970 1374 4035 scriptum
1394 3966 1467 4021 est
1490 3970 1551 4021 de
1576 3984 1677 4032 me,
1702 3966 1754 4020 id
1776 3977 1880 4032 est,
1907 3970 1955 4020 in
1990 3969 2250 4037 principio

663 4043 936 4098 Geneseos
952 4042 1035 4094 vel
1061 4042 1111 4092 in
1130 4040 1406 4107 Scriptura
1431 4047 1647 4099 sancta,
1677 4053 1796 4105 qua:
1825 4053 1963 4091 unus
1992 4038 2125 4091 liber
2154 4055 2251 4105 ap-

665 4115 917 4183 pellatur.
948 4112 1116 4183 Porro
1147 4110 1432 4183 Dionysius
1462 4108 1565 4183 hoc
1594 4108 1843 4183 loco-pro
1872 4108 2108 4177 capitulo
2156 4124 2249 4177 po-

666 4176 775 4236 suit
807 4197 1017 4235 versum
1049 4176 1519 4247 alicujus'psalmi,
1552 4191 1657 4245 quo
1692 4176 1905 4230 videtur
1936 4176 2252 4246 quemcum-

667 4267 771 4320 que
801 4266 1015 4304 versum
1056 4250 1346 4318 cujuslibet
1373 4248 1567 4317 psalmi
1603 4247 1922 4317 intelligere.
1960 4249 2111 4315 Quod
2152 4266 2249 4307 nec

672 4322 829 4376 velim
855 4320 1178 4389 improbare.

744 4403 766 4430 ο
800 4387 946 4443 lianc
975 4390 1172 4443 mentis
1220 4387 1626 4443 instabilitatem
1673 4398 1726 4442 et
1773 4389 2142 4458 evagationem
2195 4393 2248 4447 in

673 4461 918 4516 oratione
944 4460 1193 4528 deplorat
1222 4461 1379 4513 etiam
1436 4459 1497 4531 ι).
1536 4459 1897 4530 llierouymus
1929 4460 1981 4514 in
2032 4460 2250 4531 Dialogo

668 4534 928 4623 adversus
952 4531 1346 4612 Luciferianos,
1373 4530 1519 4623 velut
1541 4544 1824 4623 perso‘uam
1855 4530 2131 4613 hominum
2276 4564 2327 4623 Ι)

669 4606 983 4659 devotorum
1018 4604 1070 4655 in
1118 4616 1175 4655 se
1205 4607 1600 4669 reprtesentaus
1633 4618 1645 4654 :
1680 4600 1761 4653 Ad
1810 4602 2090 4655 orationem
2116 4645 2129 4667 ,
2164 4604 2248 4657 in-

669 4678 805 4744 quit,
835 4674 1021 4726 assisto
1042 4689 1059 4738 ;
1081 4687 1182 4725 non
1211 4688 1411 4726 orarem
1441 4672 1618 4744 si_non
1649 4673 1933 4744 crederem;
1964 4674 2052 4725 sed
2078 4676 2118 4726 si
2140 4690 2251 4729 vere

669 4741 943 4806 crederem,
994 4743 1126 4796 illud
1176 4760 1284 4807 cor,
1324 4758 1427 4813 quo
1474 4741 1613 4795 Deus
1656 4743 1877 4806 videtur,
1928 4745 2249 4808 mandarem,

670 4816 906 4870 manibus
953 4814 1219 4867 tunderem
1270 4822 1477 4885 pectus,
1521 4829 1678 4886 genas
1728 4814 1969 4886 lacrymis
2008 4815 2251 4886 rigarent,

670 4902 885 4954 corpore
909 4886 1304 4939 inltorrescerem
1324 4924 1337 4949 ,
1370 4900 1455 4937 ore
1483 4884 1727 4955 pollerent
1747 4928 1760 4947 ,
1788 4885 2009 4948 iacerem
2038 4884 2106 4938 ad
2140 4885 2250 4939 Do-

670 4960 793 5011 mini
824 4958 924 5009 mei
952 4956 1128 5023 pedes,
1155 4971 1339 5024 eosque
1363 4957 1489 5023 ﬂetu
1520 4957 1899 5024 perfunderem,
1933 4957 2071 5008 crine
2092 4966 2255 5027 terge-

670 5046 799 5094 rem,
827 5028 1067 5081 haererem
1089 5036 1222 5081 certo
1249 5037 1428 5079 trunco
1450 5027 1636 5093 crucis,
1658 5042 1752 5097 nec
1773 5028 1916 5097 prius
1946 5028 2249 5094 amitterem,

669 5116 821 5169 quant
846 5098 1250 5153 misericordiam
1271 5098 1618 5169 impetrarem.
1642 5096 1689 5149 Ν
1699 5096 1793 5149 unc
1814 5114 1931 5150 vero
1957 5097 2254 5169 creberrime

669 5174 721 5222 in
753 5172 979 5223 oratione
1007 5185 1121 5221 mea
1149 5186 1235 5237 per
1265 5168 1494 5235 porticus
1522 5168 1794 5220 deambula
1814 5210 1827 5227 .
1860 5178 1946 5221 unt
1991 5168 2053 5218 de
2083 5173 2255 5237 fenore

669 5252 930 5305 computo,
979 5249 1066 5293 aut
1105 5239 1354 5291 abductus
1385 5239 1529 5305 turpi
1568 5239 1894 5309 cogitatione,
1946 5239 2096 5292 etiam
2142 5255 2257 5309 quis

669 5314 820 5364 dictis
858 5311 1204 5363 erubescenda
1244 5316 1362 5361 sunt
1406 5324 1547 5378 gero.
1585 5307 1683 5362 Ubi
1722 5318 1796 5361 est
1836 5310 2013 5378 ﬁdes?
2056 5307 2257 5363 Siccine

670 5394 912 5451 putamus
936 5397 1109 5433 orasse
1131 5379 1361 5437 Jonam?
1389 5379 1477 5433 Sic
1498 5387 1597 5432 tres
1622 5382 1842 5451 pueros?
1868 5382 1954 5451 Sic
1986 5379 2257 5451 particlem

670 5456 803 5505 inter
826 5450 1059 5504 Leones?
1088 5452 1177 5506 Sic
1206 5453 1457 5503 latronem
1484 5452 1535 5503 in
1567 5450 1752 5504 cruce?
1792 5452 1865 5506 Ita
1899 5450 1954 5504 S.
1990 5450 2253 5519 llierouy-

673 5539 809 5575 ltItlS.
858 5522 969 5576 lloc
999 5525 1171 5590 ipsum
1200 5530 1461 5587 expertus
1503 5522 1661 5574 etiam
1690 5532 1771 5575 est
1799 5524 1854 5576 S.
1889 5521 2151 5583 Hilarioa,
2189 5522 2257 5576 de

670 5610 774 5659 quo
808 5593 949 5646 idem
985 5593 1044 5645 D.
1082 5594 1436 5657 Hieronymus
1461 5590 1560 5661 (In
1596 5592 1713 5645 Vita
1746 5592 2042 5661 Hilarion.)
2074 5608 2088 5645 :
2125 5592 2257 5645 Ora-

672 5663 778 5725 ltat,
809 5664 1015 5733 inquit,
1057 5664 1213 5716 semel
1234 5663 1344 5733 ﬁxo
1377 5662 1642 5733 interram
1674 5666 1859 5733 capite,
1892 5673 1938 5715 et
1984 5672 2039 5714 ut
2070 5673 2257 5717 natura

675 5734 770 5796 fert
798 5732 1061 5782 hominum
1080 5772 1094 5796 ,
1140 5732 1363 5802 abducta
1391 5732 1456 5802 ab
1495 5732 1741 5785 oratione
1772 5750 1909 5785 mens
1939 5734 2107 5787 nescio
2134 5735 2257 5802 quid

673 5802 819 5876 aliud
857 5802 1128 5876 cogitabat.
1180 5800 1381 5876 Insilit't
1418 5800 1570 5876 dorso
1616 5805 1728 5876 ejus
1778 5804 1989 5871 festinus
2019 5800 2258 5876 agitator

677 5866 999 5941 (diabolus)
1027 5879 1072 5921 et
1110 5871 1270 5923 latera
1299 5868 1548 5935 calcibus,
1576 5866 1821 5925 cervicem
1853 5873 2059 5944 ﬂagello
2072 5866 2259 5931 "uerbe-

2348 3265 2518 3317 batur.
2549 3264 2671 3317 Ilasc
2701 3264 3075 3333 Hieronymus.
3097 3266 3361 3320 Cteterum
3381 3264 3447 3317 de
3476 3268 3789 3333 evagatione
3835 3281 3925 3319 seu

2348 3334 2702 3388 distractione
2730 3337 2923 3389 mentis
2948 3338 2999 3389 iu
3028 3336 3273 3389 oratione
3310 3336 3576 3389 videndus
3618 3336 3702 3389 hic
3728 3335 3927 3399 Turre-

2348 3406 2744 3474 crematus,qui
2768 3406 2865 3458 hac
2891 3406 2957 3459 de
2986 3422 3047 3461 re
3068 3405 3198 3459 satis
3220 3406 3439 3470 copiose
3464 3406 3677 3460 disserit
3697 3415 3929 3459 tractatu

2349 3476 2412 3529 77
2446 3477 2494 3528 in
2520 3475 2776 3545 Regulam
2805 3476 2866 3529 D.
2896 3478 3194 3537 Benedicti.
3220 3476 3313 3528 ubi
3338 3478 3453 3529 base
3479 3477 3621 3529 inter
3647 3478 3787 3530 alia:
3826 3478 3934 3529 No-

2349 3548 2568 3600 tandum
2592 3547 2732 3613 quod
2762 3562 2883 3599 cum
2907 3562 3001 3601 eor
3021 3548 3391 3615 evagationem
3421 3547 3620 3611 p’ttitur
3647 3551 3695 3599 in
3724 3551 3933 3602 oratio-

2349 3618 2525 3675 nibus.
2558 3618 2845 3686 aliquando
2876 3620 3065 3672 accidit
3093 3634 3163 3672 ex
3197 3618 3512 3671 infirmitate
3545 3621 3797 3680 humana,
3826 3620 3932 3673 ali-

2349 3688 2565 3757 quando
2583 3704 2647 3741 ex
2676 3688 3018 3757 negligentia,
3045 3688 3331 3757 aliQuando
3358 3702 3423 3740 ex
3456 3688 3748 3755 proposito.
3776 3688 3937 3742 Licet

2348 3770 2525 3813 autem
2560 3770 2725 3813 totum
2751 3761 2818 3813 sit
2848 3758 3295 3826 reprehensibile,
3315 3766 3493 3811 tamen
3519 3761 3733 3813 tertium
3758 3762 3934 3829 magis

2349 3846 2509 3892 quam
2540 3829 2862 3891 secundum,
2899 3839 2954 3883 et
2978 3830 3268 3884 seetindum
3296 3832 3465 3899 magis
3489 3845 3648 3899 quam
3674 3832 3935 3897 primum.

2350 3900 2478 3954 Item
2504 3910 2625 3954 sunt
2651 3901 2894 3969 qumdam
2920 3902 3271 3971 cogitationes
3302 3898 3371 3971 de
3390 3898 3708 3968 quibusdam
3740 3916 3937 3955 neces-

2350 3971 2527 4034 sariis,
2553 3974 2691 4026 sicut
2717 3986 2835 4023 curn
2868 3972 3126 4025 incumbit
3156 3970 3313 4023 alicui
3345 3970 3412 4022 de
3444 3987 3549 4037 quo
3572 3979 3785 4039 oportet
3807 3987 3936 4027 eum

2350 4042 2608 4107 cogitare.
2661 4041 2737 4095 De
2771 4042 2963 4109 quibus
3010 4042 3239 4095 habetur
3288 4040 3535 4107 Sapient.
3571 4059 3619 4095 ix
3657 4059 3667 4092 :
3706 4040 3943 4096 Terrena

2350 4114 2596 4181 cogitatio
2621 4113 2856 4179 deprimit
2876 4130 3081 4166 sensum
3111 4114 3268 4163 multa
3288 4112 3614 4233 cogitantem.
3646 4112 3777 4165 Alizc
3807 4126 3945 4166 sunt

2354 4185 2620 4233 vanitatis.
2654 4184 2721 4233 de
2749 4184 2938 4233 ιιιιιιιιις
2972 4182 3250 4233 Psalmista
3284 4200 3297 4233 :
3382 4185 3585 4233 ominus
3611 4183 3702 4233 scit
3735 4188 3942 4233 com‘m-

2354 4185 2620 4255 vanitatis,
2654 4184 2721 4235 de
2749 4184 2938 4250 quibus
2972 4182 3250 4255 Psalmista
3284 4200 3297 4235 :
3330 4182 3585 4236 Dominus
3611 4183 3702 4236 scit
3735 4188 3942 4255 cogita-

2351 4254 2511 4307 tiones
2542 4256 2822 4315 hominum,
2843 4254 3084 4319 qnoniam
3106 4268 3250 4305 vana:
3274 4263 3411 4305 sunt.
3432 4255 3565 4308 Alia:
3586 4264 3709 4307 sunt
3741 4254 3943 4317 iniqui—

2354 4324 2497 4387 tatis,
2544 4327 2669 4392 Sap.
2702 4341 2714 4377 ι
2750 4342 2762 4376 :
2811 4323 3073 4377 Perversw
3104 4325 3435 4392 cogitationes
3465 4335 3713 4389 separant
3743 4342 3775 4375 a
3805 4324 3939 4379 Deo.

2354 4394 2407 4448 In
2440 4397 2779 4448 orationibus
2818 4396 3116 4449 cavendum
3147 4407 3230 4448 est
3277 4411 3303 4446 ιι
3357 4394 3572 4461 primis;
3625 4396 3718 4447 sed
3754 4396 3880 4462 plus
3911 4416 3935 4448 ιι

2353 4466 2626 4528 secundis,
2658 4466 2775 4534 plus
2806 4480 2833 4516 a
2865 4465 3059 4519 tertiis.
3108 4466 3239 4519 item
3282 4465 3515 4534 quaedam
3567 4465 3942 4531 cogitationes

2355 4538 2599 4589 oriuntur
2614 4553 2677 4589 ex
2701 4537 3035 4590 immissione
3061 4536 3391 4596 dtemouum;
3415 4534 3657 4606 quaedam
3681 4549 3749 4587 ex
3775 4538 3939 4606 culpa

2359 4607 2702 4674 mtuet-denti,
2732 4618 2787 4659 ιιι
2816 4622 2936 4659 cum
2969 4607 3089 4676 quis
3117 4617 3241 4660 ante
3272 4608 3562 4658 orationem
3594 4604 3734 4659 adeo
3768 4604 3937 4674 vagus

2353 4686 2457 4737 est,
2490 4680 2630 4745 quod
2672 4678 2765 4730 illa
2805 4680 3094 4733 occasione
3135 4690 3421 4731 occurrant
3449 4679 3496 4730 ei
3530 4678 3764 4741 orando,
3800 4684 3940 4731 sicut

2353 4758 2405 4801 et
2435 4749 2754 4801 somniando
2782 4764 2901 4815 qua:
2934 4764 3054 4802 eum
3076 4748 3398 4817 impediunt;
3426 4747 3673 4813 qumdam
3698 4764 3761 4801 ex
3784 4750 3940 4817 culpa

2354 4821 2623 4886 praesenti.
2653 4830 2707 4871 ut
2729 4834 2847 4872 cum
2880 4819 3109 4874 dicendo
3139 4818 3375 4872 divinum
3406 4817 3669 4882 ofﬁcium,
3692 4834 3753 4874 se
3782 4834 3939 4872 occu-

2358 4900 2444 4955 pat
2470 4892 2518 4941 in
2538 4890 2674 4943 aliis.
2703 4888 2937 4942 Primum
2967 4891 3185 4949 malum.
3206 4888 3497 4941 secundum
3526 4890 3700 4957 pejus,
3718 4892 3940 4943 tertium

2356 4958 2670 5027 pessimum.
2706 4960 2832 5013 Item
2870 4962 3078 5015 orando
3113 4968 3404 5013 oecurrunt
3453 4962 3701 5027 qumdam
3735 4963 3942 5029 COgita-

2358 5032 2529 5083 tiuues
2565 5031 2726 5084 utiles
2753 5039 2808 5084 et
2848 5032 2913 5083 de
2965 5030 3355 5096 pertinentibus
3407 5031 3471 5081 ad
3502 5031 3831 5093 orationem,
3888 5044 3941 5083 ut

2355 5117 2475 5153 cum
2503 5106 2789 5155 occasione
2812 5102 3036 5169 alicujus
3062 5100 3207 5155 verbi
3234 5103 3569 5153 occurrentis
3595 5101 3646 5154 in
3668 5102 3943 5157 oratione.

2356 5171 2550 5238 cogitat
2574 5173 2696 5238 quis
2727 5172 2927 5238 aliquid
2959 5174 3087 5225 utile
3129 5171 3193 5223 ad
3244 5169 3549 5223 faciendum
3582 5187 3899 5226 sermonem
3926 5213 3938 5233 ,

2356 5245 2436 5294 vel
2468 5242 2531 5293 ad
2578 5243 2878 5295 orationem
2930 5241 3348 5303 conficiendam;
3382 5241 3703 5310 quandoque
3742 5257 3937 5295 oecur-

2358 5322 2480 5382 runt
2506 5314 2687 5379 utiles,
2718 5313 2812 5367 sed
2836 5314 2902 5366 de
2928 5313 3424 5382 impertineutibus;
3450 5316 3774 5381 quandoque
3800 5328 3941 5381 qum

2357 5380 2477 5435 dam
2508 5384 2913 5452 impertineutes
2940 5380 3259 5447 etinutiles,
3294 5384 3459 5435 immo
3489 5380 3829 5450 quandoque
3846 5398 3941 5435 no-

2358 5454 2511 5505 (ιιι-αξ.
2540 5454 2724 5506 Primae
2754 5455 2952 5509 habent
2980 5456 3207 5516 aliquam
3232 5454 3658 5519 excusationem,
3686 5454 3939 5507 secundm

2359 5526 2618 5577 minorem
2644 5564 2657 5583 .
2710 5529 2881 5577 tertia}
2908 5528 3201 5578 minimam.
3236 5523 3542 5577 Secundum
3581 5538 3710 5593 ergo
3736 5537 3936 5593 pra-ce-

2359 5594 2549 5675 dentes
2597 5593 2926 5675 differentias
2958 5596 3399 5675 cogitationum,
3459 5606 3642 5675 potest
3690 5593 3931 5651 adverti.

2358 5665 2574 5733 quando
2598 5668 2716 5732 plus
2746 5665 2907 5720 debet
2934 5667 3124 5733 timere
3141 5665 3262 5732 quis
3290 5665 3639 5719 conscientiae
3664 5681 3797 5727 sum,
3821 5679 3934 5717 cum

2360 5737 2558 5803 patitur
2586 5736 2952 5803 evagationem
3000 5734 3387 5803 cogitationum
3445 5737 3497 5789 in
3540 5737 3772 5789 orando.
3821 5735 3935 5787 Ilzrc

2361 5806 2829 5859 'l‘urrecrematus.
2863 5808 3055 5860 Subdit
3083 5807 3275 5858 deinde
3321 5806 3538 5859 salubre
3582 5807 3840 5859 monitum
3874 5804 3936 5857 D.

2363 5874 2624 5929 Beruardi
2655 5878 2674 5948 ζ
2700 5876 2871 5931 Serm.
2914 5878 2981 5932 Π
3026 5877 3075 5929 in
3107 5877 3256 5929 Cant.
3281 5874 3333 5947 ),
3373 5879 3560 5930 eodem
3607 5885 3857 5948 spectans
3884 5876 3940 5937 in
