4054 6186
646 324 755 385 διδ

1683 315 1984 389 [JOANNIS
2025 316 2335 374 CASSIANI
2374 317 2872 375 COLLATIONES.

3826 310 3925 383 844

648 456 885 514 namque
914 449 1053 506 orat,
1086 437 1329 510 quisquis
1359 437 1453 492 illo
1484 443 1693 490 tantum
1724 444 1990 507 tempore,
2021 452 2128 507 quo
2156 452 2245 507 ge-
2278 437 2317 495 Α
2350 434 2669 504 eipientibus
2695 430 3360 497 tradideratrelinendam,
3390 429 3723 488 admirantes
3750 432 3925 494 admo-
3976 444 3977 447 ‘

647 521 1096 597 nua-ﬂectuntur,
1120 546 1276 586 orare
1297 527 1594 585 consuevit.
1621 527 1917 598 Numquam
1947 543 2080 583 vero
2101 538 2241 591 orat,

649 630 896 702 quisquis
924 628 1085 683 etiam
1111 624 1267 679 ﬂexis
1293 624 1522 693 genibus
1553 624 1873 691 evagatione
1902 624 2082 677 cordis
2113 636 2244 690 qua-

648 720 924 787 licumque
952 716 1297 772 distrahitur.
1328 716 1396 770 Et
1440 715 1646 770 idcirco
1689 716 1874 783 quales
1904 724 2122 769 orantes
2153 731 2244 771 vo-

647 812 828 866 lumus
856 809 1113 875 inveniri,
1139 810 1274 864 tales
1306 822 1405 864 nos
1452 823 1575 863 esse
1617 817 1831 879 oportet
1860 817 1984 863 ante
2034 817 2244 877 tempus

649 900 864 955 orandi.
892 898 1126 955 Necesse
1150 908 1234 955 est
1262 901 1406 955 enim
1436 908 1671 955 mentem
1692 901 1744 955 in
1767 910 2011 971 tempore
2040 900 2245 970 suppli-

649 993 881 1049 Cationis
923 1009 1036 1049 sua:
1076 994 1142 1050 de
1191 1002 1335 1049 statu
1369 993 1707 1063 przecedeute
1738 994 1999 1060 formari,
2033 994 2247 1065 illisque

650 1100 771 1142 eam
799 1086 1214 1157 cogitationibus
1243 1097 1515 1156 orantem,
1548 1088 1632 1143 vel
1679 1086 1745 1143 ad
1797 1087 2040 1145 coelestia
2081 1087 2249 1143 subli-

649 1179 814 1244 mari,
849 1180 933 1235 vel
956 1178 1022 1233 ad
1052 1188 1265 1235 terrena
1292 1180 1556 1250 demergi,
1582 1180 1777 1251 quibus
1800 1191 1923 1236 ante
1950 1181 2247 1237 orationem

650 1271 817 1327 fuerit
845 1271 1151 1327 immorata.
1180 1270 1295 1328 Huc
1322 1288 1491 1343 usque
1513 1273 1681 1327 abbas
1713 1272 1859 1328 Isaac
1885 1276 2128 1329 attonitis
2153 1290 2251 1331 no-

652 1364 742 1419 bis
786 1365 1075 1421 secundam
1105 1366 1449 1422 collationem
1488 1366 1555 1421 de
1584 1367 1847 1422 orationis
1876 1368 2135 1438 qualitate
2164 1367 2247 1422 di-

652 1460 842 1529 gessit.
868 1460 1031 1528 Cujus
1054 1458 1355 1515 doctrinam
1384 1473 1547 1529 super
1571 1468 1597 1496 '|
1630 1459 1775 1513 illius
1805 1459 2043 1529 praedicti
2074 1459 2249 1514 versi-

653 1550 763 1607 culi
808 1550 1180 1617 meditatione,
1213 1566 1373 1622 quam
1407 1551 1555 1607 velut
1582 1551 1977 1607 informationis
2014 1551 2137 1607 loco
2169 1551 2249 1606 in-

2347 528 2495 594 dum,
2520 536 2574 581 et
2599 526 2857 581 excolere
2881 526 3226 581 tenacissime
3247 526 3545 593 cupientes,
3571 532 3756 591 utpote
3778 545 3920 598 quam

2348 621 2786 690 compendiosam
2825 628 2883 675 ac
2916 621 3124 676 facilem
3166 618 3544 683 credebantus,
3572 619 3921 678 difficiliorem

2346 714 2478 769 satis
2507 714 2571 767 ad
2596 706 2995 767 observandum
3019 712 3223 781 experti
3252 722 3460 777 sumus,
3487 724 3645 779 quam
3672 713 3798 767 illud
3824 725 3923 768 stu-

2348 806 2495 861 dium
2522 814 2761 861 nostrum
2791 822 2897 877 quo
2937 804 3249 861 solebamus
3277 814 3436 859 antea
3478 812 3577 875 per
3603 820 3764 862 omne
3793 807 3925 864 Scri-

2350 908 2631 969 pturarum
2655 912 2850 969 curpus
2878 898 3079 969 absque
3095 897 3256 952 ullius
3276 898 3693 967 perseverantia:
3719 901 3921 959 vinculo

2352 980 2500 1047 varia
2534 993 2730 1063 passim
2780 990 3131 1047 meditatione
3157 990 3482 1047 discurrere.
3515 992 3741 1050 Constat
3781 997 3925 1067 igitur

2354 1089 2624 1143 neminem
2661 1100 2883 1157 prorsus
2908 1088 2977 1142 nb
3020 1084 3342 1155 imperitiam
3377 1086 3674 1142 litterarum
3703 1102 3731 1143 a
3763 1092 3926 1160 perfe-

2354 1182 2533 1235 ctione
2561 1178 2741 1233 cordis
2763 1176 2998 1241 excludi,
3032 1192 3130 1232 nec
3158 1177 3516 1232 rusticitatem
3540 1179 3733 1237 obesse
3766 1183 3832 1238 ad
3859 1199 3927 1240 ca-

2359 1272 2676 1344 pessendam
2710 1270 2886 1326 cordis
2904 1279 3067 1339 atque
3091 1270 3283 1324 anima:
3306 1272 3619 1339 puritatem,
3649 1290 3768 1343 quae
3796 1286 3930 1333 com-

2356 1364 2775 1436 pendiosissime
2803 1363 3010 1433 adjacet
3050 1362 3277 1430 cunctis,
3304 1362 3348 1415 si
3373 1363 3533 1418 modo
3564 1379 3749 1422 Sanam
3781 1376 3833 1423 et
3861 1371 3928 1425 in-

2359 1468 2563 1529 tegram
2609 1459 2806 1513 mentis
2835 1458 3184 1513 intentionem
3216 1454 3331 1528 jugi
3367 1457 3432 1512 ad
3474 1452 3642 1515 Deum
3695 1463 3931 1520 versiculi

2358 1550 2517 1621 hujus
2544 1551 2894 1606 meditatione
2925 1549 3278 1605 servaverint.

1732 1664 1992 1721 ALARDI
2030 1664 2259 1721 GAZASI
2297 1665 2857 1723 COMMENTARIUS.

652 1756 892 1828 pulsare,
918 1757 1111 1812 iterum
1144 1766 1311 1826 atque
1344 1758 1538 1811 iterum
1568 1773 1726 1814 orare
1754 1774 1816 1812 ac
1838 1768 2044 1829 petere,
2069 1758 2243 1815 donec

652 1829 841 1900 saltem
871 1839 1079 1900 propter
1094 1829 1489 1897 improbitatem,
1525 1830 1575 1882 id
1607 1839 1722 1895 est,
1758 1830 2239 1900 importunitatem,

651 1898 1025 1970 obtineamus,
1077 1901 1121 1952 si
1154 1900 1307 1953 nobis
1336 1901 1604 1970 expediat.
1658 1901 1710 1954 Id
1743 1903 1886 1955 enim
1918 1904 2136 1970 proprie
2167 1898 2244 1956 si-

2352 1759 2520 1837 horis_,
2561 1761 3026 1837 scdnqttacutnque
3068 1759 3243 1837 oblata
3284 1759 3575 1818 occasione
3609 1770 3721 1819 tum
3752 1779 3932 1837 noctu,

2354 1842 2464 1885 tum
2495 1832 2729 1885 interdiu
2757 1831 2983 1885 orationi
3019 1830 3336 1884 vacandum.

2425 1911 2449 1937 °
2473 1903 2674 1963 Nempe
2712 1920 2724 1953 :
2759 1902 2920 1965 Deus,
2954 1903 3005 1954 in
3036 1902 3355 1963 adiutorium:
3384 1920 3549 1958 meum
3580 1904 3805 1967 intende,
3833 1912 3936 1960 etc.

652 1964 909 2038 gniﬁca‘nt
936 1964 1041 2045 illa:
1072 1972 1343 2045 paralmlze
1386 1964 1453 2025 de
1486 1972 1642 2023 vidua
1678 1964 2078 2042 inStante'apud
2105 1974 2247 2041 judi-
2279 1978 2322 2032 Β
2352 1974 2424 2029 De
2452 1976 2607 2038 cujus
2636 1972 2873 2045 efﬁcacia
2904 1964 2957 2027 et
2988 1972 3269 2045 multiplici
3301 1991 3398 2028 usu
3429 1992 3491 2030 ac
3516 1978 3749 2031 utilitate
3782 1964 3939 2045 supeo

653 2054 815 2107 cem,
848 2050 904 2097 et
947 2043 1017 2097 de
1064 2044 1237 2096 amico
1282 2044 1351 2096 im
1384 2050 1585 2113 ortune
1627 2052 1842 2109 petente
1890 2054 1997 2097 tres
2049 2060 2244 2113 panes;

653 2124 884 2182 quorum
916 2115 1168 2185 exemplo
1198 2113 1386 2171 docuit
1413 2112 1663 2169 ChriStus
1707 2127 1815 2169 non
1864 2112 2057 2170 solum
2084 2117 2249 2170 certis

2355 2046 2466 2099 rius
2485 2046 2771 2118 t'tisissiitte
2802 2043 3060 2100 disseruit
3092 2042 3178 2099 hic
3208 2048 3539 2103 anachoreta
3575 2047 3715 2118 (cap.
3749 2046 3814 2101 10
3840 2042 3939 2101 liu-

2347 2118 2440 2189 jus
2471 2114 2711 2185 σοαπ).

674 2259 3930 2313 W

3706 2295 3927 2316 ὴ

1403 2389 2214 2513 manuus
2293 2396 3195 2550 cassum,

1814 2590 2153 2659 ABBATIS
2220 2597 2787 2677 MASSILIENSIS,

1058 2748 2795 2932 COLLATIONUM
2923 2764 3523 2928 XXIV

1962 3024 2635 3117 'COLLECTIO

1769 3183 1840 3239 JN
1883 3181 2090 3248 ’ΥΒ-ΕΞ
2136 3188 2468 3241 PARTES
2511 3191 2829 3248 DIVISA.

1658 3478 2056 3587 PARS
2176 3482 2939 3634 SECUNDA,

2118 3698 2491 3747 COMPLBCTENS

656 3804 971 3884 SEPTEM
1014 3802 1244 3879 ALIAS
1283 3802 1839 3888 COLLATIONES
1876 3866 1895 3902 ,
1954 3826 2283 3893 PATRUM
2322 3832 2404 3895 IN
2450 3834 2857 3898 THEBAIDE
2906 3831 3224 3898 JEGYPTI
3262 3828 3966 3912 CONSISTENTIUM.

1970 4090 2648 4267 ἦβτεκὶειιίο.

1576 4325 1664 4379 ΑΙ)
1697 4324 2095 4379 ΗΟΝΟΒΑΤΟΜ
2130 4329 2487 4385 ΕῘἾΞΟΟΡΠΜ
2522 4335 2603 4387 ΕΤ
2636 4335 3027 4393 EUCHERIUM.

738 4444 871 4515 Cum
902 4457 1160 4513 virtutem
1192 4453 1549 4525 perfectionis
1579 4468 1807 4528 vestrae,
1839 4477 1943 4532 qua
1968 4463 2113 4519 velut
2142 4480 2255 4521 ma-

671 4564 778 4624 gua
830 4550 1074 4621 quaedam
1128 4549 1412 4606 luminaria
1468 4552 1522 4607 iu
1573 4552 1676 4609 hoc
1717 4556 1918 4611 mundo
1948 4557 2255 4618 admirabili

670 4647 917 4704 claritate
956 4645 1194 4717 fulgetis,
1240 4644 1395 4701 multi
1438 4658 1745 4703 sanctormu
1790 4650 1881 4720 qui
1913 4660 2095 4709 vestro
2130 4671 2253 4711 eru-

2357 4468 2578 4525 diuntur
2614 4474 2873 4543 exemplo
2920 4476 3008 4530 vix
3059 4483 3263 4546 queant
3300 4477 3564 4546 aemulari,
3604 4485 3786 4539 tamen
3820 4498 3954 4554 vos,

2360 4572 2385 4601 η
2409 4580 2440 4620 o
2466 4569 2636 4625 sancti
2668 4570 2883 4637 fratres,
2898 4571 3174 4628 Ilonorate
3198 4581 3252 4626 et
3282 4571 3541 4642 Eucheri,
3559 4581 3703 4631 tanta
3722 4576 3953 4635 illorum

2356 4661 2665 4719 sublimium
2695 4665 2955 4735 virorum,
3006 4682 3036 4723 a
3065 4666 3262 4737 quibus
3322 4668 3495 4739 prima
3549 4671 3956 4729 anachoreseos

1738 4765 1995 4823 ALARDI
2034 4769 2265 4827 GAZ/El
2304 4773 2867 4837 COMMENTARIUS.

748 4862 774 4898 α
801 4844 936 4915 ’i’res
959 4844 1305 4911 e'ollationum
1356 4854 1571 4912 ordines
1618 4856 1735 4913 sive
1782 4858 1984 4914 classes
2017 4862 2251 4919 instituit

672 4926 981 4989 Cassianus,
1008 4940 1063 4982 ut
1095 4928 1226 5004 alias
1254 4926 1453 5004 dictum
1484 4938 1568 5004 est
1592 4928 1689 5000 (In
1721 4932 1741 4985 1
1772 4932 1977 5001 prazfat.
2009 4934 2181 4988 collat.
2205 4936 2245 5004 ),

672 5014 726 5059 et
778 5004 1061 5068 unicuique
1111 5000 1267 5053 classi
1326 5002 1599 5069 propriam
1657 5000 2053 5070 praai'atiouem,
2101 5000 2251 5061 velut

672 5074 974 5129 liminarem
1028 5081 1083 5126 et
1133 5074 1580 5138 nuncupatorintn
1640 5073 1922 5138 CDileiillll
1996 5080 2247 5143 praeﬁxit.

671 5146 802 5201 Post
835 5145 1060 5213 primam
1111 5144 1290 5213 itaque
1342 5143 1569 5213 classem
1620 5143 1865 5198 llelladio
1917 5155 1973 5201 et
2020 5147 2249 5205 Leontio

672 5212 927 5283 dicatam,
961 5230 1097 5270 nova
1128 5212 1234 5282 jam
1261 5212 1573 5283 praefatione
1606 5213 1937 5270 [innovatum
1963 5226 2017 5272 et
2041 5219 2249 5277 Euche-

672 5292 838 5356 rium,
871 5289 1018 5341 viros
1050 5294 1266 5357 sanctos
1294 5325 1308 5349 ,
1343 5283 1440 5338 sibi
1475 5296 1629 5339 notos
1657 5301 1717 5339 ac
1752 5288 2068 5357 lamitiares,
2105 5292 2248 5346 salu-

671 5368 772 5424 tat,
820 5354 1003 5428 eisque
1044 5354 1336 5412 secuudam
1373 5358 1635 5429 Aclassent.
1668 5357 1768 5412 hoc
1799 5369 1900 5429 est,
1928 5354 2131 5429 septem
2164 5378 2249 5418 se-

670 5426 1268 5496 quentes'CuIlatiuues
1317 5426 1478 5480 trium
1511 5426 1956 5483 anaclmretartim
1992 5426 2059 5484 ’iu
2104 5433 2245 5490 The-

669 5498 856 5571 baidis
895 5499 1186 5571 solitudine
1235 5496 1592 5571 degentium,
1647 5512 1942 5569 nuneupat.
2022 5504 2248 5571 Quinam

670 5584 803 5647 vero
833 5566 1030 5624 fuerint
1054 5568 1186 5647 Ailli.
1234 5566 1536 5623 Honoratus
1587 5572 1791 5647 scilicet
1832 5566 1881 5625 et
1929 5566 2256 5647 Eucherius;

670 5639 773 5691 etsi
824 5648 971 5694 certu
1015 5639 1284 5692 afﬁrmare
1337 5656 1441 5695 nun
1491 5641 1683 5704 ausim,
1722 5652 1898 5698 tamen
1926 5659 1987 5697 ex
2021 5639 2249 5702 circum3

670 5709 886 5779 stantiis
918 5717 973 5761 et
1004 5707 1405 5779 conditionibus
1449 5710 1535 5764 hic
1578 5716 1850 5779 expressis
1899 5715 2087 5771 videor
2117 5720 2248 5773 milti

670 5769 819 5855 haud
842 5776 1267 5855 improbabiliter
1284 5780 1561 5855 colligere,
1583 5769 1911 5840 liotturatnut
1943 5769 2089 5843 illum

671 5845 938 5926 temporis
964 5845 1276 5927 episcopum
1308 5845 1715 5919 Arelatensem;
1750 5856 2071 5917 Eucherium
2120 5875 2249 5919 vero

2280 4868 2327 4930 C
2360 4870 2595 4959 nondum
2653 4874 2871 4959 quidem
2902 4872 2968 4957 .id
3022 4874 3310 4959 temp'oris_
3335 4876 3657 4959 episc0pum
3687 4918 3703 4942 ,
3727 4887 3963 4959 postea

2361 4950 2535 4994 tamen
2561 4953 2805 4999 creatum
2829 4947 3143 5016 episcopum
3165 4946 3605 5015 Lugdunensem,
3627 4948 3912 5013 designari
3940 4969 3963 5016 ;

2359 5021 2645 5083 utrumque
2683 5017 2861 5071 virum
2912 5028 3198 5079 sanctum,
3241 5020 3694 5087 quemadmodum
3726 5031 3969 5076 sanctos

2358 5098 2452 5138 eos
2482 5091 2721 5141 nominat
2755 5087 3069 5153 Cassianus,
3094 5099 3378 5156 utrumque
3419 5093 3522 5159 ipsi
3553 5090 3812 5146 Cassiano
3859 5107 3971 5145 co-

2356 5165 2620 5230 aetaneum
2641 5173 2691 5212 et
2716 5159 2769 5213 in
2786 5160 2956 5215 Callia
2980 5176 3075 5217 seu
3096 5160 3384 5215 Gallicanis
3407 5162 3646 5230 partibus
3671 5170 3967 5229 agentem,

2356 5228 2764 5301 eoquei‘acilius
2793 5244 3000 5297 nutum,
3026 5247 3138 5301 quo
3168 5228 3425 5286 vicinum.
3455 5235 3583 5286 Nam
3614 5228 3967 5287 Eucherium
4052 5254 4054 5263 ι

2355 5312 2504 5372 certe
2535 5300 2634 5355 huc
2667 5300 3072 5372 tempore,cum
3104 5305 3198 5357 has
3229 5303 3279 5357 ei
3303 5304 3623 5359 collationes
3646 5303 3962 5358 Cassianus

2357 5368 2655 5445 dedicaret,
2689 5368 2926 5429 nondum
2951 5373 3231 5445 exstitisse
3256 5375 3598 5445 episcopum,
3628 5377 3761 5429 satis
3784 5376 3954 5429 colli-

2356 5442 2497 5514 gitur
2526 5454 2633 5497 tum
2671 5462 2734 5500 ex
2766 5446 3143 5514 inscriptione,
3178 5444 3266 5499 ubi
3310 5442 3465 5499 solus
3494 5447 3799 5501 Honoratus
3853 5459 3958 5497 no-

2357 5512 2590 5587 minatur
2643 5512 2951 5587 episttopus,
2986 5526 3098 5570 tum
3155 5530 3221 5569 ex
3274 5515 3601 5584 prati‘atione
3650 5516 3701 5569 in
3734 5525 3955 5587 septem

2360 5581 2573 5657 ultimas
2602 5581 2943 5649 cullatiunes,
2981 5587 3070 5641 ubi
3123 5581 3374 5642 similiter
3414 5587 3703 5657 proﬁtetur,
3741 5581 3956 5640 Auctor

2359 5667 2418 5706 se
2449 5654 2545 5708 has
2580 5670 2786 5724 septem
2819 5659 3141 5713 cullationes
3172 5661 3329 5713 beato
3360 5654 3619 5727 episcopo
3669 5656 3954 5712 Honorato

2359 5735 2547 5798 sancto
2588 5745 2798 5798 quoque
2845 5730 3051 5785 famulo
3076 5730 3280 5784 Christi
3332 5730 3606 5790 Eucherio
3635 5728 3950 5783 dedicasse.

2359 5794 2433 5847 De
2466 5794 2741 5870 utrittsQute
2771 5818 2930 5870 porro
2973 5802 3265 5857 sanetitate
3296 5800 3439 5855 nulla
3470 5809 3553 5853 est
3599 5798 3953 5867 ambiguitas,

2359 5879 2479 5923 cum
2511 5868 2665 5929 illius
2690 5868 2951 5933 memoria
2985 5876 3050 5932 17
3093 5872 3397 5941 Februarii,
3424 5870 3585 5940 hujus
3628 5883 3761 5929 vero
3788 5874 3958 5928 sexto
