4048 6198
570 273 671 331 851
1622 265 1905 324 JOANNIS
1942 265 2248 324 CASSIAN!
2284 264 2771 325 COLLATIONES.

570 390 809 463 propior,
831 396 884 445 et
913 385 1122 443 duobus
1146 384 1265 442 aliis
1286 382 1589 457 provectior
1612 392 1756 439 esset
1796 392 1974 439 aetate.
2014 383 2147 439 Nam
2175 390 2230 450 Α

574 500 697 539 eum
732 492 756 519 ιι
789 481 1160 537 centenarium
1190 479 1315 534 vitae
1354 492 1551 533 annum
1584 476 1776 547 spiritu
1807 486 2011 532 tantum
2034 477 2151 533 ala-

575 590 668 629 cer
721 577 1063 637 excessisset,
1107 573 1178 626 ita
1231 570 1451 625 dorsum
1502 569 1618 638 ejus
1670 568 1927 638 temporis
1980 567 2154 624 fuerat

577 675 847 721 vetustate
893 677 1053 734 atque
1096 662 1401 717 orationum
1444 662 1668 732 jugitate
1722 670 2044 726 curvatum,
2098 672 2155 717 ut

576 760 727 830 quasi
762 758 813 811 in
842 760 1155 825 primaevam
1207 753 1461 808 redactus
1514 750 1815 818 infantiam,
1866 751 2157 807 submissis

576 868 637 907 ac
655 851 912 919 protentis
933 856 1235 903 terratenus
1259 846 1507 901 manibus
1530 844 1962 915 progrederetur.
1989 845 2159 914 llujus

576 944 737 1013 igitur
768 949 822 996 et
849 941 1058 995 vultum
1092 940 1392 995 mirabilem
1434 948 1488 993 et
1528 940 1797 994 incessum
1831 940 2032 1009 pariter
2069 938 2156 995 iu-

575 1052 790 1097 tuentes
823 1038 1109 1112 (siquidem
1135 1037 1359 1092 defectis
1378 1035 1822 1105 mortificatisque
1846 1035 1959 1105 jam
1988 1034 2162 1090 omni-

576 1136 677 1191 bus
706 1133 984 1198 membris,
1029 1146 1368 1201 nequaquam
1425 1144 1709 1185 censuram
1743 1130 2027 1199 praeterita:
2079 1128 2164 1182 di-

577 1227 874 1283 strictionis
901 1224 1203 1295 amiserat),
1224 1239 1344 1279 cum
1360 1238 1663 1278 sermonem
1680 1232 1837 1292 atque
1864 1221 2161 1277 doctrinam

578 1322 896 1392 suppliciter
926 1333 1295 1391 posceremus,
1323 1332 1386 1373 ac
1414 1317 1739 1373 desiderium
1766 1325 1975 1371 tantum
2003 1314 2162 1385 spiri-

578 1417 766 1470 talium
816 1414 1210 1468 institutionum
1264 1426 1478 1467 causam
1511 1411 1678 1467 fuisse
1702 1410 1967 1465 adventus
1990 1409 2165 1465 nostri

580 1514 1027 1579 protestaremur,
1066 1505 1304 1575 graviter
1336 1505 1426 1559 ille
1457 1504 1735 1574 suspirans
1766 1520 1778 1556 :
1812 1502 1949 1570 Quid
1992 1501 2162 1567 vobis,

582 1602 678 1671 ait,
714 1614 929 1668 possum
962 1598 1208 1654 conferre
1237 1596 1522 1664 doctrinae,
1551 1613 1673 1652 cum
1715 1595 2055 1651 imbecillitas
2077 1610 2164 1650 se-

2868 380 3099 439 CAPUT
3136 380 3227 439 Vl.
3790 392 3793 393 '

2327 475 2624 548 Propositio
2643 473 2842 530 abbatis
2864 473 3231 548 Cbmemouis.
3257 471 3398 543 Quod
3426 470 3601 529 tribus
3626 468 3817 524 modis

2827 546 2951 601 uitia
2975 548 3268 600 vincantur.

2327 660 2478 716 Tunc
2521 660 2711 716 beatus
2760 658 3122 718 Chmremon:
3150 659 3277 715 Tria
3313 667 3462 726 sunt,
3509 656 3891 728 inquit.qu2

2257 752 2457 809 faciunt
2474 753 2720 808 hctnines
2746 768 2775 806 a
2795 753 2940 807 vitiis
2974 763 3299 821 temperare,
3328 749 3381 805 id
3410 757 3524 813 est,
3561 761 3664 801 aut
3697 758 3888 801 metus

2258 846 2544 917 gehennae,
2576 846 2692 900 sive
2741 844 3087 915 praesentium
3126 844 3327 914 legum,
3370 850 3465 896 aut
3521 856 3661 909 spes
3714 850 3889 909 atque

2261 938 2589 994 desiderium
2622 940 2769 1009 regni
2800 940 3087 997 caelorum.
3119 947 3214 991 aut
3255 935 3477 990 atl'ectus
3515 935 3654 990 boni
3708 936 3887 1003 ipsius

2261 1046 2520 1101 amorque
2550 1031 2827 1086 virtutum.
2874 1030 3007 1083 Nam
3042 1030 3206 1083 timor
3253 1028 3329 1081 ita
3374 1028 3503 1081 mali
3548 1028 3887 1096 contagium

2264 1123 2458 1193 legitur
2486 1122 2759 1179 exsecrari
2783 1140 2795 1174 :
2822 1120 2998 1176 Timor
3020 1120 3231 1174 Domini
3269 1119 3377 1173 odit
3396 1118 3673 1172 ntatitiam
3700 1126 3713 1179 ι
3744 1116 3894 1172 Pro-

2263 1215 2397 1272 verb.
2433 1212 2569 1285 VIII).
2624 1214 2761 1284 Spes
2799 1214 2983 1277 ctiam,
3016 1210 3269 1267 vitiorum
3322 1208 3572 1265 omnium
3629 1208 3894 1265 excludit

2264 1309 2561 1365 incursum.
2594 1306 2716 1362 Non
2735 1308 2877 1363 enim
2909 1307 3204 1377 delinquant
3249 1320 3422 1360 omnes
3451 1306 3544 1375 qui
3566 1314 3787 1375 sperant
3824 1305 3893 1357 in

2266 1416 2381 1456 eum
2406 1398 2581 1473 (Psai.
2616 1397 2828 1469 χχχιιι).
2858 1397 3025 1452 Amor
3046 1412 3260 1468 quoque
3291 1397 3502 1450 ruinam
3532 1411 3648 1450 non
3686 1395 3897 1450 metuit

2268 1506 2608 1567 peceatorum
2634 1534 2650 1560 ,
2679 1493 2807 1563 quia
2843 1502 2863 1531 ο
2896 1490 3138 1546 Charitas
3191 1506 3470 1559 numquam
3499 1489 3645 1545 cadit
3680 1488 3727 1559 (ι
3754 1487 3888 1543 Cor-

2269 1588 2407 1658 xm).
2443 1586 2511 1641 Et
2532 1587 2728 1641 iterum
2769 1602 2781 1637 :
2815 1583 3050 1639 Charitas
3077 1583 3239 1651 operit
3267 1582 3653 1635 multitudinem
3688 1597 3888 1653 pecca-

583 1694 816 1750 nectutis
839 1681 897 1747 ut
925 1693 1158 1761 rigorem
1183 1691 1465 1761 pristinum
1496 1691 1779 1754 relaxavit,
1804 1692 1874 1745 ita
1914 1689 2167 1761 loquendi

2271 1691 2439 1735 torum
2461 1678 2504 1752 (l
2526 1679 2667 1733 Petr.
2690 1676 2787 1749 tv).
2811 1677 2877 1731 Et
2897 1675 3101 1732 idcirco
3119 1676 3306 1732 beatus
3331 1673 3631 1744 Apostolus
3652 1686 3884 1727 onmem

585 1805 799 1863 quoque
828 1787 1029 1842 ademit
1058 1786 1354 1841 fiduciam?
1399 1786 1855 1852 Quemadmodum
1901 1785 2045 1841 enim
2074 1785 2173 1841 do-
2202 1782 2249 1844 Β
2276 1776 2461 1831 salutis
2486 1788 2750 1830 summam
2772 1771 2996 1826 istarum
3026 1771 3188 1824 trium
3223 1769 3486 1823 virtutum
3522 1780 3883 1821 consumma-

587 1900 712 1940 cere
739 1895 1082 1950 praesumam,
1114 1880 1256 1951 quod
1302 1880 1417 1949 ipse
1456 1895 1562 1934 non
1593 1880 1772 1944 facio;
1798 1888 1889 1934 aut
1927 1880 2092 1933 altum
2115 1879 2169 1934 in

589 1991 655 2033 eo
686 1976 971 2036 instruam,
1006 1972 1147 2043 quod
1177 1987 1264 2027 me
1289 1970 1398 2042 jam
1427 1971 1605 2026 minus
1645 1972 1727 2025 vel
1764 1971 1995 2039 tepidius
2015 1984 2174 2026 exer-

590 2083 717 2125 cere
745 2080 1017 2137 cognosco
1042 2065 1166 2121 ?Ob
1187 2080 1347 2136 quam
1378 2079 1491 2120 rem
1520 2064 1725 2119 nullum
1750 2064 2019 2133 juniorem
2043 2063 2175 2117 mihi

591 2162 646 2217 in
679 2160 817 2213 hanc
850 2172 1022 2228 usque
1052 2165 1267 2213 aetatem
1291 2156 1605 2212 cohabitare
1629 2156 1869 2225 permisi,
1899 2170 1970 2210 ne
1995 2169 2178 2210 exem-

592 2256 684 2327 plo
710 2268 832 2309 meo
854 2253 1079 2309 alterius
1101 2252 1364 2308 districtio
1389 2252 1688 2306 laxaretur.
1710 2249 2008 2319 Numquam
2032 2248 2175 2303 enim

594 2349 700 2406 erit
725 2347 915 2404 efﬁcax
961 2346 1291 2403 instituentis
1325 2344 1640 2413 auctoritas,
1676 2344 1775 2399 nisi
1826 2356 1946 2399 eam
1984 2340 2178 2397 eil‘ectu

596 2443 779 2513 operis
807 2441 887 2497 sui
919 2439 1069 2496 cordi
1093 2439 1328 2495 aliixerit
1357 2438 1644 2493 audientis.

1220 2527 1447 2583 CAPUT
1488 2526 1555 2582 ν.

668 2626 750 2680 De
777 2623 1109 2694 responsione
1139 2628 1315 2675 nostra
1353 2628 1530 2674 contra
1567 2619 1946 2675 excusationem
1974 2622 2110 2692 ejus.

658 2716 739 2773 Ad
765 2719 879 2770 ha-c
899 2729 995 2769 nos
1017 2728 1122 2769 non
1145 2711 1401 2768 mediocri
1422 2710 1739 2766 confusione
1754 2713 2084 2782 compuncti,
2116 2711 2185 2765 ita

602 2806 1018 2879 respondimus:
1064 2804 1218 2860 Licet
1245 2802 1494 2859 sufficere
1535 2802 1692 2858 nobis
1736 2802 1803 2858 ad
1847 2817 2063 2858 omnem
2109 2802 2188 2857 in-

604 2900 954 2957 structionem
983 2897 1178 2953 debeat
1206 2896 1289 2952 vel
1315 2896 1420 2951 loci
1446 2895 1602 2951 istius
1619 2894 1932 2964 difficultas,
1963 2895 2049 2951 vel
2076 2896 2188 2965 ipsa

606 2994 768 3049 etiam
796 2991 1034 3046 solitaria
1082 2990 1257 3046 adhuc
1288 2991 1419 3057 vita,
1472 3006 1631 3060 quam
1673 2991 1934 3061 juventus
1978 3004 2193 3063 quoque

607 3086 827 3142 robusta
856 3084 942 3139 vix
975 3091 1160 3153 posset
1186 3083 1441 3149 tolerare,
1469 3099 1587 3153 qua:
1632 3097 1733 3139 nos
1791 3083 1983 3151 etiam,
2034 3092 2083 3138 te
2115 3092 2193 3137 ta-

2276 1870 2424 1925 tione
2455 1868 2785 1923 concludens
2812 1884 2826 1920 :
2862 1864 2915 1919 Ν
2923 1882 3041 1931 unc,
3091 1864 3287 1934 inquit,
3319 1871 3529 1915 manent
3550 1861 3709 1930 ﬁdes,
3737 1877 3875 1928 spes,

2276 1964 2499 2019 eharitas
2531 1980 2549 2017 :
2573 1964 2675 2016 tria
2707 1962 2813 2016 hac
2839 1960 2883 2031 (ι
2910 1957 3032 2014 Cor.
3079 1958 3219 2029 xttt).
3247 1953 3274 1993 ἀ
3307 1956 3468 2011 Fides
3499 1969 3735 2025 namque
3768 1962 3879 2019 est,

2279 2072 2401 2127 qua:
2446 2054 2611 2110 futuri
2648 2053 2837 2125 judicii
2876 2067 2941 2107 ac
2984 2049 3371 2121 suppliciorum
3424 2057 3573 2103 metu
3614 2050 3884 2101 vitiorum

2280 2148 2407 2204 facit
2432 2147 2675 2217 contagia
2716 2144 3010 2211 declinari;
3034 2157 3179 2213 spes.
3210 2156 3331 2210 quas
3356 2148 3592 2195 mentem
3629 2147 3884 2193 nostram

2281 2241 2351 2297 de
2399 2238 2758 2312 prmsentihns
2802 2252 3056 2302 avocans,
3088 2235 3372 2290 universas
3430 2232 3674 2302 corporis
3718 2230 3885 2286 volu-

2280 2342 2455 2407 ptates
2485 2333 2785 2390 cmlestium
2838 2330 3182 2401 praemiorum
3236 2325 3643 2396 exspectatione
3686 2333 3883 2379 conte-

2282 2428 2447 2492 mnit;
2472 2425 2726 2492 cltaritas,
2753 2438 2874 2495 quae
2906 2437 3005 2478 nos
3027 2420 3094 2479 ad
3124 2434 3366 2475 amorem
3389 2418 3586 2473 Christi
3615 2425 3672 2471 et
3699 2413 3881 2486 spiri-

2285 2521 2472 2577 talium
2504 2519 2759 2574 virtutum
2788 2515 3017 2570 fructum
3048 2512 3251 2568 mentis
3280 2510 3461 2566 ardore
3487 2506 3842 2562 succendens
3863 2544 3880 2569 .

2286 2611 2545 2686 quidquid
2594 2610 2702 2665 illis
2730 2607 3061 2663 contrarium
3101 2615 3209 2672 est,
3252 2611 3359 2660 toto
3386 2600 3506 2656 facit
3544 2597 3668 2653 odio
3702 2597 3884 2653 dete-

2288 2704 2440 2762 stari.
2471 2704 2603 2769 Qute
2632 2702 2753 2764 tria.
2781 2700 2904 2755 licet
2923 2699 2989 2753 ad
3017 2713 3183 2753 unum
3217 2697 3379 2751 finem
3401 2692 3618 2748 tendere
3644 2689 3885 2745 videan-

2290 2807 2398 2864 tur,
2432 2792 2891 2866 provocantenim
2934 2805 3032 2845 nos
3058 2804 3087 2845 a
3118 2789 3285 2846 rebus
3327 2785 3526 2842 illicitis
3567 2783 3877 2847 abstinere,

2292 2888 2501 2959 magnis
2532 2896 2710 2943 tamen
2743 2883 3082 2940 excellentia
3126 2896 3237 2937 suae
3264 2879 3521 2951 gradibus
3541 2877 3611 2929 ab
3652 2875 3880 2930 invicem

2293 2987 2659 3058 disparantur.
2708 2981 2821 3035 Duo
2870 2992 3104 3047 namque
3142 2974 3423 3045 superiora
3465 2970 3681 3041 proprie
3706 2967 3884 3022 homi-

2296 3094 2423 3139 num
2473 3085 2597 3131 sunt
2623 3089 2808 3132 eorum
2840 3073 2931 3147 qui
2980 3071 3047 3126 ad
3081 3068 3381 3139 profectum
3417 3063 3728 3128 tendentes,
3755 3076 3884 3118 nec-

609 3174 787 3240 cente,
818 3173 951 3231 satis
973 3174 1290 3245 abundeque
1332 3176 1601 3230 instruunt
1621 3184 1781 3244 atque
1803 3184 2195 3246 compungunt,
2224 3173 2268 3235 C
2302 3174 2428 3228 dum
2454 3170 2701 3227 affectum
2734 3179 3033 3237 concepere
3059 3165 3339 3219 virtutum.
3387 3158 3637 3215 Tertium
3680 3156 3885 3226 specia-

609 3283 865 3338 rogamus
890 3275 1068 3321 tamen
1119 3275 1177 3322 ut
1236 3266 1600 3321 taciturnitate
1640 3267 1917 3335 paululum
1968 3276 2193 3337 practer-

611 3362 803 3425 missa,
827 3374 890 3415 ea
916 3358 1072 3413 nobis
1104 3356 1281 3428 potius
1309 3359 1592 3430 dignanter
1632 3356 1918 3429 infundas,
1944 3373 2040 3428 per
2078 3374 2197 3431 quae.

614 3454 759 3509 hanc
784 3468 942 3524 quam
970 3452 1213 3508 videmus
1239 3451 1294 3508 in
1324 3461 1377 3509 te
1408 3452 1659 3507 virtutem
1706 3466 1813 3508 non
1861 3463 1971 3507 tam
2024 3454 2196 3509 imita-

614 3547 764 3602 tione
786 3544 1097 3616 compleCti,
1124 3560 1286 3615 quam
1323 3543 1679 3601 admiratione
1718 3545 2011 3615 possimus.
2063 3546 2197 3600 Nam

616 3640 825 3695 etiamsi
854 3638 1237 3710 revelatusjtibi
1266 3649 1419 3707 tepor
1448 3651 1632 3695 noster
1668 3641 1958 3711 impetrare
1981 3640 2032 3696 id
2055 3639 2198 3710 quod

617 3732 917 3803 expetimus
968 3748 1077 3788 non
1132 3742 1392 3800 meretur,
1441 3732 1605 3788 debet
1657 3731 1761 3789 hoc
1814 3732 2005 3788 saltem
2048 3733 2201 3789 labor

616 3828 753 3882 tanti
793 3827 1001 3883 itineris
1023 3827 1295 3893 obtinere,
1337 3827 1479 3899 quod
1511 3827 1614 3883 huc
1637 3825 1665 3866 δ
1707 3827 1775 3883 de
1810 3826 2201 3885 Betlileemitici

617 3921 851 3977 coenobii
880 3922 1224 3990 rudimentis,
1255 3922 1611 3977 institutionis
1638 3930 1835 3977 vestrae
1856 3921 2131 3978 desiderio
2150 3927 2208 3977 et

617 4014 895 4092 profectus
914 4014 1088 4075 nostri
1119 4029 1324 4083 amore,
1350 4015 1777 4086 properavimus.

2298 3265 2421 3320 liter
2440 3263 2538 3318 Dei
2560 3271 2664 3329 est,
2690 3273 2745 3317 et
2765 3275 2951 3316 eorum
2982 3257 3143 3328 quiin
3172 3269 3295 3311 sese
3324 3262 3350 3291 ο
3378 3251 3667 3322 imaginem
3697 3248 3793 3304 Dei
3821 3261 3885 3302 ac

2299 3354 2703 3411 similitudinem
2733 3358 3072 3421 receperunt.
3108 3346 3203 3403 Ille
3231 3359 3467 3416 namque
3494 3343 3645 3400 solus
3670 3356 3731 3396 ea
3762 3354 3884 3411 qute

2302 3450 2440 3506 bona
2486 3456 2631 3514 sunt,
2660 3447 2807 3502 nullo
2838 3455 3004 3509 metu,
3048 3442 3195 3499 nulla
3224 3436 3683 3495 remunerationis
3717 3434 3886 3505 gratia

2301 3553 2658 3615 provocante,
2713 3541 2809 3596 sed
2865 3539 2984 3595 solo
3044 3535 3301 3592 bonitatis
3350 3532 3548 3587 aﬂectu
3585 3537 3886 3601 aper-stur:

2306 3638 2496 3693 Omnia
2523 3637 2691 3702 enim,
2735 3645 2789 3689 ut
2818 3634 2892 3688 ait
2930 3632 3206 3694 Salomon,
3237 3634 3479 3701 aperatns
3520 3633 3594 3679 est
3637 3620 3891 3676 Dominus

2306 3742 2513 3803 propter
2534 3730 2854 3800 semetipsum
2878 3725 3058 3797 (Prov.
3089 3721 3219 3793 xw).
3253 3724 3377 3776 Suae
3411 3730 3645 3787 namque
3680 3714 3893 3769 bonita-

2305 3828 2376 3882 tis
2397 3827 2644 3890 obtentu,
2670 3837 2884 3878 omnem
2913 3820 3177 3875 bonorum
3200 3815 3410 3885 copiam
3432 3811 3611 3882 dignis
3636 3806 3896 3877 indignis-

2308 3936 2412 3991 que
2438 3918 2692 3989 largitur,
2726 3915 2851 3987 quia
2892 3928 2993 3967 nec
3024 3909 3237 3980 fatigari
3280 3906 3493 3979 injuriis
3544 3909 3742 3975 potest,
3792 3913 3896 3954 nec

2311 4011 2679 4084 iniquitatibus
2704 4010 2981 4065 hominum
3010 4002 3342 4076 passibiliter
3371 3995 3704 4071 promoveri,
3749 4007 3896 4048 sem-

1690 4172 1949 4231 ALARDI
1988 4171 2221 4230 ΟΑΖᾹΞΙ
2255 4167 2824 4230 COMMENTARIUS.

622 4302 791 4357 nibus.
814 4296 918 4354 Ubi
942 4296 1042 4350 tria
1067 4300 1321 4347 notantur
1347 4307 1361 4344 :
1391 4292 1451 4345 l°
1504 4289 1745 4355 ἄσκησις,
1778 4287 1832 4342 id
1868 4294 1971 4352 est,
1998 4287 2204 4343 exerci-

623 4372 777 4432 tatio,
802 4368 942 4442 unde
967 4367 1312 4442 euercitator,
1342 4362 1394 4416 id
1426 4370 1528 4442 est,
1558 4372 1733 4414 asceta
1762 4360 1954 4442 dieitur
1978 4374 1992 4423 ;
2023 4357 2087 4411 2ο
2116 4374 2203 4412 se-

624 4429 815 4496 nectus
843 4429 1135 4503 decre’pita,
1166 4435 1234 4487 ob
1262 4448 1421 4502 quam
1470 4432 1787 4487 Chmremon
1830 4429 2023 4503 sedere
2048 4444 2207 4495 COge-

625 4513 817 4575 batur;
868 4510 929 4563 '50
988 4501 1290 4561 Assduitas’
1333 4505 1518 4572 operis
1562 4517 1735 4575 usque
1792 4501 1858 4556 ad
1905 4510 2205 4560 extremum

627 4583 772 4649 vitae,
801 4573 889 4633 ubi
918 4580 1194 4632 inventum
1225 4590 1358 4645 opus
1391 4573 1742 4649 in_manibus.

2307 4284 2519 4342 concilii
2551 4283 2593 4337 Τ
2599 4279 2849 4339 ridentini
2881 4278 3051 4351 (Sess.
3084 4273 3138 4345 6)
3179 4272 3233 4327 in
3266 4269 3483 4351 decreto
3527 4267 3593 4351 de
3634 4263 3899 4351 iustifica-

2310 4336 2458 4411 ῐιόὲιέ
2481 4336 2798 4424 cap—651m
2831 4336 3019 4424 tn‘odus
3049 4336 3454 4424 praeparationis
3478 4339 3541 4391 ad
3560 4336 3901 4424 justilicatio-

2311 4407 2447 4481 iiéia'
2469 4407 2806 4481 liicrtraditur
2830 4438 2844 4476 :
2872 4407 3233 4490 Disponunt'ur
3255 4407 3621 4490 (peccatores)
3646 4408 3717 4460 ad
3740 4407 3903 4490 ipsum

2302 4480 2582 4569 justitiam,
2615 4499 2747 4569 dun,
2768 4480 2981 4569 caritati
3004 4490 3178 4569 divina
3208 4480 3395 4557 gratia,
3428 4492 3481 4562 et
3505 4480 3719 4569 arguti“,
3746 4480 3908 4569 ﬁdem

2314 4561 2377 4624 ea:
2403 4570 2581 4624 auditu
2609 4566 2967 4635 concipientes,
2996 4561 3151 4635 libere
3181 4566 3441 4635 morentur
3464 4561 3517 4603 tu
3556 4561 3753 4628 Deum,
3786 4562 3905 4635 cre-

706 4619 833 4706 ‘T’De
859 4650 959 4703 hac
984 4659 1225 4702 veterum
1260 4619 1648 4699 monachorum
1677 4652 1732 4697 et
1760 4642 2209 4698 attacltoretarum
2253 4702 2279 4706 _
2315 4642 2495 4696 dentes
2522 4619 2639 4692 vera
2661 4619 2770 4690 esse
2790 4650 2904 4705 qua:
2925 4619 2976 4686 di
3010 4631 3165 4706 irritus
3186 4627 3469 4706 reuelataet
3492 4619 3742 4701 promissa
3765 4627 3906 4706 sunt:

631 4702 972 4794 longaevitati:
998 4733 1165 4786 usque
1196 4726 1253 4794 et
1276 4716 1428 4794 ultra_
1460 4715 1825 4794 centenariam
1875 4722 2110 4794 agtatetn,
2159 4716 2215 4794 in
2239 4702 2283 4765 C

635 4785 847 4852 summa
876 4794 1005 4846 vitae
1054 4785 1574 4851 au5tcritate.latius
1616 4787 1825 4858 egimus
1854 4786 1921 4840 ad
1969 4785 2151 4840 collat.
2184 4787 2219 4842 3

634 4884 753 4923 can.
785 4868 836 4920 l.

866 4949 971 5003 quo
1000 4947 1184 5001 supra,
1215 4930 1282 4985 ad
1313 4944 1431 5001 cap.
1470 4926 1495 4981 1
1534 4926 1689 5003 huius
1707 4928 1916 5003 collat.,
1937 4927 2050 5003 ubi,
2072 4928 2221 4983 velut

641 4999 1088 5066 antonnmastice,
1118 5010 1336 5057 vocatur
1380 4999 1687 5056 emnobium
1722 5001 1915 5071 Syriae,
1952 5001 2080 5070 quia
2116 5013 2221 5054 cu:-

645 5085 769 5137 tcris
800 5078 1133 5145 praecellens.

717 5164 738 5191 ο
772 5142 884 5206 Non
917 5150 1087 5219 placet
1119 5146 1279 5219 modo
1319 5144 1621 5219 conjectura
1660 5143 1713 5219 in
1764 5142 1944 5213 priore
1986 5142 2224 5219 editione

642 5223 837 5294 posita,
858 5213 1061 5274 scilicet
1078 5218 1329 5294 mendum
1351 5213 1470 5294 ceae
1487 5255 1502 5278 ,
1524 5213 1760 5294 C_hari_tas
1780 5231 2053 5294 numquam
2074 5216 2229 5294 cadit,

648 5284 742 5363 pro
773 5284 990 5351 excidit,
1024 5302 1081 5363 ut
1123 5289 1284 5363 habet
1313 5289 1521 5363 vulgata
1564 5286 1754 5363 lectio‘
1774 5284 2017 5352 Apostoli
2044 5326 2059 5349 ,
2108 5286 2231 5353 quia

647 5354 789 5419 cadit
822 5373 875 5416 et
905 5362 1105 5416 excidit
1134 5362 1275 5412 idem
1306 5354 1505 5420 valent,
1540 5367 1594 5410 et
1618 5357 1703 5410 hic
1726 5354 1929 5410 Auctor
1955 5373 2059 5410 non
2086 5371 2232 5409 sem—

648 5452 745 5505 per
776 5429 1498 5505 servatvcrlia‘Scr-iptnra‘.
1544 5427 1789 5505 Etuv‘ero
1836 5429 2002 5505 utitur
2043 5426 2233 5505 eadem

651 5495 853 5577 'pltrasi
878 5503 1119 5577 (τηρλῄίοΔ
1159 5495 1325 5566 hujus
1360 5498 1542 5552 collat.
1596 5497 1736 5577 Alibi
1778 5495 2144 5577 vero_(_(}oltat:
2181 5496 2232 5561 1,

652 5568 766 5644 ἱίιρ.
803 5575 888 5642 ll)
913 5568 1744 5644 {Charitasnuntquautexcidet,
1780 5568 1866 5620 ubi
1916 5568 1966 5621 id
2004 5569 2237 5644 explica-

656 5638 767 5702 tuin
796 5663 808 5701 :
845 5638 1112 5715 quomodo
1140 5641 1346 5696 sciiicet
1366 5638 1605 5694 Vehat-itas
1633 5654 1921 5709 numquam
1952 5639 2107 5693 cadat
2144 5645 2239 5691 aut

656 5720 890 5773 excidat.

728 5765 929 5839 all—uio
972 5784 1091 5840 loco
1133 5790 1255 5853 apte
1297 5782 1548 5850 congruit
1594 5790 1650 5838 et
1694 5788 1953 5837 consonat
1998 5765 2269 5836 doctrina'

2315 4694 2466 4781 atque
2484 4694 2629 4763 illud
2656 4710 2706 4760 in
2728 4694 2928 4781 primis,
2951 4700 3122 4781 a_Deo
3140 4694 3907 4781 justi/ituri.iinpium‘per'qra-

2325 4757 2452 4837 ἱίᾶὗι
2482 4784 2613 4856 ejus,
2646 4757 3160 4855 perrredeniptioneni
3185 4757 3298 4856 qua}
3322 4778 3394 4821 est
3429 4766 3482 4817 in
3515 4757 3721 4856 CJItristo
3764 4757 3904 4856 desii,

2326 4834 2522 4909 eam:
2550 4834 3048 4923 peccatoresse'esse
3076 4834 3434 4923 intelligent“,
3454 4850 3494 4923 ,α
3530 4834 3909 4923 digitulos-ti;

2329 4900 2969 4992 ἱέωᾚὶῆὧεζῇὶιὸιλέειετεν
2992 4900 3379 4992 ιῖοηιηιιὶιιίὶξιινἱ
3399 4908 3467 4959 ad
3487 4900 3908 4992 considerandam

2328 4979 2424 5050 Diei
2454 4979 2855 5048 misericordiam
2890 5004 2943 5042 se
2986 4982 3319 5055 convertenda
3361 4983 3415 5032 in
3459 4991 3603 5047 spem
3624 4979 3907 5055 eriguntur,

2330 5044 2759 5135 ﬁdenteshflemn
2802 5060 2899 5114 sibi
2948 5067 3149 5135 propter
3192 5052 3454 5135 ββινίξηιζη
3483 5044 3906 5135 ῬνοῖξέένἾξίθξξν

2597 5114 2862 5203 ιαήηιᾳιιαιη
2889 5114 3053 5184 omnis
3066 5125 3290 5199 justitiw
3318 5114 3509 5193 fontem
3530 5158 3545 5184 ,
3590 5114 3802 5185 diligere
3840 5114 3911 5162 ἕης

2332 5211 2547 5276 cipiunt,
2580 5215 2682 5259 etc.
2894 5270 2907 5276 _
3109 5267 3141 5276 ,,
3319 5263 3356 5276 ..
3399 5262 3411 5275 .
3585 5255 3748 5276 ,,,ε,ε

2410 5251 2752 5344 éwlm’agi'nem
2778 5279 2834 5328 et
2863 5267 3271 5344 similitudinem
3306 5262 3413 5344 _Dei
3453 5259 3541 5315 hic
3581 5255 3773 5344 accipit
3810 5251 3915 5344 Au:

2335 5323 3182 5416 ctorIturbui‘inittilidnﬂeibonitatis
3209 5337 3428 5416 divinat,
3461 5344 3562 5400 qua
3614 5323 3913 5416 nomo-beo

2337 5396 2993 5482 agnitioni—[eistrains
3040 5409 3310 5482 efﬁcitur,
3338 5396 3426 5482 _ut'
3466 5396 3533 5454 ex
3558 5396 3914 5482 sequentibus

2339 5470 2902 5570 itonaeae
2928 5475 3527 5570 αξη--.εξςιιέειςιεειιιιξςς
3558 5470 3915 5570 terrear:

2894 5569 2945 5607 rn
2972 5536 3030 5607 se
3058 5556 3409 5623 receperunt,
3429 5536 3553 5623 :qui.
3571 5542 3685 5623 divi
3688 5554 3802 5591 nam

2345 5607 2568 5688 nitatem
2597 5607 3598 5694 etii-beneficentiam,omnibus;bonis,
3633 5619 3689 5665 et
3737 5607 3913 5694 malis,

2671 5678 2937 5758 inimicis,
2981 5678 3364 5748 benefaciendo
3396 5684 3699 5749 imitantur,
3728 5678 3813 5736 vel
3840 5678 3915 5745 qui

2345 5772 2727 5841 perfectionem
2753 5764 3029 5823 charitatis
3055 5764 3361 5827 attigerunt.
