4048 6198
113 194 278 264 853

1234 188 1573 256 COLLATIO
1611 189 1704 246 Xl.
1735 219 1806 230 —
1833 189 1924 250 DE
1963 189 2468 262 PERFECTIONE.

3433 212 3560 274 851

112 326 253 384 per
283 305 542 376 scilicet
569 323 821 382 manens
840 308 1077 384 perlecta
1095 308 1309 374 bonitas
1343 305 1797 378 immutabilisque
1823 309 1878 372 Α
1902 307 2040 376 ﬁlius
2080 317 2236 375 tuus;
2279 310 2365 382 fac
2411 317 2491 365 me
2541 308 2671 364 sicut
2718 325 2876 379 unum
2924 312 2988 378 de
3032 324 3362 378 mercenariis
3427 329 3544 384 tuis

112 414 391 470 natura
402 446 422 464 ο

827 495 1054 554 CAPUT
1099 494 1204 551 VII.

225 591 487 658 Quibus
507 590 759 664 gradibus
788 590 857 644 ad
884 591 1244 664 sublimitatem
1282 587 1541 664 elicit-italis
1577 590 1736 661 possit

525 659 733 717 escendi
762 673 808 716 et
837 677 950 731 quae
974 666 1040 716 sit
1064 661 1117 714 in
1141 676 1201 714 ea
1226 659 1497 714 stabilitas.

229 777 312 836 Si
355 778 494 849 quis
519 779 682 849 igitur
709 777 774 834 ad
805 775 1186 844 perfectionem
1211 773 1398 840 tendit,
1430 783 1455 810 ιι
1481 773 1550 828 de
1578 773 1670 828 illo
1696 773 1808 846 pri-

123 885 251 926 mo
293 871 537 926 timoris
565 870 754 940 gradu,
786 884 944 940 quem
974 867 1188 938 preprie
1214 866 1450 922 diximus
1476 881 1599 922 esse
1627 866 1803 921 servi-

128 965 310 1030 lem,
357 963 435 1024 de
463 977 573 1032 quo
599 961 833 1018 dicitur:
866 959 991 1015 Cant
1019 959 1189 1015 omnia
1220 959 1460 1031 feceritis,
1490 960 1656 1028 dicite,
1686 961 1807 1028 quia

131 1059 315 1112 servi
357 1058 581 1114 inutiles
609 1073 779 1112 sumus
807 1054 960 1126 (Luc.
990 1053 1160 1128 xv"),
1204 1051 1233 1092 δ
1280 1053 1348 1108 ad
1396 1053 1646 1108 altiorem
1690 1052 1807 1123 spei

139 1149 480 1208 tramitem
507 1148 669 1219 gradu
698 1149 1014 1216 proliciente
1039 1144 1401 1212 conscendet,
1437 1144 1530 1215 qui
1559 1145 1668 1217 jam
1702 1160 1807 1201 non

140 1254 384 1303 servo,
417 1241 516 1296 sed
546 1239 878 1296 mercenaria
904 1248 1250 1308 comparatur
1272 1283 1287 1308 ,
1331 1237 1455 1309 quia
1499 1238 1806 1296 mercedem

145 1333 579 1400 retributionis
608 1341 909 1403 exspectat,
945 1339 1002 1388 et
1030 1331 1184 1403 quasi
1211 1329 1279 1386 de
1321 1341 1666 1401 peccatorum
1710 1329 1806 1385 ab-

148 1427 480 1484 solutione
509 1437 564 1483 et
590 1427 789 1497 ptenali
820 1428 1016 1482 timore
1045 1439 1293 1492 securus,
1326 1439 1390 1478 ac
1417 1424 1678 1478 b0ll0l‘llm
1707 1424 1807 1479 sibi

150 1536 429 1592 operum
457 1519 730 1588 conscius,
763 1520 890 1573 licet
921 1517 1098 1586 placiti
1129 1517 1406 1585 praemium
1440 1515 1686 1572 videatur
1713 1531 1808 1572 ex-

163 1624 419 1683 petere,
455 1623 634 1676 tamen
663 1611 731 1672 ad
763 1611 1014 1667 allectum
1044 1609 1193 1666 illum
1229 1608 1325 1676 lilii
1355 1610 1444 1679 qui
1472 1609 1540 1664 de
1567 1619 1805 1682 paterna:

1911 397 2121 470 (me).

2502 494 2729 562 CAPUT
2777 497 2914 554 Vill.

2025 584 2288 650 Quantum
2317 588 2593 664 excellant,
2621 591 2709 660 qui
2738 609 2828 664 per
2854 594 3122 656 citat-italis
3148 593 3396 664 affectum

2461 659 2721 715 declinant
2738 659 2784 716 ἀ
2812 663 2963 717 vitiis.

1978 767 2083 826 Sed
2117 769 2181 822 ad
2211 770 2368 825 istam
2398 771 2615 829 humilis
2641 776 2972 844 paenitentiae
3000 792 3185 834 vocem
3216 779 3270 835 in
3317 765 3508 838 accuro

1911 876 2028 917 sum
2058 862 2176 932 ejus
2207 874 2360 933 pater
2392 865 2702 938 prosiliens,
2735 869 2938 940 majore
2965 886 3125 942 quam
3166 873 3360 928 emissa
3389 874 3506 930 fue-

1907 966 1990 1011 rat
2022 955 2220 1026 pietate
2248 958 2516 1030 suscepit,
2546 974 2776 1038 eumque
2825 977 2930 1028 non
2975 971 3260 1020 contentus
3297 966 3507 1022 minora

1908 1050 2228 1117 concedere,
2260 1060 2282 1086 ο
2313 1059 2540 1122 utroque
2560 1052 2727 1122 gradu
2752 1053 2867 1108 sine
2889 1054 3144 1111 dilatione
3170 1064 3507 1126 transcurso,

1911 1145 2152 1214 pristime
2204 1144 2433 1200 ﬁliorum
2484 1147 2719 1202 restituit
2785 1147 3051 1222 dignitati.
3119 1149 3508 1218 Festinandum

1909 1238 2131 1308 proinde
2161 1238 2316 1291 nobis
2344 1239 2508 1293 etiam
2538 1251 2641 1308 est,
2672 1248 2730 1294 ttt
2759 1240 2824 1294 ad
2860 1242 3076 1310 tertium
3110 1241 3344 1306 filiorum
3377 1257 3505 1314 gra-

1909 1329 2059 1404 dum,
2085 1332 2174 1400 qui
2207 1330 2386 1385 omnia
2414 1346 2534 1402 qua:
2564 1332 2728 1401 patris
2773 1343 2896 1387 sunt
2929 1348 3022 1388 sua
3067 1348 3191 1389 esse
3243 1335 3505 1406 credunt,

1909 1438 2006 1493 per
2039 1425 2469 1490 indissolubilem
2496 1424 2775 1481 charitatis
2802 1428 3026 1500 gratiam
3051 1428 3504 1500 conscendentes,

1907 1521 2144 1576 cmlestis
2170 1520 2317 1586 illius
2343 1520 2515 1576 Patris
2538 1523 2822 1592 imaginem
2847 1536 2909 1576 ac
2933 1520 3342 1576 similitudinem
3367 1522 3508 1577 reci-

1907 1629 2035 1684 pere
2072 1629 2400 1681 mereamur,
2434 1622 2489 1669 et
2530 1614 2596 1668 ad
2643 1614 2996 1668 imitationem
3045 1613 3158 1667 veri
3203 1613 3344 1670 illius
3382 1613 3509 1668 Filii

155 1705 567 1778 indulgentiae
594 1706 916 1766 liberalitate
941 1705 1239 1774 conlidens.
1273 1703 1452 1762 omnia
1489 1720 1607 1774 quae
1638 1705 1804 1776 patris
1834 1713 1880 1774 B
1911 1707 2245 1784 proclamare
2289 1708 2596 1775 possimus:
2649 1705 2836 1759 Omnia
2880 1722 2993 1776 qua:
3019 1705 3165 1758 habet
3197 1713 3360 1776 pater,
3394 1722 3509 1760 mea

157 1807 322 1854 sunt
357 1813 462 1852 sua
493 1812 616 1860 esse
646 1812 752 1856 non
779 1797 1021 1872 ambigit,
1052 1797 1331 1868 pervenire
1358 1811 1464 1860 non
1498 1799 1688 1866 potuit.
1720 1798 1802 1854 Ad

162 1904 363 1961 quem
397 1890 567 1954 etiam
596 1889 688 1954 ille
719 1890 993 1960 prodigus,
1023 1890 1111 1961 qui
1142 1904 1260 1956 cum
1296 1889 1592 1956 substantia
1635 1892 1802 1962 patris

167 1983 365 2040 etiam
399 1985 501 2047 ﬁlii
530 1999 728 2042 nomen
757 1985 1034 2052 amiserat,
1065 1985 1306 2054 aspirare
1345 2000 1454 2040 non
1499 1986 1691 2054 audet,
1721 1986 1802 2042 di-

169 2091 330 2134 cens
357 2094 374 2132 :
405 2075 535 2134 Iam
558 2093 661 2140 non
689 2094 801 2132 sum
830 2078 1018 2150 dignus
1045 2079 1212 2135 vocari
1243 2078 1383 2146 ﬁlius
1409 2087 1567 2143 tuus;
1596 2080 1683 2150 fac
1723 2096 1804 2144 me

173 2169 329 2223 sicut
364 2185 534 2236 unum
562 2169 628 2224 de
664 2171 989 2228 mercenariis
1023 2171 1126 2234 tuis
1153 2170 1304 2243 (Luc.
1357 2171 1469 2242 xv).
1514 2172 1644 2230 Post
1685 2173 1802 2230 illas

176 2263 350 2317 enim
383 2276 672 2332 porcorum
696 2262 937 2333 siliquas,
966 2279 1193 2336 quarum
1223 2267 1270 2322 ei
1301 2266 1521 2326 satietas
1563 2267 1800 2335 negaba-

179 2363 312 2420 tur,
347 2356 402 2418 id
436 2364 541 2422 est,
573 2357 824 2414 vitiorum
873 2356 1123 2422 sordidos
1153 2357 1338 2428 cibos,
1373 2359 1463 2428 qui
1505 2358 1558 2420 in
1604 2369 1802 2416 semet-

181 2447 382 2516 ipsum
418 2460 692 2514 reversus,
727 2456 783 2502 et
807 2447 1026 2504 salutari
1059 2450 1254 2506 timore
1280 2459 1659 2520 compunctus,
1704 2450 1802 2506 im-

184 2539 529 2597 munditiam
564 2555 848 2608 per-corum
879 2541 1105 2600 horrere
1129 2544 1242 2614 jam
1273 2553 1539 2615 cmperat,
1579 2559 1642 2600 ac
1668 2545 1802 2600 dirae

189 2631 360 2688 fatuis
382 2633 647 2704 supplicia
673 2635 1022 2704 formidabat,
1043 2638 1188 2694 velut
1209 2639 1320 2708 jam
1343 2653 1532 2694 servus
1554 2637 1799 2706 etiectus,

191 2724 367 2782 etiam
417 2727 741 2794 mercenarii
779 2736 976 2788 statum
1009 2729 1076 2785 de
1109 2731 1359 2787 mercede
1386 2733 1496 2801 jam
1530 2736 1794 2802 cogitans,

194 2819 542 2886 concupiscit
566 2834 632 2880 ac
653 2819 820 2876 dicit:
850 2821 1041 2889 Quanti
1062 2827 1362 2878 mercenarii
1387 2826 1437 2879 in
1463 2824 1614 2880 domo
1640 2827 1802 2896 patris

196 2910 304 2963 mei
336 2909 600 2972 abundant
627 2912 865 2981 panibus,
895 2923 941 2974 et
970 2931 1062 2987 ego
1107 2915 1192 2969 hic
1223 2918 1359 2986 fame
1393 2916 1582 2987 pereo!
1615 2915 1802 2971 Rever-

197 3012 288 3057 tar
315 3021 439 3074 ergo
463 3005 532 3062 ad
557 3016 757 3078 patrem
781 3024 970 3076 meum,
1005 3017 1054 3065 et
1081 3009 1252 3066 dicant
1280 3010 1401 3063 illi:
1439 3009 1634 3075 Pater,
1685 3027 1802 3080 pec-

1905 1808 2025 1854 sunt
2058 1797 2247 1871 (Joan.
2281 1799 2413 1868 xw).
2448 1798 2600 1865 Quod
2627 1798 2786 1854 etiam
2821 1797 2888 1854 de
2928 1798 3083 1854 nobis
3129 1797 3318 1853 beatus
3361 1797 3509 1868 Apo-

1907 1893 2078 1958 Stolus
2126 1892 2427 1964 proﬁtetur,
2476 1892 2662 1958 dicens
2706 1908 2722 1951 :
2773 1889 2960 1950 Omnia
3001 1901 3167 1946 vestra
3207 1900 3362 1961 sunt,
3403 1893 3510 1962 sive

1907 1985 2129 2049 Paulus,
2157 1988 2262 2041 sive
2287 1987 2496 2056 Apollo,
2527 1988 2629 2040 sive
2669 1986 2899 2054 Cap/tas,
2949 1987 3051 2040 sive
3099 1986 3319 2040 mundus
3341 2027 3356 2053 ,
3402 1986 3509 2040 sive

1904 2081 2028 2150 vita,
2058 2081 2156 2144 sive
2178 2096 2336 2150 mors,
2361 2080 2464 2138 sive
2488 2079 2781 2150 prasentia,
2802 2079 2905 2140 sive
2927 2081 3127 2149 futura,
3149 2078 3320 2131 omnia
3341 2087 3507 2142 vestra

1903 2182 2022 2226 sunt
2049 2172 2104 2241 (Ι
2131 2170 2247 2226 Cor.
2274 2173 2375 2242 tu).
2405 2171 2485 2234 Ad
2513 2186 2671 2241 quam
2694 2169 3104 2230 similitudinem
3133 2171 3294 2234 etiam
3318 2168 3507 2226 Salva-

1906 2266 2036 2328 toris
2065 2274 2330 2336 praecepta
2362 2277 2459 2318 nos
2508 2271 2840 2336 provocant:
2875 2259 2902 2296 d
2935 2259 3148 2326 Estote,
3195 2259 3404 2330 inquit,
3454 2267 3508 2313 et

1901 2373 1989 2413 vos
2020 2357 2258 2428 perfecti,
2291 2357 2424 2410 sicut
2453 2363 2497 2408 et
2530 2352 2686 2406 Pater
2717 2360 2877 2406 vester
2904 2350 3116 2414 caelestis
3145 2350 3399 2421 perfectus
3427 2357 3507 2418 est

1905 2449 2132 2523 (Matth.
2169 2447 2243 2520 ν).
2278 2449 2333 2516 In
2363 2448 2473 2514 illis
2517 2448 2660 2512 enim
2708 2459 3108 2516 nonnumquam
3152 2446 3290 2498 solet
3336 2443 3501 2504 inter-

1902 2545 2078 2616 rumpi
2111 2544 2364 2608 bonitatis
2393 2542 2637 2610 allectus,
2669 2556 2788 2610 cum
2822 2540 3002 2616 aliquo
3036 2538 3116 2595 vel
3159 2546 3380 2616 tepore,
3413 2535 3505 2593 vel

1903 2637 2084 2708 ltetitia
2106 2677 2120 2702 ,
2159 2637 2243 2692 vel
2289 2637 2644 2698 oblectatione
2689 2636 2842 2708 vigor
2873 2631 3036 2704 animi
3065 2633 3368 2698 relaxatus,
3403 2638 3501 2700 aut:

1903 2740 2105 2796 metum
2138 2729 2202 2796 ad
2236 2744 2474 2800 praesens
2499 2729 2780 2800 gebennm,
2809 2733 2901 2797 aut
2926 2724 3253 2780 desiderium
3285 2721 3501 2777 subtra-

1902 2822 1979 2876 hit
2009 2823 2328 2890 futnrorum.
2367 2822 2434 2875 Et
2461 2829 2544 2884 est
2575 2819 2794 2900 quidem
2834 2819 2885 2880 in
2915 2817 3021 2872 illis
3071 2815 3267 2886 gradus
3313 2813 3503 2884 cujus-

1901 2914 2023 2970 dam
2071 2915 2344 2984 prolectus
2398 2912 2642 2966 imbuens
2686 2925 2787 2980 nos
2808 2952 2823 2976 ,
2859 2917 2918 2962 ιιι
2945 2908 3069 2963 dum
3100 2907 3184 2961 vel
3212 2920 3499 2978 plenarum

1904 2991 2082 3078 metu,
2102 3009 2185 3062 vel
2209 3007 2553 3084 prtetniorum
2584 3021 2678 3080 spe
2708 3003 2994 3075 incipimus
3026 3001 3156 3056 vitia
3187 3001 3488 3080 declinare,

198 3098 324 3188 cavi.
343 3098 397 3153 in
429 3097 607 3156 castum
637 3109 684 3156 et
713 3115 886 3158 coram
932 3109 1003 3169 te,
1019 3102 1135 3172 jam
1155 3118 1258 3158 non
1281 3118 1396 3157 sum
1421 3102 1603 3172 dignus
1631 3105 1800 3158 vocari
1829 3095 1873 3165 (Σ
1904 3102 1971 3170 ad
2003 3101 2279 3168 charitatis
2307 3099 2529 3178 gradum
2554 3099 2782 3172 transire
2813 3096 3097 3176 possimus,
3129 3093 3253 3167 quia
3289 3091 3491 3161 Timor,

1291 3281 1544 3340 ALARDl
1586 3255 1818 3342 GAZtEl
1855 3283 2420 3355 COMMENTARIUS.

285 3455 310 3484 ³
340 3447 753 3518 Distinguuntur
780 3455 893 3503 tres
919 3451 1094 3518 status
1120 3444 1234 3518 sive
1274 3444 1472 3515 gradus
1517 3444 1798 3518 hominum

212 3519 269 3573 in
310 3519 415 3576 vita
445 3516 728 3589 spi‘ritnali.
759 3517 973 3574 Primus
1002 3525 1057 3572 et
1083 3516 1300 3576 intimus
1329 3526 1412 3571 est
1451 3526 1623 3589 status
1657 3517 1795 3574 inci-

213 3587 497 3660 pientinm,
526 3592 616 3658 qui
648 3597 844 3650 timore
870 3590 1052 3644 servili
1086 3587 1465 3660 trahunturad
1494 3588 1715 3654 bonum,
1742 3597 1797 3644 et

214 3657 245 3716 a
278 3664 412 3720 malo
458 3657 840 3723 retrahuntur,
883 3660 1034 3729 juxta
1083 3660 1257 3718 illud:
1307 3657 1540 3730 Oderunt
1585 3675 1798 3730 precare

215 3733 336 3786 ntali
381 3733 653 3804 formidine
702 3747 880 3805 paenae.
933 3730 1222 3805 Secundus
1251 3729 1794 3805 pr«~ﬁcienti_1tm,qni

219 3817 312 3872 spe
334 3800 390 3857 et
412 3805 682 3860 desiderio
702 3800 1163 3863 remunerationis
1194 3800 1486 3858 dnt'ttnlur.
1535 3800 1749 3854 Tertius
1777 3839 1791 3863 ,

220 3877 598 3942 perfectorum,
628 3875 716 3943 qui
752 3875 868 3927 solo
896 3888 1080 3934 amere
1106 3883 1159 3927 et
1189 3873 1452 3943 cltaritate
1484 3882 1791 3934 moventur,

222 3940 504 4000 secundum
534 3940 664 4002 illud
694 3963 706 3997 :
739 3943 969 4006 Oderunt
999 3960 1210 4016 peccare
1233 3942 1352 4016 boui
1373 3940 1569 4002 virtutis
1597 3957 1789 4002 amore.

226 4019 386 4085 Atque
415 4017 467 4071 hi
521 4026 632 4072 tres
677 4025 847 4073 status
889 4013 1008 4070 aliis
1052 4015 1276 4072 Vocibus
1321 4013 1574 4068 dicuntur
1621 4022 1792 4068 status

227 4101 514 4148 scutorum.
546 4089 994 4142 mercenariornm
1023 4097 1077 4141 et
1107 4088 1356 4140 liberum.

294 4155 318 4194 ιι
355 4160 391 4210 Α
444 4163 635 4212 timore
681 4159 822 4214 enim
870 4158 1051 4216 servili
1097 4154 1545 4227 progrediendum
1582 4164 1676 4227 est
1725 4154 1790 4210 ad

231 4241 384 4295 spem.
418 4228 569 4282 Unde
599 4228 927 4297 Augustinus
951 4225 1229 4296 exponens
1263 4227 1392 4281 illud
1422 4225 1740 4296 Davidicum
1773 4243 1786 4281 :

230 4297 594 4371 Beneplacitum
613 4312 686 4354 est
713 4297 936 4352 Domino
962 4314 1112 4371 super
1139 4300 1366 4371 timentes
1395 4313 1528 4361 eum,
1562 4308 1608 4371 et
1637 4300 1686 4371 in
1715 4299 1790 4358 eis

230 4369 306 4452 qui
327 4382 518 4454 sperant
540 4387 691 4454 super
706 4367 1053 4454 misericordia
1066 4372 1184 4454 eius
1202 4368 1220 4437 (
1233 4369 1390 4454 Psal.‘
1411 4367 1608 4432 cum).
1632 4367 1786 4449 Ecce,

232 4439 404 4509 inquit,
434 4445 600 4496 timuit
624 4440 790 4497 Judas
816 4442 1034 4496 traditur
1061 4440 1270 4506 Christi,
1302 4439 1390 4496 sed
1431 4456 1532 4493 non
1570 4439 1788 4510 speravit

232 4512 280 4563 in
307 4514 637 4566 misericordia
660 4513 842 4577 ipsius.
878 4510 1067 4568 Postea
1092 4513 1226 4565 enim
1252 4511 1487 4578 paenituit
1512 4527 1625 4563 eum
1651 4511 1788 4578 quod

236 4581 478 4634 tradiderit
511 4583 789 4638 Christum.
823 4582 961 4637 Bene
983 4583 1190 4653 quidem
1223 4582 1457 4645 titnuisti,
1479 4583 1573 4653 sed
1601 4583 1643 4634 si
1674 4599 1788 4653 spe-

235 4654 802 4725 rarestumisericardia
831 4657 944 4725 ejus
986 4651 1132 4720 quem
1180 4653 1412 4725 tim_uisti.
1453 4651 1564 4725 Allle
1609 4651 1786 4725 despe-

233 4721 371 4804 rando
391 4722 536 4812 abiit,
567 4734 614 4776 et
649 4724 826 4806 laqueo
849 4721 900 4805 se
924 4725 1206 4812 suspendit.
1242 4723 1378 4807 Ergo
1391 4723 1488 4812 nsic
1520 4725 1637 4812 ti'mc
1677 4723 1786 4804 ρο·-
1813 4751 1862 4812 D

233 4794 419 4859 minam,
453 4801 510 4848 ut
537 4793 786 4859 speresin
811 4797 1161 4850 misericordia
1204 4798 1336 4864 ejus.
1380 4793 1620 4849 Placatus
1650 4798 1783 4848 enim

234 4878 357 4937 eum,
372 4867 412 4918 si
439 4881 609 4936 speres
637 4867 690 4919 in
713 4868 1060 4920 misericordia
1088 4869 1217 4937 ejus.

297 4946 316 4974 ε
342 4935 620 4992 Servarnm
651 4939 876 5000 scilicet,
911 4947 965 4991 et
994 4935 1470 4991 mercenarimum.

294 5003 496 5079 ἐείσω,
527 5025 633 5062 non
665 5011 1056 5079 aequalitatem,
1091 5009 1184 5062 sed
1224 5007 1542 5079 qualitatum
1583 5007 1779 5062 simili-

239 5077 432 5134 tudinem
474 5077 802 5143 denotat,‘et
836 5095 953 5133 eam
984 5079 1196 5148 quidem
1227 5078 1630 5132 similitudinem
1660 5093 1780 5148 qua:

238 5148 350 5219 inter
374 5153 528 5205 Deum
560 5161 615 5206 et
641 5153 934 5215 hominem,
973 5166 1078 5206 non
1109 5166 1228 5219 qua:
1256 5152 1395 5202 inter
1425 5149 1695 5202 hominem
1728 5157 1782 5204 et

236 5217 462 5274 hominem
491 5236 612 5276 esse
641 5232 850 5291 potest;
885 5237 989 5277 non
1014 5217 1156 5278 enim
1205 5221 1347 5275 illam
1393 5220 1775 5288 perfectionem

237 5305 333 5356 qua:
356 5292 398 5344 in
430 5292 538 5346 Deo
565 5303 647 5347 est
677 5295 891 5363 as~equi
920 5303 1014 5349 aut
1052 5307 1266 5362 .eqnare
1313 5305 1596 5358 possumus
1623 5333 1638 5356 ,
1677 5291 1773 5346 sed

239 5375 476 5428 possumus
527 5371 706 5418 taliten
755 5366 975 5420 imitari.
1023 5364 1172 5420 Unde
1215 5363 1402 5416 Patres
1449 5369 1778 5416 annotarnnt

238 5446 323 5504 non
344 5448 484 5504 ωιιιιη
507 5449 651 5500 esse,
678 5436 774 5490 Sed
798 5435 1146 5504 multiplicem
1175 5433 1516 5504 perfectionis
1539 5434 1773 5504 speciem

239 5501 283 5554 in
302 5501 562 5571 Scripturis
594 5501 1226 5575 designatam{0lemens
1256 5504 1646 5558 Alexandrinus
1680 5503 1772 5556 lib.

239 5585 286 5649 ιχ
299 5577 594 5649 Strotnatum
622 5593 635 5629 :
665 5575 899 5644 Invenio,
935 5578 1128 5647 inquit,
1156 5579 1435 5649 perfectum
1466 5575 1637 5626 multis
1669 5590 1778 5626 mo-

243 5641 484 5719 dit_acci_pi,
509 5657 660 5719 prout
687 5650 732 5701 is
761 5657 835 5702 est
864 5641 1024 5719 quidsi
1047 5641 1629 5719 unaquaquegtirtutese
1650 5654 1780 5698 recte

243 5662 306 5695 au
327 5662 484 5711 accipi,
545 5662 660 5700 rout
687 5665 732 5701 ts
761 5662 835 5702 est
864 5665 1024 5719 qutun
1047 5662 1552 5719 unaquaquegnrtute
1577 5662 1629 5696 se
1650 5662 1780 5698 recte

241 5713 358 5784 gerit.
392 5662 668 5784 Perﬁcitur
703 5719 874 5786 itaque
914 5728 962 5774 et
1003 5727 1384 5776 consummatur
1412 5715 1620 5784 aliquis,
1651 5723 1703 5769 ut
1734 5722 1783 5769 et

1903 3444 2038 3511 pius,
2073 3453 2119 3519 et
2147 3445 2432 3519 religiosus,
2459 3454 2505 3500 et
2533 3455 2589 3498 ut
2617 3445 2860 3506 tolerans,
2892 3451 2942 3519 et
2966 3449 3020 3519 ut
3050 3441 3334 3519 continens,
3364 3449 3412 3497 et
3439 3454 3500 3519 ut

1902 3518 2187 3582 operarius,
2219 3513 2263 3570 et
2294 3513 2347 3568 ut
2377 3513 2593 3585 martyr,
2624 3525 2670 3569 et
2699 3525 2750 3568 ut
2793 3514 3080 3585 cognitione
3119 3513 3404 3585 praeditus.
3428 3513 3500 3571 1η

1901 3587 2134 3650 omnibus
2165 3596 2332 3652 autem
2365 3583 2616 3654 perfectus
2641 3586 2811 3644 nescia
2842 3600 2908 3635 an
2937 3583 3074 3636 ullus
3094 3583 3180 3654 sit,
3205 3585 3304 3654 nisi
3326 3584 3499 3650 solum

1900 3655 1942 3707 is
1969 3657 2055 3724 qui
2096 3667 2302 3720 propter
2329 3652 2420 3712 nos
2451 3652 2617 3724 induit
2649 3655 2922 3724 hominem.
2952 3654 3008 3724 S.
3040 3652 3363 3724 Ambrosius
3395 3654 3497 3711 lib.

1900 3739 1956 3778 Ill
1981 3721 2138 3778 '(Jflic.
2170 3723 2301 3793 (Cap
2345 3724 2431 3792 2):
2460 3721 2639 3788 Ipsum
2657 3723 2903 3785 Paulum,
2933 3723 3027 3786 ait,
3054 3721 3163 3793 (ego
3187 3725 3493 3793 perfectum,

1898 3804 1942 3846 tt
1974 3811 2072 3846 non
2098 3790 2394 3866 perfectum.
2434 3794 2567 3846 Nam
2594 3810 2707 3845 cum
2748 3795 2956 3866 dixisset
2986 3809 3004 3850 :
3045 3790 3170 3844 Non
3205 3790 3340 3866 quod
3374 3790 3494 3864 jam

1897 3863 2174 3935 acceperim
2201 3875 2286 3918 aut
2311 3867 2425 3933 jam
2449 3868 2697 3935 perfectus
2724 3865 2840 3926 sint,
2869 3878 3055 3933 sequar
3077 3873 3265 3928 autem,
3289 3863 3334 3916 si
3356 3863 3496 3917 com-

1894 3934 2205 4007 prehendam
2231 3982 2241 3993 .
2274 3934 2454 3990 statim
2489 3936 2700 4002 subjecit
2727 3951 2744 3988 :
2779 3935 3096 4007 Quicumque
3125 3950 3248 4007 ergo
3280 3938 3494 4007 perfecti

1893 4001 2087 4070 sumus.
2117 4001 2320 4078 Duplex
2340 4009 2470 4060 enim
2494 4001 2753 4078 estforma
2777 4001 3491 4078 perfectionis,ialiantedios,

1894 4081 1996 4133 alia
2021 4073 2448 4152 plenos-numeros
2474 4073 2684 4152 habens;
2702 4079 2804 4152 alia
2828 4073 2926 4140 hic,
2949 4076 3053 4152 alia
3073 4076 3175 4140 ibi;
3197 4073 3297 4152 alia
3312 4073 3492 4152 ξείνης

1894 4146 2250 4208 άμηιῚιοηιίηὶε
2275 4149 2681 4216 possibilitatem,
2705 4150 2810 4202 alia
2834 4148 3108 4200 secundum
3129 4146 3492 4219 perfectionem

1893 4226 2144 4291 futuram.
2173 4223 2307 4277 Deus
2329 4233 2496 4277 autem
2515 4222 2689 4292 justus
2712 4235 2801 4292 per
2829 4219 3240 4292 onmia,_sapi_ens
3261 4234 3350 4292 per
3380 4236 3491 4272 om-

1893 4288 1998 4360 nia,
2023 4299 2277 4366 prrfcctus
2307 4312 2394 4364 per
2423 4288 2614 4366 onutia.
2639 4288 3199 4366 ldt7tn_fere__ltabct_D.
3227 4288 3491 4366 llieronyf

1893 4359 2415 4424 mns'lil).tatlversus
2429 4365 2739 4434 Pelagianos
2754 4359 2968 4434 (Cap.5)
2984 4361 3225 4434 eumdem
3243 4359 3490 4434 Apostoli

1893 4435 2064 4508 locum
2090 4450 2420 4506 pertraCIans
2445 4433 2558 4488 :EJ:
2581 4451 2703 4508 quo,
2726 4432 2816 4508 ait,
2843 4432 3248 4508 perspicuumest
3272 4432 3402 4508 duas
3430 4435 3487 4488 in

1893 4502 2172 4580 Scripttiris
2198 4517 2382 4580 sanctis
2410 4523 2515 4560 esse
2541 4502 2893 4580 perfectiones,
2922 4502 3413 4580 duasquejustitias,
3435 4511 3487 4560 et

1889 4573 2020 4630 duos
2038 4590 2262 4633 umores.
2290 4578 2519 4632 Primam
2541 4573 2932 4647 perfectionem,
2966 4581 3010 4647 et
3035 4573 3486 4647 incomparabilem

1887 4649 2166 4720 veritatem,
2184 4639 2814 4720 pet'fectatnqttejus'titiam
2837 4639 2932 4720 Dei
2949 4640 3212 4720 virtutibus
3237 4653 3486 4720 coaptan-

1890 4719 2028 4772 dam.
2056 4713 2344 4780 Secundam
2370 4713 2538 4786 autem
2555 4713 2668 4786 quae
2692 4716 2929 4788 competit
2964 4723 3152 4788 nostra!
3180 4713 3479 4788 fragilitati,

1877 4793 2034 4862 juxta
2058 4779 2188 4843 illud
2208 4792 2342 4859 quod
2369 4781 2424 4844 in.
2447 4779 2668 4848 Psalmis
2691 4779 2874 4862 dicitur
2895 4779 2922 4862 ς’
2958 4783 3076 4838 Non
3097 4779 3483 4862 justi/imbitur

1881 4855 1936 4914 in
1957 4855 2229 4934 conspectu
2257 4873 2341 4920 tuo
2372 4862 2534 4927 omnis
2561 4864 2727 4928 vivens
2753 4855 2924 4934 (Psal.
2950 4858 3134 4934 est"),
3169 4857 3238 4934 ad
3265 4861 3483 4934 eamju-

1884 4927 2096 4991 stitiant'.
2123 4949 2234 4998 qua:
2264 4951 2363 4998 non
2386 4927 2792 5003 comparatione,
2823 4931 2926 5003 sed,
2944 4927 3037 4980 Dei
3057 4929 3268 4984 scientia
3290 4929 3481 5003 dicitur

1887 5019 1991 5085 esse
2011 5008 2251 5072 perfecta.
2281 4998 2516 5085 Denique
2539 5001 2824 5085 Cassianus
2852 5002 2985 5052 intra
3009 4998 3481 5085 exlsetttentiaa‘b-

1887 5074 1993 5128 bati
2011 5068 2020 5072 ⁷
2040 5068 2402 5138 tiliam-munis
2429 5068 2494 5140 ita
2520 5075 2587 5140 de
2611 5073 2936 5142 perfectione
2958 5069 3150 5142 scribit
3170 5068 3321 5142 (Cap.
3347 5069 3475 5140 12):

1889 5144 1994 5197 Pro
2007 5154 2141 5202 statu
2158 5157 2305 5212 atque
2324 5162 2560 5208 mensura
2580 5140 2980 5214 uniuscujusque
2999 5140 3186 5214 mentis
3203 5140 3478 5214 Scriptura

1886 5217 2058 5282 divina
2087 5217 2154 5270 ad
2186 5210 2406 5282 diversos
2437 5210 2804 5284 perfectionuni
2835 5216 3026 5282 gratius
3066 5210 3270 5284 arbitrii
3310 5210 3476 5284 nostri

1883 5298 2123 5357 provocat
2151 5281 2471 5352 libertatem;
2500 5281 2590 5339 n'ec
2617 5288 2748 5350 enim
2780 5281 2975 5357 poterat
3004 5281 3276 5357 uniformis
3308 5282 3476 5334 omni-

1883 5351 1976 5412 bus
2008 5351 2327 5429 perfectionis
2355 5351 2545 5412 corona
2571 5351 2818 5428 proponi;
2849 5354 2968 5425 quia
2995 5369 3084 5429 nec
3112 5351 3340 5429 omnium
3368 5367 3474 5420 una

1886 5423 2061 5495 virtus,
2097 5423 2197 5482 una
2228 5430 2482 5491 voluntas,
2515 5423 2604 5481 aut
2631 5423 2796 5496 fervor
2819 5423 2892 5479 est
2914 5441 2932 5478 .'
2961 5431 3008 5477 cl
3031 5423 3222 5496 idcirco
3243 5425 3473 5496 ipsarum

1881 5506 2105 5568 quodam
2129 5499 2278 5552 mde
2308 5495 2676 5572 perfectionnnt
2707 5497 2929 5572 diversos
2953 5495 3156 5572 ordines
3175 5534 3188 5555 ,
3208 5495 3472 5572 diversas-

1882 5565 1979 5638 que
2029 5565 2492 5628 ntensuras'sermo
2540 5571 2736 5621 divinus
2780 5565 3018 5619 instituit.
3059 5565 3218 5638 Quod
3261 5567 3334 5638 ita
3362 5578 3472 5634 esse

1885 5632 2305 5712 Evangelicarum
2335 5657 2531 5712 quoque
2558 5638 2925 5712 (Leatt'tudiuttm
2963 5637 3176 5712 varietas
3213 5632 3471 5712 egidenter

1884 5705 2126 5782 ostendit,
2157 5723 2260 5770 etc.
2289 5705 2457 5784 (Vide.
2479 5711 2539 5767 S.
2568 5709 2755 5768 Titum.
2785 5709 2902 5786 2-2,
2929 5725 2980 5781 ᾳ.
3015 5708 3139 5777 184,
3158 5722 3208 5761 a.
3237 5705 3321 5778 2).
