4048 6198
162 290 271 356 88⁸1

1181 287 1522 351 οοιιΑτιο
1560 288 1649 352 XI.
1684 325 1755 340 —
1790 297 1879 356 DE
1920 297 2422 361 PERFECTIONE.

161 427 385 470 suarum
416 410 839 478 conscientiam,
879 408 953 466 illi
992 409 1329 480 potissimum
1373 410 1587 465 studere
1629 424 1759 464 con-
1785 416 1835 477 Α
1864 424 2083 484 propter
2111 416 2237 471 boni
2266 417 2433 485 ipsius
2474 414 2828 473 delectabitur
2850 416 3230 487 'voluntatem;
3262 437 3325 480 ac
3361 430 3443 484 si.

162 507 360 570 tendit,
389 523 553 579 quem
580 507 742 562 etiam
772 505 1173 573 circmuveuiri,
1204 520 1301 562 nec
1324 504 1455 572 LIII,
1490 520 1588 561 nec
1628 505 1754 561 sub-

164 603 445 672 terfugere
471 616 530 657 se
557 615 715 673 posse
742 603 1037 673 cognoscit.

793 715 1018 771 CAPUT
1057 714 1127 770 Χ.

168 805 330 873 Quod
355 811 600 879 perfectio
633 807 997 879 charitatissit
1021 824 1115 875 pro
1142 806 1364 860 inimicis
1390 822 1558 871 orare,
1588 817 1753 878 etquo

369 880 563 932 indicio
588 881 763 932 anima
792 878 1008 931 necdum
1030 890 1251 947 purgata
1280 892 1542 933 noscatur.

236 972 410 1040 Quem
441 986 641 1027 statum
668 973 713 1026 si
732 973 848 1041 quis
874 972 938 1026 de
965 972 1235 1040 adjutorio
1265 972 1380 1038 Dei,
1408 988 1515 1026 non
1538 973 1608 1027 de
1633 979 1753 1027 stu-

162 1066 237 1122 dii
298 1066 385 1121 Sni
440 1066 627 1122 labore
663 1080 1010 1135 praesumens,
1045 1076 1302 1121 meruerit
1343 1066 1651 1135 possidere.
1685 1066 1754 1122 de

161 1158 486 1216 conditione
515 1160 697 1215 servili
737 1159 815 1230 (in
857 1175 958 1231 qua
990 1161 1153 1215 timor
1182 1167 1290 1228 cst)
1342 1171 1393 1216 et
1424 1161 1754 1216 mercenaria

162 1256 282 1322 spei
314 1254 611 1322 cupiditate
659 1254 736 1326 (in
782 1271 883 1324 qua
916 1272 1020 1309 non
1061 1265 1169 1309 tam
1222 1256 1436 1310 boliitas
1477 1257 1755 1323 largientis

162 1359 326 1414 quam
353 1346 632 1415 praemium
674 1347 1045 1401 retributionis
1071 1344 1364 1416 expetitur)
1409 1346 1462 1400 in
1509 1348 1754 1416 adoptio-

162 1450 285 1491 nem
335 1437 556 1505 incipiet
595 1440 828 1492 transire
868 1437 1123 1503 liliormn,
1162 1437 1251 1491 ubi
1283 1437 1392 1507 jam
1425 1454 1530 1491 non
1572 1441 1749 1505 timor,

162 1542 265 1583 non
293 1527 593 1597 cupiditas,
625 1531 721 1585 sed
754 1530 842 1585 illa
874 1530 1138 1593 cliuritas,
1171 1545 1293 1599 quae
1327 1546 1616 1599 numquam
1660 1547 1752 1586 ca-

160 1618 254 1687 dit,
275 1619 814 1688 jugiterperseverat
848 1621 891 1693 (l
923 1619 1045 1675 Cor.
1074 1625 1210 1691 xm).
1248 1623 1325 1677 lle
1351 1640 1457 1694 quo
1488 1625 1680 1679 timore
1701 1633 1754 1681 et

160 1709 424 1768 tharitate
459 1713 729 1783 quosdam
774 1713 1064 1783 increpans
1094 1714 1371 1783 Dominus,
1403 1716 1529 1785 quid
1558 1718 1753 1785 cuique

1859 507 2043 561 milem
2068 506 2469 577 quodammodo
2498 508 2783 578 possidens
2823 507 3097 577 patientia:
3119 504 3183 565 ac
3206 512 3443 573 lenitatis

1857 596 2133 663 allectum,
2177 598 2343 654 nullis
2385 600 2642 670 deinceps
2690 600 3021 667 peccantium
3052 601 3198 656 vitiis
3246 603 3447 661 irasce-

1859 698 1968 756 tur,
2003 691 2097 743 sed
2122 691 2335 744 veniam
2370 691 2567 759 p0tius,
2609 691 3012 746 inﬁrmitatibus
3034 708 3224 749 eorum
3246 696 3447 751 modo-

1857 780 1976 835 lens
2003 793 2165 851 atque
2214 785 2572 852 compatiens,
2625 783 2951 850 implorabit,
2982 786 3338 842 reminiscens
3383 803 3443 844 se

1860 873 2061 927 tamdiu
2110 872 2369 927 similium
2419 876 2730 943 passionum
2776 877 3008 929 stimulis
3051 876 3443 949 impugnatum,

1857 966 2031 1022 donec
2056 966 2404 1021 miseratione
2433 965 2646 1021 Domini
2679 968 3000 1035 salvaretur,
3031 986 3132 1025 nec
3178 987 3277 1027 suo
3318 990 3445 1030 eru-

1858 1066 1970 1114 tum
2010 1056 2188 1112 studio
2216 1059 2285 1111 ali
2326 1058 2726 1128 iinpttgnatione
2754 1060 2981 1125 carnali,
3011 1061 3105 1115 sed
3137 1061 3230 1117 Dei
3263 1075 3445 1132 prote-

1856 1153 2038 1206 ctione
2066 1152 2351 1215 salvatum,
2383 1163 2437 1204 ut
2476 1166 2581 1205 non
2612 1151 2968 1219 iracundiam,
3000 1153 3096 1207 sed
3128 1155 3441 1209 misericor-

1858 1242 2000 1297 diam
2044 1243 2352 1297 errantibus
2419 1242 2746 1312 intelligeret
2795 1245 3233 1315 impendentlam,
3288 1246 3440 1303 illum

1856 1336 2182 1391 versiculum
2211 1335 2277 1389 ad
2319 1338 2483 1389 Deum
2514 1350 2635 1390 cum
2667 1334 2815 1391 omni
2844 1336 3025 1391 cordis
3054 1338 3444 1407 tranquillitate

1858 1430 2157 1485 decantans
2187 1449 2198 1480 :
2230 1428 2306 1483 Tu
2348 1430 2589 1499 dirupisti
2618 1429 2821 1483 vincula
2852 1447 2992 1495 mea,
3021 1432 3111 1485 tibi
3139 1433 3442 1502 sacrificabo

1855 1521 2075 1576 hostiam
2098 1521 2268 1576 laudis
2293 1520 2410 1592 (Ps.
2445 1529 2595 1590 cxv).
2629 1524 2714 1587 Et,
2753 1522 2871 1577 Nisi
2894 1524 3016 1594 quia
3052 1522 3307 1579 Dominus
3337 1526 3440 1579 ad-

1846 1616 1981 1685 juvit
2007 1631 2103 1679 me,
2122 1615 2448 1682 paulominus
2471 1614 2787 1669 habitaverat
2816 1618 2868 1667 in
2898 1614 3103 1685 inferno
3132 1617 3306 1671 anima
3329 1635 3441 1673 mea

1860 1707 2029 1778 (Psal.
2058 1714 2231 1776 scut).
2263 1708 2328 1762 Et
2350 1707 2404 1762 in
2437 1710 2537 1762 hac
2561 1708 2758 1763 mentis
2785 1707 3087 1764 humilitate
3112 1712 3435 1778 COIISiStenS,

158 1820 409 1875 persona:
444 1807 789 1872 conveniret,
836 1807 1093 1863 ostendit.
1129 1817 1155 1845 ι
1194 1807 1363 1862 Filius
1402 1811 1620 1863 honorat
1649 1826 1743 1879 pa-
1779 1820 1824 1880 Β
1855 1803 2050 1872 poterit
2091 1803 2253 1856 etiam
2286 1799 2313 1839 δ
2348 1801 2728 1872 Ενειιιεειίουιιι
2778 1802 2909 1855 illud
2957 1803 3304 1871 perlectionis
3344 1819 3441 1859 ex-

157 1908 317 1958 trem.
348 1909 397 1954 et
419 1916 592 1954 servus
620 1900 881 1954 dominum
911 1919 1061 1955 suum
1102 1904 1261 1957 timet.
1308 1903 1372 1956 Et
1401 1905 1446 1957 si
1471 1903 1630 1958 Pater
1655 1920 1748 1975 ego

154 2007 293 2053 sum,
330 1991 417 2045 ubi
441 2002 517 2046 est
547 1994 712 2046 honor
733 1993 909 2047 meus?
938 1992 1007 2047 Et
1034 1996 1079 2048 si
1106 1992 1355 2049 Dominus
1382 2011 1476 2065 ego
1503 2012 1636 2060 sum,
1661 1995 1750 2048 ubi

155 2094 231 2140 est
253 2085 410 2141 timor
437 2101 578 2139 meus
602 2083 857 2158 (Malach.
891 2086 972 2157 t)?
1000 2087 1231 2142 Necesse
1252 2098 1335 2142 est
1359 2089 1503 2142 enim
1532 2103 1653 2141 eum
1680 2087 1746 2142 ti-

152 2191 305 2232 merc
328 2177 421 2247 qui
460 2191 651 2231 servus
671 2188 787 2242 e5t;
824 2177 946 2246 quia
978 2180 1139 2231 sciens
1181 2180 1500 2233 voluntatem
1546 2178 1746 2233 domini

151 2268 260 2333 sui,
290 2269 338 2323 si
367 2284 473 2322 non
505 2270 706 2339 fecerit,
738 2268 890 2339 digne
912 2269 1179 2339 vapulabit
1205 2270 1370 2341 plagis
1398 2270 1741 2343 multis(Luc.

149 2362 283 2432 xu).
316 2359 422 2415 Per
448 2363 586 2415 hanc
628 2362 807 2429 itaque
850 2361 1171 2417 charitatem
1202 2365 1444 2434 quisquis
1468 2364 1533 2416 ad
1560 2364 1747 2433 imagi-

148 2466 284 2508 nem
331 2450 426 2509 Dei
482 2452 999 2525 similitudinemque
1048 2457 1402 2525 pervenerit,
1457 2455 1599 2511 bono
1632 2456 1746 2526 jam

1856 1897 2002 1965 plere
2032 1896 2342 1948 mandatum
2376 1912 2389 1948 :
2428 1894 2637 1967 Ditigite
2661 1894 2896 1948 inimicos
2921 1904 3133 1959 vestros,
3161 1908 3206 1949 et
3235 1895 3442 1967 benefa-

1854 1990 1950 2042 cite
1987 1988 2068 2041 his
2098 1989 2185 2058 qui
2213 1988 2433 2042 oderunt
2466 2005 2571 2053 vos,
2627 1998 2673 2042 et
2715 1998 2858 2042 orate
2895 2006 2988 2059 pro
3020 1989 3441 2061 persequentibus

1851 2093 1900 2137 et
1931 2083 2363 2137 calumniantibus
2390 2098 2476 2135 vos
2501 2082 2651 2152 (Luc.
2687 2081 2793 2153 vr);
2826 2094 2877 2137 et
2897 2083 2969 2136 ita
2996 2084 3018 2110 "'
3047 2084 3114 2136 ad
3139 2082 3266 2137 illud
3303 2098 3437 2152 prte-

1851 2194 2015 2233 miuui
2042 2178 2184 2248 quod
2211 2177 2572 2245 sulijungitur,
2611 2177 2803 2246 poterit
2838 2176 3141 2245 pervenire,
3173 2193 3267 2246 per
3296 2176 3441 2244 quod

1853 2286 1959 2325 non
1990 2271 2163 2323 solum
2195 2270 2484 2337 imaginem
2526 2266 2619 2321 Dei
2660 2263 3142 2320 etsimilitudiuem
3190 2260 3443 2334 periera~

1854 2376 1992 2425 mus,
2039 2376 2227 2414 verum
2257 2359 2419 2412 etiam
2463 2357 2560 2411 lilii
2593 2358 2685 2412 Dei
2736 2370 3154 2425 nuncupemur:
3209 2355 3277 2411 Ut
3302 2357 3439 2424 sitis,

1854 2454 2048 2523 inquit,
2074 2452 2172 2521 ﬁlii
2208 2450 2381 2504 Patris
2406 2450 2557 2504 vestri
2603 2449 2691 2519 qui
2742 2448 2800 2501 in
2842 2446 2980 2502 oculis
3021 2454 3117 2514 est,
3158 2452 3251 2518 qui
3277 2445 3440 2501 solem

1226 2593 1487 2649 ALAIiDl
1524 2593 1656 2650 GAZ
1669 2592 1760 2648 ΕΙ
1798 2589 2366 2648 COMMENTARIUS.

150 2710 279 2757 rant
302 2702 504 2758 ethnici
527 2703 822 2768 scriptores
849 2703 1072 2759 :Cicero
1090 2703 1182 2758 lib.
1207 2720 1243 2759 ιι
1275 2705 1700 2761 Tusculanarum
1724 2722 1737 2759 :

152 2773 401 2838 Nullum,
430 2784 525 2833 ait.
550 2775 801 2828 theatrum
830 2776 1001 2829 virtuti
1032 2776 1341 2829 conscientia
1369 2778 1559 2843 invius.
1593 2782 1653 2829 tt
1689 2778 1738 2830 in

148 2844 407 2900 Catone:
464 2844 805 2918 Conscientia
838 2846 961 2900 bene
1022 2862 1150 2900 acut:
1200 2858 1315 2900 vute
1365 2848 1739 2918 multorumque

152 2920 543 2988 benefactorum
586 2917 964 2988 jucundissima
994 2930 1082 2971 est.
1146 2918 1208 2971 Et
1259 2920 1309 2972 in
1355 2932 1597 2975 oratione
1646 2933 1740 2984 pro

146 2986 408 3042 Cluentio
443 3005 456 3041 :
491 2988 549 3041 ei
578 2986 886 3042 optimorum
920 2988 1255 3042 consiliorum
1290 3000 1441 3059 atque
1487 2989 1739 3058 factorum

152 3061 304 3113 testis
335 3060 387 3110 in
427 3059 562 3111 omni
599 3060 699 3112 vita
748 3060 1057 3113 conscientia
1097 3059 1271 3124 fuerit,
1315 3061 1425 3114 sine
1465 3060 1575 3113 ullo
1607 3072 1738 3113 metu

1845 2712 2027 2760 tatem.
2058 2703 2151 2759 sed
2189 2720 2295 2758 non
2326 2702 2662 2758 inlallibilem
2691 2702 3099 2759 certitudinem.
3128 2702 3244 2759 Non
3285 2704 3433 2762 enim

1846 2776 2023 2830 solum
2059 2775 2302 2829 laetamur
2341 2784 2393 2827 et
2430 2776 2728 2844 gloriamur
2755 2775 2823 2829 de
2852 2776 2913 2828 iis
2941 2776 3103 2831 rebus
3130 2790 3267 2844 quas
3293 2779 3435 2833 certi

1844 2861 2031 2899 sunius
2077 2860 2174 2899 nos
2212 2846 2429 2899 habere.
2460 2848 2541 2897 vel
2596 2845 2909 2910 lialiitnros;
2941 2847 3035 2901 sed
3082 2848 3244 2900 etiam
3275 2850 3342 2901 de
3373 2850 3440 2905 iis

1844 2932 1977 2984 quas
2002 2916 2086 2969 vel
2133 2931 2230 2969 nos
2263 2916 2465 2969 habere
2494 2917 2837 2976 confidimus.
2870 2918 2955 2971 vel
3006 2916 3285 2973 habituros
3310 2934 3435 2976 esse

1844 3001 2146 3054 Speramus,
2191 2986 2440 3056 quamvis
2479 3002 2584 3040 non
2615 2989 2731 3041 sine
2779 2991 2975 3041 timore
3004 3002 3097 3042 aut
3146 2988 3441 3047 formidine

1846 3058 1914 3113 de
1942 3067 2218 3125 opposito,
2251 3072 2302 3111 ut
2336 3058 2495 3128 vulgo
2516 3057 2731 3113 dicitur.
2765 3058 2918 3114 Unde
2938 3069 2992 3113 et
3020 3060 3224 3122 psalmo
3247 3075 3441 3116 secun-

146 3146 359 3183 summa
389 3145 501 3182 rum
530 3129 791 3184 honestate
822 3131 1063 3184 vivemus.
1093 3114 1300 3184 smn-(5;.
1332 3146 1419 3185 ei».
1454 3130 1524 3186 45
1560 3150 1571 3182 ;
1604 3132 1741 3196 Quid
1769 3114 1814 3177 C
1847 3131 1913 3181 du
1940 3114 2486 3195 juliemur'emtltaie
2516 3145 2636 3183 cum
2663 3140 2923 3184 tremore.
2951 3114 3084 3185 Vide
3113 3114 3264 3200 plura
3296 3114 3438 3199 apud

146 3202 369 3273 prodest
388 3203 664 3255 recondere
711 3218 784 3265 se,
807 3213 854 3255 et
885 3200 1061 3255 oculos
1108 3201 1370 3273 hominum
1400 3219 1647 3273 auresque
1670 3204 1745 3256 vi-

149 3268 307 3326 tare?
330 3268 476 3325 Bona
498 3273 809 3327 conscientia
848 3277 1047 3328 turbam
1077 3272 1313 3334 advocat,
1341 3276 1476 3326 mala
1501 3268 1651 3328 etiam
1689 3275 1742 3328 in

146 3342 439 3397 solitudine
491 3348 648 3397 anxia
695 3356 842 3414 atque
870 3342 1090 3398 sollcita
1136 3354 1229 3397 est.
1267 3346 1324 3397 bi
1358 3346 1572 3400 hanesta
1625 3354 1745 3399 sunt

148 3429 277 3484 qua
308 3415 457 3483 facis,
506 3430 678 3468 orunes
697 3430 897 3477 sciant;
944 3419 985 3468 si
1014 3414 1208 3479 turpia,
1249 3418 1372 3483 quid
1398 3419 1552 3481 refert
1583 3420 1743 3471 nemi-

148 3500 280 3541 nem
305 3500 463 3546 scire.
504 3500 619 3539 cum
653 3498 703 3539 tu
734 3487 903 3540 scias?
936 3486 980 3538 Ο
1017 3496 1063 3538 te
1094 3487 1439 3544 miserumfsi
1462 3490 1742 3543 contemnis

147 3557 519 3632 hunetestem.
551 3557 823 3613 Accedant
848 3568 901 3613 et
934 3568 1124 3627 poetic.
1160 3557 1411 3617 Horatius
1442 3563 1497 3616 in
1532 3563 1745 3632 Epistu-

145 3626 215 3684 lis
254 3625 442 3699 (Epist.
477 3629 518 3697 ι)
543 3645 556 3680 :

686 3721 774 3772 His
793 3736 962 3773 murus
983 3724 1203 3775 aheneus
1229 3733 1351 3785 esto,

283 3779 361 3829 Nil
384 3783 604 3832 conscire
631 3784 745 3845 sibi,
770 3786 898 3834 nulla
926 3787 1194 3848 patit‘SCt‘l'e
1209 3779 1368 3850 culpa.

148 3884 219 3940 At
258 3883 325 3939 de
364 3886 503 3941 mala
526 3887 854 3941 conscientia
887 3888 1157 3945 iuvenalis
1188 3893 1349 3946 satira
1376 3889 1411 3945 3
1442 3909 1454 3945 :

280 3996 522 4067 Extemplo
545 3998 884 4067 quodcumque
901 4002 1024 4052 malo
1042 4005 1376 4067 committitur,
1401 4005 1494 4067 ipsi

281 4059 521 4131 Displicet
544 4062 726 4110 auctori
754 4075 765 4110 :
789 4059 936 4131 prima
970 4072 1049 4131 est.
1065 4066 1171 4116 haec
1194 4068 1328 4130 ultio,
1349 4059 1475 4131 quod
1499 4077 1556 4116 se

280 4120 477 4181 Judice,
501 4136 649 4171 nemo
668 4120 849 4174 nocens
873 4127 1153 4178 absolvitur.

154 4247 228 4303 Et
256 4244 455 4300 CiCero
481 4262 577 4315 pro
619 4246 813 4326 Roscio
844 4250 1096 4305 Amerino
1127 4270 1139 4305 :
1181 4252 1289 4308 Sua
1317 4271 1565 4326 quemque
1596 4256 1744 4326 fraus

154 4329 202 4399 et
224 4333 356 4371 suus
379 4332 521 4399 error
548 4321 766 4399 nitidiore
786 4332 970 4399 vexat;
995 4339 1144 4399 suum
1174 4321 1420 4395 quemque
1442 4321 1606 4381 areius
1634 4330 1746 4399 agi-

156 4398 253 4466 tat,
292 4391 619 4466 amentiaque
651 4391 843 4466 afﬁcit;
885 4409 993 4446 sum
1034 4391 1194 4450 multa
1235 4391 1567 4466 cogitaziones
1623 4391 1746 4452 con-

154 4459 479 4536 scientiaque
502 4462 659 4536 am’mi
690 4459 878 4536 [errent
902 4480 916 4515 :
957 4466 1037 4536 Ine
1063 4476 1177 4519 sunt
1201 4459 1368 4536 impiis
1403 4471 1626 4525 assidua:
1653 4471 1747 4524 do-

158 4532 481 4596 mes-tiaeque
502 4531 672 4601 furia.
709 4535 832 4587 llaec
854 4534 929 4588 illi
949 4534 1017 4590 de
1042 4531 1389 4595 conscientia.
1409 4541 1665 4595 bonarum
1689 4553 1743 4598 et

159 4601 423 4682 malarum
452 4604 721 4682 actionum
750 4615 805 4657 et
843 4606 1226 4682 cogitationum
1256 4611 1354 4664 arb
1377 4620 1478 4676 tra,
1514 4621 1650 4667 teste
1690 4623 1746 4669 et

155 4673 360 4752 indice,
383 4687 501 4737 qua:
529 4673 719 4752 {illane
750 4682 1059 4752 συγ-τήρησις
1080 4681 1305 4752 dicitur;
1330 4673 1474 4749 quae,
1502 4694 1556 4736 ιιι
1576 4684 1649 4737 ait
1681 4686 1741 4739 D.

159 4740 528 4823 iiieroonymus
555 4742 645 4811 (In
678 4744 861 4800 Ezech.
891 4740 1005 4818 cap.
1041 4759 1105 4816 ι),
1143 4740 1385 4807 Stiatilla
1425 4740 1747 4809 conscientia:

159 4811 216 4896 in
240 4808 386 4864 Cain
405 4808 611 4896 quoque
632 4824 850 4896 pectore,
884 4808 1154 4896 postquam
1185 4824 1374 4887 eiectus
1401 4835 1473 4879 est
1504 4828 1567 4878 de
1592 4808 1747 4896 para-

162 4884 297 4964 disc,
346 4897 451 4964 non
481 4887 844 4964 exstinguitur,
884 4884 944 4942 ἐι
970 4884 1072 4957 qua
1107 4884 1226 4946 victi
1273 4884 1636 4963 voluptatibus,
1668 4900 1748 4953 vel

163 4952 360 5022 furore.
392 4954 611 5023 ipsaque
634 4952 898 5038 interdum
919 4952 1136 5016 rationis
1162 4965 1361 5028 decepti
1385 4952 1744 5038 similitudine,

163 5038 252 5104 nos
279 5039 493 5106 peccare
515 5029 785 5081 sentimus.
815 5029 1082 5106 C:et_erum
1110 5038 1462 5099 con~cicntia,
1489 5038 1612 5091 licet
1636 5029 1747 5106 ipsa

166 5098 243 5175 sui
277 5098 450 5160 ipsius
480 5112 808 5175 suarttinque
832 5101 1106 5175 actionum
1138 5107 1337 5160 arbitra
1361 5119 1411 5160 et
1434 5098 1620 5175 iudex,
1657 5098 1746 5163 ita-

169 5162 248 5215 liet
280 5176 455 5241 tanien
477 5162 1060 5241 superioremjudicent
1083 5185 1136 5227 et
1157 5176 1315 5229 arbtti
1332 5162 1452 5241 um:
1468 5193 1566 5233 nec
1586 5162 1747 5234 alium

166 5247 325 5313 (ιιι-ειη
364 5235 761 5313 ῡιιιιιιιὶρδιιιιι,
802 5235 894 5313 qui
927 5253 1063 5297 novit
1094 5247 1247 5298 corda
1277 5235 1559 5313 hominum,
1589 5261 1635 5302 et
1664 5253 1749 5304 in-

170 5304 551 5387 telligit-omnes
578 5304 939 5387 Lcogitationes
973 5329 1172 5370 eorum.
1207 5316 1358 5372 Untle
1407 5304 1701 5378 Αι-οέιοΙιιε
1731 5317 1750 5375 l

166 5376 407 5458 ᾳυςηηιι.
443 5392 541 5458 Ivi
569 5376 720 5432 Nihil
743 5381 896 5445 mihi,
930 5386 1123 5455 inquit,
1149 5389 1382 5441 conscius
1404 5376 1551 5455 sum;
1581 5400 1750 5445 tamen

166 5445 341 5525 irrhoc
367 5449 690 5525 jusLiﬁcatus
715 5468 819 5525 non
844 5470 977 5510 sum.
1002 5445 1264 5522 Quienim
1295 5460 1491 5524 iudicat
1519 5445 1616 5517 me.
1646 5461 1754 5515 Do-

168 5519 334 5591 minus
347 5529 443 5572 est.
461 5519 528 5574 Et
549 5524 883 5591 Augustinus
904 5519 1071 5581 serio.
1096 5529 1165 5582 23
1192 5531 1259 5582 de
1283 5519 1374 5582 Vel
1393 5534 1471 5582 liis
1503 5533 1710 5584 υοιῐιιίιιι
1736 5552 1747 5585 :

169 5580 436 5671 Fortasse,
464 5580 664 5671 inquit:
695 5604 753 5671 ιιι
796 5598 1160 5671 nihilinvenis
1188 5603 1239 5652 in
1273 5603 1581 5654 conscientia
1625 5615 1752 5668 tua;

169 5662 353 5741 invenit
376 5662 467 5741 ille
494 5664 818 5741 qui__melius
868 5669 1021 5741 ridet.
1055 5671 1128 5723 Ex
1169 5673 1360 5741 quibus
1404 5662 1753 5739 intciliginius

168 5729 698 5809 testiinoniumjllud
737 5738 857 5809 sive
902 5739 1158 5809 judicium
1187 5729 1363 5796 'bouzc
1408 5729 1754 5798 conscientia:

170 5810 418 5869 magnam
446 5802 665 5875 quidem
693 5802 1150 5866 ati‘erre'la't-titiam
1179 5822 1233 5868 et
1262 5814 1424 5871 animi
1457 5814 1752 5885 tranquilli-

1852 3200 1910 3255 D.
1947 3200 2277 3256 Berttardum
2318 3200 2370 3255 in
2399 3200 2583 3255 libello
2612 3201 2704 3256 illo
2732 3216 2859 3256 vere
2886 3218 3052 3256 aureo
3082 3203 3151 3256 de
3190 3200 3437 3259 Interiuri

1850 3270 2037 3344 Domo.
2062 3286 2112 3327 et
2146 3274 2316 3327 altera
2356 3272 2425 3327 de
2464 3269 2809 3327 Cotisciettlia
2853 3274 3135 3344 inscripto.
3165 3274 3227 3329 Ει
3258 3274 3441 3330 conci-

1848 3342 1975 3397 lium
2006 3343 2375 3399 Tridentinum
2401 3360 2536 3398 sess.
2563 3344 2597 3399 6
2627 3359 2745 3414 rap.
2774 3346 2831 3403 9.

1919 3423 1945 3451 ³
1988 3416 2048 3469 ι).
2084 3416 2444 3487 Hieronyums
2473 3415 2526 3469 in
2576 3418 2719 3471 hunc
2767 3418 2942 3472 lorum
2992 3418 3271 3472 Malacliire
3320 3426 3441 3486 post

1848 3488 2013 3539 multa
2039 3498 2223 3540 notatu
2246 3486 2405 3539 diana
2442 3505 2453 3538 :
2486 3486 2643 3549 Deus,
2672 3490 2859 3555 inquit,
2893 3492 3058 3542 sciens
3084 3487 3432 3555 differentiam

1846 3556 1946 3623 ﬁlii
1975 3566 2021 3611 el
2044 3560 2191 3616 Servi.
2228 3575 2257 3607 a
2285 3557 2395 3623 ﬁlio
2425 3556 2665 3624 gloriam,
2689 3576 2721 3611 a
2768 3573 2913 3612 serto
2966 3561 3196 3611 timerent
3227 3561 3436 3625 expetit.

1846 3625 2170 3693 Principium
2193 3631 2332 3679 enim
2360 3630 2624 3692 sapientia:
2653 3629 2803 3681 timor
2833 3626 3059 3681 Domini.
3086 3626 3153 3682 Ut
3167 3629 3233 3682 de
3258 3632 3440 3683 timore

1846 3713 2104 3750 servorum
2132 3702 2197 3748 ad
2226 3695 2454 3763 ﬁliorum
2481 3697 2695 3763 gloriam
2723 3707 3059 3751 transeamus.

1918 3766 1945 3804 δ
1990 3767 2213 3819 υιιειξιὶυ
2243 3765 2583 3819 ιιιίιιείριιιηιιιι
2616 3767 2714 3818 alio
2741 3768 3009 3832 geiinralis
3034 3777 3086 3822 et
3109 3767 3434 3832 communis,

1846 3837 1948 3889 alia
1982 3837 2262 3899 ερθυὶιιιὶςς
2298 3835 2403 3905 illa
2432 3836 2713 3905 pracgepti,
2749 3838 2864 3889 tunc
2904 3837 3119 3892 consilii
3154 3849 3209 3893 et
3256 3841 3430 3905 pa-rle-

1846 3907 2063 3964 ctionis.
2094 3924 2143 3958 ui
2177 3906 2260 3959 hic
2306 3904 2520 3977 dicitur.
2556 3903 2819 3974 Praecepti
2848 3907 2989 3961 enim
3031 3918 3137 3974 est,
3180 3903 3435 3977 nequem

1850 3979 2125 4032 hominum
2144 3976 2491 4040 quantumvis
2510 3978 2664 4031 nobis
2680 3979 2952 4033 inimicum
2971 3981 3097 4033 odio
3116 3976 3436 4045 lialieainus,

1848 4050 1983 4103 nulli
2034 4052 2231 4103 malum
2280 4063 2377 4117 pro
2423 4049 2567 4103 malo
2619 4050 2929 4117 reddamus,
2966 4050 3099 4105 nulli
3143 4050 3435 4120 quidquam

1847 4130 2094 4183 aptemus
2137 4121 2281 4185 mali,
2318 4130 2373 4173 ut
2402 4136 2590 4175 omnes
2636 4121 2906 4184 homines,
2962 4123 3261 4189 praise-nim
3311 4136 3437 4175 vero

1846 4192 2222 4257 Lliristianos,
2274 4194 2511 4261 generali
2557 4192 2822 4247 cltaritate
2872 4192 3317 4261 εσιιηιιιεειιιιιιιιτ.
3380 4201 3437 4248 ιιι

1847 4265 2220 4319 communibus
2270 4264 2631 4327 orati-militis,
2682 4264 3079 4336 eleemosynis.
3132 4263 3434 4331 benelicds,

1848 4349 1967 4405 qua:
2000 4338 2051 4388 in
2078 4351 2267 4389 omnes
2295 4336 2449 4400 liuet,
2483 4350 2587 4389 non
2616 4336 2994 4397 excludam-is.
3037 4347 3095 4389 ut
3127 4342 3204 4392 eis
3243 4338 3437 4391 saltem

1850 4405 1904 4460 in
1927 4416 2166 4460 extrema
2196 4406 2510 4462 necessitate
2542 4420 2941 4461 succurramus.
2966 4407 3190 4462 Consilii
3215 4423 3345 4462 vero
3373 4417 3430 4460 et

1776 4499 1823 4557 ο
1853 4476 2221 4557 ρρτιθιιιὶυιιὶτ,
2255 4488 2311 4557 ut
2333 4479 2411 4531 eis
2434 4491 2584 4557 extra
2616 4480 2991 4557 necessitatem
3016 4479 3437 4557 ιιςιιιιιειςιηιιιιιε,

1850 4562 1907 4602 ιιι
1937 4563 2031 4601 eos
2054 4549 2365 4601 nominatim
2397 4551 2714 4612 salutemus,
2745 4560 2800 4601 ut
2822 4548 3163 4603 lamiliuriter
3190 4550 3434 4613 alloqua-

1852 4634 1991 4683 mur,
2023 4630 2078 4672 ιιι
2108 4618 2450 4687 peculiariter
2484 4634 2580 4685 pro
2600 4635 2677 4671 CH
2708 4634 2947 4680 oremus,
2979 4626 3037 4673 ut
3061 4617 3237 4673 modis
3262 4618 3437 4672 otnni-

1850 4687 1952 4744 bus
1979 4690 2172 4755 quibus
2202 4704 2488 4758 po~sumus
2518 4705 2613 4742 eos
2637 4688 2905 4756 jttvemus.

1925 4769 1948 4799 °
1989 4759 2053 4814 D.
2083 4761 2408 4828 Augustinus
2441 4761 2491 4811 iu
2523 4774 2774 4813 Set'tnotie
2803 4762 2991 4829 quinto
3021 4759 3088 4815 de
3110 4760 3166 4814 S.
3195 4759 3428 4825 Stepha-

1850 4847 1923 4885 no
1951 4833 2195 4897 apposite
2231 4832 2297 4884 ad
2341 4837 2482 4884 llUttc
2525 4832 2698 4883 locum
2730 4848 2742 4883 :
2772 4829 3018 4897 Grandis,
3062 4832 3255 4893 intuit,
3290 4833 3435 4884 labor

1852 4912 1923 4955 est
1964 4902 2198 4954 inimicos
2245 4902 2480 4969 diligere,
2513 4917 2605 4970 pro
2656 4904 3058 4971 persecutoribus
3100 4901 3435 4973 supplicare;

1853 4988 1946 5026 nec
1970 4988 2062 5043 nos
2090 4988 2358 5042 negamus,
2405 4973 2591 5041 fratres
2626 4987 2642 5023 :
2675 4988 2776 5024 non
2814 4990 3003 5039 parrus
3047 4975 3252 5043 quidem
3293 4974 3437 5027 labor

1854 5054 1924 5112 est
1952 5044 2003 5094 in
2033 5040 2129 5095 hoc
2158 5040 2373 5101 sa'rulo,
2406 5040 2494 5095 sed
2523 5042 2716 5112 grande
2740 5046 2835 5095 erit
2861 5040 3130 5111 prwmtum
3161 5046 3211 5095 in
3236 5046 3433 5111 futuro.

1857 5111 1960 5183 Per
1985 5130 2209 5165 amorem
2248 5115 2385 5167 enim
2428 5111 2648 5166 hominis
2681 5114 2901 5172 inimici.
2962 5113 3192 5183 efﬁcietis
3238 5115 3437 5166 amicus

1854 5182 1954 5236 Dei
1968 5184 2156 5243 :imnto
2181 5200 2281 5236 non
2301 5183 2697 5246 soluntamicus,
2728 5183 2816 5236 sed
2830 5186 2982 5238 etiam
2997 5182 3158 5252 filius,
3182 5188 3311 5234 sicut
3333 5186 3438 5252 ipse

1855 5254 2107 5307 Dominus
2137 5255 2300 5307 dicit:
2328 5254 2535 5324 Diligite
2560 5254 2791 5307 inimicos
2820 5266 3027 5317 vestros,
3060 5253 3339 5324 benefacite
3364 5255 3439 5305 his

1854 5326 1941 5394 qui
1963 5325 2177 5377 oderunt
2210 5340 2320 5384 vos.
2364 5336 2416 5377 ut
2440 5323 2557 5377 sitis
2593 5324 2686 5391 ﬁlii
2723 5324 2893 5377 Patris
2922 5323 3092 5389 vostri,
3114 5340 3198 5394 qut
3222 5326 3271 5375 in
3302 5326 3438 5374 cmlts

1855 5393 1924 5449 est
1956 5394 2171 5463 (.llatth.
2200 5398 2275 5462 ν).
2308 5395 2365 5449 Si
2392 5405 2438 5448 te
2472 5396 2660 5465 aliquis
2683 5394 2834 5448 homo
2872 5395 3008 5447 diras
3041 5396 3091 5446 in
3123 5393 3221 5445 hoc
3251 5395 3437 5445 sa'culo

1857 5470 2002 5518 vellet
2026 5468 2321 5533 adoptivum
2348 5466 2514 5533 ﬁlium
2543 5472 2729 5533 facere,
2754 5466 3007 5534 quomodo
3041 5465 3275 5527 servires,
3305 5479 3436 5531 quas

1857 5538 1901 5589 ei
1928 5537 2203 5608 dignitates
2241 5536 2589 5607 impendercs;
2616 5545 2660 5587 et
2686 5551 2974 5608 servorum,
3007 5536 3216 5605 ejusque
3237 5534 3435 5608 servitia

1858 5605 2161 5676 durissima,
2210 5618 2258 5662 et
2299 5605 2583 5676 aliquando
2627 5607 2777 5660 etiam
2825 5607 3118 5675 turpissima
3163 5605 3434 5676 sustineret

1856 5679 2106 5740 convicia,
2144 5687 2197 5731 ut
2227 5678 2295 5731 ad
2324 5675 2569 5730 caducam
2601 5688 2645 5730 et
2670 5677 2903 5746 fragilem
2938 5679 3050 5746 ejus
3077 5675 3433 5729 haereditatem

1859 5749 2184 5815 pervenires?
2207 5748 2357 5816 Quod
2376 5764 2497 5819 ergo
2526 5750 2613 5802 ille
2634 5752 2849 5802 sustinet
2874 5757 3082 5820 propter
3110 5747 3437 5802 substantiam

1858 5828 2133 5890 terrenam,
2168 5829 2222 5875 tu
2253 5822 2445 5877 sustine
2474 5832 2681 5891 propter
2708 5823 2861 5875 vitam
2893 5829 3157 5875 (sternam.
