4048 6198
546 220 659 292 859

1604 219 1884 280 JOANNIS
1920 216 2232 280 CASSIANI
2267 221 2765 293 COLLATIONESe

3722 219 3831 282 560

545 355 700 398 suum
729 336 855 404 oriri
896 335 1021 409 facit
1049 351 1203 406 super
1231 335 1388 392 bonos
1432 341 1480 389 et
1520 333 1704 399 malos,
1738 342 1787 388 et
1813 332 1946 406 pluit
1979 351 2132 408 super
2157 341 2209 402 Α
2236 336 2354 400 loco
2387 337 2669 408 prtedictus
2700 335 2996 409 Apostolus
3032 352 3100 404 ne
3129 337 3293 404 ἀι-πὶ
3323 337 3543 411 quidem
3593 307 3835 418 debere,

545 436 712 509 justas
738 438 786 486 et
812 430 1033 502 injustas
1078 427 1292 502 (Matth.
1324 425 1406 498 v).
1451 425 1620 494 Quem
1648 424 1900 484 aﬂ'ectum
1946 427 2133 484 beatus

545 525 782 580 Joannes
807 530 1112 578 assecutum
1144 535 1205 580 se
1233 534 1355 578 esse
1379 532 1737 589 cognoscens,
1763 519 1838 574 ait
1861 534 1876 576 :
1906 516 1972 572 Ut
1995 519 2134 587 ﬁdu-

543 617 678 674 ciam
703 617 982 672 habeamus
1011 616 1066 672 in
1089 613 1172 674 die
1207 612 1423 686 judicii,
1463 613 1587 684 quia
1627 612 1758 670 sicut
1789 621 1816 650 ⁸
1845 613 1934 672 ille
1963 622 2054 680 est,
2084 623 2132 668 et

543 728 635 767 nos
657 727 835 766 sumus
863 711 915 763 in
946 709 1043 766 hoc
1071 709 1262 764 mundo
1285 707 1326 780 (l
1347 711 1506 762 Joan.
1539 707 1636 780 tv).
1672 706 1726 762 In
1748 723 1855 779 quo
1882 710 2023 764 enim
2051 710 2132 764 in-

543 807 695 861 llrtna
726 814 782 860 et
811 804 1018 875 fragilis
1050 805 1284 860 humana
1322 816 1512 861 natura
1541 819 1685 870 esse,
1725 806 1862 860 sicut
1901 805 1992 862 ille
2021 812 2126 872 est,

542 907 744 970 potest,
786 900 886 954 nisi
915 913 975 954 se
1001 897 1055 954 in
1089 898 1261 954 honos
1289 907 1344 953 et
1372 897 1564 961 malos,
1584 897 1763 966 justos
1789 906 1842 952 et
1874 898 2125 967 injustas,

539 992 605 1046 ad
631 993 981 1048 imitationem
1006 991 1124 1056 Dei,
1151 990 1360 1060 placida
1383 1005 1598 1059 semper
1620 991 1704 1046 sui
1729 990 1910 1046 cordis
1940 1000 2129 1049 exteuq

542 1084 683 1139 derit
715 1083 1020 1140 churitate?
1051 1082 1118 1138 Ut
1145 1082 1345 1138 bonum
1376 1091 1600 1153 propter
1631 1082 1757 1138 boni
1790 1082 1958 1151 ipsius
2001 1097 2130 1152 ope-.-

539 1188 686 1233 re-tur
716 1177 990 1243 allectum,
1025 1177 1348 1245 perveniens
1377 1176 1444 1232 ad
1489 1176 1634 1234 illam
1665 1191 1847 1232 veram
1876 1175 2126 1244 adoptio-

539 1285 659 1324 nem
691 1269 920 1324 tlliorum
955 1269 1072 1333 Dei,
1103 1268 1172 1324 de
1216 1283 1317 1338 qua
1356 1267 1498 1323 idem
1521 1267 1709 1324 beatus
1738 1267 2026 1337 Apostolus
2055 1267 2127 1328 ita

539 1363 847 1432 pronuntiat
880 1379 892 1416 :
921 1361 948 1400 ιι
982 1360 1166 1416 Omnis
1196 1361 1283 1431 qui
1313 1369 1462 1416 notus
1490 1369 1564 1416 est
1606 1376 1670 1418 ea:
1697 1359 1826 1424 Deo,
1863 1369 2127 1428 peccatum

536 1471 637 1509 non
665 1455 811 1526 facit,
855 1456 977 1520 quia
1025 1471 1198 1510 semen
1243 1454 1406 1524 ipsius
1435 1454 1488 1506 in
1527 1468 1586 1506 eo
1612 1461 1706 1518 est,
1751 1463 1801 1508 et
1831 1468 1932 1508 non
1965 1461 2128 1520 potest

534 1565 766 1621 peccare,
805 1550 1048 1618 quoniam
1088 1564 1152 1601 ea:
1199 1546 1312 1601 Deo
1359 1555 1510 1602 notus
1535 1555 1610 1600 est
1643 1543 1685 1612 (Ι
1715 1541 1876 1598 Joan.
1920 1551 2022 1614 ut).
2060 1542 2127 1598 Et

534 1645 730 1700 iterum
765 1659 779 1697 :
812 1643 1020 1698 Scimus
1041 1643 1165 1711 quia
1195 1642 1363 1695 omnis
1384 1642 1472 1712 qui
1501 1649 1653 1694 natus
1681 1649 1753 1696 est
1782 1656 1847 1696 ex
1876 1637 2123 1704 Deo,non

2235 432 2696 500 pronuntiatzQui
2725 432 2841 500 scit,
2886 431 3156 504 inquiens,
3180 432 3393 502 fratrem
3423 447 3583 489 suum
3618 448 3836 504 pet:ch

2231 535 2495 598 peccatum
2517 542 2620 578 non
2648 525 2715 579 ad
2736 533 2972 588 mortem,
3003 533 3163 594 petat,
3192 534 3240 580 et
3261 525 3471 582 dabitur
3496 526 3543 580 ei
3571 531 3681 582 vita
3704 542 3832 601 pec-

2232 617 2371 670 canti
2393 632 2498 670 non
2526 617 2594 671 ad
2623 626 2856 671 mortem.
2887 614 2913 653 δ
2940 615 3035 672 Est
3052 626 3316 686 peccatum
3340 619 3408 670 ad
3449 628 3691 677 mortem.
3721 635 3829 676 non

2230 726 2326 782 pro
2363 707 2456 762 illo
2487 708 2600 762 dico
2642 716 2698 760 ut
2727 721 2867 777 roget
2909 709 3022 777 quis
3068 707 3278 778 (lbid.).
3311 705 3582 764 Caeterum
3613 710 3684 765 de
3719 711 3828 767 illis

2231 815 2349 870 qua:
2377 801 2791 869 pronuntiantur
2826 816 2933 855 non
2984 814 3107 856 esse
3137 800 3200 854 ad
3236 810 3492 864 mortem,
3543 815 3574 855 a
3625 804 3826 872 quibus

2230 893 2394 948 etiam
2428 891 2480 948 Ιιὶ
2505 893 2598 962 qui
2631 891 2858 954 ﬁdeliter
2879 889 3090 951 Christo
3116 891 3454 958 deserviunt,
3481 893 3830 962 quantalibet

2231 986 2555 1054 semetipsos
2615 983 3100 1054 circumspectione
3150 985 3492 1054 cusmdiant,
3553 987 3832 1041 immunes

2230 1092 2350 1138 esse
2379 1094 2485 1138 non
2508 1088 2750 1149 possunt,
2785 1079 2855 1140 ita
2886 1078 3087 1138 dicitur
3114 1097 3126 1132 :
3161 1078 3219 1142 Si
3252 1081 3541 1134 dixerimus
3572 1082 3827 1150 quoniam

2229 1183 2496 1243 peccatum
2522 1189 2624 1226 non
2666 1172 2927 1244 habemus,
2957 1173 3058 1240 ipsi
3079 1189 3171 1228 uos
3215 1173 3530 1238 seducimus,
3565 1174 3613 1228 ἐι
3638 1177 3826 1237 peritas

2228 1266 2282 1319 in
2310 1267 2453 1322 nobis
2474 1283 2574 1320 non
2603 1277 2674 1322 est
2705 1267 2746 1336 (ι
2786 1266 2946 1330 Joau.
2981 1267 3044 1336 t).
3079 1267 3146 1322 Et
3172 1276 3364 1322 iterum
3393 1286 3405 1319 :
3451 1266 3512 1324 Si
3537 1268 3826 1324 dixerimus

2226 1360 2349 1430 quia
2369 1375 2471 1414 non
2494 1361 2830 1429 peccavimus,
2874 1362 3172 1424 mendacem
3200 1362 3421 1430 facimus
3459 1377 3606 1428 eum,
3639 1371 3686 1418 et
3715 1379 3826 1418 ver-

2229 1452 2344 1505 bum
2374 1454 2482 1524 ejus
2509 1469 2611 1506 nan
2643 1462 2714 1508 est
2757 1454 2809 1512 in
2849 1453 2994 1512 nobis
3017 1450 3250 1525 (Ibid.).
3295 1452 3645 1523 [inpossibile
3671 1471 3823 1512 nam-

2228 1561 2334 1615 que
2356 1557 2437 1600 est
2454 1547 2750 1616 quemlibet
2775 1555 3082 1604 sanctorum
3108 1563 3212 1604 non
3233 1548 3284 1601 in
3303 1548 3422 1604 istis
3452 1550 3679 1606 minutis
3703 1566 3816 1624 qua

2228 1653 2328 1708 per
2355 1654 2685 1707 sermonem,
2716 1654 2812 1710 per
2854 1640 3262 1712 Cogitationem,
3296 1656 3394 1711 per
3425 1643 3813 1716 ignorantiam,

531 1743 732 1808 peccat,
773 1733 862 1788 sed
887 1733 1149 1804 generatio
1191 1733 1285 1787 Dei
1310 1741 1572 1788 conservat
1603 1749 1739 1797 eum,
1788 1741 1835 1787 et
1865 1734 2124 1804 malignus
2153 1740 2200 1800 Β
2229 1746 2324 1804 per
2369 1732 2718 1800 oblivionem,
2764 1749 2860 1803 per
2890 1736 3286 1801 necessitatem,
3330 1751 3425 1805 per
3455 1739 3812 1808 voluntatem,

530 1848 632 1887 non
661 1831 824 1900 tangit
872 1847 984 1885 eum
1013 1830 1059 1900 (l
1084 1828 1241 1884 Joan.
1271 1831 1346 1899 ν).
1394 1828 1548 1895 Quod
1589 1829 1996 1898 intelligendum
2036 1837 2119 1884 est

529 1937 639 1978 non
665 1924 732 1977 de
772 1924 922 1978 omni
946 1937 1146 1994 genere
1178 1931 1545 1993 peccatorum,
1591 1922 1686 1978 sed
1725 1933 1746 1961 ο
1775 1921 1843 1978 de
1872 1922 2114 1992 capitali-

527 2015 630 2070 bus
679 2025 883 2072 tantttm
925 2017 1241 2073 criminibus
1278 2015 1406 2072 dici.
1437 2015 1484 2071 A
1537 2014 1731 2085 quibus
1773 2029 1833 2071 se
1872 2014 2115 2085 quisquis

527 2110 838 2168 abstrahere
867 2122 1030 2184 atque
1063 2111 1364 2168 emundare
1392 2109 1653 2177 noluerit,
1683 2123 1782 2179 pro
1803 2108 1899 2164 illo
1928 2108 1983 2164 in
2009 2109 2115 2163 alio

2227 1843 2322 1898 per
2347 1827 2721 1896 obreptinnem
2763 1829 3140 1897 admittuntur,
3170 1830 3476 1892 incurrere.
3510 1831 3643 1898 Quae
3692 1835 3816 1890 licet

2223 1922 2290 1976 ab
2323 1921 2414 1976 illo
2443 1931 2682 1991 peccato,
2711 1921 2854 1991 quod
2882 1923 2949 1984 ad
2979 1930 3204 1978 mortem
3231 1939 3355 1980 esse
3384 1924 3608 1996 dicitur,
3637 1926 3806 1983 aliena

2221 2016 2347 2082 sint,
2382 2015 2543 2085 culpa
2574 2025 2754 2072 tamen
2788 2031 2848 2070 ac
2877 2016 3306 2086 reprehensione
3334 2032 3529 2074 carere
3554 2034 3652 2075 non
3685 2034 3800 2089 pos-

2221 2117 2366 2164 sunt.
2397 2104 2531 2164 Cum
2564 2122 2694 2178 ergo
2721 2109 2842 2180 quis
2862 2107 3005 2166 hunc
3032 2125 3189 2182 quem
3220 2109 3573 2180 praediximus
3599 2111 3800 2168 bonita-

1587 2270 1844 2329 ALARDI
1882 2269 2117 2330 GAZ/El
2154 2268 2710 2328 COMMENTARIUS.

598 2399 625 2431 ι
662 2391 721 2447 8.
743 2391 981 2450 Thomas
1001 2390 1056 2447 in
1087 2389 1489 2447 Commentario
1525 2406 1539 2444 :
1564 2388 1715 2445 Sicut
1733 2389 1825 2443 ille
1843 2399 1915 2444 est
1938 2389 2115 2444 citari-

524 2463 626 2518 tate
641 2463 849 2534 plenus,
880 2474 1088 2516 sanctus
1113 2472 1161 2515 et
1173 2465 1386 2534 ju_s_tus;
1421 2467 1493 2514 ita
1515 2471 1563 2515 et
1588 2477 1685 2514 nos
1721 2478 1919 2534 sumus,
1946 2474 2000 2514 ut
2035 2461 2116 2534 dif

523 2538 591 2589 cit
626 2532 810 2588 Glossa
831 2531 1198 2586 interlinearis'.
1223 2531 1322 2586 Ubi
1349 2537 1488 2590 sicut
1516 2548 1618 2586 non
1641 2532 2000 2598 aequalitatem,
2024 2533 2114 2586 sed

523 2606 802 2687 quamdam
852 2603 1420 2687 siinilitudinernudicit.
1441 2678 1452 2687 -
1478 2602 1549 2686 Et.
1580 2619 1668 2685 per
1704 2602 2114 2687 Itattclﬁduciam

522 2673 785 2732 imitamur
804 2677 1164 2745 perfectionem
1187 2673 1478 2730 dilectionis
1505 2677 1615 2746 ejus
1632 2675 1684 2726 iu
1697 2676 1907 2741 mundo,
1931 2691 2113 2727 amau-

521 2747 807 2829 doamicos
845 2754 890 2799 et
921 2747 1179 2815 inimicos,
1220 2747 1351 2808 sicut
1379 2749 1469 2811 ille
1499 2746 1627 2818 pluit
1671 2761 1827 2813 super
1846 2748 2022 2818 justas
2063 2754 2115 2800 et

521 2819 760 2888 injustas.

595 2888 622 2927 δ
669 2887 822 2960 Varia
869 2895 923 2944 et
971 2888 1252 2960 multiplex
1302 2890 1566 2954 expositio
1611 2888 1772 2959 hujus
1800 2889 2108 2944 sententiae.

525 2959 704 3022 Prima
739 2976 752 3027 ξ
783 2959 972 3018 Omnis
1001 2962 1091 3029 qui
1122 2959 1279 3016 natus
1307 2971 1390 3016 est
1416 2964 1526 3022 Deo
1558 2960 1608 3016 id
1648 2970 1754 3024 est,
1794 2976 1891 3030 per
1934 2961 2109 3031 bapti-

522 3045 697 3088 Smum
727 3041 946 3094 renatus
967 3047 1034 3085 ex
1065 3047 1200 3100 aqua
1228 3039 1282 3086 et
1305 3033 1510 3102 Spiritu
1538 3033 1774 3101 sancto),
1802 3041 1859 3086 ιιι
1893 3033 2036 3099 talis,
2057 3040 2114 3087 et

522 3112 790 3172 quatenus
834 3117 901 3165 ex
937 3103 1045 3156 Deo
1093 3111 1250 3175 natus
1281 3115 1386 3170 est,
1420 3114 1693 3175 peccatum
1727 3118 1836 3175 non
1877 3102 2024 3175 facit,
2065 3113 2113 3157 et

526 3189 628 3227 non
660 3182 820 3242 potest
865 3189 1099 3242 peccare,
1141 3173 1348 3228 sciliCct
1402 3173 1672 3230 letltaliter
1713 3173 1959 3240 (Hieron.
2006 3173 2043 3225 Ι.
2075 3188 2111 3227 ll

525 3243 578 3296 in
603 3242 830 3315 Jovin.).
860 3242 1125 3315 Secunda
1155 3261 1168 3296 :
1201 3243 1316 3298 Non
1351 3257 1529 3314 potest
1560 3259 1803 3314 peccare,
1855 3243 2109 3314 quamdiu

526 3330 712 3387 semen
739 3313 830 3370 Dei
859 3315 936 3387 (id
961 3313 1319 3387 est,cltaritas
1341 3313 1435 3385 per
1461 3313 1723 3387 Spiritum
1749 3313 1996 3387 sanetum
2029 3315 2110 3378 in-

521 3384 664 3456 fusa)
689 3384 878 3441 manet
899 3388 951 3442 in
998 3402 1084 3440 eo.
1117 3384 1384 3453 Quamdiu
1431 3384 1576 3446 enim
1621 3384 1740 3453 quis
1789 3384 2106 3441 charitatem

523 3457 710 3526 habet,
742 3474 846 3511 non
881 3467 1068 3526 peccat
1099 3458 1421 3524 mortaliter,
1453 3471 1625 3525 neque
1645 3470 1870 3525 peccare
1899 3466 2105 3526 potest:

522 3529 618 3582 sed
661 3498 912 3583 absolute:
951 3537 1149 3599 potest,
1191 3538 1246 3582 et
1275 3498 1597 3586 cltar’itate'm
1627 3498 1918 3596 armittere,’
1943 3529 2110 3582 immo

521 3608 578 3672 et
601 3599 857 3672 abjicere,
891 3610 944 3653 et
973 3601 1280 3672 mortalitcr
1324 3616 1569 3672 peccitre
1599 3599 1836 3672 (August.
1889 3607 2037 3672 tract.
2074 3601 2108 3655 5

521 3671 575 3756 in
605 3671 950 3756 Ep.‘10£t'tt.).
977 3670 1281 3756 Tertia,.D.
1316 3670 1622 3756 Bernardit
1644 3670 1812 3756 Serm.
1849 3672 1873 3726 1
1905 3671 1973 3756 έε
2007 3672 2108 3756 se:
2133 3693 2178 3756 ρ

523 3742 727 3814 ptuag.)
758 3762 771 3798 :
807 3741 928 3798 Non
966 3754 1162 3814 peccat,
1196 3744 1386 3812 inquit,
1419 3747 1502 3815 qui
1517 3741 1668 3797 natus
1699 3752 1769 3796 est
1798 3759 1860 3795 ea:
1894 3741 2026 3815 Deo,
2053 3743 2108 3796 id

523 3825 616 3878 est,
651 3813 1043 3881 prterlestinatus
1071 3832 1172 3868 non
1193 3813 1453 3884 permanet
1477 3817 1531 3868 in
1563 3822 1790 3880 peccato,
1820 3814 1942 3884 quia
1970 3813 2110 3870 Deus

522 3897 789 3954 prazservat
821 3901 953 3950 eum,
986 3894 1040 3937 ut
1069 3886 1236 3956 petire
1281 3903 1380 3940 non
1430 3887 1588 3957 possit
1615 3901 1672 3957 ea
1715 3901 1826 3952 qua:
1853 3884 1968 3957 falli
2008 3902 2110 3957 non

524 3963 716 4028 potest,
733 3958 997 4028 generatio
1026 3954 1262 4028 caelestis,
1294 3957 1350 4014 id
1383 3954 1480 4028 est,
1511 3956 1888 4028 prcedestiuatio
1919 3954 2036 4008 Dei.

598 4036 632 4097 °_
667 4026 719 4082 ιι]
735 4025 862 4093 ἰλςι,
897 4028 1220 4086 mortalibus
1249 4025 1262 4079 ξ
1296 4042 1401 4096 quo
1441 4025 1601 4097 modo
1641 4025 1723 4097 D.,
1749 4025 2108 4097 Hieronymus

524 4102 580 4149 et
608 4095 940 4162 Augustinus
969 4097 1290 4151 sententiam
1317 4095 1483 4152 illam
1533 4095 1758 4151 Joannis
1809 4095 2105 4164 exponunt.

524 4165 696 4220 Porro
729 4175 942 4236 peccata
974 4165 1223 4234 capitalia
1255 4167 1468 4221 duobus
1500 4165 1672 4220 modis
1700 4165 1827 4229 dici,
1858 4167 1981 4220 alibi
2013 4183 2112 4222 no-

525 4235 754 4309 tavimus
776 4253 840 4290 ex
863 4239 921 4291 S.
947 4236 1150 4309 Thoma
1184 4237 1324 4309 (ΝΞ,
1345 4254 1398 4308 q.
1426 4238 1515 4302 85,
1540 4254 1594 4309 ᾳ.
1617 4235 1694 4309 5),
1728 4236 1936 4292 Dicitur
1967 4239 2108 4304 enim

525 4307 757 4374 capitale
787 4321 892 4360 uno
923 4306 1084 4360 modo
1109 4322 1138 4360 a
1167 4306 1364 4377 capite
1388 4307 1604 4376 proprie
1631 4308 1803 4368 dicto.
1833 4317 1884 4362 et
1909 4323 2106 4364 SeCUII‘

524 4377 664 4452 dum
703 4377 826 4446 hoc,
875 4386 1178 4452 peccatum,
1222 4392 1316 4434 seu
1363 4381 1597 4448 crimen,
1633 4379 1864 4446 capitale
1889 4378 2105 4452 dicitur,

523 4449 667 4518 quod
697 4463 854 4518 poma
877 4447 1102 4518 capitis,
1129 4449 1180 4502 id
1203 4463 1307 4511 εει.
1331 4461 1506 4505 morte
1538 4451 1752 4517 punitur
1777 4468 1790 4501 :
1819 4465 1924 4518 quo
1950 4447 2110 4506 modo

525 4531 804 4586 peccatum
836 4534 996 4574 omne
1027 4518 1363 4576 mortiferum
1395 4521 1624 4589 capitale
1667 4520 1980 4588 intelligitur
2005 4562 2019 4587 ,
2053 4531 2111 4576 ut

523 4589 626 4645 huc
655 4593 793 4658 loco,
825 4593 946 4660 quia
981 4601 1211 4645 mortem
1245 4591 1402 4646 affert
1431 4591 1654 4657 animai;
1702 4593 1810 4645 alio
1841 4591 2001 4647 modo
2030 4593 2111 4647 di-

526 4661 668 4716 citur
695 4663 878 4717 vitium
923 4663 1150 4727 capitale
1172 4703 1186 4729 ,
1227 4679 1255 4716 a
1287 4664 1462 4733 capite
1488 4704 1504 4728 ,
1555 4672 1714 4732 prout
1742 4665 2110 4731 metaphorice

527 4734 705 4802 signat
735 4734 1056 4805 principium
1091 4734 1171 4788 vel
1209 4734 1526 4788 directivum
1557 4733 1813 4800 aliorum;
1847 4746 1899 4787 ct
1924 4737 2002 4790 sic
2027 4734 2112 4788 di-

525 4817 666 4860 citur
699 4807 886 4864 vitium
916 4804 1166 4872 Capitale,
1198 4820 1265 4858 ex
1295 4819 1401 4875 quo
1429 4805 1576 4872 plura
1625 4806 1726 4857 alia
1772 4806 1893 4858 vitia
1927 4807 2112 4860 oriun-

524 4886 656 4930 tur:
696 4892 805 4946 quo
857 4875 1016 4938 modo
1071 4875 1132 4930 D.
1189 4875 1483 4941 Gregorius
1537 4875 1980 4942 (xxx1Moral.c.
2015 4879 2108 4944 51)

526 4959 757 5030 septem,
783 4949 1069 5072 palsstanus
1096 4961 1226 5003 vero
1252 4946 1390 5017 (Lib.
1411 4961 1465 5015 v,
1492 4954 1538 5002 et
1561 4946 1679 5001 coll.
1711 4947 1766 5018 5)
1789 4958 1911 5003 octo
1935 4950 2110 5018 posuit

526 5029 651 5072 \‘llta
680 5032 853 5072 camta
882 5035 952 5072 la.

525 5020 651 5073 vitia
680 5020 952 5087 capitalia.

2219 2407 2372 2450 suum
2401 2406 2610 2458 peccare
2638 2407 2738 2465 non
2767 2391 2835 2446 ad
2860 2400 3091 2465 mortem,
3129 2403 3288 2465 petat,
3319 2405 3369 2451 et
3393 2394 3596 2450 dabitur
3627 2397 3682 2452 ei
3703 2399 3808 2454 vita

2219 2465 2447 2532 peccauti
2474 2479 2573 2516 non
2602 2464 2669 2517 ad
2700 2473 2930 2517 moi-tem.
2972 2463 3104 2520 Nam
3130 2463 3407 2521 venialiter
3432 2481 3659 2533 peccans
3684 2484 3799 2525 non

2217 2535 2415 2606 amittit
2443 2538 2606 2589 vitam
2637 2536 2862 2606 animae,
2883 2551 3000 2601 quae
3029 2538 3080 2589 in
3105 2540 3276 2606 gratia
3305 2545 3352 2588 et
3377 2536 3630 2591 charitate
3655 2552 3791 2593 con-

2217 2605 2391 2687 sistit}
2443 2613 2762 2687 tlonpotest
2800 2605 2960 2687 igitur
2995 2607 3042 2661 ei
3087 2605 3244 2662 reddi
3282 2608 3382 2687 vita
3414 2622 3564 2687 quam
3591 2608 3790 2687 habet.

2219 2677 2420 2730 Deinde
2452 2676 2688 2750 Ercleja
2719 2676 2945 2750 assidue
2997 2690 3114 2732 orat
3151 2695 3248 2748 pro
3291 2680 3369 2732 his
3398 2681 3484 2750 qui
3505 2679 3799 2750 lethaltter

2215 2758 2483 2820 peccant,
2519 2745 2848 2820 utAChristus
2879 2763 2978 2816 pro
3015 2745 3432 2805 crucifixoribus'
3452 2793 3465 2813 ,
3492 2749 3802 2820 Stephanus

2215 2789 2314 2888 pro
2342 2789 2731 2891 lapidatitibus:
2778 2829 2830 2872 et
2862 2789 3118 2875 liuminus
3151 2789 3265 2886 ipse
3306 2793 3564 2891 praecepit
3649 2789 3804 2879 Or'at;

2214 2907 2312 2965 pro
2342 2889 2756 2965 persequentibus
2783 2899 2833 2942 et
2873 2889 3316 2946 calumniantibus
3338 2908 3424 2946 vos
3475 2889 3690 2959 (Matth.
3724 2895 3799 2965 v).

2217 2963 2330 3015 Non
2365 2960 2695 3034 igituridem
2733 2973 2810 3034 cet
2843 2974 3118 3034 peccatum
3146 2966 3209 3016 ad
3255 2977 3483 3019 mortem
3513 2979 3576 3020 ac
3620 2960 3806 3034 pecca-

2218 3043 2326 3092 tum
2365 3032 2622 3098 mortale,
2656 3032 3085 3111 ttt_distinguit_ur
3124 3044 3308 3090 contra
3351 3035 3595 3111 veniale;
3623 3032 3806 3111 ineque

2217 3116 2495 3173 peccatum
2538 3119 2641 3156 non
2665 3104 2728 3158 ad
2755 3104 2982 3158 mortem
3017 3106 3155 3158 idem
3179 3121 3241 3159 ac
3265 3107 3472 3160 veniale
3500 3124 3513 3158 :
3542 3108 3637 3160 scd
3662 3104 3804 3165 inter

2217 3186 2432 3249 peccata
2484 3175 2737 3249 mortalia
2780 3178 3048 3245 quoddam
3087 3191 3257 3245 genus
3301 3178 3506 3246 peccati
3554 3194 3802 3249 quaeren-

2214 3245 2342 3320 dum
2374 3255 2478 3320 est,
2512 3246 2652 3320 quod
2683 3245 2922 3300 Joannes
2953 3259 3102 3320 vocat
3135 3245 3414 3320 peccatum
3442 3249 3513 3320 ad,
3541 3245 3794 3320 mortem,

2213 3325 2267 3370 et
2289 3313 2567 3386 distinguit
2588 3333 2613 3367 a
2640 3329 2860 3384 peceato
2880 3333 2983 3372 nun
3008 3319 3071 3372 ad
3091 3313 3342 3372 mortem.
3365 3319 3648 3386 Quodnam
3674 3313 3800 3377 vero

2213 3388 2343 3443 illud
2372 3388 2471 3452 sit,
2504 3387 2679 3440 adhuc
2725 3391 3163 3444 controvcrtitur.
3206 3387 3381 3446 Graeci
3418 3401 3694 3458 peccatum
3729 3393 3798 3447 ad

2215 3468 2442 3511 mortem
2493 3458 2794 3532 intelligunt
2841 3465 3207 3532 μνησικακίαν,
3259 3461 3306 3514 id
3343 3469 3449 3525 est,
3481 3461 3797 3527 iniuriarum

2215 3539 2455 3603 tenacem
2486 3531 2877 3603 itteditoriarnet
2908 3531 3232 3586 obstinatam
3256 3532 3508 3586 vindicta:
3537 3534 3801 3603 cupidita-

2214 3609 2342 3654 tem.
2398 3599 2470 3653 lla
2517 3599 2899 3654 OEcumcnius.
2949 3603 3052 3656 Alii
3109 3613 3383 3671 peccatum
3430 3606 3483 3656 in
3538 3599 3799 3671 Spiritum

2212 3683 2478 3734 sanctum,
2502 3674 2796 3743 prasertitu
2830 3674 3023 3741 agnita:
3047 3674 3288 3727 veritatis
3311 3677 3797 3743 impugnationem,

2213 3758 2276 3796 ac
2297 3743 2549 3797 fraternae
2579 3741 2856 3796 charitatis
2885 3744 3255 3798 invidentiam.
3280 3744 3354 3798 De
3382 3741 3489 3814 quo
3520 3741 3792 3813 Dominus,

2213 3814 2439 3883 loquens
2469 3815 2516 3865 iu
2554 3814 2864 3882 Evangelia,
2897 3815 3029 3869 dixit
3055 3831 3070 3886 ;
3107 3815 3208 3882 Qui
3229 3815 3415 3872 dixerit
3445 3817 3653 3871 uerbum
3675 3833 3800 3871 Cott-

2213 3893 2292 3938 tra
2317 3885 2570 3953 Spiritum
2602 3897 2850 3946 sanctum,
2895 3903 2993 3938 non
3029 3891 3315 3940 remittetur
3347 3888 3394 3940 ei
3421 3904 3582 3954 neque
3621 3890 3673 3940 in
3702 3887 3799 3942 hoc

2211 3959 2430 4028 srecuto,
2472 3971 2629 4024 neque
2655 3955 2706 4008 in
2738 3955 2910 4025 futuro
2953 3957 3166 4028 (.llattlt.
3203 3959 3299 4027 st).
3347 3959 3455 4012 Alii
3504 3959 3796 4014 maximum

2211 4026 2583 4098 quodcumque
2608 4039 2880 4098 peccatum
2908 4026 3157 4090 mortale,
3180 4037 3239 4080 ut
3265 4029 3637 4095 homicidium,
3670 4046 3794 4098 per-

2207 4097 2428 4164 jttrium,
2462 4099 2822 4164 sacrilegium.
2853 4096 2960 4151 Alii
2987 4098 3216 4167 denique
3258 4111 3534 4166 peccatum
3558 4103 3620 4152 ad
3649 4096 3797 4153 rnor-

2213 4176 2317 4221 tem
2343 4168 2643 4236 intelligunt
2666 4167 2878 4226 ﬁnalem
2907 4170 3372 4238 impmnitentiam.
3397 4186 3492 4228 seu
3518 4183 3794 4239 peccatum

2213 4240 2435 4294 mortale
2464 4239 2516 4302 in
2549 4255 2654 4310 quo
2687 4239 2806 4310 quis
2833 4240 2896 4304 ad
2931 4252 3155 4296 mortem
3194 4257 3359 4310 usque
3388 4251 3444 4297 et
3480 4241 3637 4299 liuent
3671 4244 3798 4299 vita:

2212 4317 2540 4382 perseverat.
2572 4309 2646 4382 Ita
2679 4309 3006 4382 Augustinus
3037 4311 3104 4366 de
3135 4309 3376 4370 Corrcct.
3403 4320 3457 4368 et
3486 4312 3635 4368 Grat.
3670 4328 3795 4381 cap.

2214 4380 2300 4456 42,
2330 4390 2384 4435 et
2412 4381 2705 4456 Gregorius
2731 4380 2818 4444 xu
2848 4383 3033 4456 aloral.
3069 4397 3190 4456 cap.
3215 4382 3306 4456 5t:
3334 4386 3601 4456 Annotant
3626 4380 3797 4456 porro

2209 4449 2544 4535 interpretes
2564 4451 2826 4534 Joannem
2847 4453 2973 4535 illi?
3002 4449 3176 4510 verbis
3207 4472 3219 4535 ς
3253 4452 3373 4535 Non
3395 4470 3490 4535 pro
3519 4449 3790 4534 iltu'dira,

2210 4531 2265 4576 ut
2291 4534 2431 4593 roget
2459 4526 2600 4593 quis,
2644 4539 2750 4578 nou
2782 4524 3105 4578 interdiCerc
3135 4534 3226 4577 aut
3256 4524 3532 4591 prohibete
3563 4538 3627 4574 ne
3655 4525 3786 4589 quis

2211 4609 2309 4663 pro
2336 4601 2546 4664 magnis
2578 4607 2640 4666 et
2661 4595 2909 4666 gravibus
2945 4597 3316 4663 peccatoribus
3359 4608 3537 4666 preces
3573 4594 3793 4662 fundat,

2210 4665 2303 4722 sed
2335 4674 2538 4732 tantum
2567 4665 2938 4726 difﬁcultatem
2979 4667 3339 4720 exattditiunis
3365 4665 3620 4720 iudicare
3641 4705 3656 4728 ,
3691 4671 3796 4720 nec

2209 4747 2410 4812 certam
2446 4739 2760 4812 promittere
2789 4753 2852 4792 ex
2877 4748 3033 4812 parte
3063 4736 3162 4791 Dei
3192 4736 3590 4812 erattditionem
3623 4745 3677 4790 et
3703 4752 3796 4812 ve-

2212 4808 2392 4873 niam;
2425 4810 2574 4877 quasi
2602 4809 2808 4862 diceret
2854 4808 3094 4863 {Patior
3125 4809 3339 4874 quidem
3369 4850 3383 4874 ,
3429 4808 3594 4860 immo
3626 4808 3795 4875 probo

2212 4894 2309 4950 vos
2343 4894 2437 4948 pro
2463 4881 2835 4950 peccatoribus
2853 4879 3102 4933 omnibus
3129 4895 3324 4945 orare;
3367 4878 3461 4950 sed
3507 4893 3615 4932 non
3649 4878 3791 4943 dico,

2210 4949 2261 5003 id
2304 4960 2415 5016 est,
2469 4949 2570 5004 non
2610 4951 2775 5018 jubeo
2807 4966 2902 5020 pro
2933 4949 3380 5020 peccantibusad
3431 4962 3694 5012 mortem,
3738 4962 3796 5004 ut

2211 5023 2352 5075 ullus
2375 5033 2513 5087 oret,
2540 5022 2691 5088 quasi
2712 5019 2859 5076 certo
2883 5019 3267 5076 esaudieudus.
3296 5019 3528 5073 Proinde.
3554 5020 3794 5074 Ecclesia

594 5086 626 5163 d4
663 5067 952 5162 Dis'tiuguit
979 5091 1216 5148 Joannes
1239 5090 1514 5163 apostolus
1543 5088 1739 5160 duplex
1768 5105 1960 5163 genus,
1984 5106 2104 5159 pcc-
2135 5067 2186 5144 Ι)
2212 5067 2335 5146 dum
2380 5067 2619 5163 qtiot’idte
2650 5067 2860 5147 o'rit'éi
2886 5067 3233 5147 sacriﬁcium
3266 5091 3610 5144 incruentum
3634 5091 3799 5163 utrem

523 5161 630 5232 cati
665 5179 677 5214 :
712 5163 854 5216 aliud
887 5165 1093 5217 scilicet
1125 5172 1404 5232 peccatum
1437 5161 1501 5215 ad
1531 5172 1758 5216 mortem
1780 5201 1797 5228 ,
1825 5162 1966 5216 altud
1999 5178 2104 5218 non

523 5231 590 5285 ad
615 5242 863 5288 mortem.
893 5231 1171 5302 Quodnam
1201 5248 1330 5288 vero
1355 5234 1426 5287 sit
1453 5243 1728 5301 peccatum
1760 5233 1825 5286 ad
1851 5243 2102 5298 mortem,

521 5312 577 5356 et
605 5317 881 5371 peccatum
915 5321 1020 5359 non
1059 5308 1124 5359 ad
1157 5316 1416 5371 mortem,
1458 5304 1609 5357 varia
1641 5315 1725 5359 est
1754 5305 2106 5368 interpretum

522 5385 812 5430 scuteutta.
845 5378 1072 5440 Quidam
1103 5379 1248 5432 enim
1281 5382 1702 5444 interpretantur
1729 5387 2008 5444 peccatum
2039 5375 2106 5430 ad

525 5455 757 5518 mortem
788 5463 945 5502 omne
977 5459 1257 5518 peccatum
1301 5447 1554 5511 mortale;
1600 5459 1880 5518 pect‘atum
1924 5453 2104 5518 autem

525 5531 632 5590 non
675 5517 753 5590 ad
774 5516 999 5574 mortem
1027 5561 1042 5584 ,
1076 5523 1451 5590 quodcumque
1489 5517 1716 5590 veniale.
1771 5516 2106 5590 Sicquidem

2211 5179 2308 5233 pro
2329 5161 2701 5236 peccatoribus
2722 5165 3224 5236 quomodocumque
3247 5163 3615 5236 peccantibus,
3631 5161 3797 5213 immo

2210 5232 2254 5287 e'
2296 5251 2390 5302 pro
2420 5232 2763 5297 inﬁdelibus,
2806 5233 3041 5299 Jttdtcis,
3089 5232 3390 5298 lucreticis,
3435 5232 3566 5285 nihil
3609 5239 3798 5285 contra

2211 5304 2350 5361 hanc
2375 5306 2596 5362 Joannis
2623 5307 2922 5362 doctrinam
2954 5307 3099 5362 facit.
3135 5308 3193 5358 ι).
3229 5315 3407 5364 tamen
3441 5304 3792 5373 Augustinus,

2209 5387 2262 5431 et
2285 5379 2372 5433 alii
2403 5379 2588 5450 dicunt
2626 5395 2732 5432 non
2759 5377 3021 5431 orandum
3070 5391 3165 5450 pro
3205 5374 3540 5450 mortuishin
3573 5383 3796 5450 peccato

2211 5452 2446 5513 mortali,
2471 5449 2521 5504 id
2548 5461 2652 5513 est,
2687 5465 2781 5518 pro
2811 5443 3100 5512 deuinctis.
3131 5448 3200 5512 At
3227 5447 3327 5514 hoc
3357 5445 3578 5501 ditlicile
3605 5457 3687 5518 eat
3711 5443 3796 5518 in-

2212 5521 2462 5583 tellectu,
2491 5537 2612 5574 cum
2651 5515 2802 5574 nobis
2840 5530 3090 5574 constare
3122 5535 3230 5573 non
3265 5519 3436 5580 possit
3473 5518 3540 5570 de
3571 5515 3797 5570 alterius

526 5588 692 5660 abbas
717 5588 1033 5646 Chaeremon
1065 5587 1164 5645 hoc
1188 5591 1326 5656 loco,
1355 5592 1438 5644 cui
1463 5599 1516 5644 et
1539 5589 1731 5644 Glossa
1755 5587 2025 5660 ordinaria
2055 5597 2110 5644 et
2207 5596 2535 5648 conscientia
2563 5634 2578 5660 ,
2610 5592 2694 5647 vel
2723 5595 2914 5645 anima:
2946 5600 3119 5657 statu,
3149 5590 3453 5660 praesertim
3499 5599 3624 5658 post
3654 5602 3796 5640 mor-

523 5656 619 5712 alii
649 5671 899 5716 auctores
929 5661 1308 5730 suﬂ'ragantur.
1363 5660 1563 5715 Verum
1615 5661 1735 5714 huic
1779 5659 2105 5728 expositioni

525 5740 829 5795 repugnare
861 5730 1072 5786 videtur
1108 5730 1253 5801 quod
1280 5731 1525 5800 sequitur
1559 5748 1569 5782 :
1605 5730 1707 5796 Qui
1750 5730 1847 5782 scit
1892 5731 2104 5799 fratrem

2209 5671 2345 5728 tem;
2381 5667 2667 5734 Apostolus
2705 5674 2884 5717 autem
2926 5662 3056 5714 dicit
3088 5678 3100 5714 :
3130 5661 3231 5728 Qui
3268 5659 3363 5714 scit
3401 5659 3623 5728 fratrem
3649 5673 3797 5714 suum

2207 5750 2446 5804 peccare,
2475 5753 2575 5792 non
2601 5737 2668 5791 ad
2697 5743 2932 5798 mortem,
2965 5741 3072 5786 etc.
