4054 6186
298 254 399 338 an

1316 255 1660 343 COLth'rto
1697 274 1789 341 χι.
1815 312 1888 329 --
1915 282 2008 345 ns
2046 281 2547 347 PERFECTIONE.

295 397 367 454 tis
414 395 665 454 adactum
695 402 751 454 et
800 396 1154 454 imitationem
1210 398 1306 455 Dei
1355 401 1523 458 tuerit
1571 408 1875 471 assecutus,
1906 407 1962 469 Α
1984 403 2300 475 imperfecta
2331 420 2452 462 esse
2481 400 2700 476 dixisti,
2727 421 2848 465 cum
2875 408 3058 483 utique
3107 409 3278 467 multo
3316 409 3464 473 aliud
3492 413 3574 469 vi-

295 500 423 548 tunc
444 490 745 549 visceribus
768 490 1060 547 Dominicze
1082 491 1501 562 longanimitatis
1527 495 1764 561 indutus,
1784 511 1885 567 pro

294 583 735 657 persecutoribus
762 598 979 654 quoque
1012 584 1126 638 suis
1156 584 1330 639 orabit
1356 586 1627 651 similiter,
1653 588 1841 643 dicens
1868 606 1879 642 :

293 676 475 743 Pater,
501 678 706 747 ignosce
727 677 820 742 eis,
850 693 951 731 non
990 677 1121 731 enim
1144 676 1310 731 sciunt
1340 678 1464 747 quid
1490 681 1683 749 faciunt
1724 680 1878 753 (Luc.

292 769 476 841 χχιιι).
510 769 777 827 Caeterum
811 780 836 808 ⁸
864 769 1088 826 evidens
1136 771 1389 826 iudicium
1422 780 1507 826 est
1531 773 1722 826 animm
1754 791 1884 830 uec-

296 864 419 920 dum
442 866 696 921 vitiorunt
727 865 947 925 faecibus
972 865 1246 933 eliquans),
1274 867 1326 919 in
1355 867 1673 921 criminibus
1690 868 1881 925 alienis

290 962 487 1017 allectu
515 961 902 1019 misericordiae
930 976 1037 1017 non
1070 963 1382 1028 condolere.
1415 965 1506 1020 sed
1540 965 1765 1034 rigidam
1787 966 1876 1037 ju~

289 1057 517 1113 dii-antis
545 1066 732 1113 tenere
758 1072 1061 1112 censuram.
1095 1057 1228 1112 Nam
1271 1058 1725 1129 quemadmodum
1758 1078 1878 1130 per-

287 1147 575 1204 fectionem
603 1150 784 1205 cordis
840 1150 1037 1220 poterit
1066 1152 1318 1206 obtinere
1367 1152 1410 1205 is
1440 1154 1528 1222 qui
1560 1168 1665 1206 non
1712 1152 1878 1209 habet

288 1241 418 1297 illud
466 1242 607 1310 quod
661 1245 949 1311 Apostolus
1004 1243 1393 1311 plenitudinem
1456 1244 1587 1314 legis
1617 1258 1874 1301 consum-

285 1350 433 1389 mare
456 1350 615 1404 posse
642 1334 910 1403 signavit?
941 1334 1281 1399 Alterutrum,
1305 1335 1580 1405 inquiens,
1611 1352 1769 1392 onera
1795 1354 1878 1395 ve-

284 1438 389 1482 stra
412 1438 625 1497 portate,
648 1442 693 1483 et
715 1430 789 1482 sic
816 1428 1094 1497 implebitis
1125 1430 1286 1501 legem
1329 1429 1519 1484 Christi
1552 1428 1750 1501 (Galat.
1774 1430 1869 1503 vi).

282 1519 386 1575 Sed
422 1535 519 1575 nec
542 1520 687 1575 illaut
716 1522 971 1577 virtutem
1002 1523 1245 1591 possidet
1274 1524 1576 1589 charitatis,
1610 1540 1731 1593 qua:
1760 1542 1864 1580 non

282 1612 535 1680 irritatur,
562 1630 662 1669 non
686 1616 915 1685 inﬂatur,
937 1633 1038 1670 non
1064 1619 1253 1687 cogitat
1284 1619 1515 1684 malum;
1547 1635 1665 1685 quae
1696 1622 1871 1675 omnia

280 1704 477 1775 stt/fert,
526 1708 701 1762 omnia
749 1710 967 1762 sustinet
1017 1707 1059 1780 (l
1092 1708 1213 1765 Cor.
1262 1711 1400 1783 χιιι).
1430 1710 1458 1749 δ
1502 1711 1686 1768 Justus
1726 1714 1867 1769 enim

1989 499 2179 556 deatur
2203 501 2270 557 de
2294 501 2375 558 eis
2403 501 2671 572 Propheta
2696 505 2951 570 sensisse,
2978 506 3165 564 dicens
3196 524 3212 564 :
3248 505 3441 565 Timete
3465 508 3576 571 Do-

1986 596 2201 658 minum,
2234 610 2407 651 omnes
2433 597 2595 651 sancti
2626 599 2773 668 ejus.
2805 597 2928 667 quia
2952 598 3082 653 nihil
3114 599 3253 655 deest
3279 601 3574 657 timentibus

1985 704 2101 747 eum
2132 687 2358 758 (Psalm.
2391 693 2605 756 χχχιιι).
2641 688 2707 744 Et
2731 690 2928 745 iterum
2960 690 3013 747 iu
3040 691 3388 749 observandis
3412 694 3573 765 justi-

1985 779 2326 837 ficationibus
2360 782 2475 849 Dei,
2509 781 2881 837 retributionis
2915 795 2973 837 se
3002 786 3465 855 contemplatione
3495 788 3571 843 fa-

1985 885 2162 933 teatur
2188 877 2544 931 exercitatum
2573 892 2584 927 :
2611 874 2891 939 Inclinavi,
2915 874 3181 943 inquiens,
3205 893 3293 931 cor
3313 896 3480 932 meum
3499 881 3569 935 ad

1981 968 2244 1035 faciendas
2266 968 2675 1041 justiﬁcationes
2702 975 2814 1022 tuas
2842 966 2893 1020 in
2925 975 3173 1021 ceternum
3199 967 3224 1003 ά
3252 980 3458 1041 propter
3483 987 3567 1025 re-

1981 1062 2313 1119 tributionem
2340 1059 2561 1133 (Psalm.
2596 1063 2806 1127 cxvttt).
2841 1061 2907 1115 Et
2928 1060 3221 1132 Apostolus
3251 1080 3263 1115 :
3296 1059 3454 1129 Fide,
3488 1065 3571 1121 iu-

1980 1154 2135 1222 quit,
2171 1163 2193 1190 θ
2228 1151 2431 1225 Moyses
2472 1153 2684 1225 grandis
2724 1162 2891 1225 factus
2916 1193 2930 1216 ,
2961 1154 3161 1224 negavit
3186 1169 3241 1207 se
3264 1170 3371 1209 esse
3402 1156 3569 1225 ﬁlium

1978 1244 2103 1313 ﬁlia:
2131 1242 2449 1308 Pharaonis,
2480 1245 2643 1316 magis
2670 1245 2863 1313 eligens
2891 1243 3047 1316 aﬂiigi
3078 1262 3194 1298 cum
3228 1246 3421 1315 populo
3448 1245 3563 1315 Dei,

1975 1355 2131 1409 quam
2159 1336 2453 1405 temporalis
2481 1338 2678 1406 peccati
2702 1337 2884 1391 habere
2902 1339 3317 1410 jucunditatem,
3347 1338 3567 1409 majores

1976 1430 2179 1483 divitias
2203 1430 2503 1484 existimans
2528 1428 2779 1483 thesauris
2792 1428 2935 1503 {Egy
2944 1432 3188 1497 ptiorum,
3201 1430 3567 1503 impmperium

1974 1519 2164 1575 Christi
2206 1520 2393 1592 (Hebr.
2422 1520 2522 1592 χι).
2566 1521 2877 1590 Aspiciebat
2905 1520 3047 1576 enim
3082 1522 3135 1576 in
3167 1522 3563 1577 remuneratio-

1974 1631 2121 1672 nem.
2175 1616 2459 1684 Quomodo
2491 1631 2623 1685 ergo
2654 1614 2969 1685 imperfecta
3001 1630 3121 1671 esse
3161 1616 3432 1672 credenda
3458 1624 3563 1684 est,

1973 1722 2095 1763 cum
2127 1716 2181 1763 et
2211 1709 2399 1763 beatus
2431 1708 2601 1763 David
2648 1708 3025 1765 retributionis
3056 1708 3279 1765 obtentu
3302 1709 3564 1780 justiﬁes-

278 1797 545 1850 miseretur
584 1797 786 1852 animas
827 1814 1067 1867 pecorum
1095 1799 1262 1873 [Lips.
1308 1804 1361 1857 in
1412 1820 1577 1875 marg.
1611 1815 1866 1874 peccato-
1896 1795 1944 1856 Β
1974 1801 2151 1856 tiones
2178 1800 2388 1855 Domini
2422 1815 2483 1855 se
2521 1800 2711 1859 fecisse
2735 1802 3022 1871 glorietur,
3047 1813 3100 1858 et
3126 1803 3396 1873 legislator
3424 1819 3563 1874 prte-

277 1886 419 1959 runt]
438 1903 687 1949 suorum:
715 1890 912 1945 viscera
939 1904 1111 1947 autem
1139 1894 1415 1963 impiorum
1440 1896 1548 1951 sine
1576 1898 1867 1953 misericor-

278 1981 366 2036 dia
407 1981 588 2053 (Prov.
621 1984 763 2054 χιι).
814 1983 1045 2056 ldeoque
1100 1987 1292 2043 iisdem
1339 1988 1482 2044 vitiis
1539 1992 1864 2047 monachum

274 2074 561 2144 suhjacere
604 2078 968 2134 certissimum
999 2086 1101 2148 est,
1148 2096 1268 2150 qua:
1311 2081 1365 2136 in
1397 2082 1525 2148 alio,
1555 2083 1868 2141 inclementi

272 2176 433 2237 atque
464 2168 754 2225 inhumana
776 2173 1091 2239 severitate,
1120 2174 1471 2230 condemnat.
1496 2175 1609 2229 Rex
1628 2179 1769 2230 enim
1790 2177 1862 2232 ri-

272 2260 428 2329 gidus
460 2262 688 2319 incurrit
726 2264 902 2330 mala;
941 2276 963 2304 ε
997 2272 1053 2321 et
1094 2266 1195 2333 Qui
1221 2270 1424 2321 obturat
1452 2284 1603 2323 aures
1646 2285 1770 2323 suas
1802 2284 1865 2323 ne

273 2354 452 2407 audiat
482 2356 763 2425 inﬁrmum,
785 2366 837 2412 et
861 2359 968 2429 ipse
994 2359 1265 2429 invocabit,
1289 2370 1339 2415 et
1364 2377 1465 2415 non
1486 2361 1581 2415 erit
1601 2362 1686 2431 qui
1708 2378 1865 2416 exau-

271 2448 383 2502 diat
413 2465 528 2503 eum
563 2450 745 2521 (Prov.
781 2453 935 2523 χχι).

881 2544 1111 2601 CAPUT
1150 2546 1243 2601 XI.

268 2628 651 2703 Interrogatio,
696 2651 787 2690 cur
816 2635 1062 2702 aﬂ'ectum
1098 2640 1291 2695 timoris
1325 2650 1372 2695 et
1401 2641 1510 2709 spei
1550 2642 1736 2696 dixerit
1766 2642 1864 2697 im-

909 2712 1214 2781 perfectum.

337 2817 683 2875 Germanus:
720 2822 975 2877 Potenter
1013 2824 1229 2893 quidem
1262 2835 1425 2896 atque
1467 2827 1751 2897 magnifice
1792 2828 1862 2885 de

267 2911 505 2978 perfecta
565 2910 662 2966 Dei
710 2913 973 2968 cbaritate
1002 2914 1295 2971 disserlum
1326 2928 1444 2983 est;
1489 2928 1861 2976 verumtamen

268 3001 399 3055 illud
434 3018 533 3057 nos
564 3014 863 3072 permovet,
891 3008 1032 3075 quod
1060 3023 1181 3061 cum
1210 3025 1329 3062 eam
1355 3019 1496 3064 tanta
1530 3011 1686 3066 laude
1715 3026 1860 3081 prae-

261 3094 455 3150 tuleris
482 3138 496 3162 ,
531 3098 782 3153 timorem
813 3098 909 3154 Dei
943 3110 996 3155 et
1026 3115 1179 3170 spem
1211 3102 1591 3158 retributionis
1639 3116 1860 3161 aeterna

1971 1896 2076 1949 mia
2104 1892 2282 1947 futura
2311 1892 2644 1963 proSpiciens
2670 1933 2687 1960 ,
2722 1897 2999 1963 sprevisse
3022 1894 3367 1965 adoptionem
3395 1894 3561 1965 regia

1968 1986 2280 2056 dignitatis,
2326 1994 2381 2039 et
2424 1984 2773 2041 alﬂictionem
2806 1986 3134 2047 dirissimam
3182 1986 3559 2067 {Egyptiorum

1970 2080 2237 2137 thesauris
2269 2080 2567 2151 praetulisse
2592 2080 2844 2136 dicatur?

2575 2172 2804 2229 CAPUT
2842 2171 2959 2228 XII.

2191 2262 2478 2336 Responsio
2515 2264 2579 2319 de
2614 2265 2904 2320 diversitate
2944 2265 3333 2337 perfectionum.

2034 2355 2357 2413 Chaeremon
2391 2373 2407 2409 :
2442 2354 2461 2393 ί
2497 2356 2602 2412 Pro
2644 2365 2787 2412 statu
2822 2364 2980 2428 atque
3021 2371 3274 2413 mensura
3306 2357 3557 2414 uniuscu-

1961 2451 2157 2522 jusque
2178 2449 2375 2504 mentis
2396 2446 2679 2520 Scriptura
2703 2448 2887 2504 divina
2911 2450 2978 2504 ad
3000 2448 3245 2507 diversos
3267 2448 3557 2520 perfectio-

1966 2557 2095 2597 uum
2126 2541 2327 2613 gradus
2357 2541 2567 2597 arbitrii
2599 2541 2767 2596 nostri
2799 2550 3056 2612 provocat
3090 2542 3414 2599 libertatem.
3445 2542 3556 2601 Nec

1963 2634 2108 2692 enim
2139 2645 2357 2705 poterat
2382 2634 2667 2691 uniformis
2690 2634 2945 2691 omnibus
2980 2635 3323 2705 perfectionis
3352 2653 3555 2697 corona

1962 2731 2226 2801 proponi,
2255 2730 2382 2799 quia
2422 2743 2523 2785 nec
2552 2730 2793 2785 omnium
2826 2744 2931 2785 una
2955 2729 3157 2798 virtus,
3190 2740 3284 2784 aut
3308 2731 3554 2788 voluntas

1961 2833 2055 2878 aut
2084 2823 2262 2878 fervor
2290 2833 2402 2889 est;
2432 2831 2487 2878 et
2513 2821 2717 2878 idcirco
2745 2822 2983 2893 ipsaruiu
3010 2824 3405 2893 quodammodo
3433 2840 3553 2895 per-

1963 2915 2262 2972 fectionum
2313 2916 2556 2971 diversos
2602 2916 2823 2971 ordines
2867 2916 3219 2989 diversasque
3266 2933 3549 2975 mensuras

1961 3026 2144 3067 sermo
2172 3012 2387 3066 divinus
2426 3012 2677 3066 instituit.
2717 3011 2873 3080 Quod
2904 3010 2973 3065 ita
3006 3026 3126 3067 esse
3154 3022 3179 3059 ε
3209 3014 3549 3084 evangelica-

1961 3120 2080 3162 rum
2114 3120 2327 3177 quoque
2358 3105 2745 3161 beatitudinum
2785 3106 3022 3162 varietas
3051 3106 3329 3162 evidenter
3358 3118 3546 3163 osten-

1332 3221 1589 3278 ALARDI
1628 3222 1853 3279 GAZEI
1895 3224 2461 3283 COMMENTARIUS.

333 3318 361 3348 ι
387 3310 661 3391 Sententia
688 3321 770 3367 est
790 3312 853 3368 D.
890 3313 1205 3387 Hieronymi
1233 3329 1357 3371 mox
1388 3316 1624 3385 citanda,
1648 3318 1851 3375 eisdem
1881 3322 1926 3386 C
1957 3321 2175 3391 grandis
2202 3319 2405 3385 factus,
2445 3318 2494 3374 id
2525 3327 2637 3391 est,
2670 3319 2921 3388 adultus,
2958 3328 3013 3375 et
3041 3328 3311 3387 provectae
3348 3326 3545 3388 aetatis,

258 3381 377 3439 fere
404 3385 581 3438 verbis
611 3394 893 3453 ettncepta.

328 3452 356 3495 ιι
396 3454 487 3509 Sic
507 3452 863 3532 Cttychius’et
899 3456 1187 3512 Ciaeouius
1225 3474 1347 3514 ettm
1375 3459 1516 3515 aliis.
1563 3460 1850 3532 Dionysius

257 3541 389 3581 vero
418 3538 470 3581 et
494 3528 582 3581 alii
611 3546 627 3601 ς
653 3529 933 3584 Animabus
954 3542 1275 3601 peccatorum
1297 3547 1530 3593 suorum,
1567 3528 1845 3597 mendose,

255 3607 312 3650 ut
366 3607 516 3668 puto.
568 3599 670 3654 Alii
722 3599 962 3665 denique
1018 3619 1029 3654 :
1082 3603 1383 3657 Animarum
1439 3620 1677 3671 pecorum
1728 3621 1850 3659 suo-

254 3685 397 3743 rum.
429 3680 535 3726 etc.
593 3670 815 3736 Vulgata
846 3683 1027 3726 autem
1061 3674 1230 3727 editio
1272 3670 1445 3727 habet
1480 3674 1662 3743 (Prov.
1696 3680 1793 3734 χιι)
1830 3693 1845 3730 :

255 3738 607 3809 Novttjusms
624 3745 983 3814 jumentorum
1021 3758 1236 3797 suorum
1262 3738 1498 3809 animus}
1530 3748 1724 3799 viscera
1756 3763 1848 3801 au-

256 3820 355 3864 tem
385 3814 659 3884 imp’orum
690 3815 944 3868 crudelia.

328 3893 351 3921 ο
397 3884 547 3953 Vulg.
578 3894 758 3939 textus
783 3904 794 3937 :
824 3886 924 3949 Qui
951 3886 1161 3939 obturat
1183 3902 1360 3940 aurem
1387 3902 1530 3940 suam
1557 3887 1624 3940 ad
1651 3889 1847 3942 clamo-

248 3970 357 4008 rem
382 3956 644 4025 pauperis,
677 3965 725 4009 et
752 3957 861 4026 ipse
887 3957 1151 4024 clamabit,
1186 3969 1233 4012 et
1264 3974 1361 4011 non
1394 3960 1712 4013 exaudiatur.
1746 3959 1845 4015 Ubi

255 4030 317 4080 ιι.
346 4027 702 4098 Hieronymus
728 4045 740 4079 :
775 4026 1116 4092 Generaliter,
1143 4031 1238 4095 ait,
1270 4028 1379 4082 haec
1405 4029 1705 4096 accipienda
1734 4046 1847 4085 sen-

254 4100 443 4169 tentia,
473 4106 523 4153 et
552 4115 655 4152 non
684 4115 841 4167 egeno
869 4111 1094 4166 tantum,
1136 4102 1212 4156 vel
1250 4102 1587 4168 corporaliter
1617 4101 1841 4169 inﬁrmo.

251 4167 390 4221 Nam
420 4177 465 4222 et
490 4171 577 4238 qui
613 4170 910 4224 criminibus
942 4171 1156 4226 alterius
1186 4189 1288 4226 non
1326 4167 1517 4237 a/fectu
1555 4167 1846 4228 misericor-

251 4241 355 4291 dia:
384 4240 669 4304 rondolere,
702 4242 791 4295 sed
817 4242 1108 4312 judicantis
1132 4245 1325 4301 mavult
1351 4253 1522 4298 tenere
1551 4260 1840 4306 censuram,

249 4312 471 4386 ostendit
490 4318 799 4386 Asegnecdum
828 4315 1062 4368 vitiorum
1099 4316 1308 4386 faecibus
1336 4316 1646 4385 eliquatum,
1682 4331 1844 4385 neque

249 4383 434 4458 auditu
688 4387 1030 4458 miserationis
1060 4382 1274 4442 eatistere
1304 4382 1539 4458 dignum.

320 4450 348 4490 ιι
384 4454 443 4507 ll.
473 4453 829 4529 Hieronymus
859 4472 923 4529 eis
958 4457 1182 4529 Hebraeo
1210 4450 1382 4529 νει-ιιῖ
1398 4475 1425 4529 εν
1448 4457 1667 4529 Propter
1694 4466 1844 4512 teter-

248 4538 366 4575 nam
416 4526 818 4579 retributionem.
869 4528 1043 4581 Causa
1095 4527 1309 4589 quidem
1351 4528 1521 4596 prima
1558 4526 1660 4597 per
1697 4544 1755 4581 se
1788 4538 1845 4584 et

247 4598 489 4665 proprie,
522 4612 619 4649 cur
649 4597 1001 4665 applicandus
1032 4600 1101 4651 sit
1129 4601 1340 4652 animus
1380 4599 1445 4652 ad
1492 4602 1838 4662 exsequenda

246 4663 347 4717 Dei
374 4669 644 4728 mandata,
675 4663 756 4720 est
783 4670 894 4732 ipse
922 4668 1081 4726 Deus,
1114 4670 1227 4722 sive
1265 4669 1354 4721 Dei
1390 4668 1636 4723 voluntas
1662 4679 1715 4722 et
1740 4670 1841 4726 im-

249 4737 483 4801 perium.
516 4751 707 4807 nempe
736 4739 858 4802 quia
882 4739 962 4791 sic
991 4739 1106 4792 vult
1131 4739 1387 4807 etjubet;
1419 4740 1561 4794 sicut
1586 4742 1837 4807 primaria

242 4819 407 4877 causa
434 4820 533 4859 cur
562 4806 866 4875 diligendus
895 4817 965 4861 srt
992 4808 1133 4863 Deus
1156 4851 1170 4871 ,
1208 4806 1294 4863 est
1340 4809 1456 4877 ipse
1498 4806 1636 4865 Deus
1668 4851 1682 4872 .
1721 4814 1837 4868 sive

245 4874 419 4949 ipsius
448 4874 902 4933 summabonitas
936 4898 948 4933 :
984 4880 1125 4933 unde
1155 4889 1209 4934 et
1237 4874 1453 4949 propter
1484 4882 1719 4949 seipsum
1756 4883 1838 4938 di-

245 4946 337 5015 ligi
386 4947 622 5017 jnlietur.
670 4950 913 5005 Secunda
972 4962 1149 5009 autem
1190 4946 1352 5005 censa
1405 4961 1487 5007 est
1528 4946 1833 5019 retributio,

246 5019 363 5073 sive
386 5034 508 5089 spes
530 5023 905 5077 retributionis
931 5030 1167 5081 aeternae.
1193 5038 1350 5091 quam
1378 5022 1465 5077 hic
1489 5024 1654 5077 abbas
1683 5036 1835 5080 vocat

245 5094 633 5148 mercenariam
662 5136 678 5160 ,
727 5094 851 5164 quia
897 5094 1199 5146 mercedem
1232 5103 1437 5161 spectat
1467 5104 1520 5149 et
1559 5097 1832 5164 proprium

241 5164 623 5230 commodum;
682 5181 788 5217 non
822 5166 962 5233 quod
1008 5164 1193 5217 vitiosa
1225 5166 1329 5229 sit,
1362 5166 1457 5219 sed
1499 5168 1621 5234 quia
1656 5167 1831 5224 minus

241 5234 481 5305 perfecta
512 5251 669 5303 quam
700 5236 958 5298 charitas,
986 5250 1090 5305 qua
1119 5236 1261 5289 Deus
1292 5250 1513 5305 propter
1542 5252 1599 5291 se
1628 5236 1830 5305 absque

238 5301 438 5386 intuitu
486 5301 755 5361 mercedis
783 5301 1058 5377 diligitur,
1101 5317 1160 5361 ut
1190 5301 1427 5363 declarat
1460 5309 1708 5380 sequenti
1735 5301 1827 5363 ea-

236 5385 373 5444 pite.

315 5456 339 5484 °
383 5447 556 5502 Verba
607 5457 735 5504 sunt
777 5449 1157 5519 Apostolorum
1200 5450 1267 5505 ad
1318 5451 1479 5508 Hebr.
1533 5468 1608 5508 χι.
1658 5451 1827 5508 Porro

237 5516 461 5592 Moysen
492 5534 521 5572 a
554 5520 663 5592 lilia
701 5516 995 5576 Pharaonis
1026 5535 1335 5591 susceptum
1358 5566 1373 5591 ,
1416 5525 1727 5592 adoptatum
1773 5536 1827 5581 et

233 5589 524 5643 educatum
556 5590 721 5646 fuisse
756 5608 818 5647 ex
853 5593 1073 5649 historia
1109 5589 1284 5649 Exodi
1318 5589 1501 5650 uotum
1527 5589 1632 5650 est.
1670 5597 1823 5661 Quod

229 5667 291 5713 et
330 5663 618 5737 confirmat
642 5663 703 5720 S.
727 5663 1030 5732 Stephanus
1058 5664 1281 5737 Act.ytt
1304 5667 1492 5722 dicens
1526 5684 1538 5720 :
1574 5666 1825 5737 Exposita

226 5732 545 5805 autemqillo
566 5777 581 5803 ,
631 5738 837 5790 sustulit
872 5754 987 5790 eum
1029 5739 1143 5805 ﬁlia
1183 5736 1503 5802 Pharaonis,
1538 5748 1585 5790 et
1614 5732 1826 5792 nutrivit

223 5816 349 5857 eum
382 5803 478 5861 sibi
508 5805 565 5862 in
593 5806 782 5875 lilium.
823 5803 1047 5874 Quando
1081 5817 1263 5863 autem
1300 5820 1353 5866 et
1399 5807 1667 5876 quomodo
1690 5811 1809 5878 jam

1957 3390 2255 3458 negaverit,
2284 3392 2371 3447 vel
2394 3436 2407 3460 ,
2440 3401 2496 3445 ut
2524 3393 2574 3447 io
2612 3390 2802 3449 Graeco
2835 3402 2948 3457 est,
2984 3392 3257 3448 horruerit
3281 3431 3298 3458 ,
3328 3406 3548 3447 aversa-

1956 3471 2043 3517 tus
2079 3464 2148 3518 sit
2182 3478 2241 3517 se
2284 3463 2388 3517 dici
2440 3463 2603 3516 filium
2650 3462 2775 3517 ιιιιτιε
2812 3462 3123 3533 Pharaonis
3146 3505 3160 3528 ,
3200 3463 3252 3517 id
3287 3479 3459 3533 neque
3492 3465 3545 3518 in

1953 3533 2145 3589 Exodo
2170 3535 2417 3601 legimus,
2445 3549 2619 3603 neque
2642 3534 2781 3601 apud
2800 3532 3117 3602 Josephum.
3144 3533 3297 3589 Uode-
3321 3532 3383 3589 S.
3404 3534 3547 3589 Tho-

1955 3621 2068 3659 mas
2100 3606 2179 3659 sic
2227 3607 2613 3671 interpretatur
2647 3622 2658 3656 :
2698 3603 2918 3672 Negavit
2949 3620 3002 3655 se
3046 3620 3155 3656 esse
3198 3605 3363 3674 filium
3408 3609 3542 3674 ejus,

1952 3693 2052 3729 non
2080 3676 2285 3744 quidem
2316 3675 2484 3740 verba,
2525 3675 2640 3744 sed,
2656 3674 2823 3744 facto,
2854 3675 2973 3742 quia
3012 3682 3190 3727 contra
3234 3673 3545 3728 voluntatem

1952 3743 2246 3800 Pharaonis
2277 3746 2533 3811 interfecit
2571 3743 2883 3813 Egyptium
2907 3784 2921 3807 ,
2969 3745 3057 3813 qui
3084 3744 3395 3809 pereutiebat
3432 3744 3543 3798 He-

1952 3818 2179 3880 braeum;
2225 3826 2271 3870 et
2312 3813 2649 3869 Ilebrteorum
2698 3814 2890 3883 populo
2939 3829 2993 3866 se
3037 3816 3298 3881 adjunxit.
3342 3813 3433 3868 Sic
3479 3816 3539 3869 S.

1952 3885 2209 3940 Thomas.
2268 3886 2468 3939 Verum
2509 3886 2598 3938 alii
2625 3897 2848 3939 censent
2873 3884 3090 3953 Moysen
3123 3900 3227 3942 non
3259 3886 3432 3938 Solum
3464 3887 3541 3939 fa-

1950 3966 2069 4023 cto,
2104 3956 2199 4011 sed
2228 3957 2388 4011 etiam
2422 3956 2605 4010 verbis
2636 3970 2861 4023 negasse
2881 3997 2895 4021 ,
2931 3964 2985 4009 et
3021 3971 3079 4010 se
3110 3956 3221 4011 veri
3254 3956 3344 4010 Dei
3373 3955 3539 4011 culto-

1949 4042 2064 4082 rem
2092 4039 2146 4081 et
2173 4028 2238 4081 de
2264 4035 2423 4095 gente
2451 4036 2505 4082 et
2532 4027 2794 4097 religione
2823 4026 3176 4081 Hebraeorum
3208 4028 3382 4096 palam
3417 4043 3540 4095 pro-

1949 4098 2147 4153 fessum
2186 4114 2327 4153 esse.
2370 4100 2654 4164 Quomodo
2703 4106 2883 4169 autem
2929 4098 3067 4151 idem
3118 4098 3326 4169 Moyses
3364 4100 3539 4153 adhuc

1946 4169 2127 4223 infans
2160 4169 2423 4225 Pharaoni
2454 4170 2664 4223 oblatus
2696 4184 2724 4220 a
2758 4167 2889 4235 lilia,
2916 4167 3221 4237 impositum
3254 4170 3354 4222 sibi
3382 4170 3450 4222 ab
3472 4186 3537 4225 eo

1946 4241 2194 4295 diadema
2241 4240 2542 4308 abjecerit,
2584 4239 2918 4311 pedibusque
2965 4240 3334 4303 conculcarit,
3376 4250 3538 4311 atque

1946 4313 2107 4367 etiam
2142 4314 2244 4365 hoc
2272 4312 2414 4367 facto
2442 4314 2718 4381 negaverit
2746 4326 2840 4381 seu
2872 4310 3122 4365 abnuerit
3148 4326 3206 4372 se
3235 4311 3339 4368 dici
3370 4310 3535 4365 lilium

1947 4383 2068 4438 ﬁlia:
2100 4383 2428 4449 Pharaonis,
2460 4380 2722 4452 regnique
2762 4380 3029 4436 hmredem
3078 4382 3244 4453 (quod
3280 4396 3384 4435 non
3416 4384 3534 4436 sine

1947 4455 2127 4509 divino
2156 4466 2303 4513 metu
2336 4466 2389 4508 et
2421 4455 2672 4510 instinctu
2705 4453 2902 4509 factum
2931 4455 3077 4507 credi
3098 4469 3193 4523 par
3218 4455 3347 4524 est),
3369 4453 3537 4508 refert

1944 4525 2504 4615 loeee'eee'eiavit:
2526 4541 2669 4615 ep:
2687 4526 2740 4615 δ·

2023 4595 2040 4634 ί
2075 4594 2282 4652 ’l‘extus
2308 4594 2673 4652 subobscurus
2700 4614 2711 4648 :
2739 4596 3084 4667 paraphrasis
3110 4594 3351 4667 Dionysii
3378 4597 3537 4663 paulo

1947 4670 2176 4738 clarior,
2210 4684 2328 4734 qua:
2360 4685 2436 4723 SIC
2466 4669 2625 4722 habet
2672 4684 2686 4720 :
2734 4668 3009 4738 Scriptura
3051 4668 3223 4719 dit'ina
3270 4669 3454 4721 excitat
3488 4678 3537 4722 et

1869 4716 1917 4775 ι)
1945 4716 2181 4793 ιῖὸὲιὲιὶὰέ
2207 4716 2382 4793 regis
2393 4716 3007 4794 arti-1;};stentem;
3040 4716 3230 4809 ᾱέάὲιέὶέ
3260 4716 3537 4808 agmina;

1946 4827 2067 4864 nunt
2090 4811 2333 4883 diversos.
2358 4813 2517 4882 juata
2548 4826 2846 4883 mensuram
2866 4851 2880 4875 ,
2923 4812 3305 4883 dispositionem
3335 4818 3383 4863 el
3422 4821 3535 4864 sta-

1946 4889 2056 4934 tum
2086 4880 2369 4950 cujulebet'
2401 4882 2614 4947 mentis,
2646 4889 2751 4935 etc.

2016 4962 2041 5000 Ii
2072 4952 2265 5021 Tangit
2312 4951 2665 5006 differentiam
2719 4955 2859 5007 inter
2895 4952 3260 5008 beatitudines
3300 4967 3534 5021 evange-

1943 5021 2073 5076 licas
2100 5063 2115 5091 ,
2166 5028 2282 5076 sive
2331 5025 2382 5076 iu
2418 5023 2705 5093 Evangelia
2751 5035 3201 5079 comuiemoratas
3239 5032 3293 5075 et
3338 5023 3532 5093 przrdi-

1940 5106 2107 5159 calas,
2130 5105 2180 5148 et
2206 5094 2343 5148 inter
2368 5092 2585 5172 pra-mia
2608 5096 2686 5172 eis
2708 5096 3032 5172 repromissa
3058 5096 3195 5147 inter
3216 5106 3275 5143 se
3298 5092 3523 5172 collata:

1940 5181 2057 5235 qua:
2116 5177 2295 5219 tamen
2349 5165 2654 5220 differentia
2712 5167 3059 5235 prmuiiiiritttt
3103 5179 3206 5217 non
3245 5176 3353 5235 tam
3386 5165 3439 5214 in
3470 5178 3531 5218 re

1933 5232 2093 5306 quam
2121 5238 2171 5292 iu
2204 5236 2386 5291 verbis
2416 5238 2680 5291 c0ttsistil.
2714 5238 2838 5290 Sive
2869 5234 3011 5289 enim
3048 5233 3161 5287 hinc
3191 5232 3256 5285 ad
3288 5246 3527 5306 praesen.-

1934 5305 2040 5363 tem
2072 5310 2232 5363 vitam
2268 5308 2598 5377 referantur,
2634 5309 2747 5361 sive
2778 5307 2843 5360 ad
2883 5308 3152 5369 futuram,
3187 5305 3365 5357 omnia
3398 5320 3529 5360 eou-

1932 5390 2158 5434 cnrrttnt
2197 5389 2251 5434 et
2281 5394 2340 5434 se
2384 5390 2569 5433 mutuo
2599 5378 3035 5446 complectuntur
3065 5384 3157 5430 aut
3186 5389 3528 5444 consequun-

1932 5460 2037 5507 tur.
2092 5452 2196 5507 Sed
2246 5450 2291 5504 si
2342 5455 2626 5505 verborum
2662 5450 2768 5501 vim
2820 5463 2911 5501 seu
2952 5446 3256 5515 emphasim
3290 5456 3525 5515 Species,

1934 5523 2106 5591 majus
2132 5521 2410 5592 prinmiutu
2439 5530 2596 5576 sonat
2622 5534 2849 5592 regnum
2889 5519 3151 5571 caelorum
3201 5519 3364 5592 (quod
3395 5517 3525 5592 dno-

1930 5588 2032 5650 bus
2062 5588 2516 5653 beatitudiuibus,
2559 5591 2745 5658 primae
2769 5600 2821 5642 et
2847 5597 3073 5654 octavae,
3107 5588 3523 5661 repromittitur)

1929 5680 2091 5734 quant
2122 5663 2397 5734 possessio
2430 5672 2587 5716 terrae
2608 5703 2621 5726 ,
2647 5662 2789 5734 sive
2813 5670 3043 5734 terretur:
3061 5701 3074 5724 ,
3115 5659 3234 5734 sive
3260 5659 3521 5734 caelestis,

1929 5680 2091 5734 quant
2159 5680 2397 5716 OSSCSSIO
2430 5680 2621 5726 terrm,
2664 5680 2777 5713 SIVB
2813 5680 3074 5724 terrente,
3115 5680 3234 5714 SIW‘
3260 5680 3521 5729 C(BICSUS,

1928 5750 1981 5791 et
2005 5737 2083 5789 sic
2110 5680 2177 5789 ti’e
2200 5732 2432 5801 czeteris,
2464 5740 2621 5801 prout
2647 5729 2735 5786 hic
2759 5730 3085 5786 declaratur.
3117 5730 3299 5802 Neque
3327 5731 3521 5788 attinet

1929 5808 2207 5874 inquirere
2234 5818 2330 5863 cur
2352 5818 2451 5863 sex
2481 5803 2853 5863 tantummodo
2873 5802 3239 5862 beatitudines
3261 5811 3318 5863 et
3336 5818 3521 5862 carum
