4048 6198
543 243 652 308 8ῧὸ

1597 245 1878 303 mancus
1915 243 2233 304 cassum
2269 204 2762 304 mansiones.

3736 250 3862 308 θα.

543 362 645 420 dit.
691 362 843 420 Licet
889 359 1030 416 cnim
1062 359 1204 415 beati
1253 359 1501 415 dicantur
1537 377 1764 432 quorum
1805 369 1935 418 sunt
1967 377 2127 433 regna
2160 369 2204 425 Α
2234 381 2348 428 qtae
2375 367 2618 434 prmi-ipio
2646 365 2783 420 vobis
2826 364 3046 437 (lbid.).
3105 365 3309 422 Videtis
3335 381 3492 437 ergo
3537 366 3839 436 perfectio-

542 455 804 511 caslorum
829 496 845 520 ,
875 461 932 507 et
958 453 1102 507 beati
1126 454 1213 518 qui
1250 453 1598 520 possidebunt
1629 466 1823 508 terram
1849 496 1865 519 ,
1893 465 1950 508 et
1992 454 2134 510 beati

542 548 636 619 qui
662 546 1083 602 consolationem
1126 544 1430 615 recipient,
1466 557 1518 601 et
1553 547 1690 602 beati
1723 548 1810 617 qui
1849 547 2132 604 saturitate

543 641 819 709 potientur
841 637 1060 709 (Matth.
1088 635 1179 708 v);
1212 646 1387 692 tamen
1418 639 1643 691 multmn
1673 639 1940 694 credimus
1966 643 2132 696 inter-

541 745 663 786 esse
688 731 830 784 inter
856 729 1237 784 habitationem
1271 730 1420 799 regni
1452 731 1711 786 caelorum
1742 741 1795 786 et
1827 733 2126 801 possessio-

541 839 663 879 nem
695 823 842 875 illius
865 837 1223 892 qntecumque
1253 832 1337 877 est
1363 830 1552 888 terrae,
1581 834 1635 876 et
1657 825 1799 878 inter
1829 825 2129 892 perceptio-

540 931 661 969 nem
708 912 1103 968 consolationis
1146 927 1196 968 et
1249 913 1633 981 plenitudinem
1678 918 2128 986 saturitatemque

540 1006 790 1078 jnstitizc;
818 1006 1151 1075 multumque
1170 1004 1371 1060 distare
1393 1006 1534 1060 inter
1567 1007 1687 1060 illos
1706 1008 1791 1074 qui
1814 1008 2128 1062 miseriCor-

523 1091 682 1154 diam
715 1110 1116 1170 Consequentur
1144 1108 1199 1152 et
1227 1100 1352 1152 ill0s
1380 1101 1468 1170 qui
1499 1099 1885 1170 gloriosissima
1923 1102 2127 1156 visione

539 1192 636 1249 Dei
689 1191 889 1262 perfrui
941 1193 1312 1247 merebuntur.
1360 1192 1479 1246 Alia
1523 1192 1666 1246 enim
1699 1192 1866 1262 gloria
1895 1193 2047 1264 solis.
2078 1200 2126 1246 et

537 1287 644 1343 alia
673 1288 838 1357 gloria
865 1288 1001 1341 lunte
1021 1331 1034 1354 ,
1069 1297 1114 1339 et
1146 1287 1251 1341 alia
1281 1285 1449 1355 gloria
1472 1285 1758 1340 stellarum.
1795 1284 1960 1341 Stella
1987 1287 2125 1339 enim

537 1395 570 1432 tt
591 1381 740 1433 stella
774 1377 946 1445 differt
978 1379 1030 1432 in
1060 1378 1258 1448 gloria,
1289 1379 1363 1431 ita
1399 1388 1446 1431 et
1475 1378 1774 1431 resurrectio
1804 1391 2124 1432 mortuorum

536 1471 581 1544 (l
603 1469 723 1526 Cor.
754 1474 865 1542 xv).
898 1471 1029 1526 Cum
1063 1473 1223 1539 igitur
1247 1471 1396 1539 juxta
1431 1471 1574 1524 hunc
1604 1471 1819 1524 modum
1850 1471 2122 1540 Scriptura

536 1565 718 1620 divina
752 1565 1006 1620 timentes
1058 1566 1223 1619 Deum
1263 1565 1447 1619 laudet
1475 1576 1528 1620 et
1555 1565 1699 1618 dicat
1731 1582 1743 1616 :
1773 1563 1917 1618 Beati
1950 1580 2122 1618 omnes

533 1659 623 1728 qui
646 1658 820 1711 timent
853 1655 1135 1709 Dominum
1180 1655 1402 1728 (Psalm.
1434 1662 1670 1721 (ηις-ιι),
1703 1665 1756 1709 et
1785 1659 1994 1725 plenam
2029 1673 2123 1725 per

2234 474 2361 512 unm
2392 459 2589 528 grados
2617 475 2739 512 esse
2775 459 3052 527 diversos,
3098 469 3153 514 et
3189 460 3256 515 de
3287 460 3518 515 esceYSis
3545 460 3614 512 ad
3652 462 3837 514 excel-

2233 551 2375 606 siora
2406 567 2503 604 nos
2528 568 2555 603 a
2586 551 2815 604 Domino
2846 553 3151 618 provocari,
3182 560 3241 606 ut
3264 553 3331 604 ita
3365 552 3407 605 is
3439 552 3528 618 qui
3561 553 3613 604 in
3640 562 3836 607 liﬂlﬂl’e

2233 643 2326 699 Dei
2362 645 2547 698 beatus
2592 655 2647 698 et
2681 643 2947 709 perlectus
2978 645 3291 710 exstiterit,
3325 645 3616 696 ambulans
3644 681 3665 708 ,
3702 646 3834 697 sicut

2228 737 2488 806 scriptum
2522 744 2627 797 est,
2655 735 2720 788 de
2749 736 2933 788 virtute
2962 737 3013 788 in
3038 738 3274 788 virtutem
3311 734 3538 806 (Psalm.
3575 737 3831 803 Lusttt),

2229 840 2281 884 et
2314 833 2379 883 de
2413 830 2742 900 perfectione
2771 832 2836 884 ad
2869 831 3028 884 aliam
3078 831 3499 899 perfer-tionem,
3538 830 3592 883 id
3628 840 3737 892 est,
3773 834 3834 884 de

2229 927 2416 978 timore
2447 923 2512 978 ad
2543 940 2693 995 spem
2720 965 2736 990 ,
2769 927 2970 978 mentis
2999 926 3281 979 alacritate
3308 926 3702 978 conscendens
3724 966 3738 981 .
3769 925 3830 978 ad

2230 1015 2524 1070 beatiorem
2558 1017 2734 1069 denuo
2765 1026 2958 1071 statum
2987 1057 3001 1081 ,
3036 1016 3176 1085 quod
3207 1030 3289 1070 εει
3315 1017 3558 1070 eharitas
3585 1057 3604 1079 .
3643 1016 3831 1070 invite-

2229 1116 2336 1162 tur.
2371 1107 2440 1161 Et
2469 1109 2555 1175 qui
2585 1107 2745 1163 fuerit
2778 1109 2952 1164 ﬁdelis
2980 1125 3170 1164 servus
3195 1125 3258 1164 ac
3294 1110 3559 1180 prudens,
3595 1112 3667 1163 ad
3695 1112 3824 1165 ami-

2228 1198 2374 1254 citiae
2422 1200 2760 1256 sodalitatem
2805 1211 2860 1257 et
2902 1204 3250 1272 adoptionem
3284 1212 3523 1257 transeat
3564 1203 3824 1257 ﬁliorum.

2226 1292 2254 1332 δ
2280 1294 2590 1350 Secundum
2615 1311 2743 1364 ergo
2767 1297 2908 1350 hunc
2930 1311 3147 1351 sensum
3177 1308 3358 1350 nostra
3387 1312 3610 1366 quoque
3637 1307 3724 1351 est
3749 1297 3824 1351 iu-

2229 1387 2512 1456 telligenda
2538 1389 2828 1452 sententia,
2853 1403 2959 1442 non
2981 1390 3124 1458 quod
3148 1390 3675 1458 contemplationem
3704 1404 3820 1458 per-

2226 1489 2401 1548 petuae
2425 1480 2567 1540 illius
2595 1495 2794 1550 postne,
2819 1483 2898 1535 vel
2927 1482 3251 1536 beatissima:
3281 1481 3683 1548 retributionis,
3709 1496 3816 1551 qua:

2225 1571 2625 1638 repromittitur
2675 1575 2917 1638 sanctis,
2976 1573 3177 1628 nullius
3229 1573 3657 1642 pronuntiemus
3707 1587 3816 1628 esse

2225 1667 2526 1730 momenti;
2577 1666 2671 1720 sed
2716 1666 2837 1734 qia
2889 1680 3010 1720 cum
3043 1666 3150 1719 sint
3180 1664 3338 1718 utiles
3365 1707 3380 1730 ,
3427 1673 3482 1718 et
3521 1674 3813 1719 sectati-res

535 1749 638 1803 hoc
661 1750 766 1804 illis
793 1749 1176 1804 beatitudinem
1206 1752 1575 1818 repromittat;
1618 1749 1808 1803 iterum
1839 1759 2013 1803 tamen
2045 1749 2125 1804 di-
2155 1752 2200 1812 B
2229 1771 2354 1811 suos
2383 1757 2448 1812 ad
2483 1756 2633 1810 initia
2665 1757 3017 1812 beatitudinis
3043 1755 3406 1821 introducunt,
3437 1755 3682 1810 Charitas
3708 1771 3814 1810 rur-

534 1841 610 1897 cit
639 1861 652 1896 :
693 1842 860 1894 Timor
884 1859 983 1896 non
1014 1853 1087 1895 est
1115 1844 1170 1896 in
1201 1843 1489 1908 charitate,
1523 1844 1610 1896 sed
1641 1847 1865 1915 perfecta
1897 1845 2124 1898 charitas

539 1939 682 2006 foras
711 1934 860 1987 mittit
884 1937 1140 2000 timorem,
1167 1936 1407 2006 quoniant
1431 1936 1581 1989 timor
1606 1952 1802 2006 pomum
1828 1935 1994 1989 habet.
2024 1935 2126 2003 Qui

535 2040 704 2081 autem
733 2028 873 2082 timet
896 2044 996 2082 non
1023 2039 1096 2083 est
1120 2028 1375 2098 perfectus
1412 2030 1466 2082 in
1493 2026 1745 2081 charitate
1767 2031 1784 2095 (
1803 2028 1820 2082 l
1842 2025 1999 2081 Joan.
2028 2031 2124 2098 tv).

536 2120 606 2177 Et
621 2135 832 2187 rursus,
858 2136 979 2175 cum
1003 2121 1210 2176 seriire
1237 2122 1346 2175 Deo
1371 2120 1661 2186 gloriosum
1688 2122 1777 2187 sit,
1806 2131 1858 2173 et
1879 2121 2086 2175 dicatur
2111 2140 2124 2174 :

536 2214 734 2270 Servite
759 2213 976 2269 Domino
1007 2216 1058 2269 in
1089 2217 1269 2270 timore
1302 2214 1526 2285 (Psalm.
1562 2215 1647 2283 tt).
1688 2213 1792 2268 Et:
1829 2223 1851 2250 ⁸
1880 2213 2127 2286 Magnum

535 2307 627 2361 tibi
654 2316 731 2362 est
761 2309 930 2362 rocari
953 2325 1154 2363 servum
1180 2325 1346 2362 meum
1384 2306 1514 2377 (Isa.
1564 2308 1732 2377 χιιι).
1784 2309 1848 2363 Ει
1882 2327 1894 2360 :
1940 2308 2130 2364 Beatus

535 2415 708 2453 servus
732 2399 842 2468 ille,
875 2418 1044 2469 quem,
1069 2418 1187 2454 cum
1212 2402 1403 2454 venerit
1428 2402 1666 2455 dominus
1692 2418 1816 2456 suus
1834 2443 1850 2466 ,
1884 2403 2132 2457 invenerit

535 2492 608 2544 sic
633 2494 904 2562 facientem
932 2490 1086 2560 (Luc.
1111 2490 1229 2555 stt).
1260 2493 1462 2546 Tamen
1497 2492 1563 2546 ad
1597 2493 1870 2562 apostolos
1896 2495 1927 2548 d
1954 2496 2090 2549 citur
2113 2512 2126 2549 :

536 2580 660 2634 Jam
689 2598 791 2634 non
820 2583 991 2635 dicam
1021 2597 1107 2636 vos
1136 2599 1328 2645 servos,
1357 2585 1478 2653 quia
1507 2601 1679 2638 servus
1709 2587 1867 2638 nescit
1893 2586 2021 2655 quid
2048 2587 2128 2654 fa-

537 2675 635 2727 ciat
663 2673 902 2726 dominus
930 2690 1076 2727 suus.
1108 2673 1212 2728 Vos
1234 2687 1405 2728 autem
1428 2675 1546 2728 dico
1572 2677 1782 2738 amicos,
1807 2678 1930 2748 quia
1959 2679 2130 2732 omnia

536 2782 866 2838 qutecurnque
889 2768 1063 2820 audivi
1091 2785 1122 2820 a
1153 2767 1312 2823 Patre
1337 2787 1470 2835 meo,
1503 2781 1627 2824 nota
1653 2773 1753 2839 feci
1779 2772 1918 2825 vobis
1947 2772 2128 2841 (Joan.

541 2861 657 2931 xv).
701 2860 766 2915 Et
797 2861 992 2915 iterum
1026 2880 1040 2917 :
1076 2861 1180 2917 Vos
1219 2864 1371 2917 amici
1414 2865 1512 2918 mei
1539 2865 1689 2931 estis,
1722 2865 1770 2918 si
1811 2867 2030 2936 feceritis
2070 2883 2132 2920 ea

2229 1863 2368 1913 sum,
2404 1850 2454 1902 in
2489 1864 2591 1917 qua
2627 1848 2839 1915 plenior
2871 1847 3064 1900 lidncia
3097 1855 3526 1916 perpetuumque
3554 1846 3665 1915 jam
3691 1861 3814 1915 gau-

2231 1943 2377 1998 dium
2405 1951 2520 2012 est,
2552 1957 2838 1997 assumens
2869 1956 2964 1996 eos
2991 1940 3057 1995 de
3085 1941 3280 1996 timore
3322 1940 3509 1994 servili
3536 1950 3591 1994 et
3615 1953 3810 1992 interce-

2234 2040 2381 2089 naria
2421 2051 2517 2103 cpe
2539 2079 2553 2103 ,
2585 2035 2650 2089 ad
2685 2036 3028 2089 dilectionem
3057 2032 3153 2087 Dei
3181 2041 3236 2087 et
3264 2033 3607 2100 adeptionem
3639 2039 3801 2083 trans-

2233 2126 2337 2182 fert
2369 2127 2597 2181 ﬁliorum
2633 2170 2646 2192 ,
2681 2137 2732 2181 et
2777 2126 3174 2198 quodammodo
3218 2123 3571 2192 perlectis-ires
3596 2122 3712 2177 facit
3736 2121 3800 2174 de

2236 2221 2511 2292 perlectis.
2559 2220 2742 2275 Multcc
2767 2222 2931 2287 enim,
2967 2221 3045 2274 ait
3072 2219 3350 2282 Salvator,
3386 2217 3670 2272 nzattsiones
3693 2222 3806 2268 sunt

2231 2314 2368 2385 apud
2399 2311 2609 2366 Patrem
2639 2329 2805 2366 inettm
2835 2311 3013 2380 (Joan.
3044 2309 3177 2380 xw).
3227 2311 3291 2364 Et
3316 2310 3444 2364 licet
3468 2311 3636 2363 omnia
3666 2315 3804 2360 astra

2233 2421 2355 2461 esse
2386 2405 2668 2460 videantur
2698 2405 2753 2459 in
2785 2405 2950 2470 cinlo,
2981 2405 3121 2458 inter
3151 2402 3448 2458 claritatem
3478 2413 3649 2454 tamen
3679 2396 3803 2452 solis

2232 2505 2287 2551 et
2344 2497 2484 2550 lunae
2541 2507 2702 2567 atque
2754 2495 2996 2556 lncil'eri,
3049 2505 3466 2560 czeterarumque
3517 2487 3789 2543 stellarum

2233 2591 2400 2644 multa
2427 2590 2678 2644 di~tantia
2705 2598 2808 2644 est.
2837 2589 2901 2643 Et
2922 2587 3124 2642 idcirco
3153 2587 3340 2641 beatus
3363 2581 3656 2653 Apnsuilus,
3681 2594 3788 2634 non

2236 2684 2412 2740 Sttlttm
2443 2683 2618 2737 timori
2648 2698 2710 2737 ac
2735 2683 2884 2752 spei,
2919 2681 3012 2736 sed
3041 2682 3204 2735 etiam
3237 2683 3444 2735 cunctis
3471 2672 3795 2732 citari-mati-

2239 2775 2358 2843 bus,
2383 2790 2503 2844 quae
2527 2789 2714 2842 magna
2743 2789 2805 2828 ac
2828 2772 3049 2828 miriﬁca
3075 2771 3361 2831 habentur,
3385 2786 3506 2825 eam
3524 2767 3800 2839 praeferens

2243 2878 2265 2906 ο
2298 2882 2459 2938 supra
2489 2866 2730 2935 modum,
2757 2865 3199 2922 excellentiorem
3227 2863 3479 2918 omnibus
3505 2861 3798 2915 charitatem

1609 3019 1868 3074 ALARDI
1909 3018 2140 3076 GAZ£l
2177 3019 2748 3076 COMMENTARIUS.

538 3132 761 3206 praemia
791 3131 880 3188 hic
907 3139 1185 3187 enumeret
1214 3131 1417 3206 Auctor
1438 3174 1454 3198 ,
1485 3149 1605 3206 cum
1630 3133 1777 3206 apud
1813 3133 2119 3206 Matthwum
2152 3132 2196 3195 C
2230 3132 2370 3206 hunc
2397 3135 2570 3206 lorum
2600 3134 2848 3206 pertinet:
2871 3132 3095 3206 Prmmia
3117 3131 3401 3186 secundum
3424 3129 3731 3183 additionem
3753 3144 3800 3206 se

537 3204 660 3259 oc'o
681 3213 1197 3269 eamme-morentur,
1223 3204 1363 3272 quod
1395 3206 1525 3258 satis
1554 3204 1803 3258 habuerit
1832 3205 1914 3257 his
1935 3218 2122 3257 exem-

540 3277 643 3346 plis
689 3275 1261 3346 ostendererdivereos
1308 3284 1363 3328 et
1414 3275 1706 3344 inaequales
1754 3288 1877 3328 e~~e
1923 3275 2123 3346 grados

540 3345 929 3414 perl'ertiomtm
984 3345 1116 3415 (qui
1171 3359 1367 3406 scopas
1418 3355 1473 3400 et
1525 3354 1898 3415 argumentum
1962 3345 2122 3412 hujus

537 3415 705 3486 cap.),
734 3417 872 3472 sicut
903 3417 1102 3471 diver~i
1135 3426 1261 3470 sunt
1286 3417 1486 3486 gradus
1534 3417 1918 3470 beatitudinum
1959 3431 2125 3470 evan-

539 3491 854 3554 geliearum,
887 3501 940 3540 et
972 3488 1313 3550 praemiorum
1346 3489 1426 3542 eis
1455 3486 1931 3556 l‘t'prOtlIiSSOt'lttll,
1968 3497 2126 3551 prout

540 3561 594 3613 in
629 3559 924 3629 Evangelia
949 3569 1345 3627 exprimuntur.
1393 3558 1586 3613 Verntn
1620 3560 1706 3612 Itic
1732 3566 2030 3626 opportuno
2062 3561 2121 3611 lt.

539 3630 800 3685 Thomam
831 3632 1114 3686 audiemus
1145 3631 1354 3699 plenius
1386 3631 1500 3684 hare
1529 3645 1577 3685 et
1614 3633 1914 3684 accuratius
1942 3645 2008 3684 ex
2036 3645 2126 3684 ve-

541 3712 712 3756 terntn
765 3704 976 3757 Patrum
1025 3704 1289 3755 sententia
1336 3702 1692 3766 ιιιμιίρθιιιριιι
1733 3704 1782 3754 in
1825 3700 1964 3754 hunc
2007 3716 2124 3754 tuo-

543 3771 670 3827 dutn
702 3775 751 3833 ll
785 3772 835 3827 2.
868 3791 899 3837 q
949 3775 1040 3838 (i9,
1073 3790 1124 3826 a.
1155 3774 1191 3827 Ξ
1219 3782 1266 3826 et
1292 3771 1348 3838 4)
1384 3790 1396 3824 :
1438 3773 1738 3833 Dicendum,
1775 3773 1963 3842 inquit,
1996 3772 2124 3824 'uod

539 3847 676 3897 circa
706 3846 805 3898 ista
831 3847 1074 3915 prtvmia,
1105 3846 1420 3901 exnesitores
1446 3860 1606 3897 sacra:
1639 3845 1921 3911 Scriptura:
1951 3843 2122 3895 diver-

539 3915 737 3970 simode
779 3928 894 3968 sunt
925 3917 1105 3970 locuti.
1147 3917 1370 3980 Quidam
1422 3917 1553 3968 enim
1580 3915 1755 3967 omnia
1785 3916 1881 3967 ista
1910 3915 2126 3980 privatio

539 3990 606 4038 ad
631 3987 864 4056 futuram
899 3986 1260 4056 beatitudinem
1289 3989 1540 4055 pertinere
1574 3988 1758 4056 dicunt
1787 4001 1810 4056 :_
1832 3986 1959 4037 sicut
1997 3984 2126 4056 Am-

539 4052 739 4109 brosius
786 4074 940 4124 super
969 4057 1157 4110 Lucam
1183 4052 1427 4125 (In'cap.
1473 4052 1831 4125 de_Beatitud.
1874 4063 2008 4105 tomo
2041 4053 2123 4125 ν),

538 4125 856 4195 Augustinus
887 4143 1001 4181 vero
1038 4127 1176 4194 (Lib.
1203 4142 1216 4179 t
1241 4127 1306 4178 de
1340 4123 1491 4178 serm.
1534 4123 1683 4176 Dum.
1713 4125 1773 4195 in
1797 4140 1968 4176 mnn'e
1994 4139 2040 4176 c.
2071 4123 2125 4191 9)

539 4194 664 4248 dicit
691 4213 748 4249 ea
780 4200 847 4249 ad
879 4211 1178 4260 praesentem
1222 4198 1373 4248 vitam
1418 4197 1684 4262 pertinere.
1736 4194 2128 4263 Chrysostomus

538 4275 716 4318 autem
759 4265 982 4336 (Homil.
1013 4269 1046 4320 6
1077 4269 1128 4320 in
1161 4266 1327 4319 Matth
1357 4267 1374 4332 )
1417 4269 1468 4317 in
1500 4266 1608 4318 suis
1635 4265 1862 4318 homiliis
1891 4265 2128 4333 quasdam

538 4351 717 4388 eorum
748 4337 869 4389 dicit
914 4339 1168 4407 pertinere
1199 4336 1264 4388 ad
1297 4337 1525 4405 fututam
1553 4337 1736 4397 vitam,
1767 4351 2003 4405 quantam
2033 4352 2130 4388 au-

539 4415 638 4458 tem
669 4408 735 4460 ad
764 4418 1088 4477 prteseutem.
1138 4407 1214 4459 Ad
1251 4409 1400 4478 cujus
1439 4408 1746 4478 evidentiam
1789 4407 2125 4459 consideran-

540 4478 664 4530 dum
696 4488 767 4531 ost
793 4481 930 4548 quod
970 4496 1086 4539 spes
1130 4477 1322 4545 future
1360 4477 1684 4532 beatitudinis
1731 4487 1895 4548 potest
1939 4493 2046 4530 esse
2073 4478 2127 4530 in

539 4548 686 4601 nobis
711 4546 917 4612 propter
938 4548 1061 4601 duo.
1095 4548 1268 4601 Primo
1288 4551 1488 4617 quidem
1517 4546 1974 4617 propter'aliquam
1997 4565 2130 4618 prte-

540 4621 861 4687 parationem
888 4621 963 4672 ωτι
991 4621 1377 4686 dispositionem
1399 4625 1465 4672 ad
1488 4627 1715 4683 futuram
1741 4619 2124 4685 beatitudinem,

540 4706 610 4762 qu
647 4693 679 4741 d
705 4700 780 4744 est
818 4707 908 4762 per
935 4694 1141 4743 modum
1172 4691 1374 4753 meriti;
1419 4693 1522 4743 alio
1555 4691 1705 4762 modo
1734 4706 1824 4760 per
1843 4691 2126 4762 quamdam

536 4761 913 4816 inchoationem
940 4762 1284 4832 imperfectam
1328 4764 1515 4823 fu'itra:
1549 4761 1875 4832 beatitudinis
1923 4763 1974 4812 in
2004 4761 2126 4815 viris

535 4837 726 4884 sanctis
750 4875 764 4898 ,
817 4834 970 4884 etiam
1010 4830 1062 4884 in
1102 4834 1196 4886 hac
1226 4834 1351 4886 vita.
1397 4833 1558 4885 Aliter
1586 4834 1721 4886 enim
1750 4830 1968 4884 habetur
2009 4849 2125 4897 spes

534 4904 949 4972 fructiﬁcationis
967 4905 1186 4967 arboris,
1212 4920 1328 4956 cum
1351 4905 1553 4957 virescit
1577 4902 1879 4966 frondibus;
1905 4912 1952 4955 et
1972 4904 2125 4956 aliter

535 4989 650 5026 cum
683 4992 786 5038 iam
818 4976 1102 5043 primordia
1133 4980 1390 5041 fructuum
1431 4975 1682 5040 incipiunt
1711 4989 1979 5040 apparere.
2033 4972 2123 5028 Sic

532 5044 692 5113 igitur
704 5063 764 5100 ea
781 5063 894 5110 qua:
919 5047 973 5099 ia
992 5046 1388 5100 beatitudvnibus
1411 5057 1722 5116 tanguntur,
1743 5055 1998 5113 tamquam
2018 5060 2122 5096 mc-

533 5127 662 5176 rtta,
688 5127 804 5170 sunt
834 5121 1064 5187 quedam
1098 5120 1533 5188 prmparotfones,
1563 5117 1641 5188 vel
1671 5117 2024 5183 dispositione;
2052 5116 2122 5169 ad

532 5186 934 5250 beatitulins-m,
965 5190 1042 5243 rel
1078 5186 1385 5260 perfectam,
1424 5189 1499 5240 vel
1529 5186 1867 5250 inchoatam;
1916 5201 2120 5260 cavero

529 5273 649 5326 quia
677 5273 936 5325 ponuntur
970 5257 1229 5330 tamquam
1260 5261 1501 5329 pra-mia,
1539 5268 1748 5329 possunt
1777 5273 1885 5310 esse
1906 5257 1983 5330 vel
2007 5258 2120 5326 ipsa

532 5330 790 5402 beabtudo
819 5348 880 5402 pe
913 5331 1067 5400 fetta,
1090 5327 1156 5382 ἰιι
1189 5327 1268 5382 sic
1292 5327 1547 5402 pertinent
1573 5330 1640 5382 ad
1666 5332 1894 5402 futuram
1923 5327 2118 5402 vitam;

529 5401 608 5471 vel
635 5397 1092 5471 aliqua't’nc'hoalio
1125 5397 1472 5460 lentitudinis,
1510 5401 1639 5452 sicut
1665 5397 1736 5453 est
1763 5401 1813 5450 in
1848 5397 1988 5471 viris
2006 5414 2120 5459 per-

528 5470 674 5542 fectis
700 5468 731 5533 ,'
760 5483 806 5524 et
852 5489 925 5524 ιτ
968 5474 1178 5534 prsentia
1221 5475 1470 5542 prrtinen!
1497 5473 1564 5522 ad
1605 5482 1900 5537 praesentem
1942 5468 2114 5522 tilam.

531 5539 657 5595 Cum
690 5546 822 5595 enim
860 5545 1045 5612 aliquis
1075 5539 1251 5611 incipit
1291 5545 1538 5608 pro/icere
1562 5544 1613 5592 in
1642 5542 1846 5593 artibus
1877 5542 2117 5612 virtutum

525 5621 575 5663 et
599 5611 874 5678 donorum,
903 5611 1064 5682 petest
1087 5614 1285 5680 sperari
1309 5615 1372 5666 de
1398 5613 1612 5680 ecquod
1631 5614 1880 5680 perveniet
1911 5611 2115 5682 adfer-

522 5682 797 5750 fectionem
815 5680 933 5753 vite,
959 5696 1004 5736 et
1027 5687 1094 5736 ad
1119 5684 1474 5753 perfectionem
1504 5686 1702 5753 patriae.
1739 5682 1861 5753 l'Igt-c
1885 5683 1942 5736 S.
1969 5680 2114 5753 Tho-

525 5765 664 5807 mas.
709 5752 874 5807 Addit
924 5767 1056 5808 vero
1099 5753 1150 5807 in
1196 5751 1368 5808 altero
1397 5751 1653 5816 articulo,
1683 5752 1828 5822 quod
1853 5753 2015 5808 etiam
2040 5751 2108 5810 ad

2158 4479 2252 4578 Β(

2227 3204 2408 3257 habent
2425 3205 2493 3256 ad
2518 3205 2748 3256 invicem.
2781 3203 2917 3257 Nam
2943 3204 3058 3273 plus
3081 3215 3154 3256 est
3183 3205 3443 3270 possidere
3465 3210 3654 3273 terram
3673 3199 3801 3268 regni

2228 3275 2474 3328 calorum
2490 3291 2642 3342 quam
2663 3272 2961 3342 simpliciter
2985 3273 3190 3326 habere.
3225 3273 3335 3326 Mal
3359 3290 3388 3325 ο
3409 3273 3550 3326 eitim
3574 3272 3802 3324 habemus

2227 3361 2340 3412 qua:
2367 3362 2467 3397 non
2497 3347 2710 3412 firmiter
2733 3359 2779 3399 et
2815 3347 3024 3410 paci/ire
3045 3343 3376 3413 possidemus.
3414 3343 3544 3396 Plus
3569 3355 3640 3397 est
3665 3346 3802 3395 etiam

2229 3418 2482 3469 consolari
2515 3433 2564 3468 tn
2608 3432 2768 3486 regno
2797 3433 2952 3485 quam
2983 3416 3166 3468 habere
3219 3424 3265 3468 et
3305 3415 3610 3478 possidere;
3651 3415 3796 3486 multa

2227 3489 2361 3538 enim
2391 3503 2509 3539 rum
2539 3482 2717 3539 dolore
2748 3482 3082 3557 possidemus.
3127 3485 3250 3557 l’lus
3283 3497 3357 3538 est
3401 3487 3556 3538 etiam
3597 3482 3802 3557 saturari

2227 3574 2377 3625 quam
2421 3558 2719 3623 smtpliritcr
2749 3555 3044 3610 consolari.
3101 3555 3238 3610 Nam
3274 3557 3522 3609 saturitas
3549 3556 3802 3625 abundati-

2228 3624 2352 3680 tiam
2377 3631 2740 3682 consolationis
2773 3630 3057 3696 imponat;
3098 3628 3449 3679 misericordia
3477 3643 3598 3680 vero
3625 3624 3802 3680 excedit

2229 3703 2571 3766 saturitatem,
2615 3710 2668 3751 ut
2703 3702 2814 3765 plus
2845 3699 3034 3753 scilicet
3082 3701 3229 3751 homo
3273 3699 3494 3766 accipiat
3532 3713 3684 3765 quam
3711 3710 3802 3747 me-

2229 3775 2387 3823 ruerit
2418 3771 2493 3824 vel
2521 3771 2812 3823 desiderare
2842 3771 3082 3840 patuerit.
3133 3768 3314 3821 Adhuc
3338 3777 3512 3820 autum
3545 3770 3710 3837 nsajus
3735 3771 3803 3819 est

2233 3841 2394 3893 Deum
2425 3842 2634 3902 videre;
2673 3843 2802 3894 sicut
2831 3842 2997 3909 major
3023 3851 3125 3903 est,
3167 3840 3252 3909 qui
3283 3840 3333 3890 in
3375 3842 3521 3891 curia
3551 3840 3684 3906 regis
3709 3851 3802 3889 non

2228 3915 2395 3965 solum
2429 3913 2665 3982 prandet,
2689 3915 2777 3964 sed
2801 3913 2949 3964 etiam
2977 3910 3159 3977 faciem
3189 3909 3485 3982 regisvidet
3520 3924 3540 3962 :
3565 3921 3804 3982 summam

2230 3993 2400 4035 autent
2429 3977 2589 4045 'diqni
2613 3995 2744 4035 atem
2788 3983 2841 4035 in
2893 3983 3046 4033 domo
3097 3977 3254 4050 regia,
3285 3978 3428 4046 ﬁlius
3471 3984 3609 4048 regis
3644 3977 3801 4050 habet.

2235 4054 2505 4106 llactenus
2539 4053 2734 4107 Docmr
2764 4055 3068 4118 Angelicus,
3104 4047 3266 4104 itntno
3293 4047 3554 4103 divinus:
3592 4053 3673 4108 uni
3696 4047 3803 4116 qui~

2231 4123 2354 4177 dem
2408 4125 2552 4176 illam
2587 4125 2971 4177 beatitudinem
3005 4134 3057 4177 et
3114 4122 3460 4190 pr:emiorutu
3498 4125 3801 4174 varietatem

2231 4205 2284 4248 et
2314 4195 2680 4248 habitudinem
2713 4197 2778 4247 ad
2804 4214 2861 4246 se
2894 4197 3120 4248 invicem
3151 4192 3309 4245 aliter
3334 4203 3387 4245 et
3413 4194 3662 4246 subtilius
3685 4204 3802 4244 coa-

2231 4265 2485 4319 sideravit
2528 4275 2582 4317 et
2611 4265 2880 4334 espomit,
2912 4281 3071 4333 quam
3106 4266 3213 4334 hoe
3235 4264 3351 4334 loco
3383 4270 3701 4325 emittantur.

2305 4346 2329 4370 υ
2360 4335 2614 4402 Agnoscit
2639 4329 2695 4390 et
2721 4339 2856 4390 hanc
2879 4329 3162 4389 lectionem
3191 4333 3252 4387 Ι).
3280 4332 3666 4403 Hieronymus;
3693 4329 3791 4382 νιιΙι

2232 4415 2352 4471 gata
2395 4418 2573 4459 autem
2626 4408 2790 4461 lectio
2833 4425 2846 4459 :
2893 4405 3089 4459 Parum
3128 4415 3232 4472 est,
3279 4415 3330 4456 ut
3364 4405 3433 4457 sis
3468 4403 3594 4456 mihi
3632 4413 3796 4454 servits

2263 4475 2369 4547 lsa.
2405 4479 2570 4546 stas),
2606 4490 2709 4531 etc.
3111 4546 3114 4547 ν
3511 4541 3524 4547 ,
3615 4542 3624 4547 ,
3752 4537 3764 4547 .

2306 4545 2332 4583 δ
2365 4541 2575 4603 Salutio
2605 4547 2895 4616 prepositze
2923 4546 3277 4608 difﬁcultatis,
3303 4541 3564 4608 quomodo
3592 4541 3797 4594 timoris

2231 4627 2286 4670 el.
2314 4621 2428 4683 Spei
2460 4619 2684 4673 allectus
2706 4620 2900 4672 dixerit
2923 4616 3307 4686 itttperl'ectos?
3338 4616 3594 4671 Nimirum
3619 4625 3798 4677 respe-

2231 4699 2318 4764 ctu
2347 4690 2649 4764 charitatis,
2690 4691 3024 4764 quamvisin
3054 4705 3150 4742 Ml"
3173 4703 3370 4753 genere
3390 4701 3438 4764 et
3462 4691 3798 4764 g_r;utu_su:tm

2233 4759 2462 4813 habeant
2491 4757 2880 4828 perfectionem
2913 4779 2926 4814 :
2952 4761 3004 4814 in
3035 4776 3134 4826 qua
3167 4771 3341 4812 tamen
3371 4757 3594 4811 minime
3614 4757 3797 4828 sisten:

2229 4829 2386 4893 dum;
2420 4818 2511 4884 sed
2553 4833 2814 4901 gradatim
2847 4847 2875 4883 a
2910 4818 3104 4884 timore
3141 4831 3206 4882 ad
3244 4845 3418 4896 spem,
3457 4836 3514 4901 et
3548 4842 3584 4901 _a
3615 4838 3708 4891 spe
3737 4818 3796 4901 :14

2229 4892 3052 4970 cbaritatemvprog‘redtendum,
3083 4902 3223 4973 quod
3257 4892 3418 4953 etiam
3450 4898 3586 4973 dixit
3607 4892 3794 4973 cap._7.

2302 4981 2324 5008 °
2357 4974 2463 5026 Cur
2493 4973 2780 5034 Aposmlth-
2802 4973 3124 5027 cbaritatem
3151 4972 3287 5023 riam
3319 4970 3694 5029 nominaverit,
3723 4970 3796 5016 iu-

2227 5040 2364 5111 dicat
2399 5044 2456 5096 S.
2492 5043 2727 5096 Thomas
2767 5048 2948 5111 paucis
2981 5045 3156 5098 \erbis
3191 5041 3331 5106 (2-2.
3355 5057 3416 5111 _q.
3448 5038 3551 5099 ἳδ,
3581 5046 3682 5111 αΐὲο
3707 5035 3791 5100 υς

2228 5109 2314 5165 Ex
2342 5111 2440 5166 hoc
2465 5115 2688 5167 dicimur
2709 5109 2816 5168 ωε
2843 5117 3084 5178 viatores,
3107 5113 3245 5182 quod
3270 5114 3321 5164 in
3343 5109 3508 5182 ltum
3524 5110 3790 5182 tendimus,

2224 5186 2311 5252 qui
2341 5197 2416 5236 est
2445 5187 2656 5238 ultimus
2677 5185 2799 5254 finis
2835 5195 3022 5238 nostrae
3045 5180 3395 5254 beatitudinis.
3421 5180 3487 5234 In
3513 5180 3614 5254 hac
3636 5187 3793 5230 autem

2225 5251 2305 5326 via
2333 5264 2479 5307 tanto
2520 5251 2685 5326 magis
2725 5255 3070 5321 procedimus,
3093 5262 3312 5326 quanto
3343 5251 3449 5304 Deo
3479 5251 3643 5326 "togis
3687 5260 3794 5311 pro-

2227 5324 2537 5394 pinquamus
2563 5343 2580 5390 ;
2607 5323 2714 5378 chi
2749 5342 2847 5378 non
2886 5323 3331 5394 appropinquatnr
3365 5323 3599 5394 passibus
3625 5330 3792 5394 corpo-

2224 5390 2438 5456 rispsed
2462 5396 2728 5461 tt/Iectibus
2757 5390 2965 5448 ntenlis'
2990 5393 3037 5447 Η
3046 5409 3144 5446 anc
3176 5390 3649 5462 autems‘propinqui
3671 5397 3790 5462 qlfm

2223 5455 2348 5534 facit
2391 5455 2634 5524 charitas.
2661 5468 2783 5532 quia
2812 5483 2900 5534 per
2927 5467 3090 5536 ipsam
3119 5479 3262 5536 mens
3305 5455 3413 5536 Deo
3442 5455 3642 5536 u'nitnr.
3672 5455 3788 5536 Ideo

2227 5523 2500 5598 Apostolus
2541 5523 2840 5591 charitatem
2865 5523 2996 5588 viain
3041 5534 3294 5592 nominat,
3328 5535 3500 5586 dicens
3527 5535 3701 5604 prima:
3727 5523 3789 5604 ad

2219 5605 2450 5663 Corinth.
2505 5625 2576 5665 stt
2612 5627 2623 5665 :
2659 5607 2840 5663 Adhuc
2883 5605 3292 5662 excellentior-em
3340 5608 3479 5660 vium
3525 5597 3663 5658 vobis
3704 5597 3787 5652 de

2217 5690 2464 5737 tttattstro.

3963 315 3965 448 Ν

3964 531 3965 620 ψ
