4048 6198
236 203 347 264 865

1259 204 1598 263 COLLATIO
1638 203 1733 261 X-l.
1766 234 1843 246 -—
1872 201 1961 263 DE
1998 206 2507 266 PERFECTIONE.

3408 219 3537 284 866

236 320 503 377 ostendit.
548 319 682 375 Nam
731 336 859 377 cum
888 319 1051 375 vellet
1076 361 1091 383 ,
1136 319 1347 389 expleto
1392 319 1537 373 omni
1587 319 1840 389 catalogo
1868 321 1914 380 Α
1945 322 2389 390 psalmograplttt:
2434 318 2628 374 Timete
2659 319 2956 375 Dominum.
2988 337 3160 378 omnes
3190 332 3356 384 sancti
3377 338 3520 405 ejus,

239 412 609 483 Spiritualinnt
659 415 1080 477 charismatum,
1122 413 1375 468 virtutum
1424 415 1541 479 ejus
1590 412 1832 466 membra

243 508 579 569 de~crihere,
618 507 686 559 ita
721 509 972 575 prmfatus
992 519 1071 561 est
1101 524 1114 560 :
1144 504 1208 559 Et
1233 505 1400 559 adhuc
1421 520 1582 574 supra
1611 504 1834 559 modum

246 602 661 657 excellentiorem
702 601 839 654 viam
864 602 999 655 vobis
1024 601 1336 655 demonstro.
1370 598 1431 654 Si
1453 599 1643 669 linguis
1666 598 1835 651 homi-

247 711 377 748 num
411 694 591 763 loquar
618 701 666 747 et
708 692 1046 763 angelorum,
1079 699 1128 745 et
1151 692 1196 745 si
1230 690 1454 745 habuero
1490 690 1830 760 prophetiam,

248 798 301 841 et
331 787 556 842 noverim
581 787 823 857 mysteria
852 788 1025 840 omnia
1045 825 1061 849 ,
1088 794 1134 839 et
1162 800 1361 838 onmem
1386 784 1652 839 scientiam
1672 826 1687 851 ,
1718 790 1765 836 et
1791 781 1837 835 si

247 879 480 932 habuero
509 893 705 931 omnem
734 878 917 944 ﬁdem,
948 878 1019 930 ita
1046 884 1101 928 ut
1128 883 1326 929 montes
1348 873 1686 942 transferam,
1716 882 1764 927 et
1792 872 1838 927 si

248 970 566 1024 distribuere
605 970 658 1023 in
684 968 821 1022 cibos
844 984 1128 1040 pauperum
1151 984 1326 1023 omnes
1361 967 1634 1037 facultates
1672 980 1834 1028 meas,

247 1072 298 1116 et
325 1062 373 1115 si
401 1060 660 1114 tradidero
684 1075 872 1128 corpus
900 1077 1065 1115 meum
1086 1062 1156 1114 ita
1185 1070 1241 1114 ut
1272 1059 1504 1126 ardeam,
1533 1057 1837 1110 charitatem

249 1164 430 1208 autent
475 1169 578 1207 non
624 1154 866 1214 habuero.
895 1151 1028 1206 nihil
1067 1152 1193 1205 mitti
1236 1151 1442 1221 prodest
1488 1148 1531 1221 (ι
1554 1146 1674 1203 Cor.
1701 1163 1769 1202 xtt
1790 1155 1839 1201 et

251 1246 402 1314 xm).
450 1244 648 1299 Vidi-tis
677 1259 807 1314 ergo
834 1243 970 1298 nihil
1002 1245 1325 1313 pretiosius,
1366 1242 1497 1297 nihil
1528 1239 1837 1310 perfectius,

253 1339 493 1406 nihilque
519 1337 828 1403 sublimius,
861 1347 916 1393 et
944 1336 1027 1408 (ιιι
1048 1338 1121 1391 ita
1146 1337 1403 1393 dixerim)
1430 1334 1557 1388 nihil
1578 1334 1840 1389 eharitate

253 1428 548 1500 perennius
578 1428 835 1483 inveniri.
878 1427 998 1484 Sive
1024 1429 1168 1482 enitu
1198 1425 1482 1498 prophetia;-
1505 1424 1842 1479 evacuabun-

249 1531 338 1576 tur
361 1561 378 1588 ,
409 1523 511 1577 sive
550 1521 743 1594 lingua:
774 1519 1083 1586 cessabunt,
1131 1520 1236 1573 sive
1272 1520 1483 1573 scientia
1521 1520 1839 1582 destruetur;

248 1614 478 1668 charitas
524 1626 704 1668 autetn
755 1626 1039 1681 numquam
1084 1611 1284 1666 excidet
1326 1608 1553 1685 (Ibid.),
1586 1612 1704 1666 sine
1738 1624 1839 1678 qua

1940 415 2062 484 quia
2110 416 2241 468 nihil
2279 417 2421 468 deest
2468 414 2507 466 ti
2528 414 2760 468 sentibus
2790 431 2904 467 eum
2951 412 3120 486 (Psal.
3152 423 3363 489 nunt).
3414 423 3522 491 Qui

1941 506 2086 561 enim
2126 506 2227 562 hoc
2259 511 2453 561 timore
2484 506 2765 562 Dominum
2806 508 3024 569 metuit,
3056 511 3372 578 perlectioni
3400 516 3520 582 ejus

1941 608 2144 652 certum
2175 606 2257 652 est
2300 599 2431 651 niltil
2463 598 2564 653 dee
2596 614 2675 654 se.
2707 598 2838 654 Nam
2881 600 2947 652 de
2984 598 3075 654 illo
3103 603 3297 659 timore
3324 608 3520 672 pix-nali

1940 688 2221 745 evidenter
2245 689 2485 749 Joannes
2507 691 2782 758 apostolus
2802 691 2933 746 dicit
2964 711 2975 746 :
3004 692 3106 760 Qui
3132 695 3291 759 timet.
3316 714 3420 751 non
3445 709 3522 755 est

1940 782 2197 851 perfectus
2226 782 2279 837 in
2309 784 2580 849 charitate,
2610 785 2735 854 quia
2763 786 2921 839 timor
2941 802 3143 858 plenam
3164 788 3313 845 habet
3336 788 3521 862 (Joan.

1939 880 2038 950 tv).
2071 880 2235 935 Multa
2287 881 2450 950 igitur
2489 881 2745 936 distantia
2777 892 2861 938 est
2900 882 3039 938 inter
3078 885 3238 941 istum
3273 888 3524 944 timorem

1940 972 2025 1026 cui
2058 972 2190 1026 nihil
2221 972 2396 1036 deest,
2426 976 2514 1043 qui
2548 974 2826 1042 sapientia:
2854 974 3205 1046 scientithue
3239 978 3524 1034 thesaurus

1941 1071 2057 1129 est;
2080 1075 2133 1119 et
2161 1063 2311 1118 illum
2339 1063 2739 1132 imperfectum,
2771 1068 2863 1136 qui
2892 1067 3212 1137 principium
3245 1071 3526 1140 sapientia:

1943 1165 2302 1225 nuncupatur,
2354 1158 2553 1227 quique
2594 1172 2805 1225 poenam
2854 1158 2907 1213 in
2947 1174 3071 1215 sese
3113 1162 3418 1225 continens,
3462 1163 3527 1221 de

1943 1246 2301 1316 perfecturum
2323 1248 2578 1303 cordibus
2603 1252 3021 1321 superveniente
3044 1253 3377 1321 plenitudine
3395 1256 3528 1311 cha-

1943 1339 2118 1395 ritati~
2154 1339 2495 1397 extruditur:
2525 1339 2704 1396 Timor
2730 1344 2874 1397 enim
2908 1360 3010 1397 non
3053 1357 3126 1399 est
3156 1346 3209 1399 in
3246 1347 3522 1412 rharitate,

1942 1432 2031 1487 sed
2070 1433 2297 1504 perfecta
2332 1435 2561 1489 citaritas
2591 1434 2733 1506 foras
2770 1438 2921 1489 mittit
2953 1438 3186 1491 timorem
3211 1436 3422 1512 (Ibid.).
3456 1439 3526 1497 Et

1944 1542 2131 1582 revera
2157 1572 2169 1584 .
2203 1527 2248 1581 si
2282 1526 2604 1597 principium
2640 1528 2919 1597 sapientia:
2957 1530 3009 1585 in
3042 1532 3235 1588 timore
3276 1533 3527 1591 consistit

1948 1616 2117 1690 (Psal.
2147 1618 2273 1692 ex),
2304 1634 2426 1690 quae
2461 1621 2564 1675 erit
2594 1620 2740 1689 ejus,
2790 1621 2892 1677 nisi
2939 1623 2992 1677 in
3024 1622 3221 1679 Christi
3260 1624 3526 1683 charitate

251 1723 365 1763 non
411 1707 588 1760 solum
641 1704 737 1758 illa
784 1703 1282 1773 praecellentissima
1330 1704 1711 1759 charismatum
1748 1718 1839 1775 ge-
1867 1701 1915 1762 B
1944 1711 2226 1782 perfectio,
2272 1728 2395 1780 quae
2445 1713 2594 1768 illum
2646 1715 2699 1769 in
2750 1728 2874 1772 sese
2924 1716 3179 1785 perfectae
3220 1717 3344 1775 dllet
3365 1720 3525 1776 tionis

252 1813 389 1854 nera
411 1837 427 1860 ,
462 1795 558 1852 sed
596 1796 760 1853 etiam
792 1796 1036 1866 martyrii
1065 1796 1229 1866 ipsius
1259 1796 1425 1867 gloria
1456 1805 1730 1852 vacuatur.

866 1886 1089 1942 CAPUT
1128 1885 1262 1940 XIII.

304 1976 386 2034 De
409 1979 593 2033 timore
618 1977 705 2049 qui
732 1978 795 2032 de
823 1975 1091 2032 charitatis
1119 1978 1467 2050 magnitudine
1493 1986 1789 2049 generatur.

329 2073 596 2143 Quisquis
642 2073 800 2142 igitur
838 2071 893 2126 in
934 2071 1093 2139 hujus
1135 2069 1291 2126 fuerit
1338 2071 1619 2127 charitatis
1661 2070 1843 2141 perfe—

254 2167 443 2223 ctione
471 2163 741 2231 fundatus,
774 2175 997 2218 necesse
1030 2172 1113 2217 est
1139 2171 1197 2217 ut
1219 2160 1286 2216 ad
1309 2170 1336 2198 ἰ
1363 2160 1517 2216 illum
1552 2161 1838 2216 sublimio-

255 2273 379 2313 rem
401 2255 679 2311 eltaritatis
710 2254 949 2308 timorem
971 2252 1139 2323 gradu
1167 2251 1552 2309 exeellcntiore
1573 2266 1840 2308 conscen-

256 2348 377 2413 dat,
403 2364 559 2420 quem
590 2362 695 2402 non
721 2360 1000 2417 poenarum
1025 2354 1221 2412 terror,
1244 2360 1346 2401 nec
1372 2345 1567 2416 cupido
1591 2346 1841 2416 prtemio-

252 2456 376 2496 rum
398 2481 413 2505 ,
444 2439 541 2495 sed
581 2440 781 2495 amoris
811 2448 1032 2509 generat
1059 2438 1404 2509 magnitudo,
1439 2454 1548 2506 quo
1584 2439 1668 2495 vel
1702 2439 1843 2494 ﬁlius

251 2534 785 2604 indulgentissimum
836 2543 1064 2602 patrem,
1115 2533 1204 2589 vel
1250 2535 1471 2590 fratrem
1522 2532 1710 2600 frater,
1761 2533 1843 2589 vel

255 2630 491 2684 anticum
525 2631 756 2692 anticus,
786 2628 871 2684 vel
901 2629 1183 2697 conjugem
1211 2628 1407 2697 conjux
1432 2627 1663 2682 sollicito
1691 2641 1845 2682 reve-

258 2734 414 2777 retur
443 2720 660 2786 allecto,
685 2720 812 2775 dum
842 2721 964 2789 ejus
991 2736 1096 2773 non
1122 2720 1344 2775 verbera
1377 2734 1551 2790 neque
1578 2720 1840 2785 convicia,

253 2814 351 2871 sed
379 2814 462 2869 vel
496 2824 710 2869 tenuem
746 2814 946 2867 amoris
983 2812 1236 2867 formidat
1277 2812 1571 2877 offensam,
1603 2811 1845 2882 atquein

255 2906 512 2963 omnibus
537 2922 642 2960 non
666 2908 839 2961 solum
867 2905 1104 2971 actibus,
1135 2920 1333 2959 verum
1362 2906 1523 2959 etiam
1557 2905 1734 2959 verbis
1762 2914 1845 2958 at-

259 2999 434 3053 tonita
475 3011 688 3066 semper
726 2998 926 3067 pietate
952 2997 1295 3063 distenditur,
1326 3011 1395 3051 ne
1430 3011 1556 3065 erga
1584 3012 1644 3051 se
1674 3012 1844 3067 quan-

261 3091 670 3159 tulunteumque
698 3088 876 3145 fervor
898 3087 1205 3144 dilectionis
1228 3088 1370 3143 illius
1399 3089 1714 3157 intepescat.
1735 3089 1843 3144 Cu-
1869 3069 1918 3136 ο

255 3182 350 3254 jus
382 3180 591 3237 timoris
618 3179 1073 3251 magnificentiam
1102 3180 1265 3234 Isaias
1289 3195 1425 3234 unus
1459 3183 1840 3250 prophetarum

256 3276 540 3347 eleganter
576 3277 880 3346 expreSsit,
911 3273 943 3313 δ
973 3274 1202 3340 Divitite,
1236 3272 1514 3344 inquiens,
1554 3276 1738 3329 salutis
1762 3293 1848 3330 sa-

258 3366 456 3439 pientia
485 3376 530 3420 et
558 3366 771 3421 scientia
800 3381 818 3419 :
850 3367 1001 3419 timor
1041 3363 1253 3420 Domini
1297 3365 1405 3432 ipse
1435 3366 1705 3421 thesaurus
1734 3371 1845 3440 ejus

260 3455 402 3529 (ιω.
437 3458 644 3530 xxxnt).
670 3456 787 3512 Non
819 3457 987 3527 potuit
1018 3456 1227 3511 timoris
1255 3457 1415 3513 istius
1440 3456 1757 3529 dignitatem
1783 3474 1846 3515 ac

264 3552 514 3610 meritum
551 3554 721 3622 magis
753 3553 1038 3609 evidenter
1065 3552 1389 3620 esprimere,
1425 3567 1582 3623 quam
1620 3564 1676 3608 ut
1707 3553 1846 3608 divi-

267 3646 370 3700 tias
399 3646 588 3701 salutis
615 3652 838 3714 nostrae,
868 3660 989 3716 quae
1013 3646 1064 3702 in
1094 3660 1220 3701 vera
1244 3646 1505 3714 sapientia
1548 3647 1640 3702 Dei
1669 3648 1846 3702 scien-

267 3741 444 3810 tiaque
466 3741 806 3810 consistunt,
839 3739 1042 3794 diceret
1073 3737 1174 3793 nisi
1205 3753 1234 3791 a
1269 3738 1468 3793 timore
1499 3739 1705 3792 Domini
1734 3738 1845 3795 "non

265 3846 427 3903 posse
454 3809 680 3888 servari.
707 3831 788 3886 Ad
813 3832 954 3887 hunc
975 3832 1134 3902 igitur
1155 3842 1353 3885 metunt
1379 3846 1484 3884 non
1513 3839 1845 3900 peceatores,

265 3925 361 3981 sed
406 3927 578 3982 sancti
625 3923 957 3996 propheticis
997 3925 1291 3979 invitantur
1336 3922 1588 3992 eloquiis,
1636 3923 1848 3979 dicente

1944 1804 2228 1861 continens
2257 1813 2483 1872 metum,
2519 1819 2623 1861 non
2648 1806 2762 1877 jam
2802 1806 3149 1877 principium,
3182 1810 3278 1865 sed
3311 1811 3527 1866 thesau-

1942 1913 2037 1954 rus
2080 1898 2364 1965 sapientiae
2393 1910 2447 1955 et
2490 1898 2733 1955 scientiae
2782 1901 3164 1968 nuncupatur?
3215 1902 3284 1958 Et
3328 1903 3527 1961 idcirco

1943 1989 2140 2059 duplex
2172 1990 2386 2049 timoris
2405 2002 2483 2047 εει
2505 1991 2706 2062 gradus
2724 2008 2738 2048 :
2756 2007 2897 2048 unus
2920 1991 3318 2062 inripientiunt,
3345 1994 3398 2050 id
3419 2003 3524 2061 est,

1943 2095 2131 2137 eorum
2163 2081 2255 2151 qui
2283 2081 2460 2137 adhuc
2482 2083 2585 2137 sub
2607 2083 2735 2152 jugo
2759 2091 2813 2137 et
2840 2091 3049 2137 terrore
3069 2083 3256 2139 servili
3278 2092 3424 2147 sunt,
3456 2085 3528 2141 de

1943 2187 2054 2243 quo
2072 2173 2270 2227 dicitur
2292 2190 2304 2226 :
2328 2171 2519 2228 Servus
2537 2174 2802 2227 dominum
2818 2189 2965 2227 suum
2982 2174 3172 2228 timebit
3188 2174 3441 2246 (Malach.
3461 2175 3525 2246 t).

1946 2262 2013 2318 Et
2041 2265 2092 2319 in
2127 2263 2420 2332 Evangelia
2445 2282 2460 2319 :
2503 2259 2625 2317 1am
2654 2279 2756 2317 non
2783 2264 2898 2317 dico
2928 2279 3013 2318 vos
3040 2279 3230 2329 seruos,
3271 2267 3395 2336 quia
3418 2283 3529 2321 ser-

1942 2371 2037 2409 vus
2060 2355 2217 2409 nescit
2246 2355 2373 2424 quid
2393 2355 2546 2427 faciat
2571 2355 2812 2409 dominus
2832 2357 2944 2427 ejus
2964 2353 3144 2429 (toan.
3170 2354 3285 2425 xv).
3312 2358 3373 2411 Et
3404 2357 3528 2413 ideo

1946 2447 2156 2515 Servus,
2180 2448 2375 2519 inquit,
2407 2463 2509 2502 non
2539 2462 2710 2503 manet
2736 2449 2786 2502 in
2816 2448 3045 2502 domoin
3064 2459 3314 2503 aeternum
3342 2447 3523 2518 (Joan.

1944 2541 2085 2608 vni).
2131 2541 2327 2597 lmbuit
2370 2543 2512 2596 enim
2560 2558 2657 2597 nos
2687 2553 2741 2596 ut
2769 2542 2837 2597 ab
2881 2542 2976 2596 illo
3009 2543 3208 2612 poenali
3257 2556 3405 2598 metu
3457 2543 3525 2599 ad

1945 2635 2223 2691 charitatis
2252 2636 2617 2705 plenissimam
2651 2634 2956 2691 libertatem
2979 2645 3036 2691 et
3062 2636 3358 2692 amicorum
3386 2635 3526 2691 lilio-

1945 2743 2171 2796 rumque
2221 2728 2313 2784 Dei
2363 2727 2614 2782 ﬁtillt‘lattl
2666 2737 3025 2782 transeamus.
3071 2727 3312 2799 Denique
3339 2728 3527 2785 beatus

1946 2818 2243 2888 Apostolus
2277 2818 2370 2889 qui
2413 2820 2667 2875 servilem
2708 2818 2855 2873 illum
2887 2819 3096 2874 timoris
3141 2819 3368 2889 gradum
3397 2821 3526 2876 olim

1945 2911 2225 2967 charitatis
2258 2910 2546 2967 ltomitticte
2576 2912 2774 2967 virtute
2813 2911 3237 2975 transcenderat.
3268 2912 3526 2970 inferiora

1947 3002 2279 3071 deepiciens,
2328 3003 2625 3073 majoribus
2670 3019 2729 3058 se
2767 3003 2993 3060 ditatum
3048 3006 3205 3061 bonis
3234 3020 3261 3058 a
3302 3006 3528 3061 Deniitto

1947 3096 2231 3168 profitetur
2261 3113 2277 3155 :
2313 3094 2434 3150 Non
2459 3097 2619 3163 enim,
2654 3095 2849 3167 inquit,
2877 3096 3021 3152 dedit
3041 3096 3188 3153 nobis
3217 3094 3354 3152 Deus
3372 3098 3529 3164 spiri-

1949 3200 2056 3244 tum
2098 3189 2319 3255 timoris,
2365 3190 2455 3243 sed
2497 3188 2702 3244 virtutis
2740 3198 2788 3244 et
2827 3190 3118 3244 dilectionis
3154 3200 3202 3244 et
3242 3190 3529 3247 sobrietatis

1949 3280 2015 3353 (ll
2051 3279 2273 3335 Timetlt.
2302 3279 2364 3352 ι).
2400 3279 2505 3336 an
2535 3282 2698 3336 etiam
2731 3281 2822 3352 qui
2853 3282 3086 3352 perfecta
3119 3280 3358 3338 caelestis
3385 3282 3528 3338 illius

1949 3375 2125 3430 Patris
2154 3374 2439 3430 dilectione
2470 3373 2790 3444 ﬂagrabant,
2815 3389 3060 3444 quosque
3085 3390 3152 3429 ex
3181 3373 3356 3429 servis
3389 3373 3528 3430 ﬁlios

1948 3465 2166 3533 adeptio
2189 3468 2369 3519 divina
2389 3464 2497 3534 jam
2535 3466 2757 3530 fecerat,
2788 3464 2890 3520 hoc
2921 3465 3242 3519 adhortatur
3265 3464 3482 3535 eloquio
3509 3482 3524 3521 :

1948 3558 2071 3613 Non
2091 3559 2223 3611 enim
2241 3557 2506 3627 accepistis
2528 3559 2768 3624 spiritum
2785 3558 3035 3610 servitutis
3056 3557 3237 3610 iterum
3254 3558 3307 3610 in
3325 3558 3523 3624 timore,

1945 3647 2035 3701 sed
2063 3646 2328 3717 accepistis
2359 3646 2598 3711 spiritum
2629 3645 2922 3714 adoptionis
2940 3645 3189 3713 ﬁliorum,
3221 3645 3274 3697 in
3294 3661 3393 3710 quo
3418 3646 3530 3699 cla-

1950 3753 2167 3799 mamus,
2196 3735 2358 3798 Abba,
2384 3733 2544 3787 Pater
2568 3735 2748 3804 (Rom.
2783 3742 2923 3802 vttt).
2959 3734 3030 3789 De
3063 3736 3161 3789 hoc
3193 3736 3353 3789 etiam
3381 3745 3526 3793 metu

1951 3841 2069 3883 cum
2099 3824 2242 3878 illam
2271 3822 2644 3889 septifonuetn
2677 3823 2913 3892 Spiritus
2940 3826 3112 3880 sancti
3135 3827 3364 3893 gratiam
3399 3844 3527 3895 pro-

1952 3918 2110 3990 pheta
2142 3915 2511 3986 describeret,
2543 3932 2701 3987 quem
2737 3927 2758 3956 ο
2790 3917 2843 3971 itt
2877 3916 3093 3974 homine
3121 3917 3212 3972 illo
3247 3919 3527 3977 Dotninico

1329 4035 1583 4091 ALARDI
1623 4034 1853 4092 GAZZEI
1892 4030 2453 4092 COMMENTARIUS.

339 4143 368 4171 ι
400 4132 665 4195 Fllialem,
694 4128 942 4186 eharitatt
971 4132 1132 4187 etiam
1171 4131 1425 4199 perfer-tae
1456 4144 1757 4183 connexum
1784 4140 1839 4184 et

267 4218 609 4273 germanum,
642 4217 746 4264 quo
796 4216 903 4255 non
933 4216 1085 4273 pmtta
1121 4201 1346 4268 peccati,
1389 4200 1483 4254 sed
1525 4200 1727 4254 offensa
1769 4201 1839 4269 pti

269 4272 467 4336 Patris,
489 4273 539 4328 id
559 4282 639 4327 est
664 4273 779 4335 Dei,
805 4272 1083 4343 metuitur,
1104 4276 1191 4343 qui
1216 4282 1270 4326 et
1295 4281 1498 4331 castus,
1522 4283 1573 4326 et
1598 4281 1835 4343 sanctus,

269 4356 328 4401 et
358 4344 722 4399 reverentialis
766 4342 1084 4407 appellatur,
1133 4355 1181 4397 et
1232 4358 1553 4410 permanens
1598 4342 1649 4394 itt
1682 4352 1841 4396 teter-

267 4431 416 4477 nunt,
436 4416 581 4483 juxta
611 4412 738 4469 illud
763 4414 893 4480 regii
919 4412 1113 4483 l’salt:e
1135 4430 1147 4464 :
1166 4412 1355 4483 :l'imor
1378 4411 1582 4464 Domini
1608 4423 1837 4477 sanctus,

269 4481 567 4555 permanens
589 4488 641 4539 in
668 4483 913 4540 steculum
935 4482 1111 4555 swculi
1130 4481 1301 4554 (Psal.
1330 4486 1499 4549 xwtt).
1527 4482 1623 4537 Ubt
1651 4483 1841 4555 Grmee

1944 4130 2043 4181 ista
2080 4125 2212 4178 dicet
2242 4139 2260 4177 :
2293 4122 2464 4179 Timeo
2496 4142 2696 4190 mrum,
2732 4143 2794 4179 ne
2823 4124 3080 4186 discedat;
3107 4122 3200 4181 illa
3237 4128 3369 4182 dicet
3399 4146 3417 4184 :
3443 4128 3535 4191 Tia

1946 4213 2057 4270 meo
2085 4213 2268 4270 utrum,
2316 4213 2390 4270 ne
2416 4196 2778 4270 tlumnetsista
2823 4199 2996 4251 dicet:
3030 4196 3205 4253 Timeo
3246 4205 3402 4255 virum
3423 4245 3438 4270 ,
3469 4220 3532 4259 ne

1946 4268 2185 4343 deserat._
2204 4266 2346 4343 Bone
2373 4269 2479 4343 lucc
2504 4269 2558 4321 in
2589 4269 2785 4343 animo,
2809 4270 3105 4343 etinrenies
3130 4271 3358 4326 timorem
3382 4266 3532 4343 quem

1947 4343 2089 4408 foras
2119 4338 2268 4413 mittit
2294 4335 2520 4413 cltaritas
2542 4354 2561 4391 :
2582 4351 2628 4393 et
2649 4330 2815 4413 alium
2836 4330 3071 4413 (interim
3095 4353 3312 4406 castum,
3335 4330 3532 4413 perma-

1948 4418 2149 4462 nentem
2172 4409 2221 4461 in
2250 4411 2491 4481 sarculum
2507 4408 2706 4481 strcnli.
2734 4409 2890 4481 illum
2908 4410 3140 4462 timorem
3160 4415 3285 4481 perfi
3301 4408 3382 4465 cia
3405 4413 3532 4466 chao

1945 4481 2073 4532 ritas
2095 4484 2237 4547 foras
2263 4480 2435 4539 mittit.
2468 4480 2588 4547 quia
2610 4481 2700 4532 ille
2723 4480 2872 4532 timor
2894 4492 3199 4533 tormentum
3224 4480 3390 4549 habet,
3425 4494 3531 4537 tor-

269 4547 462 4629 legitur
491 4556 659 4629 ἁγνὸς,
692 4556 742 4608 id
767 4566 873 4629 est,
909 4547 1166 4618 tnnudus',
1197 4565 1285 4607 aut
1312 4547 1509 4620 catus,
1532 4568 1651 4629 Διιοιι
1682 4553 1841 4626 ἅγιος.
1874 4547 1924 4607 D
1947 4559 2130 4629 quetur
2149 4550 2833 4629 cqttscietttiapeccatorum;
2860 4550 3086 4629 nondum
3114 4550 3253 4629 facta
3285 4547 3505 4625 rstjttsti

270 4625 431 4682 Unde
476 4622 678 4679 ea'sntm
743 4625 991 4677 timorem
1047 4627 1243 4688 pass'itn
1311 4634 1466 4677 vocat
1517 4622 1846 4692 Augustinus

274 4696 477 4765 ('l'rac‘t.
503 4700 535 4765 ti
556 4695 611 4746 in
642 4693 803 4765 Epist.
837 4693 1021 4762 Joan.)
1050 4708 1279 4761 euntque
1320 4693 1567 4747 familiari
1597 4695 1848 4755 exemplo

270 4775 328 4820 et
356 4763 481 4818 huic
526 4763 644 4818 loeti
674 4763 1036 4830 respondente
1064 4766 1289 4819 duarum
1326 4766 1612 4819 muliernnt
1642 4765 1714 4818 ita
1739 4766 1850 4817 dis-

270 4835 468 4905 tinguit
511 4848 545 4905 a
580 4834 760 4888 servili
806 4852 820 4888 :
854 4833 973 4888 Non
1019 4842 1178 4899 potes,
1211 4834 1413 4900 inquit,
1443 4837 1625 4888 melius
1670 4836 1850 4904 expla-

269 4904 394 4961 nare
421 4904 547 4966 quid
587 4905 784 4958 intersit
812 4905 947 4959 inter
986 4906 1120 4958 duos
1145 4908 1383 4969 timores,
1423 4905 1661 4973 qnam“si
1688 4922 1850 4975 ponas

269 4977 403 5030 duas
427 4976 663 5029 mulieres
691 4992 807 5029 mar
828 4983 997 5035 tatas;
1022 4991 1237 5042 quarunt
1263 4992 1418 5028 unam
1444 4975 1728 5028 constituas
1762 4992 1848 5028 vo-

271 5049 458 5101 lentem
496 5049 668 5116 facere
702 5044 1034 5108 adulterium,
1078 5050 1165 5116 sed
1213 5047 1353 5098 timet
1398 5062 1463 5098 tte
1503 5044 1781 5116 damnetur
1813 5062 1845 5098 a

270 5121 477 5171 marito.
498 5113 671 5170 Timet
691 5120 967 5180 maritum;
997 5113 1087 5167 sed
1108 5118 1228 5181 quia
1248 5123 1384 5167 amat
1406 5116 1703 5184 nequitiam,
1730 5114 1843 5168 ideo

270 5189 414 5243 timet
443 5189 719 5250 maritum;
749 5186 867 5237 huic
900 5203 998 5237 non
1020 5194 1169 5253 grata
1197 5192 1291 5248 est,
1317 5189 1405 5237 sed
1435 5199 1649 5237 onero-ia
1673 5185 1845 5238 nutriti

268 5259 583 5330 prtesentia;
617 5275 664 5311 et
693 5257 737 5309 si
765 5257 900 5330 forte
929 5256 1040 5330 civit
1071 5256 1319 5330 nequiter.
1348 5257 1487 5330 timet
1506 5263 1756 5330 glat'tlltm
1785 5271 1845 5309 ne

267 5319 456 5383 'tteniat.
490 5328 638 5381 Tales
666 5319 787 5379 sunt
806 5327 892 5392 qui
913 5327 1090 5378 timent
1111 5319 1244 5378 diem
1257 5324 1467 5393 judit'ii.
1498 5319 1610 5374 Fac
1629 5324 1845 5377 alterum

268 5411 447 5455 anteire
469 5401 655 5455 virum.
683 5409 728 5451 et
759 5397 937 5451 debere
978 5397 1055 5448 illi
1085 5407 1250 5448 castos
1282 5394 1579 5459 amplexus.
1615 5395 1759 5447 nulla
1795 5412 1849 5448 se

267 5469 567 5523 adulterina
593 5470 923 5520 immuntlttia
946 5467 1205 5519 maculare
1233 5464 1378 5518 t'elle.
1412 5463 1523 5515 lsttt
1546 5470 1690 5528 optat
1718 5480 1851 5532 prte-

267 5553 491 5597 senttam
520 5541 636 5595 uiri.
668 5536 735 5591 Et
775 5538 1032 5606 quomodo
1061 5535 1423 5589 dtsccrnttntttr
1457 5535 1560 5606 duo
1589 5532 1674 5583 isti
1700 5536 1851 5587 timo-

269 5626 350 5664 res
367 5611 392 5663 ?
420 5608 527 5663 Illa
562 5611 735 5671 timet;
761 5604 809 5661 et
855 5609 954 5661 ista
978 5607 1134 5660 timet.
1161 5606 1283 5660 .lam
1324 5621 1444 5676 ergo
1471 5604 1848 5676 interrogentur

271 5694 433 5746 artare
476 5681 724 5734 timeant?
751 5677 862 5732 Illa
891 5679 1065 5731 dicet:
1111 5676 1288 5731 Timeo
1317 5674 1501 5739 rirum,
1552 5685 1615 5724 ne
1649 5674 1847 5738 veniat;

1949 4620 2143 4689 ﬁcntio.
2179 4619 2427 4692 Sllm’llal
2464 4620 2552 4672 ille
2587 4622 2761 4681 timor.
2806 4622 2895 4674 sed
2938 4625 3097 4673 intra!
3141 4619 3387 4691 charum;
3420 4641 3533 4692 qua:

1947 4691 2265 4766 sonatquod
2302 4692 2532 4766 uulnerat
2572 4700 2758 4766 tutior;
2804 4693 2954 4744 timor
2999 4703 3167 4744 autem
3208 4702 3377 4766 castus
3406 4691 3533 4766 facit

1948 4762 2270 4814 securitatem
2315 4760 2367 4812 in
2415 4764 2608 4813 animo.
2660 4761 2784 4814 llaec
2835 4767 3184 4830 Augustulus.
3243 4762 3377 4818 Vtile
3406 4760 3530 4820 'alia

1949 4837 2196 4901 exempta
2218 4831 2355 4899 apud
2387 4832 2634 4901 eumdem
2667 4846 2832 4886 scrin.
2872 4834 2932 4887 l8
2956 4833 3023 4887 de
3045 4832 3137 4887 νει
3155 4833 3235 4886 bis
3262 4837 3529 4901 Apostuli.

2021 4898 2048 4938 b
2080 4898 2284 4955 Divitiae
2315 4900 2506 4954 salutis
2552 4916 2701 4955 more
2746 4902 3012 4956 l‘lebt-aico
3034 4944 3050 4968 ,
3085 4904 3134 4954 ιιι
3180 4917 3281 4967 ρει,
3315 4898 3533 4959 ’ἀίοἰιιεσι

1957 4970 2217 5025 salut-tres
2266 4979 2319 5025 et
2345 4986 2510 5035 verte,
2559 4973 2821 5035 sapio-tilia
2850 4984 2902 5026 t-t
2945 4971 3196 5034 scicntii;
3231 4982 3391 5027 ttutor
3434 4992 3529 5029 ίιιιυ

1962 5051 2066 5097 tettt
2098 5043 2304 5094 liontini
2336 5053 2516 5095 castus
2536 5050 2591 5094 et
2615 5042 2791 5096 filialts
2823 5058 3045 5111 magnus
3076 5042 3384 5102 thesaurus,
3409 5046 3530 5112 quia

1960 5114 2012 5165 in
2045 5126 2110 5165 eo
2140 5124 2407 5180 tamquam
2441 5114 2490 5164 itt
2522 5113 2698 5166 arrulrt
2723 5113 2923 5168 divitiae
2947 5113 3203 5166 virtutum
3238 5121 3531 5168 recondun-

1956 5191 2044 5236 ῑιιτ
2074 5197 2139 5236 ac
2166 5195 2472 5236 SPN'IIIHUI“.

2027 5263 2049 5290 ο
2086 5251 2287 5306 ΡΓίῐῚον
2330 5252 2731 5308 antmtationean
2774 5253 3011 5306 (Ziaronii
3058 5252 3187 5305 satis
3228 5265 3530 5311 accuratam

1952 5322 2019 5377 de
2049 5324 2263 5377 homine
2291 5324 2586 5383 Duntttﬁco,
2620 5338 2775 5387 quam
2802 5324 2971 5378 lector
2995 5325 3232 5391 requiret
3261 5341 3361 5378 suo
3390 5328 3531 5388 loco.

1952 5394 2229 5457 subiit-iatn
2296 5399 2512 5460 paucula
2582 5408 2700 5463 qua:
2748 5394 2813 5447 tle
2867 5394 3055 5447 cadent
3123 5397 3534 5453 notnenclatura

1951 5465 2171 5517 alittmte
2199 5465 2408 5532 collegi.
2447 5463 2713 5516 l’rinutttt:
2748 5467 2970 5519 Veteres
2999 5463 3227 5517 subinde
3253 5465 3352 5518 Cui
3372 5482 3532 5522 istum

1953 5533 2223 5609 hominem
2256 5535 2714 5609 l)ttttt_i_t‘tit:ttttt_ap_
2739 5537 2941 5609 elissae,-
2984 5535 3232 5603 legttttlur
3270 5537 3287 5601 (
3318 5535 3533 5609 Magist.

1955 5603 2102 5660 Sent.
2129 5605 2217 5676 lib_.
2248 5619 2327 5667 tu,
2360 5605 2480 5676 dist.
2513 5603 2563 5661 8.
2596 5603 2624 5673 ᾗ
2660 5603 2760 5666 .ιι.;
2789 5606 2847 5657 Η.
2880 5603 3061 5676 ili/tom.
3089 5620 3148 5664 ιιι
3174 5614 3338 5676 μένε..
3363 5603 3532 5674 υἶὶϐ.

1951 5684 2050 5729 art.
2078 5676 2140 5741 7;
2165 5673 2380 5746 Gregor.
2422 5672 2557 5729 Nae.
2582 5672 2712 5728 orat.
2746 5676 2856 5745 5|}.
2885 5674 2925 5729 ll
2947 5691 2993 5729 se
3021 5672 3323 5732 t-n'ttu'voce
3346 5672 3537 5735 crebro
