4048 6198
523 340 638 413 86‘!

529 571 638 614 non
679 555 901 611 dubium
953 567 1059 619 est,
1101 553 1468 623 dixissetque:
1523 550 1591 605 Et
1640 552 1915 621 requiescet
1958 567 2112 621 super

530 669 645 707 eum
683 651 893 723 spiritus
925 648 1153 712 Domini,
1193 648 1407 709 spiritus
1435 646 1698 717 sapientia:
1731 654 1777 699 et
1801 644 2105 712 intellectus,

529 743 745 812 spiritus
774 739 974 793 consilii
995 750 1044 791 et
1070 737 1414 806 fortitudinis,
1440 737 1651 805 spiritus
1676 736 1901 791 scientia:
1929 744 1975 790 et
2003 737 2111 803 pie-

530 834 686 899 tatis;
714 832 1003 886 novissime
1029 831 1173 884 velut
1194 829 1445 900 quiddam
1476 829 1805 898 praecipuum
1830 827 2005 881 intulit
2030 828 2111 881 di-

528 942 693 983 cens:
720 923 783 977 Et
804 922 1014 993 replebit
1036 939 1148 975 eum
1169 922 1381 994 spiritus
1400 920 1598 974 timoris
1619 918 1828 973 Domini
1849 916 1980 989 (Isa.
2008 918 2107 991 st).

527 1017 584 1074 ln
633 1031 741 1087 quo
790 1012 1039 1085 primitus
1087 1012 1217 1069 illud
1265 1012 1581 1082 diligentius
1622 1019 1705 1065 est
1751 1008 2105 1076 intuendum,

530 1110 716 1182 'quod
750 1124 853 1164 non
885 1108 1114 1163 dixerit:
1144 1108 1207 1161 Et
1230 1106 1529 1174 requiescet
1551 1120 1715 1174 super
1736 1120 1858 1159 eum
1890 1104 2111 1172 spiritus

530 1203 740 1258 timoris
772 1201 1004 1267 Domini,
1036 1201 1173 1255 sicut
1202 1198 1271 1255 de
1301 1198 1410 1253 illis
1444 1197 1715 1267 prioribus
1738 1196 1983 1263 dixerat;
2017 1195 2111 1252 sed

530 1296 789 1363 Replebit,
823 1295 1029 1366 inquit,
1064 1309 1180 1348 eum
1211 1291 1419 1364 spiritus
1445 1290 1641 1344 timoris
1672 1289 1901 1344 Domini.
1941 1288 2113 1344 Tanta

531 1391 675 1446 enim
703 1388 968 1443 ubertatis
1000 1387 1121 1455 ejus
1159 1394 1244 1440 est
1273 1382 1615 1453 magnitudo,
1658 1391 1718 1437 ut
1740 1398 1901 1452 quem
1941 1381 2113 1437 semel

529 1499 626 1540 sua
659 1482 858 1537 virtute
889 1477 1216 1550 possederit,
1258 1492 1361 1532 non
1392 1485 1630 1546 partem,
1672 1473 1769 1529 sed
1800 1482 1965 1529 totam
1996 1472 2113 1543 ejus

530 1585 759 1645 occupet
804 1582 1065 1630 mentem.
1113 1571 1225 1627 Nec
1278 1570 1573 1624 immerito.
1624 1568 1704 1622 llli
1752 1568 1950 1622 etenim
1995 1582 2113 1636 quae

532 1686 823 1741 numquam
845 1668 1055 1723 excidet
1083 1666 1366 1720 cohmrens
1389 1663 1667 1729 charitati,
1696 1676 1804 1716 non
1830 1660 2006 1716 solum
2031 1675 2115 1716 re-

533 1763 662 1833 plet,
696 1761 791 1815 sed
831 1760 995 1815 etiam
1029 1766 1290 1827 perpetua
1333 1767 1386 1811 et
1417 1754 1766 1825 inseparabili
1803 1769 1924 1809 eum
1955 1768 2112 1823 quem

532 1859 738 1923 ceperit
771 1850 1007 1921 possidet
1032 1851 1281 1921 jugitate,
1314 1848 1478 1903 nullis
1531 1848 1736 1904 lzetitia:
1768 1850 2109 1920 temporalis,
2144 1857 2191 1917 Β

535 1948 623 2002 vel
677 1944 1008 2015 voluptatum
1065 1940 1518 1998 oblectationibus
1567 1940 1901 1997 imminutus.
1957 1941 2113 2010 Quod

535 2053 938 2107 nonnumquam
970 2035 1070 2100 illi,
1103 2035 1194 2106 qui
1230 2034 1375 2089 foras
1403 2034 1652 2099 mittitur,
1686 2035 1866 2091 timori
1896 2035 2115 2092 evenire

533 2136 835 2190 consuevit.
866 2130 965 2185 llic
993 2142 1074 2185 est
1108 2130 1267 2198 igitur
1296 2128 1646 2199 perfectionis
1676 2132 1857 2197 timor,
1889 2144 1997 2198 quo
2018 2128 2115 2182 ho-

534 2241 622 2279 mo
665 2223 754 2278 ille
798 2219 1131 2287 Doniiuicus,
1158 2223 1246 2291 qui
1276 2236 1381 2275 non
1424 2221 1600 2276 solum
1631 2221 1900 2277 redimere
1930 2221 2117 2277 huma-

533 2332 659 2371 num
687 2329 886 2385 genus,
914 2314 1008 2369 sed
1040 2314 1203 2368 etiam
1236 2313 1477 2384 praebere
1507 2323 1735 2370 venerat
1764 2315 2117 2385 perfectionis

533 2408 761 2464 formam
804 2415 969 2477 atque
1019 2406 1273 2474 exempla
1322 2406 1608 2475 virtutum,
1656 2408 1898 2478 repletus
1950 2408 2116 2465 fuisse

536 2511 808 2555 narratur.
850 2499 1004 2554 Illum
1030 2499 1176 2553 enim
1219 2498 1468 2554 servilem
1514 2500 1906 2569 suppliciorum
1952 2503 2113 2557 timo-

535 2606 665 2654 rem.
694 2608 852 2647 verus
884 2592 980 2647 Dei
1025 2592 1215 2657 Filius,
1260 2590 1362 2656 Qui
1416 2601 1680 2663 peccatum
1720 2610 1826 2649 non
1857 2596 1993 2667 fecit,
2027 2613 2121 2653 nec

537 2684 686 2738 dolus
716 2686 949 2740 inventus
978 2692 1049 2739 est
1076 2684 1131 2737 in
1158 2698 1245 2738 ore
1276 2684 1387 2753 ejus
1416 2681 1471 2755 (Ι
1494 2682 1640 2742 Pctr.
1669 2685 1752 2758 ιι),
1784 2688 1983 2747 habere
2010 2704 2117 2748 non

538 2780 729 2853 potuit.

1578 340 1862 402 JOANNIS
1896 339 2214 401 CASSIANI
2250 336 2745 400 COLLATIONES.

529 462 833 524 secundum
860 461 1250 518 lncarnationis
1278 459 1739 530 dispensationem
1769 459 2114 516 descendisse
2138 462 2194 524 Α

2801 448 3028 505 CAPUT
3066 440 3225 505 XIV.

2404 544 2751 618 Interrogatio
2781 544 2847 597 de
2872 544 3313 597 consummatione
3339 544 3647 598 castitatis.

2283 662 2585 719 Germanus
2620 675 2635 712 :
2669 657 2805 726 Quia
2832 656 2901 713 de
2932 656 3263 725 perfectione
3300 656 3602 712 charitatis
3661 669 3882 711 sermo

2213 753 2453 824 digestus
2481 763 2585 817 est,
2615 751 2866 805 volumus
2897 750 3057 805 etiam
3088 750 3155 806 de
3186 751 3449 805 eastitatis
3484 751 3607 805 fine
3653 750 3878 820 aliqua

2212 846 2437 901 liberius
2462 844 2750 899 sciscitari.
2786 843 2901 897 Non
2950 844 3094 898 enim
3137 844 3458 915 ambigitnus
3502 842 3663 899 illud
3716 858 3878 913 prae-

2212 938 2414 993 celsum
2447 936 2718 1007 fastigium
2748 937 3043 1003 charitatis,
3085 946 3180 1005 per
3206 953 3366 1008 quam
3394 938 3539 993 sicut
3572 939 3714 994 huc
3767 953 3872 993 us-

2212 1045 2318 1100 que
2342 1030 2631 1085 dissertum
2664 1035 2768 1095 est,
2800 1028 2869 1083 ad
2895 1029 3181 1099 imaginem
3214 1030 3308 1085 Dei
3355 1029 3870 1086 similitudinem-

2212 1136 2320 1191 que
2359 1121 2765 1185 conscenditur,
2801 1121 2918 1175 sine
2962 1122 3221 1178 castitatis
3256 1120 3597 1190 perfectione
3645 1122 3867 1178 subsi-

2213 1223 2362 1271 stere
2396 1212 2619 1269 omnino
2664 1222 2772 1269 non
2800 1227 2979 1284 posse,
3025 1215 3120 1270 sed
3152 1221 3328 1269 utrum
3363 1216 3433 1269 ita
3478 1215 3611 1283 ejus
3656 1214 3866 1284 possit

2221 1308 2553 1377 perpetuitas
2583 1304 2834 1375 obtineri,
2868 1314 2926 1361 ut
2968 1318 3256 1379 numquam
3298 1306 3539 1361 libidinis
3571 1308 3861 1363 titillatio

2214 1398 2586 1469 integritatem
2621 1398 2790 1453 nostri
2829 1399 3006 1454 cordis
3044 1399 3282 1465 infestet,
3316 1406 3373 1454 et
3415 1398 3488 1453 ita
3524 1398 3858 1454 valeamus

2214 1490 2282 1546 ab
2313 1490 2413 1547 hac
2443 1493 2693 1558 passione
2736 1491 2940 1546 carnali
2967 1490 3225 1562 degentes
3273 1491 3325 1545 in
3370 1504 3611 1559 corpore
3666 1505 3858 1561 pere-

2211 1584 2439 1653 grinari,
2483 1593 2540 1638 ut
2588 1597 2879 1652 numquam
2910 1584 3304 1639 incentivorum
3345 1583 3575 1640 aestibus
3620 1584 3859 1640 adura-

2216 1691 2359 1745 mur,
2390 1677 2637 1733 volumus
2668 1676 2909 1733 edoceri.

2809 1767 3039 1825 CAPUT
3075 1765 3193 1824 XV.

2568 1859 2766 1915 Dilatio
2796 1861 3130 1932 expositionis
3158 1858 3436 1931 postulate

2292 1952 2615 2009 Chaeremon
2643 1972 2658 2010 :
2689 1956 2925 2011 Summa:
2958 1954 3174 2024 quidem
3200 1953 3564 2009 beatitudinis
3607 1967 3677 2007 ac
3713 1954 3848 2007 sin-

2220 2049 2424 2119 gularis
2451 2056 2537 2103 est
2577 2048 2778 2117 meriti,
2827 2047 2899 2103 ita
2932 2049 3091 2102 istum
3122 2063 3217 2117 per
3248 2063 3412 2115 quem
3458 2047 3688 2103 Domino
3724 2062 3843 2101 co-

2222 2140 2493 2195 haeremus
2515 2139 2788 2206 affectum,
2816 2140 2901 2194 vel
2924 2140 3135 2195 discere
3162 2138 3369 2209 jugiter
3388 2143 3472 2194 vel
3500 2137 3719 2201 docere,
3762 2146 3839 2191 ut

2223 2234 2505 2289 meditatio
2532 2235 2650 2304 eius
2681 2234 2975 2289 secundum
3006 2232 3421 2303 Psalmographi
3454 2230 3837 2299 sententiam,

2222 2341 2416 2384 omnes
2436 2329 2561 2382 vita:
2582 2336 2785 2384 nostra:
2810 2327 2925 2383 dies
2947 2335 3249 2397 noctesque
3272 2334 3556 2381 consumat
3581 2323 3834 2395 (Psatm.

2215 2419 2284 2491 ι),
2316 2430 2371 2474 et
2409 2428 2645 2476 mentem
2680 2428 2928 2475 nostram
2963 2417 3352 2474 insatiabiliter
3376 2415 3707 2473 esurientem
3748 2413 3836 2469 si-

2218 2514 2553 2586 tientemque
2591 2512 2859 2585 justitiam
2901 2513 3150 2569 ccelestis
3197 2511 3346 2582 hujus
3386 2509 3490 2565 cibi
3533 2516 3832 2579 perpetua

2221 2610 2596 2665 ruminatione
2618 2616 2906 2665 sustentet.
2938 2607 3046 2663 Sed
3071 2604 3099 2647 δ
3126 2602 3499 2662 consulendum
3524 2611 3605 2659 est
3628 2602 3823 2656 etiam

2220 2702 2474 2773 jumento
2512 2704 2761 2774 corporis
2793 2702 2972 2757 n05tri
3016 2699 3315 2757 secundum
3354 2693 3826 2767 benignissimam

2223 2794 2523 2852 Salvatoris
2571 2793 2747 2852 nostri
2788 2793 3205 2866 providentiam,
3249 2803 3320 2847 ne
3362 2788 3577 2846 deficiat
3604 2786 3659 2842 in
3689 2786 3822 2841 via.

1610 3004 1868 3063 ALARDI
1906 3007 2137 3065 ΟΑΖίΕΙ
2176 3009 2743 3070 COMMENTARIUS.

542 3174 708 3229 utitur
740 3169 1072 3239 Epiphanius
1109 3168 1164 3224 in
1195 3165 1505 3224 Anchorato
1525 3206 1540 3232 ,
1572 3176 1629 3222 et
1661 3167 1991 3238 Augustinus
2021 3170 2117 3226 lib.

544 3238 977 3311 LXXXIIIQUK‘SL
997 3255 1116 3308 cap.
1146 3239 1343 3311 36,ubi
1369 3238 1754 3311 iisdemverbis
1785 3240 1971 3311 utitur,
2003 3243 2122 3310 qui-

541 3317 640 3370 bus
655 3315 743 3369 hic
757 3310 923 3368 abbas
945 3330 956 3365 :
976 3310 1310 3374 Moriendum,
1328 3310 1597 3379 inquiens,
1613 3319 1664 3361 ut
1681 3311 1774 3363 illa
1792 3310 1919 3363 bona
1938 3328 2119 3379 exspe-

543 3396 761 3443 ctentur.
790 3400 904 3449 qua:
930 3386 1130 3453 {uerunt
1157 3382 1213 3434 in
1239 3380 1327 3434 illo
1360 3380 1560 3453 homine
1592 3379 1880 3434 Dominico.
1910 3384 1972 3436 lit
2006 3399 2123 3437 rur-

542 3472 634 3513 sus
665 3475 678 3511 :
711 3456 816 3511 Hic
849 3452 1304 3523 prestantissimum
1342 3452 1472 3505 illud
1500 3462 1548 3505 et
1589 3453 1798 3504 unicum
1837 3454 2123 3524 exemplum

540 3526 802 3583 Dominici
825 3526 1047 3581 hominis
1070 3525 1457 3596 praponendum
1481 3536 1579 3585 est,
1607 3524 1694 3591 qui
1720 3539 1834 3576 cum
1859 3542 1911 3577 se
1932 3534 2003 3577 tot
2032 3527 2121 3577 mi-

542 3600 731 3653 raculis
762 3609 952 3653 tantam
978 3579 1147 3649 reritm
1167 3579 1362 3648 habere
1390 3579 1685 3665 potestatem
1716 3606 2042 3659 monstraret,
2073 3604 2121 3649 et
2147 3579 2192 3641 (ἶ

542 3687 601 3724 ea
638 3672 823 3741 sprevit
852 3684 965 3739 qua:
993 3666 1357 3741 magnaAbona,
1379 3673 1425 3718 et
1457 3667 1775 3741 casualinuit
1798 3684 1911 3737 qtae
1938 3684 2121 3738 magna

542 3737 679 3794 mala
708 3737 933 3809 imperiti
956 3746 1155 3807 putant.
1184 3737 1421 3804 Itemque
1456 3737 1576 3789 aliis
1598 3738 1662 3809 fin
1700 3738 1852 3799 locis,
1888 3737 2119 3809 pra-ser-

540 3812 637 3883 tim
685 3813 739 3867 in
777 3807 1109 3883 expositione
1158 3809 1493 3883 l'salmoium
1540 3808 1724 3883 (Psal.
1757 3823 1795 3873 ι,
1825 3826 1877 3883 _tv
1903 3822 1971 3883 iet
2002 3807 2117 3883 ut).

544 3881 612 3937 Et
643 3884 779 3937 Beda
819 3879 871 3937 in
911 3882 931 3936 l
968 3882 1097 3949 Reg.
1142 3896 1178 3934 ι.
1214 3879 1411 3934 Verum
1455 3881 1569 3933 haec
1610 3879 1858 3947 loquendi
1896 3881 2119 3933 forinula

540 3953 640 4023 ipsi
675 3955 969 4023 Augustino
995 3962 1176 4019 postea
1206 3967 1309 4003 non
1342 3952 1609 4023 immerito
1638 3951 1941 4023 displicuit;
1970 3968 2121 4004 eain-

541 4020 645 4092 que
689 4020 1001 4080 reiractavit
1048 4030 1103 4075 et
1146 4023 1379 4092 correxit
1419 4020 1500 4073 his
1543 4021 1767 4073 verbis:
1828 4021 1948 4073 Non
1980 4023 2121 4073 video

541 4091 715 4149 utrum
744 4108 875 4149 recte
903 4096 1104 4147 dicatur
1135 4092 1285 4143 homo
1322 4091 1638 4149 llominicus.
1667 4092 1753 4157 qui
1773 4102 1842 4143 est
1872 4094 2125 4145 mediator

542 4164 641 4219 Dei
669 4176 716 4219 et
739 4166 1004 4219 hominum
1033 4163 1266 4216 Christus
1295 4160 1446 4214 Jesus
1477 4174 1562 4212 :et
1594 4164 1685 4212 hoc
1722 4164 1923 4227 quidem
1960 4170 2011 4214 ut
2044 4163 2126 4214 di-

541 4252 725 4301 cerem,
769 4238 909 4303 apud
948 4234 1209 4305 quasdam
1228 4232 1327 4305 legi
1365 4231 1642 4305 catholicos
1674 4242 2009 4296 traCtatores;
2036 4234 2123 4286 sed

542 4302 846 4372 ubicumque
871 4302 968 4356 hoc
992 4303 1123 4363 dixi.
1158 4303 1348 4354 dixisse
1377 4318 1453 4353 me
1485 4302 1703 4367 nollem;
1740 4314 1911 4366 postea
1934 4305 2124 4372 quippe

542 4376 646 4429 vidi
678 4391 777 4428 non
810 4391 915 4427 esse
947 4374 1243 4434 dicendum,
1271 4374 1499 4440 quamvis
1543 4373 1794 4446 nonnulla
1835 4383 2000 4446 posset
2035 4392 2123 4427 ra-

545 4447 682 4500 tione
712 4446 939 4514 defendi.
972 4447 1045 4497 ita
1078 4446 1431 4509 Augustinus,
1460 4445 1719 4514 rationein
1759 4443 1920 4514 hujus
1952 4458 2123 4500 rutra.

543 4518 793 4572 ctatiunis
829 4516 998 4570 tribus
1031 4517 1208 4569 verbis
1232 4514 1508 4572 iudicans:
1546 4513 1676 4583 quia
1704 4513 1970 4581 Christus,
1998 4532 2120 4571 cum

543 4588 613 4643 sit
647 4604 775 4643 vere
824 4597 876 4639 et
904 4587 1121 4655 proprie
1156 4585 1434 4655 Dominus,
1482 4582 1586 4638 non
1620 4585 1779 4641 debet
1810 4588 2125 4641 denomina-

546 4659 650 4713 tive
680 4657 787 4713 dici
831 4653 1178 4711 Dominicus:
1226 4671 1339 4707 nam
1376 4653 1677 4709 Dominicus
1709 4667 1753 4711 et
1800 4660 2124 4712 Dominicunt

544 4730 735 4783 dicitur
763 4732 899 4797 quod
924 4738 1017 4797 esti
1040 4726 1262 4790 Domini,
1292 4728 1364 4778 ait
1393 4728 1449 4781 S.
1485 4727 1746 4797 Thomas,
1780 4731 1909 4783 sicut
1943 4730 2121 4783 Domi-

544 4802 660 4870 nica
687 4800 944 4859 voluntas,
987 4796 1254 4851 Dominica
1281 4813 1482 4863 manus,
1530 4796 1899 4870 relDominica
1928 4802 2118 4870 passio.

544 4869 614 4923 Et
646 4874 757 4924 ideo
784 4874 890 4938 ipse
911 4872 1060 4924 homo
1088 4870 1343 4937 Christus,
1378 4870 1463 4934 qui
1498 4881 1568 4923 est
1598 4869 1865 4938 Dominus,
1901 4869 2001 4925 non
2034 4873 2124 4924 de-

544 4888 614 4923 ιιι
646 4888 757 4924 taeo
784 4889 799 4923 t

544 4940 621 4994 bet
654 4943 755 4995 dici
787 4888 835 4994 ὅ

542 5014 756 5083 ntinica,
796 5015 926 5067 sicut
965 5023 1011 5066 et
1050 5028 1220 5080 passio
1249 5012 1361 5079 ejus
1400 5013 1589 5064 dicitur
1615 5011 1788 5083 passio
1824 5011 2115 5067 Dominica.

547 5082 698 5138 Unde
726 5089 791 5138 ad
823 5083 1184 5138 Nestorianam
1234 5083 1464 5135 ltwresim
1495 5082 1709 5154 pertinet
1742 5084 1998 5137 Christum
2034 5085 2117 5137 dio

542 5168 653 5209 cere
684 5158 938 5209 hominem
966 5154 1309 5225 Dominicum,
1348 5154 1391 5206 si
1423 5158 1631 5223 proprie
1660 5154 2001 5225 intelligatur,
2032 5172 2121 5225 per

542 5224 639 5278 hoc
669 5227 799 5280 enim
824 5236 1037 5296 negatur
1068 5223 1369 5278 naturaliter
1390 5242 1498 5278 esse
1535 5225 1801 5278 Dominus.
1829 5223 2009 5279 il’nsse
2033 5223 2123 5278 ἰιι-

544 5312 667 5350 men
701 5297 842 5351 hunc
871 5311 1176 5351 sermoiiem
1208 5297 1547 5365 aliquatenus
1572 5298 1807 5354 defendi,
1840 5306 1933 5349 aut
1958 5314 2123 5350 excu-

541 5370 672 5436 sari,
706 5369 901 5437 duplici
928 5372 1136 5421 ratione
1159 5366 1314 5420 docet
1343 5367 1405 5419 ι).
1430 5367 1692 5430 'l‘namas,
1717 5383 1780 5421 ex
1804 5384 1909 5436 quo
1936 5368 2123 5421 (Lisco-

542 5441 661 5492 niu~
690 5440 923 5506 priorem
949 5440 1131 5493 retulit
1159 5454 1171 5490 :
1199 5438 1364 5492 altera
1392 5452 1520 5493 vero
1541 5452 1641 5491 eSt:
1663 5440 1718 5492 Si
1749 5438 1987 5492 dicamus
2010 5438 2121 5490 Do-

542 5512 783 5563 minicum
816 5511 1151 5565 essentialiter
1181 5509 1449 5575 prwdicuri
1478 5526 1569 5579 pro
1605 5509 1842 5575 Domino,
1877 5520 1929 5562 ut
1961 5510 2125 5561 solent

540 5581 797 5635 interdum
815 5582 1193 5634 denominativa
1216 5579 1623 5633 substantialiter
1644 5582 1827 5647 accipi.
1852 5579 1986 5633 velut
2007 5595 2122 5632 cum

541 5651 759 5722 dicimus
807 5654 1079 5705 essentiam
1132 5650 1381 5722 diuinam,
1431 5668 1671 5722 personas
1726 5652 1959 5718 divinas,
2010 5666 2123 5717 qua:

541 5721 671 5792 nihil
695 5722 840 5792 aliud
864 5734 980 5775 sunt
1005 5738 1159 5792 quam
1188 5723 1297 5791 ipse
1320 5720 1477 5776 Deus.
1504 5720 1588 5777 Ita
1615 5722 1766 5776 homo
1793 5722 2121 5789 Dominicus,

545 5790 583 5842 α
604 5802 704 5849 est,
729 5791 884 5845 homo
913 5790 1071 5857 Deus,
1095 5802 1143 5844 et
1170 5790 1441 5845 Dominus.

615 5866 642 5897 ι
656 5858 878 5924 Aliquid
899 5863 1076 5920 simile
1096 5862 1403 5924 observavit
1422 5864 1484 5923 ι).
1511 5862 1871 5933 Hieronymus
1893 5865 1948 5925 in
1971 5881 2122 5929 eum-

840 4943 1120 5008 ominicns;
1144 4939 1565 5022 sed'potestcaro
1592 4945 1704 5013 ejus
1735 4942 1983 5027 dicincaro
2020 4942 2123 4995 Do-
2151 4968 2201 5027 ι)

2224 3172 2344 3227 dem
2370 3172 2548 3226 locum
2577 3179 2983 3235 commentans,
3018 3170 3145 3225 licet
3167 3169 3448 3227 aliorsum.
3479 3176 3534 3221 et
3567 3166 3617 3221 in
3651 3166 3822 3222 alium

2226 3245 2386 3297 linem
2411 3252 2609 3297 vertat.
2634 3243 2709 3297 Ita
2737 3242 2877 3297 enim
2905 3240 3093 3295 scribit
3120 3258 3132 3294 :
3160 3240 3226 3294 Et
3252 3239 3348 3294 hoc
3372 3238 3663 3293 notandum
3682 3239 3826 3306 quod

2226 3314 2459 3383 Spiritus
2506 3314 2716 3367 Domini
2766 3314 3031 3383 sapientia:
3077 3322 3123 3367 et
3163 3311 3475 3374 intellectus,
3526 3311 3738 3383 caluitii
3777 3318 3828 3383 et

2227 3379 2575 3455 fortitudinis,
2601 3396 2645 3437 et
2678 3379 2923 3451 scientiw,
2956 3395 3004 3438 et
3030 3384 3255 3455 pictatis,
3288 3393 3334 3435 et
3362 3382 3563 3437 timoris
3582 3379 3824 3455 Domini,

2224 3453 2277 3509 id
2314 3464 2411 3522 est,
2445 3457 2762 3521 septenarius
2794 3472 3067 3519 numerus,
3106 3454 3195 3523 qui
3222 3464 3416 3522 septem
3451 3454 3589 3505 oculi
3631 3453 3686 3505 in
3717 3468 3823 3505 uno

2226 3526 2401 3591 lapide
2445 3528 2691 3580 dicuntur
2721 3527 2773 3579 in
2817 3525 3071 3578 Zacharia
3101 3523 3345 3593 (Zachar.
3384 3526 3499 3589 ut),
3537 3525 3825 3591 requiescat

2225 3615 2379 3669 super
2406 3601 2601 3666 uirgam
2643 3608 2689 3650 et
2726 3598 2907 3667 ﬂorem
2930 3598 3019 3666 qui
3049 3597 3111 3648 de
3132 3594 3278 3649 Iesse
3298 3612 3380 3669 ac,
3411 3610 3501 3664 per
3516 3595 3825 3669 ΔΙιοιτηειέχνιιε

2228 3664 2397 3722 David
2424 3664 2681 3733 surrexit;
2726 3664 3020 3740 specialiter
3055 3677 3224 3721 autem
3247 3668 3459 3740 spiritus
3488 3665 3686 3740 timoris
3714 3664 3824 3740 D_o-_

2228 3741 2354 3792 mini
2400 3740 2665 3807 repleverit
2696 3736 2829 3801 eum,
2884 3749 3093 3807 propter
3117 3755 3224 3803 eos,
3258 3736 3347 3807 qui
3378 3740 3565 3790 timore
3606 3736 3826 3788 Domini

2226 3810 2478 3882 indigent,
2503 3811 2636 3882 quia
2656 3811 2860 3882 parvuli
2886 3820 3028 3871 sunt,
3058 3826 3207 3882 quem
3236 3812 3376 3877 foras
3404 3810 3564 3882 mittit
3594 3807 3828 3875 perfecta

2228 3880 2455 3935 dilectio.
2506 3884 2578 3935 Ita
2619 3881 2683 3935 D.
2727 3881 3082 3951 lliernnymus
3129 3880 3289 3951 hanc,
3317 3880 3661 3951 prophetiam
3700 3891 3825 3951 non

2232 3962 2336 4005 tam
2371 3953 2436 4005 ad
2458 3952 2731 4005 Christum
2762 3947 3027 4016 referens,
3046 3966 3205 4017 quam
3231 3950 3297 4004 ad
3322 3950 3527 4004 Christi
3556 3947 3826 4011 membra,

2230 4023 2280 4075 id
2313 4034 2416 4083 est,
2447 4023 2761 4083 Ecclesium,
2792 4024 2843 4075 in
2876 4037 2977 4089 qua
3011 4022 3179 4075 multo
3213 4023 3395 4086 plures
3430 4029 3556 4073 sunt
3584 4020 3820 4087 parvuli,

2228 4093 2279 4147 id
2319 4106 2425 4157 est,
2461 4092 2782 4160 imperfecti,
2816 4094 2906 4159 qui
2933 4098 3126 4146 timore
3156 4093 3340 4145 servili
3369 4100 3463 4144 aut
3500 4090 3688 4143 initiali
3716 4089 3825 4141 du—

2228 4176 2443 4228 cuntur,
2474 4178 2631 4233 quam
2675 4164 2923 4232 perfecti.
2978 4163 3057 4217 Ad
3086 4163 3225 4231 quod
3257 4160 3644 4229 designandum
3687 4174 3825 4213 usus

2228 4236 2300 4289 sit
2328 4236 2585 4303 prophe-a
2615 4236 2781 4289 verbo
2810 4235 3044 4300 replebit,
3087 4234 3139 4287 in
3163 4234 3308 4287 dono
3334 4233 3566 4303 tituuris,
3601 4246 3825 4303 pro_re-

2227 4299 2470 4375 quiuisset.
2502 4320 2607 4374 quo
2634 4320 2759 4358 usus
2785 4299 2962 4359 fuerat.
2992 4306 3044 4359 in
3075 4305 3199 4358 aliis
3222 4304 3405 4359 dOnis.
3438 4302 3571 4356 Vide
3599 4300 3664 4355 D.
3697 4299 3827 4356 Gre-

2227 4380 2439 4445 gorium
2465 4376 2689 4429 humilia
2724 4376 2788 4431 29
2816 4376 2866 4429 in
2903 4376 3264 4431 lizi-chielem.

2299 4446 2324 4484 δ
2351 4447 2462 4502 Vtri
2510 4448 2679 4501 Sancti
2716 4447 3033 4517 plerumque
3061 4461 3261 4515 corpus
3308 4459 3458 4499 suum
3485 4444 3824 4512 jumentum,

2230 4518 2315 4574 vel
2360 4519 2608 4584 asellum,
2663 4518 2750 4571 vel
2805 4519 2932 4588 quid
2972 4519 3151 4572 simile
3200 4517 3484 4588 vocabant,
3522 4522 3825 4588 propterea

2228 4588 2370 4657 quod
2396 4604 2524 4644 caro
2544 4634 2558 4657 ,
2588 4604 2686 4659 per
2712 4604 2771 4643 se
2800 4584 3025 4642 rationis
3052 4603 3250 4655 expers
3283 4596 3335 4641 et
3359 4584 3563 4659 spiritui
3586 4585 3827 4659 recalci-

2229 4655 2396 4717 trans.
2448 4655 2605 4714 more
2639 4660 2902 4728 pecudum
2945 4660 3447 4729 autjumentorum.
3494 4655 3563 4710 de
3602 4655 3729 4729 cibo
3768 4663 3829 4711 et

2228 4742 2356 4800 potu
2399 4727 2769 4785 tantuiiimudo
2806 4734 3007 4801 cogitet
3030 4727 3069 4797 ;'
3093 4743 3149 4785 et
3175 4729 3560 4801 praesentibus.
3586 4727 3827 4801 Asihique

2231 4796 2461 4870 propriis
2513 4796 2901 4868 voluptatibus
2926 4796 3098 4857 solum
3150 4796 3339 4866 inhiet,
3393 4799 3528 4853 nihil
3581 4796 3825 4870 futurum

2230 4867 2587 4939 prospiciens.
2632 4867 2719 4927 Sic
2750 4876 2809 4927 S.
2844 4874 3109 4935 Hilarion,
3138 4881 3277 4927 teste
3308 4871 3669 4941 Hieronymo,
3702 4867 3819 4923 Sibi

2228 4943 2418 5007 iratus,
2450 4954 2494 4995 et
2529 4953 2702 5010 pectus
2734 4946 2925 5017 pugnis
2962 4944 3254 5017 verberans,
3290 4942 3453 5017 quasi
3488 4940 3828 5017 cogitatio!“

2229 5024 2365 5068 (‘er
2394 5030 2575 5066 manus
2602 5010 2769 5083 posset
2802 5010 3110 5069 Excludere:
3146 5014 3277 5083 Ego,
3304 5010 3500 5081 inquit,
3533 5011 3718 5083 aselle,
3744 5010 3829 5083 [a-

2230 5087 2363 5136 ctam
2395 5096 2452 5137 ut
2480 5100 2579 5138 non
2603 5080 2875 5151 calcitres;
2902 5095 3061 5140 necte
3090 5080 3280 5139 hordeo
3311 5080 3475 5146 alam,
3511 5082 3601 5136 sed
3630 5080 3831 5151 patein

2231 5156 2364 5224 fame
2408 5164 2457 5207 te
2506 5154 2776 5222 conﬁciam
2814 5150 2861 5210 et
2892 5157 3011 5223 siti;
3044 5165 3102 5211 ut
3145 5157 3312 5209 cibum
3354 5155 3527 5226 potius
3560 5167 3716 5226 quam
3742 5150 3792 5203 la
3824 5172 3836 5185 ε

2229 5227 2447 5298 sciviamg
2467 5227 2675 5296 cogites.
2720 5228 2810 5281 Sic
2854 5228 2969 5281 ille.
3002 5229 3195 5291 Porro,
3218 5230 3517 5298 jumentum
3538 5225 3736 5298 dictum
3757 5236 3801 5298 ac
3828 5236 3836 5263 -'

2231 5313 2289 5349 eo
2314 5290 2634 5367 quodjiiitet,
2659 5299 2734 5351 ait
2768 5300 2829 5351 D.
2860 5290 3393 5369 Hiertitiytitus'(Lib.
3426 5312 3464 5350 ιι
3494 5296 3546 5347 in
3570 5290 3777 5369 Jootn.)
3808 5308 3829 5339 Α

2232 5365 2399 5436 quare
2431 5365 2536 5422 neu
2562 5369 2744 5438 inepte
2767 5370 2997 5439 juinenti
3026 5365 3243 5431 nomen,
3265 5365 3443 5421 etiam
3476 5365 3705 5439 corpori
3729 5378 3816 5415 no-

2233 5448 2367 5503 stro,
2400 5440 2546 5493 velut
2584 5436 2782 5495 animai
2808 5445 3055 5509 jumento
3094 5448 3151 5495 et
3187 5439 3517 5509 adiumento
3546 5436 3823 5509 tribuitur,

2231 5511 2375 5577 quod
2418 5513 2613 5564 aninne
2660 5506 2932 5570 rationali.
2971 5510 3275 5579 praesertim
3316 5510 3370 5563 in
3415 5506 3830 5579 actibus-virtu-

2232 5576 2739 5656 t’uiuexsequendis
2770 5576 3057 5650 inservire,
3084 5591 3137 5656 et
3166 5584 3370 5646 alisque
3399 5576 3830 5656 contradictione

2232 5653 2454 5708 obedire
2476 5654 2655 5719 debet,
2688 5663 2743 5707 et
2770 5668 2907 5707 unus
2943 5654 3257 5723 impositum
3287 5661 3527 5723 portare,
3560 5663 3714 5702 more
3741 5653 3827 5715 ju-

2232 5725 2424 5778 menti.
2467 5723 2620 5780 Unde
2649 5739 2751 5780 nec
2778 5720 3053 5779 immerito
3095 5725 3144 5779 ei
3177 5720 3576 5776 consulendum
3606 5732 3670 5772 ac
3700 5730 3825 5788 pror-

2231 5794 2544 5869 videudutn,
2580 5798 2724 5869 qpod
2751 5796 3016 5864 iumentis
3042 5793 3291 5869 [ιι-φεμιιί
3314 5793 3455 5869 sole},
3480 5795 3615 5860 (nou
3649 5800 3824 5846 tamen

2232 5864 2670 5939 indulgendum,
2698 5866 2783 5924 hic
2815 5875 3000 5929 monet
3028 5866 3279 5927 Collator.
