4054 6186
313 340 418 401 869

1366 339 1715 401 COLLATIO
1754 338 1873 396 ΧΗ.
1901 369 1971 382 --
2000 336 2090 395 DE
2128 328 2535 396 CASTITATE.

3487 338 3600 407 870

312 456 543 527 Spiritus
566 455 697 510 enim
715 464 981 527 promptus
998 462 1093 523 est,
1114 470 1237 509 caro
1258 464 1432 510 autem
1455 456 1661 526 inﬁrma
1679 452 1893 525 (Matth.
1922 453 1977 516 Α
2001 469 2121 521 quae
2150 450 2500 516 desideratis.
2527 451 2836 524 diligentius
2866 454 3203 529 indaganda,
3234 453 3433 514 mentis
3454 468 3595 530 quod

312 550 461 617 nrt)
501 565 514 602 :
546 565 665 617 quas
695 550 859 603 etiam
906 564 1047 604 nunc
1076 548 1163 603 vel
1193 547 1379 619 exigui
1414 548 1520 603 cibi
1551 550 1896 618 perceptione

313 640 555 695 curanda
582 651 689 709 est,
722 650 778 696 ut
805 650 926 710 post
960 640 1347 711 perfectionem
1380 641 1517 708 ejus,
1546 642 1707 695 etiam
1737 638 1804 694 ad
1833 654 1897 695 ea

2003 561 2108 617 que
2134 546 2363 601 addatur
2391 544 2644 602 intentio.

1024 866 1532 986 COLLA
1550 876 1721 983 TI
1724 880 1819 981 Ο
1893 874 2885 997 DUODECIMAs

1257 1045 1411 1119 Quae
1444 1050 1537 1106 est
1580 1041 1859 1106 secunda
1890 1043 2138 1105 abbatis
2170 1040 2620 1107 Chaeremouis.

1705 1165 1789 1215 DE
1826 1164 2191 1217 CASTITATE.

1792 1294 2102 1308 ψ

813 1401 1041 1457 CAPUT
1078 1394 1369 1457 PRIMUM.

384 1493 701 1551 Reiectione
730 1503 1025 1560 transacta,
1070 1510 1189 1565 qua:
1219 1490 1485 1548 doctrince
1530 1492 1713 1549 cibum
1749 1490 1895 1549 desi—

310 1586 626 1645 derantibus
670 1588 825 1643 nobis
873 1602 1102 1641 onerosa
1136 1586 1307 1657 magis
1336 1590 1450 1641 visa
1495 1593 1580 1640 est
1616 1601 1773 1657 quam
1802 1584 1893 1655 ju-

308 1682 507 1747 cunda,
552 1694 673 1735 cum
709 1681 855 1734 illico
903 1693 1001 1733 nos
1040 1679 1292 1749 promissi
1333 1678 1602 1733 sermonis
1650 1676 1894 1732 debitum

310 1787 473 1827 senex
506 1781 825 1841 exspectare
860 1773 1122 1827 sensisset
1159 1787 1174 1826 :
1208 1771 1369 1827 Grata
1398 1782 1502 1838 est,
1538 1772 1731 1841 inquit,
1765 1762 1895 1825 tnihi

310 1879 421 1918 non
454 1866 627 1919 solum
659 1867 883 1919 attonita
916 1866 983 1919 ad
1016 1863 1335 1919 discendum
1366 1873 1560 1919 vestra:
1589 1863 1785 1917 mentis
1810 1864 1893 1918 in-

312 1955 510 2019 tentio,
546 1956 645 2009 sed
684 1956 845 2009 etiam
896 1956 1179 2024 disciplina
1224 1955 1511 2024 propositae
1555 1953 1889 2023 quzesnonis.

307 2047 665 2102 Rationabilis
717 2050 860 2103 enim
919 2063 1107 2103 revera
1162 2048 1601 2118 interrogationis
1658 2063 1686 2102 a
1738 2050 1891 2104 vobis

306 2139 443 2194 ordo
471 2148 714 2195 servatus
752 2148 855 2196 est.
890 2139 1121 2195 Necesse
1151 2148 1232 2195 est
1260 2141 1403 2195 enim
1434 2152 1491 2194 ut
1519 2148 1627 2195 tam
1659 2140 1890 2196 excelsae

306 2231 699 2299 plenitudinem
752 2231 1031 2288 charitatis
1073 2234 1339 2289 immensa
1384 2234 1478 2288 illa
1513 2233 1769 2303 perfecta:
1808 2245 1889 2290 at-

306 2341 413 2396 que
462 2336 729 2397 perpetuae
782 2328 1115 2382 castimonia:
1170 2330 1391 2398 praemia
1449 2340 1883 2401 Consequentur,

304 2433 508 2490 parque
546 2421 621 2475 sit
664 2420 918 2491 gaudium
956 2419 1013 2477 in
1066 2429 1209 2477 tanta
1256 2422 1527 2493 parilitate
1566 2426 1886 2493 palmarum.

304 2512 473 2567 Tanta
506 2515 648 2568 enim
679 2516 779 2570 sibi
810 2517 1075 2572 societate
1104 2515 1443 2573 {inderentur
1468 2560 1482 2584 ,
1537 2528 1595 2572 ut
1624 2535 1726 2573 una
1764 2520 1888 2574 abs-

301 2620 407 2675 que
444 2604 616 2661 altera
656 2616 892 2677 nequeat
935 2606 1221 2673 possideri.
1262 2608 1373 2665 lloc
1402 2610 1565 2679 igitur
1592 2610 1887 2679 propositio

301 2703 482 2752 vcs’tra
511 2698 796 2769 complexa
829 2709 933 2769 est,
969 2708 1027 2755 ut
1064 2709 1242 2755 utrum
1276 2710 1302 2739 ⁸
1331 2701 1470 2772 ignis
1500 2701 1589 2757 ille
1626 2703 1889 2772 concupi-

302 2794 549 2859 scentiae,
579 2793 731 2863 cujus
771 2793 887 2850 haec
929 2811 1057 2850 caro
1088 2796 1236 2851 velut
1265 2797 1485 2852 insitum
1526 2799 1689 2852 sentit
1719 2796 1881 2852 ardo-

301 2900 439 2949 rem,
474 2886 539 2939 ad
569 2887 785 2956 plenum
811 2888 985 2956 possit
1008 2888 1300 2959 exstingui,
1326 2888 1693 2960 disputatione
1717 2889 1884 2944 simili

302 2976 685 3045 panderemus.
719 2978 793 3033 De
819 2994 926 3048 quo
953 2980 1192 3049 primum
1214 2980 1341 3051 quid
1377 2980 1566 3036 beatus
1590 2981 1884 3051 Apostolus

303 3069 541 3127 senserit
562 3069 874 3142 diligentius
902 3071 1236 3150 inquiramus
1269 3090 1283 3133 :
1314 3071 1652 3144 Mortiﬁcate,
1686 3074 1880 3145 inquit,

1996 1398 2223 1454 membra
2261 1408 2429 1454 vestra
2466 1415 2585 1471 quae
2627 1408 2748 1455 sunt
2786 1415 2941 1471 super
2988 1410 3181 1455 terram
3210 1398 3436 1474 (Coloss.
3479 1400 3586 1471 ιιι).

1997 1492 2155 1550 Prius
2190 1510 2317 1567 ergo
2348 1510 2507 1564 quam
2531 1504 2725 1551 cietera
2750 1506 3175 1566 perscrutemur,
3209 1512 3329 1567 qua:
3354 1498 3454 1553 ista
3481 1500 3589 1554 sint

1998 1588 2241 1643 membra
2291 1604 2410 1658 quae
2464 1589 2780 1645 niortiticari
2828 1591 3191 1660 praeceperit,
3247 1591 3586 1661 indagemus.

1998 1676 2027 1717 ι’
2046 1678 2232 1751 Neque
2252 1681 2393 1736 enim
2422 1682 2612 1737 beatus
2641 1683 2937 1751 Apostolus
2959 1681 3025 1738 ad
3049 1684 3440 1740 abscissionem
3473 1700 3588 1738 ma-

2000 1789 2166 1829 nuum
2197 1784 2288 1829 aut
2313 1776 2532 1845 pedum.
2566 1786 2658 1831 ant
2682 1779 2995 1845 genitalium
3023 1777 3219 1832 immiti
3260 1793 3357 1832 nos
3384 1792 3587 1848 praece-

2001 1868 2186 1937 ptione
2217 1868 2515 1937 compellit,
2561 1868 2656 1923 sed
2693 1880 2714 1907 ο
2738 1885 2934 1937 corpus
2966 1872 3199 1939 peccati,
3230 1873 3372 1941 quod
3407 1874 3589 1939 utique

2000 1970 2217 2017 constat
2243 1978 2310 2017 ex
2352 1963 2631 2028 membris,
2667 1965 2992 2031 quantocius
3022 1963 3229 2020 destrui
3260 1964 3379 2019 zelo
3413 1964 3588 2034 perfe-

1997 2064 2101 2108 ctae
2137 2054 2415 2109 desiderat
2463 2055 2788 2122 sanctitatis,
2836 2055 2905 2111 de
2933 2072 3041 2125 quo
3068 2071 3299 2126 corpore
3332 2056 3479 2124 alibi,
3528 2070 3586 2110 ut

1997 2144 2313 2211 destruatur,
2345 2145 2543 2216 inquit,
2572 2163 2757 2218 corpus
2799 2147 2995 2217 peccati
3032 2147 3207 2219 (Rom.
3239 2150 3335 2218 v1).
3370 2150 3433 2203 Et
3465 2163 3586 2218 qua:

1995 2238 2067 2294 sit
2107 2240 2223 2308 ejus
2261 2240 2579 2305 destructio,
2625 2252 3023 2309 consequenter
3062 2243 3311 2308 esponit.
3362 2250 3417 2296 ut
3447 2242 3585 2309 jam,

1997 2330 2191 2401 inquit,
2245 2348 2348 2384 non
2399 2332 2681 2385 serviamus
2733 2340 2938 2402 peccato
2986 2330 3163 2401 (Rom.
3209 2332 3328 2399 vn).
3380 2333 3425 2385 A
3478 2348 3588 2402 quo

1996 2424 2158 2477 etiam
2183 2438 2241 2478 se
2268 2424 2487 2478 liberari
2512 2439 2635 2478 cum
2664 2424 2869 2493 ejulatu
2894 2423 3160 2493 postulat,
3193 2423 3383 2478 dicens
3409 2421 3589 2492 :Infe-

1995 2512 2070 2568 lix
2114 2533 2205 2587 ego
2246 2514 2431 2585 homo,
2478 2516 2595 2587 quis
2646 2534 2723 2571 me
2773 2515 3007 2571 liberabit
3049 2515 3114 2573 de
3152 2532 3365 2588 corpore
3408 2517 3589 2574 mortis

1996 2608 2193 2679 hujus?

2627 2701 2856 2759 CAPUT
2894 2702 2959 2763 ll.

2270 2796 2349 2851 De
2379 2813 2590 2866 corpore
2613 2798 2809 2867 peccati
2832 2808 2877 2853 et
2903 2799 3143 2855 membris
3170 2800 3306 2866 eius.

2063 2890 2177 2946 Hoc
2204 2890 2386 2961 itaque
2426 2892 2635 2959 peccati
2674 2906 2874 2961 corpus
2901 2892 3086 2947 multis
3118 2892 3377 2949 vitiorum
3409 2908 3583 2952 mem-

1992 2982 2107 3039 bris
2129 2982 2387 3053 probatur
2412 2990 2786 3049 exstructum;
2813 2991 2867 3038 et
2896 2982 2962 3038 ad
2994 2983 3111 3053 ejus
3141 2985 3340 3042 attinet
3369 2986 3579 3057 portio-

1994 3091 2118 3131 nem
2148 3073 2175 3113 ά
2206 3073 2466 3147 quidquid
2488 3076 2573 3132 vel
2600 3073 2767 3144 facto,
2804 3075 2889 3132 vel
2929 3075 3100 3145 dicto,
3136 3078 3222 3135 vel
3254 3076 3583 3150 cogitatione

1368 3226 1622 3284 ALARDI
1662 3225 1891 3283 GAZXEI
1930 3225 2491 3286 COMMENTARIUS.

377 3368 607 3454 ald_est,
648 3377 825 3451 motus
856 3367 1118 3454 libidinis:
1158 3366 1660 3454 Concppitsceptiam
1708 3366 1884 3451 ignem
1915 3380 1962 3443 ί]
1995 3374 2268 3454 mentiatur
2314 3382 2381 3422 ex
2428 3368 2595 3454 variis
2648 3377 3014 3454 peccatorum"
3045 3371 3367 3454 generibus,
3414 3376 3583 3433 veluti

342 3441 591 3495 uemdam
618 3454 739 3495 esse
766 3439 1037 3495 internum
1076 3438 1233 3495 docet
1262 3438 1351 3493 illa
1384 3438 1531 3492 Pauli
1564 3439 1831 3493 sententia
1868 3455 1882 3493 :

354 3530 509 3565 ouum
552 3520 624 3584 est
654 3509 843 3565 nubere
874 3512 1037 3584 magis
1066 3526 1221 3583 quam
1248 3511 1326 3563 uri
1354 3509 1703 3584 (IACoruvu).
1728 3509 1887 3564 Item-

302 3599 410 3654 que
434 3584 541 3638 alia
566 3581 808 3651 ejusdem
835 3600 849 3635 :
879 3581 1147 3638 Suinentes
1165 3593 1363 3636 scutum
1385 3582 1531 3651 ﬁdei,
1559 3581 1611 3633 in
1642 3598 1741 3654 quo
1768 3598 1889 3652 pos-

303 3652 415 3710 sitis
448 3656 618 3708 omnia
659 3655 759 3708 tela
799 3655 1097 3723 nequissimi
1134 3655 1283 3725 ignea
1322 3654 1641 3725 exstinguere
1668 3652 1885 3723 (Ephes.

303 3726 401 3796 vr).
436 3726 569 3779 Hinc
597 3726 780 3781 Patres
811 3730 1007 3795 passim
1038 3724 1236 3794 ignem,
1280 3726 1575 3796 llatnmam,
1617 3724 1884 3789 fomitem,

303 3794 660 3861 incentivum,
706 3794 978 3863 arderem,
1023 3796 1108 3850 vel
1155 3808 1344 3849 uastum
1386 3794 1625 3847 libidinis
1671 3800 1885 3845 vocant.

304 3868 370 3923 D.
428 3869 745 3923 Ambrosius
791 3868 886 3921 lib.
920 3884 935 3922 ι
983 3866 1050 3920 de
1083 3867 1401 3922 Ptnnitentia
1440 3863 1670 3916 :Libido
1718 3864 1889 3935 gravis

304 3939 440 4008 ignis
470 3950 577 3994 est:
611 3946 656 3992 et
696 3939 813 3993 ideo
854 3955 953 3992 non
1002 3938 1237 3991 debemus
1270 3936 1349 3989 illi
1392 3935 1641 4008 alimenta
1667 3932 1893 4008 prabere

306 4004 553 4065 luxurias.
607 4010 851 4064 Pascitur
899 4008 1061 4063 libido
1102 4008 1365 4070 conviviis,
1409 4007 1630 4059 nutritur
1666 4004 1889 4070 delictis,

306 4083 426 4135 vino
462 4083 780 4146 accenditur,
815 4082 1051 4151 ebrietate
1078 4082 1397 4151 ﬂannnatur.
1532 4076 1891 4151 lliemnymus

307 4153 377 4206 ad
410 4152 623 4207 Furiam
651 4153 814 4218 epist.
853 4150 917 4206 lt)
960 4170 973 4205 :
1008 4147 1258 4205 Ardentes
1286 4148 1478 4203 diaboli
1519 4147 1721 4217 sagitta:
1746 4148 1889 4218 jeju-

310 4224 517 4276 niorum
538 4234 583 4276 et
613 4224 903 4290 vigiliarum
934 4224 1101 4293 rigore
1128 4222 1511 4293 restinguendte
1538 4228 1672 4272 sunt.

388 4292 411 4329 ι’
437 4294 618 4363 Neque
645 4287 888 4348 Christus
924 4287 1199 4353 Dominus.
1243 4287 1362 4347 cum
1395 4291 1645 4347 similiter
1673 4288 1747 4342 ait
1782 4287 1891 4363 :JSi

316 4362 496 4419 oculus
526 4360 638 4417 tuus
666 4369 840 4420 dexter
864 4365 1181 4433 scandalizat
1225 4376 1291 4429 te,
1321 4380 1439 4417 erue
1467 4379 1601 4425 eum,
1620 4370 1665 4414 et
1696 4360 1893 4433 projice

316 4380 496 4419 acutus
526 4380 638 4417 tuus
666 4380 840 4420 dexter
864 4380 1181 4433 scandalizat
1225 4380 1291 4429 te,
1321 4380 1439 4417 erue
1467 4380 1601 4425 eum,
1620 4380 1665 4414 et
1696 4380 1826 4484 prof

312 4436 407 4490 abs
440 4446 505 4490 te.
539 4437 661 4492 Haec
689 4439 832 4492 enim
876 4437 1242 4504 tnetaphorice
1275 4434 1645 4504 intelliguntur
1674 4440 1771 4504 aut
1810 4447 1826 4483 ι

313 4509 608 4577 perbolice,
644 4518 701 4561 nt
745 4516 929 4560 notant
963 4500 1288 4575 interpretes
1314 4500 1477 4573 (Vide
1514 4502 1673 4558 Joan.
1716 4500 1889 4577 Mald.

312 4573 367 4632 in
419 4595 449 4632 ν
499 4577 731 4648 Matth.).
785 4573 1142 4645 Metaplim-ice
1175 4578 1393 4645 quidem
1439 4577 1484 4629 si
1535 4590 1632 4642 per
1675 4573 1891 4648 oculum

315 4650 562 4703 dextrum
594 4660 647 4701 et
692 4643 903 4701 manum
930 4643 1591 4715 dextram‘intelligamus
1618 4659 1707 4715 res
1736 4643 1893 4697 nobis

318 4718 663 4771 charissimas
702 4728 756 4771 et
803 4717 1219 4785 pretiosissimas
1261 4714 1403 4785 quas
1436 4732 1465 4769 a
1510 4714 1664 4770 nobis
1716 4716 1891 4783 potius

1993 3438 2251 3511 membris
2309 3448 2363 3511 et
2420 3440 2629 3494 actibus
2676 3442 2925 3497 diversis.
2974 3438 3286 3511 Cujusmodi
3336 3438 3580 3504 membra

1992 3525 2113 3583 nios
2142 3509 2209 3563 ab
2231 3510 2419 3565 eodem
2440 3510 2705 3583 Apostolo
2732 3509 3149 3579 enumerantur;
3177 3532 3295 3583 quas
3325 3520 3577 3582 sequenti

1990 3580 2167 3648 capite
2222 3582 2585 3649 particulatim
2620 3594 2673 3636 et
2726 3583 2988 3650 Spirituali
3028 3580 3258 3650 quadam
3306 3580 3581 3646 anatomia

1990 3653 2351 3719 explicantur.
2377 3651 2545 3719 Super
2570 3662 2757 3706 terram
2778 3666 2974 3715 autem,
3009 3651 3058 3707 id
3082 3666 3165 3710 est
3198 3666 3433 3723 terrena,
3460 3661 3577 3717 sive

1993 3724 2273 3792 terrestria
2314 3736 2431 3773 esse
2460 3723 2731 3788 dicuntur,
2763 3727 2904 3792 quod
2933 3723 3241 3791 hujusmodi
3270 3729 3399 3781 vitia
3429 3731 3577 3786 velut

1991 3789 2046 3844 in
2079 3802 2277 3846 terram
2306 3792 2611 3868 deprimant
2641 3789 2939 3856 hominem.
2981 3789 3034 3868 et
3061 3810 3090 3848 a
3126 3795 3581 3868 DeoglongiSsime

1991 3870 2239 3943 avertant
2272 3879 2285 3915 :
2317 3860 2385 3916 de
2429 3878 2660 3932 quorum
2706 3866 3123 3921 mortiticatione
3173 3860 3585 3941 agitur'capite

1998 3942 2182 3987 tertio.
3530 3958 3536 3964 ‘

2066 4001 2365 4080 filiulgaris
2396 4003 2620 4080 _divisi_o
2674 4005 2879 4080 peccati
2931 4008 2983 4061 in
3034 4019 3318 4078 peccatum
3375 4012 3580 4080 cordis,

1995 4075 2105 4147 oris
2142 4075 2468 4147 ietroperis,
2509 4091 2538 4128 a
2574 4075 2636 4130 D.
2677 4075 3012 4147 Hieronymo
3036 4075 3225 4135 'relata
3280 4084 3331 4136 in
3363 4097 3411 4136 c.
3449 4075 3583 4139 xuii

1995 4145 2317 4209 Ezechielis,
2350 4146 2415 4199 ad
2449 4146 2563 4201 haec
2602 4149 2762 4220 verba
2800 4165 2811 4201 :
2843 4145 3047 4220 septem
3078 4153 3257 4205 diebus
3284 4152 3447 4219 facies
3476 4154 3587 4207 hir-

1994 4233 2108 4270 cum
2137 4234 2230 4285 pro
2276 4224 2482 4285 peccato
2512 4219 2763 4286 quotidie,
2802 4228 2850 4272 et
2888 4219 3127 4285 vitulum,
3158 4233 3209 4275 et
3253 4224 3481 4277 arietem.
3517 4224 3587 4283 In

1997 4289 2159 4353 hirco,
2184 4289 2380 4356 inquit,
2412 4300 2457 4341 et
2486 4289 2661 4363 vitulo,
2698 4299 2743 4341 et
2778 4290 2937 4344 ariete
2975 4297 3073 4345 tria
3108 4295 3370 4363 generalia
3400 4294 3589 4351 delicta

1997 4370 2370 4435 monstrantur.
2409 4360 2783 4435 quibusomne
2818 4360 3123 4415 mortalium
3147 4364 3374 4435 subjacet
3407 4383 3588 4435 genus.

1997 4431 2099 4483 Aut
2130 4432 2275 4508 enini
2307 4431 2723 4508 cogitationibus,
2763 4442 2853 4508 aut
2882 4449 3134 4508 sermone,
3164 4431 3251 4488 aut
3289 4431 3441 4505 opere
3472 4454 3591 4508 pec-

1996 4516 2189 4575 camus.
2237 4500 2485 4573 Cogitatio
2512 4507 2734 4570 refertur
2778 4503 2845 4554 ad
2889 4500 3128 4575 arietem,
3162 4522 3276 4567 qua:
3316 4500 3489 4575 prima'
3510 4518 3587 4563 est

1998 4573 2225 4624 amnium
2258 4581 2606 4644 peccatorum,
2655 4582 2700 4627 et
2748 4589 2810 4626 ea:
2838 4590 2940 4643 qua
2980 4574 3086 4629 alia
3122 4576 3235 4629 duo
3266 4573 3473 4644 peccata
3504 4597 3595 4634 na-

1997 4651 2229 4695 scuntur.
2263 4641 2466 4696 Htedus
2505 4655 2670 4697 autem
2709 4645 2812 4697 sive
2840 4641 3033 4705 hircus.
3062 4647 3129 4699 ad
3172 4641 3451 4715 eloquium.
3490 4652 3595 4704 sive

1998 4729 2303 4776 sermonem,
2333 4717 2419 4789 qui
2444 4731 2641 4789 semper
2663 4716 2724 4767 de
2746 4716 3106 4771 excelsioribus
3136 4719 3385 4789 disputat.
3419 4718 3594 4785 Opera

318 4769 555 4853 abjicere
580 4769 835 4841 debemus
873 4769 1028 4858 quam
1061 4769 1120 4842 ut
1145 4769 1347 4842 ieartiut
1396 4769 1681 4842 occasione
1708 4769 1894 4859 pecce-
1921 4769 1970 4828 D
1998 4799 2116 4859 vero
2145 4769 2357 4854 proprie,
2373 4786 2527 4859 vitulo
2554 4769 2888 4859 deputantur.

319 4876 458 4916 mus.
521 4856 1062 4929 ilyperbolice'vero,
1111 4861 1386 4926 supposita
1440 4859 1537 4912 hac
1580 4856 1892 4929 conditione

320 4933 404 4985 Vel
432 4926 771 4995 exceptione,
804 4932 847 4983 si
874 4930 988 4983 ﬁeri
1020 4941 1202 4997 posset
1230 4932 1307 4984 νμΙ
1336 4930 1541 4994 liceret,
1566 4940 1617 4980 ut
1648 4926 1701 4979 in
1733 4941 1896 4994 exag-

320 5004 694 5074 gerationibus
752 5000 871 5057 lieti
918 5002 1069 5055 solet.
1121 5001 1400 5074 Sigoitirat
1454 5002 1594 5074 enim
1647 4998 1897 5052 Christus

322 5070 551 5143 quodvis
598 5078 771 5143 potius
818 5076 1072 5127 damnum
1118 5073 1270 5125 nobis
1323 5070 1680 5143 subeundum,
1736 5083 1895 5135 tinam

323 5149 535 5212 Culpam
570 5142 681 5200 :ieo
716 5147 932 5215 quidem
964 5159 1149 5209 usque,
1200 5154 1255 5197 ut
1294 5143 1375 5196 vel
1407 5142 1623 5215 oculum
1650 5145 1897 5215 dextrum

326 5221 406 5271 vel
446 5222 688 5272 daturam
735 5212 905 5269 'nobis
945 5231 1159 5268 manum
1198 5213 1599 5279 abscindainus,
1652 5212 1696 5264 si
1742 5212 1899 5263 aliter

328 5302 604 5356 peccaturo
638 5286 876 5351 ell‘ugerc
912 5302 1014 5339 non
1047 5287 1315 5353 possimus
1346 5303 1360 5339 :
1403 5286 1495 5339 sed
1537 5286 1659 5353 quia
1687 5296 1903 5350 semper

329 5374 636 5427 possumus,
672 5359 817 5413 nefas
852 5368 936 5413 est
959 5358 1199 5427 aliquam
1236 5357 1392 5411 nobis
1420 5358 1664 5427 corporis
1698 5366 1903 5423 partem

328 5431 669 5484 abscindere.

402 5512 423 5539 ε
448 5502 660 5567 Corpus
693 5504 913 5568 peccati,
945 5502 1140 5570 passim
1172 5508 1327 5554 vocat
1348 5500 1634 5569 Apostolus
1665 5505 1905 5552 veterem

333 5572 628 5636 hominem,
660 5574 726 5627 de
751 5590 858 5642 quo
898 5576 1010 5627 ait:
1047 5572 1403 5643 Exspaliantes
1439 5589 1525 5626 vos
1570 5583 1786 5643 veterem
1813 5570 1909 5643 Ito-

331 5644 519 5713 ntinem
558 5660 672 5695 cum
716 5638 908 5698 actibus
958 5647 1096 5707 suis;
1144 5638 1286 5713 quod
1325 5644 1463 5699 idem
1506 5654 1589 5697 est
1627 5658 1691 5697 ac
1734 5638 1904 5692 illud:

333 5710 645 5785 {liortiﬁcate
695 5716 915 5769 membra
954 5727 1135 5782 vestra,
1164 5710 1294 5785 qua:
1331 5724 1449 5769 sunt
1496 5730 1648 5781 super
1694 5722 1905 5764 terrant.

338 5782 489 5838 Sicut
516 5788 659 5841 enim
695 5786 875 5851 homo,
908 5787 991 5843 vel
1017 5782 1214 5857 corpus
1246 5787 1480 5841 hominis
1504 5784 1667 5841 variis
1698 5787 1912 5857 constat

333 5857 595 5921 membris
621 5874 639 5933 ξ
671 5858 748 5919 ita
772 5870 923 5921 vetus
952 5855 1270 5943 ho‘tno',_seu
1295 5872 1492 5930 corpus
1519 5855 1728 5928 peccati
1749 5865 1915 5922 coag-

1999 4854 2130 4920 bori,
2160 4866 2215 4931 e_t_
2229 4857 2443 4931 terrenis
2474 4858 2709 4927 operibus
2735 4854 3057 4927 mancipatus
3081 4872 3174 4931 est.
3213 4860 3285 4916 Ita
3322 4854 3587 4931 Hierony-

2001 4924 2241 4999 ninsLEt
2274 4930 2321 4979 in
2360 4924 2604 4999 eanulem
2647 4924 2971 4984 sententiam
3004 4931 3068 4985 D.
3100 4930 3433 4999 Augustinus
3462 4924 3594 4987 coit-

2008 5004 2089 5050 tra
2121 4995 2379 5072 Faustum
2408 4998 2757 5072 hlanicltmutu
2794 5000 2932 5069 (Lib.
2965 5016 3023 5059 tt.
3064 5018 3110 5055 c.
3140 4995 3235 5072 27)
3263 5020 3274 5054 :
3320 5002 3597 5057 Peccatum

2000 5076 2074 5123 cst
2106 5068 2322 5142 factum,
2351 5069 2428 5122 vel
2456 5072 2671 5142 dictum,
2706 5072 2783 5124 vel
2804 5068 3137 5142 'concupitum
3178 5068 3376 5139 aliquid
3418 5084 3599 5127 contra

2004 5148 2247 5193 (L’lernam
2276 5140 2436 5209 legem
2468 5156 2487 5195 :
2517 5140 2624 5195 Lea:
2648 5158 2762 5195 vero
2792 5140 2987 5195 aeterna
3017 5153 3088 5195 est
3118 5142 3252 5195 ratio
3293 5142 3488 5206 divina,
3520 5144 3600 5197 vel

2008 5209 2242 5264 voluntas
2274 5210 2392 5279 Dei,
2422 5225 2529 5266 etc.
2556 5213 2678 5266 llaec
2708 5224 2887 5266 autem
2919 5212 3113 5265 divisio
3144 5215 3346 5280 peccati
3382 5228 3486 5266 non
3516 5223 3600 5269 e~t

2009 5282 2229 5348 generis
2259 5283 2310 5336 in
2341 5285 2581 5337 diversas
2604 5284 2813 5352 species
2843 5300 2857 5338 :
2892 5281 2986 5335 sed
3031 5282 3272 5350 ejusdem
3305 5286 3508 5351 speciei
3546 5285 3598 5337 in

2009 5352 2531 5426 diVCl‘SOS_gl‘éldllS,
2576 5368 2632 5407 ut
2667 5354 2824 5426 docet
2865 5352 2928 5406 D.
2962 5352 3196 5426 Thomas
3246 5354 3387 5426 (fl-'2,
3436 5372 3487 5426 q.
3531 5354 3601 5410 62

2011 5436 2110 5477 art.
2138 5429 2216 5495 7).
2248 5424 2373 5479 [Iam
2401 5427 2533 5476 enim
2556 5425 2675 5489 tria,
2709 5424 2901 5490 inquit.
2928 5423 3178 5495 pertinent
3209 5425 3277 5478 ad
3301 5423 3457 5477 unam
3484 5442 3602 5495 per-

2012 5494 2199 5563 fectam
2229 5505 2274 5549 et
2318 5497 2617 5563 completam
2652 5495 2850 5561 peccati
2881 5494 3120 5559 speciem,
3169 5510 3284 5547 cum
3318 5499 3381 5549 ab
3424 5494 3603 5550 eodem

2016 5572 2202 5621 matiro
2230 5566 2532 5636 procedant.
2567 5563 2859 5636 Iracundus
2884 5564 3018 5617 enim
3041 5580 3122 5636 ea:
3150 5568 3246 5620 hoc
3278 5568 3417 5636 quod
3445 5583 3605 5636 appe-

2017 5640 2074 5691 tit
2098 5634 2392 5699 vindictam,
2420 5635 2585 5699 primo
2619 5634 2827 5704 quidem
2854 5635 3179 5703 perturbatur
3206 5638 3262 5691 in
3290 5634 3481 5702 corde,
3517 5634 3604 5695 ss-

2016 5707 2283 5781 cundo__in
2332 5704 2483 5759 verba
2524 5705 2891 5781 contumeliosa
2935 5711 3246 5781 prorumpit,
3300 5712 3447 5764 tertio
3488 5724 3606 5781 vero

2019 5774 2247 5855 procedit
2292 5777 2567 5855 usquead
2608 5776 2744 5855 facta
2789 5774 3064 5850 injuriosa,
3123 5774 3331 5854 tetidem
3358 5790 3497 5855 patet
3539 5779 3607 5838 ἀι

2023 5847 2232 5926 luxuria
2258 5858 2303 5910 et
2329 5848 2689 5928 quolibetwalio
2715 5847 2949 5921 peccata.
