4048 6198
554 251 653 313 tm

1609 243 1887 300 JOANNIS
1924 242 2239 300 CASSIANI
2274 238 2766 299 COLLATIONES.

3730 238 3848 298 872

556 376 834 439 peccatur,
883 361 1057 436 cujus'
1087 360 1331 416 membra
1379 359 1680 415 rectissime
1728 375 1894 429 super
1936 369 2136 414 terram
2167 362 2210 418 Λ
2239 359 2373 413 catis
2402 357 2465 411 ad
2491 357 2697 411 minora
2724 353 3082 419 descendens,
3119 350 3141 390 ί
3164 358 3413 423 quartum
3434 349 3617 407 intulit
3651 368 3838 410 mem-

558 480 680 519 esse
734 461 1011 515 dicuntur.
1062 455 1179 511 Non
1219 453 1360 507 enim
1421 464 1643 521 possunt
1697 452 1747 506 hi
1802 452 1893 520 qui
1950 466 2137 506 eorum

560 563 785 609 utuntur
817 547 1143 605 ministerio.
1175 545 1416 599 veridice
1444 544 1704 609 proﬁteri.
1746 553 1927 597 nostra
1958 552 2139 597 autem

559 642 905 697 conversatio
948 646 996 693 iu
1043 637 1196 693 caelis
1240 646 1343 689 est.
1389 635 1557 704 llujus
1596 636 1759 704 igitur
1800 635 2044 701 corporis
2087 633 2140 687 in

563 739 667 792 lioc
714 736 833 789 [om
869 733 1161 802 Apostolus
1210 729 1449 783 membra
1500 728 1865 781 tit-scribens:
1915 725 2143 794 Mortiﬁ-

562 839 696 891 rate,
748 824 936 893 inquit,
982 820 1204 874 membra
1233 829 1401 872 vestra
1431 833 1546 887 qua?
1574 828 1693 870 sunt
1733 832 1886 884 super
1926 826 2139 883 terram,

564 918 979 987 fornicationem,
1011 912 1412 976 immunditiam,
1454 910 1740 972 libidinem,
1782 908 2146 975 concupiscen-

565 1011 689 1063 tiam
741 1010 953 1071 malum,
992 1015 1039 1058 et
1076 1015 1101 1041 τι
1138 1004 1425 1065 auaritiam,
1471 1018 1584 1072 qua:
1630 1011 1702 1055 est
1750 1001 2144 1054 simulacrorum

567 1100 781 1153 servitus
815 1096 1036 1166 (Coloss.
1064 1094 1169 1165 nl).
1201 1092 1228 1131 ι’
1260 1094 1438 1147 l’rinio
1471 1095 1650 1163 itaque
1692 1093 1806 1145 loco
1843 1092 2147 1157 fornicatio-

568 1211 682 1248 nem
710 1192 939 1246 credidit
979 1188 1339 1250 init-rendam,
1372 1203 1490 1256 quas
1522 1185 1723 1239 carnali
1756 1184 2148 1238 conimixtimie

569 1285 873 1357 perficitur.
907 1294 929 1321 ο
973 1280 1281 1338 Secundum
1324 1280 1484 1333 etiam
1528 1278 1825 1332 membrum
1871 1274 2149 1328 immundi-

570 1382 693 1435 tiam
749 1378 1103 1443 nuncupavit.
1158 1389 1275 1443 quae
1330 1387 1730 1437 nonnumquam
1781 1370 1985 1435 τιιιειμιο
2039 1367 2147 1421 ullo

568 1471 814 1527 mulieris
861 1479 1002 1522 tactu
1054 1466 1136 1519 vel
1180 1465 1600 1526 dormientibus,
1649 1463 1733 1515 vel
1776 1460 2145 1530 vigilantibus,

569 1578 668 1633 per
712 1565 971 1616 incuriam
1022 1558 1488 1625 incircuiuspei-tae
1543 1557 1741 1607 mentis
1794 1554 2042 1619 obrepit,
2096 1560 2151 1605 et

572 1656 694 1711 ideo
738 1665 955 1707 notatur
983 1666 1045 1704 ac
1078 1651 1395 1719 prohibetur
1436 1649 1485 1701 in
1518 1647 1658 1712 lege,
1689 1662 1805 1713 qum
1846 1645 2151 1716 immundos

2242 452 2419 516 brum,
2457 450 2927 521 concupiscentiam
2971 447 3191 513 malam,
3231 461 3352 516 quae
3398 459 3503 499 non
3548 445 3736 500 solum
3767 446 3835 501 ad

2250 545 2559 613 pra'dictam
2594 540 2941 609 impudicitize
2972 554 3037 609 pa
3069 540 3299 602 sionem,
3337 552 3528 592 verum
3555 542 3734 592 etiam
3765 542 3826 593 ad

2243 649 2431 689 omnes
2458 634 2653 688 noxias
2684 632 3010 703 cupiditates
3034 630 3361 701 generaliter
3389 630 3584 686 referri
3621 641 3831 698 potest,

2244 743 2363 797 qua:
2422 734 2694 796 corrupta!
2758 726 3135 779 tantummodo
3186 724 3481 795 voluptatis
3528 722 3728 798 [Lips.
3784 726 3831 777 in

2245 838 2406 892 marg.
2444 816 2778 891 voluntatis]
2810 826 2894 871 est
2933 817 3217 887 mgritudo.
3250 816 3325 871 De
3354 832 3457 887 qua
3490 816 3755 872 Dominus
3783 820 3827 871 in

2246 911 2538 979 Evaitgelio
2567 928 2578 961 :
2612 909 2711 974 Qui
2740 909 2924 962 viderit
2967 910 3231 963 mulierem
3260 909 3329 961 ad
3364 910 3828 976 concupiscendum

2247 1018 2379 1065 eam,
2402 1004 2518 1072 jam
2545 999 2825 1053 mmcliatus
2852 1011 2922 1053 est
2948 1016 3059 1054 eam
3099 999 3153 1053 in
3194 1001 3351 1053 corde
3378 1015 3471 1052 suo
3503 998 3729 1067 (Matth.
3759 1002 3825 1071 ν).

2249 1093 2418 1147 Multo
2449 1094 2590 1145 enini
2621 1092 2792 1160 majus
2819 1107 2898 1146 cst
2928 1090 3088 1146 etiam
3122 1100 3247 1145 tunc
3271 1089 3468 1145 mentis
3497 1090 3721 1145 lubrica:
3743 1092 3830 1147 de-

2249 1185 2507 1238 siderium
2541 1184 2845 1247 Continere,
2876 1200 2997 1236 cum
3039 1184 3086 1237 ei
3120 1184 3427 1237 illecebrom
3471 1196 3729 1251 aspectus
3756 1184 3829 1239 ol-

2250 1272 2423 1327 fertur
2451 1272 2683 1326 iii-casio.
2725 1275 2929 1339 Quibus
2959 1274 3402 1328 maiiilestissime
3444 1276 3830 1342 comprobatur

2251 1362 2317 1417 ad
2346 1364 2733 1432 perfectionem
2766 1364 3038 1434 puritatis.
3067 1364 3441 1421 castimoniam
3486 1368 3831 1426 continentia

2251 1456 2550 1521 carporalis
2577 1456 2745 1508 solani
2780 1473 2880 1509 non
2916 1472 3078 1526 posse
3123 1456 3397 1519 sufﬁcere.
3451 1459 3553 1512 nisi
3580 1461 3631 1514 ei
3674 1462 3832 1516 etiam

2254 1562 2375 1601 men
2405 1548 2450 1601 is
2485 1550 2715 1601 addatur
2747 1548 3045 1618 integritas.
3080 1550 3203 1602 Post
3251 1567 3366 1619 qum
3395 1552 3576 1605 omnia
3618 1562 3645 1601 ς
3671 1555 3833 1607 novis-

2254 1640 2450 1693 sioiuni
2491 1639 2632 1692 illius
2679 1655 2926 1707 corporis
2965 1640 3293 1704 membrum,
3338 1652 3384 1695 et
3424 1645 3720 1709 avaritiam,
3760 1647 3834 1700 ine

573 1762 815 1817 quosque
865 1760 970 1795 non
1017 1747 1187 1795 solum
1245 1754 1519 1793 sacrarum
1560 1738 1803 1792 carnium
1857 1736 2149 1805 particip.i-
2184 1732 2228 1791 B
2254 1732 2384 1799 quit,
2422 1733 2777 1800 proculdubio
2802 1733 3094 1787 ostendens
3134 1748 3240 1787 non
3284 1734 3460 1788 solum
3490 1738 3563 1788 ab
3594 1737 3824 1806 appetitu

578 1841 723 1894 tione
758 1837 1007 1905 privavit,
1054 1849 1239 1887 verum
1266 1832 1428 1886 etiam
1462 1847 1527 1884 ne
1552 1841 1807 1883 contactu
1837 1846 1936 1884 suo
1967 1839 2151 1885 sancta

575 1932 902 2003 polluerent,
964 1944 991 1982 a
1045 1939 1344 1980 caStrorum
1392 1925 1555 1991 jussit
1597 1924 2017 1993 congregatione
2064 1936 2153 1977 se-

573 2022 745 2086 cerni,
772 2020 954 2075 dicetis
988 2035 1001 2072 :
1031 2015 1056 2054 ἀ
1076 2019 1262 2071 Anima
1286 2031 1612 2085 quwcumquc
1649 2016 1923 2068 comederit
1946 2016 2009 2067 de
2043 2030 2156 2067 car-

574 2114 723 2168 nibus
751 2110 993 2174 sacriﬁcii
1024 2108 1273 2162 salutaris
1296 2107 1459 2175 (quod
1489 2114 1560 2159 est
1603 2103 1831 2174 Domini)
1865 2106 1917 2158 in
1954 2120 2054 2173 qua
2084 2113 2157 2157 est

575 2203 927 2268 immunditia,
961 2200 1142 2272 peribit
1172 2215 1346 2252 coram
1380 2197 1642 2261 Domino;
1688 2203 1734 2251 'et
1762 2195 2013 2265 quidquid
2045 2196 2159 2248 teti-

575 2296 706 2368 gerit
732 2292 1048 2355 immundus,
1081 2292 1396 2342 immundum
1429 2289 1524 2342 erit
1555 2287 1738 2356 (Leuit.
1769 2286 1886 2356 vn).
1923 2287 1977 2340 lu
2020 2286 2161 2340 Deu-

579 2384 881 2441 ternnomio
911 2399 1127 2452 quoque
1169 2402 1181 2435 :
1215 2381 1276 2438 Si
1302 2383 1480 2449 luerit,
1516 2381 1709 2451 inquit.
1740 2382 1873 2434 inter
1898 2398 1983 2434 vos
2008 2380 2159 2435 homo

576 2479 665 2549 qui
697 2487 947 2533 nocturno
978 2475 1203 2548 pollutus
1232 2486 1303 2527 est
1339 2475 1562 2539 somnio,
1595 2476 1878 2545 egredietur
1905 2486 2047 2526 extra
2076 2490 2161 2525 ca-

576 2576 711 2639 stra,
753 2583 799 2624 et
825 2587 924 2625 non
961 2576 1239 2622 rerertetur
1273 2568 1563 2636 priusquam
1592 2568 1661 2619 ad
1684 2583 1941 2636 vesperam
1968 2569 2163 2619 lavetur

578 2678 734 2730 aqua,
796 2669 843 2714 et
895 2670 1009 2728 past
1064 2658 1187 2711 solis
1241 2673 1475 2710 occasum
1523 2660 1840 2728 rcgredietur
1886 2658 1940 2711 in
1990 2668 2161 2712 castra

582 2751 819 2824 (Deum.
852 2756 1028 2814 unt).
1066 2748 1270 2802 Βροὶιιιιιι
1298 2758 1321 2785 θ
1346 2749 1561 2801 tertium
1608 2748 1812 2817 peccati
1859 2753 2159 2803 membrum

580 2845 843 2899 libidinem
868 2851 1037 2912 ponit,
1054 2858 1172 2911 qua:
1195 2840 1247 2894 in
1280 2842 1583 2896 recesssbus
1608 2842 1919 2896 crudescens
1942 2858 2161 2909 animai,

579 2936 879 2992 aecetidcre
935 2937 1207 3004 quippiam
1250 2934 1413 2989 etiam
1455 2934 1577 2989 sine
1618 2935 1865 3000 corporis
1913 2935 2164 3003 passione

582 3037 777 3100 pote~t.
829 3027 1126 3083 Libidinem
1176 3028 1323 3081 enim
1356 3025 1424 3079 ab
1462 3041 1528 3081 eo
1571 3028 1711 3095 quod
1761 3027 1923 3080 libeat
1965 3027 2162 3080 dictam

2257 1838 2436 1877 rerum
2507 1826 2808 1878 alienarum
2867 1825 3103 1877 animum
3168 1825 3601 1894 continendum,
3658 1843 3832 1882 verum

2257 1917 2418 1972 etiam
2474 1920 2693 1987 propria
2748 1920 3164 1987 magnanimiter
3231 1920 3653 1973 contemnenda.
3728 1920 3834 1975 Hoc

2257 2009 2402 2063 euini
2441 2020 2495 2063 ct
2533 2009 2585 2063 iii
2618 2010 2841 2064 Actibus
2869 2010 3236 2078 apostolorum
3273 2008 3470 2064 iecisse
3500 2010 3689 2081 legitur
3716 2026 3831 2065 cre-

2260 2105 2501 2159 dentium
2528 2106 2831 2167 multitudo,
2862 2104 2930 2158 de
2964 2120 3067 2172 qua
3101 2103 3337 2158 dicitur:
3367 2102 3715 2158 Multitudinis
3740 2121 3835 2156 au-

2261 2208 2361 2251 tem
2402 2198 2718 2250 credentium
2766 2207 2873 2249 erat
2913 2212 3001 2249 cor
3041 2212 3224 2257 unum,
3266 2206 3315 2250 et
3357 2198 3534 2248 animo
3580 2213 3703 2262 una,
3750 2213 3837 2250 nec

2260 2291 2529 2359 quisquam
2558 2306 2736 2343 eorum
2774 2304 2887 2359 qua:
2930 2287 3245 2357 possidebat,
3293 2288 3497 2359 aliquid
3543 2304 3698 2343 suum
3738 2304 3838 2341 esse

2262 2383 2482 2447 dicebat,
2534 2383 2624 2435 sed
2654 2391 2800 2435 erant
2842 2381 2948 2434 illis
2986 2381 3159 2434 omnia
3194 2381 3487 2434 communia
3514 2380 3715 2447 (Actor.
3742 2384 3837 2447 tv).

2262 2474 2533 2541 Quotqum
2564 2473 2708 2527 enim
2754 2487 3101 2542 po~sessorcs
3140 2486 3389 2541 agrorum
3425 2481 3513 2524 aut
3553 2472 3839 2524 domorum

2264 2577 2441 2628 erant,
2476 2566 2771 2619 vi-iidcutes
2811 2564 3109 2619 all'eiebant
3142 2562 3301 2632 pretia
3334 2576 3517 2615 eorum
3550 2576 3672 2628 qua:
3705 2576 3839 2613 vcn-

2264 2659 2484 2722 deltaot,
2516 2670 2563 2713 et
2598 2658 2865 2726 ponebant
2902 2666 3026 2710 autc
3056 2656 3221 2725 pedes
3261 2653 3642 2723 apostolorum.
3687 2651 3839 2705 Divi-

2265 2747 2496 2803 dcbatur
2536 2759 2715 2801 autem
2747 2746 2976 2817 singulis
3015 2755 3177 2815 prout
3210 2745 3403 2813 cuique
3430 2756 3566 2809 Opus
3594 2752 3732 2796 erat.
3779 2741 3844 2795 Et

2268 2858 2333 2895 ne
2351 2842 2413 2893 ad
2443 2855 2642 2908 paucas
2678 2841 2951 2909 pertinere
2978 2840 3251 2894 videretur
3274 2840 3375 2893 ista
3409 2825 3693 2907 perfectio.
3720 2851 3843 2901 ara-

2268 2934 2445 2987 ritiam
2496 2934 2909 2986 simulacrorum
2960 2932 3273 2986 servitutem
3306 2946 3431 2985 esse
3472 2938 3705 2984 testatus
3744 2938 3841 2990 cst.

2268 3025 2377 3081 Nec
2420 3027 2689 3080 immerito
2716 3041 2730 3081 :
2760 3026 3003 3095 quisquis
3032 3024 3175 3080 enim
3205 3040 3311 3079 non
3353 3023 3724 3078 communicat
3757 3039 3843 3075 ne.-

580 3138 703 3180 esse
746 3138 851 3178 non
881 3120 1104 3176 dubium
1153 3129 1257 3176 est.
1289 3120 1412 3174 Post
1444 3122 1557 3174 huic
1601 3120 1668 3174 de
1701 3121 1994 3188 majoribus
2038 3136 2161 3189 pec-
2190 3112 2235 3174 C
2269 3119 2619 3175 cessantibus
2649 3132 2965 3189 egenorum,
2995 3127 3049 3173 et
3088 3119 3339 3188 pecunias
3381 3131 3497 3173 sua:
3536 3132 3699 3186 quam
3734 3112 3844 3169 inﬁ-

1642 3272 1893 3328 ALARDI
1935 3272 2163 3329 GAZ/El
2203 3273 2763 3331 COMMENTARIUS.

655 3394 769 3449 ‘D.
815 3386 1143 3460 Augustinus
1189 3387 1281 3442 lib.
1316 3403 1365 3441 XI
1414 3385 1488 3460 de
1521 3386 1681 3441 Civit.
1737 3387 1850 3460 Dei,
1901 3388 2159 3460 rationem

582 3466 814 3523 reddens
846 3458 943 3517 t-tir
974 3460 1259 3527 Apostolus
1299 3458 1579 3512 awritiam
1613 3458 1855 3510 nominet
1897 3458 2161 3511 idolottnn

584 3551 672 3590 ant
721 3536 1129 3589 simulacrorum
1177 3533 1486 3584 servitutem
1529 3530 1832 3590 :I’ervcrsi,
1882 3529 2071 3597 inquit,
2115 3540 2162 3581 et

582 3609 723 3661 avari
764 3607 811 3677 fr
836 3606 869 3658 ei
902 3606 1077 3657 volunt
1122 3617 1349 3677 nummo.
1390 3602 1462 3653 uti
1505 3616 1705 3677 _attlettt_
1739 3597 1845 3653 lico
1870 3614 1889 3654 .°
1915 3602 2163 3677 quoniam

584 3696 688 3732 non
723 3670 985 3731 nummum
1031 3684 1243 3743 promer
1288 3671 1448 3724 Deum
1499 3674 1822 3735 impendunt,
1866 3671 1953 3723 sed
1998 3670 2163 3743 Deum

583 3765 788 3821 propter
819 3742 1085 3799 nummum
1112 3744 1306 3797 colunt.
1348 3743 1479 3810 Quia
1523 3744 1799 3805 ninnium,
1838 3745 1959 3794 licet
1998 3742 2160 3821 Deum

584 3815 877 3890 agnoscant
901 3830 952 3871 et
982 3831 1335 3890 ιὀγυιηιιιιιιιιι·
1384 3828 1653 3890 ωιιιιιιιζιιι
1698 3829 1879 3866 ιϊι·υιιι
1903 3815 2161 3890 Διιιιιιιίιι-ιιι

585 3884 886 3958 ρῖτειιιιειιι.
919 3887 1275 3940 immoderato
1318 3894 1495 3937 tamen
1524 3884 1740 3958 aﬂ'ecut,
1768 3900 1872 3951 quo
1902 3886 1952 3958 in
1990 3884 2161 3937 Sordi-

584 3954 681 4015 btts
729 3959 969 4032 pecuniie
1019 3959 1404 4032 inluni-scunt,
1449 3971 1571 4009 eum
1615 3957 1856 4032 ultimum
1902 3954 2060 4032 fincin
2111 3964 2164 4006 ct

586 4025 855 4086 summum
884 4031 1106 4091 bonum,
1136 4043 1195 4081 re
1223 4038 1269 4078 et
1298 4027 1457 4089 lac.o,
1491 4042 1687 4091 negare
1708 4027 1982 4077 videntur.
2005 4025 2163 4077 Plura

586 4102 639 4156 in
674 4110 810 4156 lianc
843 4102 1169 4155 senti-titiam
1198 4096 1323 4148 alibi
1359 4110 1591 4161 require.

654 4171 682 4211 ³
728 4173 779 4224 Id
810 4181 921 4233 est,
954 4171 1179 4233 primum
1210 4166 1509 4219 membrum
1538 4163 1780 4233 corporis
1820 4166 2025 4233 peccati
2069 4182 2165 4235 po-

584 4244 690 4297 suit
735 4240 1166 4296 l'ornicatioiieni,
1224 4254 1331 4302 quo
1388 4236 1603 4288 illicitos
1650 4243 2006 4298 concubitus,
2069 4254 2162 4291 seu

584 4313 896 4365 commixtio
916 4308 1144 4361 iuarisct
1167 4307 1379 4359 femina:
1404 4308 1487 4357 liic
1510 4304 1860 4374 signiﬁcatur,
1888 4314 1944 4358 ut
1964 4309 2167 4362 Auctor

584 4383 803 4436 indicat.

661 4462 684 4490 ο
751 4447 1148 4503 Immundiziam
1165 4446 1568 4518 interpretatur
1592 4447 1794 4518 Aucfor
1812 4462 2025 4502 onmem
2052 4450 2168 4518 pol-

585 4522 863 4583 lutionem,
898 4521 1017 4573 siie
1040 4517 1263 4572 siniiinis
1286 4518 1507 4575 ﬂuxum.
1536 4519 1694 4571 etiam
1722 4517 2162 4585 im‘oittttlaritttlt,

586 4605 636 4645 nt
669 4596 757 4659 qui
776 4592 1168 4642 dormientibus
1196 4598 1479 4657 ciuitngtt,
1508 4599 1567 4641 ut
1595 4601 1732 4655 patet
1760 4604 1827 4643 ex
1858 4592 2025 4657 ipsius
2048 4607 2167 4646 ver-

589 4664 669 4716 bis
707 4678 756 4717 et
792 4664 1114 4713 lﬂslimtlltils
1153 4662 1221 4713 ab
1261 4677 1327 4712 eo
1362 4660 1655 4727 producti»
1713 4661 1937 4729 Proprie
1986 4671 2163 4717 tamen

586 4735 654 4787 de
698 4734 992 4801 pollutione
1023 4730 1325 4784 voluntaria
1361 4732 1712 4800 intelligitur,
1758 4749 1877 4800 qua:
1904 4744 1957 4787 et
1990 4736 2162 4788 IIlUili‘

586 4807 684 4857 tics
712 4804 779 4857 ab
809 4815 841 4854 Α
855 4803 1062 4870 pastillo
1092 4813 1448 4868 tiuucopatnr.

655 4873 682 4912 ἀ
722 4874 863 4927 Ciiat
896 4888 1081 4926 rnr~us
1112 4872 1253 4927 liuuc
1285 4875 1500 4935 locum,
1532 4880 1585 4927 et
1612 4873 1801 4927 iisdem
1827 4874 2027 4938 verbis,
2056 4877 2166 4931 col-

586 4945 789 5000 lationi-
812 4946 881 4998 22
903 4958 1023 5009 cap.
1048 4944 1099 4997 5.
1131 4941 1602 5015 Putat_Ciacoi.iiis
1634 4946 1730 5013 legi
1752 4948 1947 4997 udum:
1980 4944 2045 4999 In
2068 4964 2165 5015 quo

583 5016 1039 5080 estimmumlitia,
1075 5026 1129 5067 ut
1172 5014 1240 5066 ab
1284 5013 1553 5067 hominem
1604 5028 1778 5083 potius
1804 5054 1818 5077 ,
1876 5032 2035 5077 not-ni
2066 5013 2166 5071 sub

587 5091 801 5141 nomine
857 5102 1052 5139 anima:
1106 5084 1276 5137 Voluit
1325 5086 1586 5148 intelligi,
1640 5101 1796 5140 unam
1834 5092 1897 5136 ad
1927 5090 2161 5139 animam

583 5158 871 5234 referatur.
924 5155 1056 5210 Nam
1085 5155 1273 5209 Graece
1316 5160 1511 5234 εξινιεςιὶ
1558 5158 1843 5234 ἀκαθαρσία
1872 5160 2027 5213 αὐτοῦ
2073 5159 2161 5234 Δἐπ’

586 5231 727 5302 αὐτῷ
774 5231 1024 5302 (Denter.
1077 5242 1144 5279 ιιι
1196 5241 1297 5302 sec.
1342 5224 1641 5302 LXX)._id
1666 5224 1778 5282 ca't.
1812 5230 2159 5302 ιιιιιιιιιιιύιιιίι

588 5297 753 5363 ipsius
783 5297 943 5368 Super
973 5297 1443 5364 ἱβριιιιι.Αιιιιιυιιε
1472 5297 2161 5368 legiturapudCyprrmum

588 5370 783 5438 (Serm.
814 5372 877 5420 de
905 5367 1109 5438 Lapsis)
1149 5379 1200 5438 et
1232 5370 1386 5438 alios.
1424 5372 1489 5419 At
1514 5382 1692 5421 νει-διο
1719 5367 1939 5438 Vulgata
1973 5372 2161 5438 paulu-

589 5436 696 5492 iuni
730 5443 941 5491 diwrsa
960 5436 992 5500 ,7
1011 5452 1061 5490 ιιι
1090 5437 1223 5491 alias
1252 5436 1623 5491 Indicavimus.

659 5521 681 5546 ε
728 5509 1026 5563 Libidinem
1063 5508 1362 5577 iltletilgt‘rc
1390 5509 1600 5562 Videtur
1633 5518 1841 5576 turpem
1868 5522 1915 5564 el
1951 5510 2160 5565 obscm-

585 5595 707 5633 nain
736 5581 1140 5649 cogtatioueni,
1169 5594 1263 5632 seu
1285 5580 1692 5633 delectationem
1719 5582 1770 5632 iu
1794 5581 1974 5633 animo
1993 5590 2160 5633 laten-

586 5660 726 5714 tem,
761 5667 864 5703 iion
912 5651 1057 5703 foras
1088 5650 1459 5716 prodeuntem.
1520 5652 1774 5705 Erasmus
1805 5666 1934 5707 vero
1981 5651 2157 5704 molli-

584 5720 750 5785 tiem,
797 5719 885 5774 alii
936 5721 1177 5775 morbum
1228 5723 1651 5787 transtulerunt,
1704 5722 1847 5776 illam
1904 5722 2154 5778 videlicet

2195 4704 2245 4764 Ι)

2265 3388 2461 3443 Pellam
2499 3390 2908 3443 oliscmnitatem
2954 3403 3072 3457 quae
3100 3383 3289 3443 Graece
3342 3387 3501 3449 παθὸς
3551 3387 3779 3450 διετίαν.
3817 3403 3844 3442 s

2264 3478 2364 3527 qua
2404 3461 2526 3526 pzitli
2550 3462 2595 3512 ci
2627 3462 2790 3517 dicti.
2840 3460 3127 3527 quiturpia
3166 3458 3523 3524 patiebantur.
3559 3458 3624 3512 D.
3669 3462 3842 3528 Augu-

2262 3542 2438 3585 stinus
2472 3533 2562 3583 lib.
2595 3546 2679 3583 xlv
2701 3531 2768 3584 de
2795 3531 2954 3585 ϐἰιλιι.
2991 3530 3085 3583 Dei
3115 3545 3235 3597 cap.
3282 3529 3385 3593 16,
3438 3544 3535 3598 pro
3561 3530 3704 3581 omni
3727 3540 3845 3584 actu

2264 3613 2357 3654 aut
2382 3604 2655 3659 voluntate
2679 3618 2904 3655 venerea
2927 3602 3116 3668 accipit
3144 3620 3154 3652 :
3179 3599 3305 3654 Cum
3332 3601 3434 3652 sint
3453 3642 3468 3658 .
3500 3599 3691 3665 inquit,
3714 3603 3841 3653 mul-

2266 3682 2433 3724 tarum
2464 3674 2698 3725 libidines
2725 3688 2928 3730 rerum.
2961 3680 3131 3724 tamen
3156 3689 3271 3725 cum
3300 3672 3461 3723 libido
3490 3670 3683 3723 dicitur
3711 3712 3725 3733 ,
3758 3687 3847 3723 nec

2265 3747 2412 3807 cuius
2435 3746 2498 3796 sit
2530 3745 2688 3796 libido
2719 3743 2933 3795 additur
2957 3784 2972 3807 ,
3001 3759 3102 3795 non
3134 3747 3240 3810 [ere
3265 3743 3452 3795 assolet
3481 3743 3655 3794 animo
3675 3757 3849 3794 occur-

2266 3831 2408 3870 rere.
2442 3815 2542 3867 nisi
2571 3813 2661 3867 illa
2687 3832 2784 3880 qua
2814 3814 3059 3867 obsctenm
3084 3824 3249 3879 partes
3279 3812 3511 3882 corporis
3542 3817 3845 3866 excitantur.

2267 3883 2397 3937 Hice
2417 3897 2581 3937 autem
2604 3885 2697 3938 sibi
2722 3927 2735 3949 ,
2768 3901 2867 3936 non
2895 3886 3061 3936 solum
3090 3896 3249 3937 totum
3281 3899 3468 3952 corpus
3492 3923 3506 3941 .
3551 3898 3643 3934 nec
3682 3886 3849 3935 solum

2267 3958 2579 4009 extrinsecus
2608 3998 2622 4018 ,
2651 3972 2823 4009 verum
2850 3962 2999 4008 etiam
3019 3956 3327 4007 intrinsecus
3355 3956 3581 4006 vindicat
3608 3994 3622 4015 ,
3664 3963 3851 4006 totum-

2266 4042 2363 4094 que
2411 4036 2682 4079 commovet
2731 4028 3028 4088 hominem,
3078 4028 3239 4078 animi
3291 4022 3451 4077 simul
3496 4025 3681 4089 a/fccm
3734 4040 3851 4077 cum

2267 4099 2435 4150 carnis
2461 4102 2689 4166 appetitu
2721 4097 2995 4162 conjuncta
3036 4107 3184 4160 atque
3221 4098 3472 4163 permixto
3497 4138 3512 4161 ,
3535 4105 3589 4166 ul
3618 4112 3675 4147 ea
3704 4097 3850 4147 colu-

2268 4179 2383 4235 ptas
2433 4164 2690 4236 seqitatur,
2725 4185 2826 4236 qua
2878 4171 3050 4233 maior
3114 4169 3168 4219 in
3218 4167 3453 4233 corporis
3508 4164 3848 4236 voluptatibus

2268 4240 2412 4293 nulla
2469 4251 2538 4291 est
2592 4280 2606 4304 ,
2672 4250 2723 4289 ut
2772 4252 3022 4291 momento
3070 4238 3182 4308 ipso
3207 4240 3452 4297 temporis
3501 4253 3604 4305 quo
3643 4236 3707 4287 ad
3734 4239 3847 4308 ejus

2270 4310 2560 4375 pervenitur
2618 4321 2951 4370 extremum,
3024 4325 3149 4377 pene
3201 4309 3363 4361 omnis
3417 4310 3552 4360 acies
3604 4315 3652 4359 et
3702 4308 3847 4375 quasi

2269 4380 2446 4451 vigilia
2492 4383 2816 4451 cogitationis
2865 4382 3134 4433 obruatur.

2345 4450 2361 4488 ί
2409 4448 2567 4503 ιιιειιιί
2593 4452 2801 4503 scilicet
2844 4466 2963 4520 quae
2996 4466 3259 4511 exiiresso
3291 4448 3535 4515 Decalogi
3573 4455 3850 4514 praccipio

2269 4523 2583 4590 prohibetur
2606 4564 2618 4579 .
2658 4522 2707 4574 id
2757 4533 2868 4583 est,
2920 4522 3411 4588 coiicupiscentiani
3441 4520 3515 4573 rei
3544 4533 3787 4570 venerea
3820 4558 3843 4583 ,

2269 4594 2355 4646 vel
2386 4592 2875 4657 cmicupiscciitiani
2924 4595 3107 4645 uxoris
3136 4594 3347 4645 alii-nte.

2342 4674 2367 4710 ις
2408 4663 2698 4716 Avaritiam
2734 4669 3156 4729 interpretatur.
3198 4674 3253 4715 nt
3302 4662 3391 4716 alii
3449 4660 3557 4715 fere
3612 4674 3848 4726 omnes,

2275 4734 2570 4787 secuiidmn
2606 4736 2879 4801 vulgarem
2911 4736 3056 4788 vocis
3082 4734 3473 4802 acceptionem.
3501 4732 3847 4800 pecuniarum

2274 4820 2366 4859 seti
2399 4805 2703 4856 divitiarum
2735 4805 3105 4872 cupiditatem.
3138 4807 3199 4858 At
3238 4804 3299 4861 Ι).
3336 4804 3694 4870 Hieronymus
3715 4804 3848 4855 serio

2275 4874 2406 4929 beris
2438 4877 2489 4927 in
2519 4890 2636 4942 cap.
2666 4891 2693 4925 ν
2724 4876 2979 4943 Epistula:
3030 4877 3097 4927 ad
3148 4875 3409 4942 Ephesios
3432 4915 3447 4938 ,
3489 4874 3578 4925 tibi
3615 4874 3843 4927 dicitur:

2274 4943 2573 4998 Fornicatio
2624 4956 2669 4998 et
2722 4948 2885 4999 omnis
2935 4946 3298 5008 immunditia,
3338 4953 3430 4997 aut
3460 4944 3714 5002 avaritia.
3764 4957 3851 4996 nec

2273 5018 2563 5069 nominetur
2592 5018 2642 5068 in
2683 5017 2851 5080 vobis,
2883 5018 3161 5069 contendit
3190 5016 3492 5073 avaritiam.
3520 5029 3643 5083 qua:
3669 5013 3853 5067 Graece

2272 5088 2527 5151 πλεονεξία
2574 5088 2795 5150 dicitur,
2847 5102 2950 5139 non
3000 5086 3204 5140 debere
3247 5087 3417 5141 accipi
3473 5100 3571 5153 pro
3612 5086 3854 5151 pecunia

2271 5162 2471 5219 Sltttlltt,
2502 5170 2557 5209 ut
2579 5160 2733 5227 vulgo
2760 5158 3038 5225 accipitur,
3066 5156 3160 5209 sed
3184 5171 3281 5223 pro
3305 5156 3596 5209 insatiabili
3623 5155 3851 5223 quadam

2269 5228 2561 5296 cupiditate
2587 5238 2819 5294 turpium
2847 5232 3209 5295 voluptatum:
3234 5230 3363 5291 Quae
3386 5228 3522 5279 enim
3545 5239 3858 5296 consequen-

2270 5295 2375 5361 tia,
2407 5300 2573 5366 inquit
2594 5341 2605 5356 .
2641 5312 2692 5351 ut
2721 5302 2854 5351 inter
2878 5298 3266 5369 fornicationem
3286 5339 3300 5361 ,
3336 5306 3383 5348 et
3428 5295 3813 5369 immunditiam
3839 5334 3856 5359 ,

2270 5382 2316 5421 et
2345 5365 2751 5432 turpitudinem,
2793 5380 2837 5421 et
2878 5365 3290 5433 stultiloquium,
3346 5376 3395 5418 et
3446 5365 3855 5427 scurrilitatem,

2269 5442 2492 5491 mediam
2547 5443 2819 5492 avaritiam
2874 5437 3284 5492 extraordinarie
3317 5440 3550 5505 posuerit
3599 5436 3619 5506 (
3664 5438 3715 5488 id
3750 5446 3854 5499 est,

2267 5514 2502 5579 peccatis
2546 5512 2767 5563 luxuria:
2801 5510 3175 5579 annumerarit
3201 5511 3258 5579 )7?
3289 5508 3445 5574 Quod
3477 5518 3857 5579 argumentum

2265 5574 2495 5648 probare
2524 5581 2735 5635 videtur
2764 5582 2953 5634 eodem
3000 5578 3159 5631 modo
3202 5574 3412 5648 debere
3459 5574 3635 5648 accipi
3666 5576 3765 5631 illo
3792 5574 3859 5629 ad

2262 5647 2615 5707 Colosseuscs
2646 5652 2797 5717 loco,
2841 5654 2932 5719 qui
2965 5651 3049 5703 liic
3074 5647 3391 5716 explicatur.

3744 5820 3767 5830 ο
