4054 6186
212 284 320 345 875

212 494 329 565 nit,
378 494 700 550 idololatrias
741 492 946 547 crimen
996 488 1256 554 incurrit,
1305 502 1546 542 amorem
1592 485 1803 541 scilicet

214 588 456 644 materiae
489 584 782 642 mundialis
809 583 1007 639 divinae
1034 579 1332 649 praeferens
1359 579 1630 634 charitati.

818 739 1050 798 CAPUT
1084 739 1176 794 111.

322 879 402 935 De
428 878 829 948 mortificatione
868 874 1230 947 fornicationis
1257 881 1305 927 et
1334 871 1695 926 immunditiee.

287 1019 345 1075 Si
393 1032 525 1088 ergo
576 1023 777 1071 multos
825 1022 901 1068 ita
960 1026 1059 1082 pro
1111 1010 1331 1065 Christo
1388 1023 1514 1063 suas
1570 1008 1805 1064 vidimus

214 1110 481 1180 abiecisse
511 1119 538 1147 ι
569 1106 917 1171 substantias,
950 1112 1008 1157 ut
1046 1118 1153 1158 non
1195 1102 1369 1156 solum
1404 1101 1801 1170 possessionem

213 1204 565 1273 pecuniarum
589 1242 603 1267 ,
635 1216 826 1255 verum
856 1198 1021 1253 etiam
1074 1195 1407 1252 desiderium
1454 1195 1523 1249 de
1548 1194 1805 1250 cordibus

211 1311 403 1352 eorum
435 1297 487 1350 in
518 1301 840 1365 perpetuum
889 1292 1185 1363 probemus
1233 1290 1537 1345 abscissum
1561 1335 1575 1359 ,
1609 1305 1803 1346 conse-

210 1405 382 1460 quens
405 1397 489 1444 est
508 1397 569 1443 ut
587 1388 615 1425 δ
646 1387 839 1443 eodem
864 1385 1028 1441 modo
1056 1385 1220 1440 etiam
1246 1384 1626 1439 fornicationis
1646 1384 1806 1441 ardo-

212 1496 328 1537 rem
368 1480 642 1551 exstingui
691 1494 857 1549 posse
904 1478 1215 1534 credamus.
1275 1478 1461 1549 Neque
1514 1479 1655 1533 enim
1686 1495 1803 1535 rem

211 1572 604 1641 impossibilem
636 1570 934 1641 Apostolus
962 1586 1084 1626 cum
1114 1571 1360 1639 possibili
1391 1570 1764 1641 conjunxisset
1786 1613 1803 1637 ,

209 1664 308 1719 sed
338 1672 571 1733 utraque
616 1663 793 1718 sciens
817 1677 941 1718 esse
967 1663 1248 1731 possibilia
1269 1705 1284 1730 ,
1317 1664 1439 1733 pari
1468 1663 1629 1719 modo
1654 1679 1803 1720 mor-

212 1755 465 1811 tificanda
495 1755 743 1810 decrevit
789 1755 1010 1824 (Coloss.
1044 1756 1143 1826 ιιι).
1181 1756 1249 1811 Ει
1274 1757 1330 1810 in
1373 1765 1579 1812 tantum
1615 1758 1804 1815 beatus

208 1846 506 1915 Apostolus
557 1846 1021 1913 fornicationem,
1078 1847 1194 1903 sive
1252 1849 1683 1918 immunditiam,
1737 1852 1804 1908 de

210 1942 419 1996 nostris
450 1940 714 1996 membris
766 1941 1063 2011 exstirpari
1112 1955 1272 2011 posse
1308 1942 1558 2007 confidit,
1592 1954 1650 1998 ut
1697 1960 1803 1999 non

209 2034 390 2089 solum
428 2034 743 2089 mortificart
774 2050 873 2102 ea,
928 2034 1024 2089 sed
1055 2050 1122 2089 ne
1167 2036 1432 2089 nominari
1476 2036 1693 2107 quidem
1748 2039 1802 2092 in

210 2126 368 2181 nobis
394 2126 594 2182 debere
628 2126 944 2196 pronuntiet
970 2144 985 2180 :
1016 2124 1317 2180 Fornicatio
1342 2168 1357 2191 ,
1416 2128 1697 2197 inquiens,
1754 2139 1802 2185 et

208 2219 379 2273 omnis
408 2219 736 2271 immunditia
758 2228 847 2270 aut
873 2219 1093 2271 avaritia
1118 2235 1209 2272 nec
1233 2220 1524 2274 nominetur
1548 2222 1602 2275 in
1621 2224 1760 2277 vobis
1784 2263 1799 2289 ,

206 2319 300 2363 aut
328 2309 617 2378 turpitudo,
650 2319 740 2362 aut
768 2308 1175 2379 stultiloquium,
1200 2320 1292 2363 aut
1333 2313 1623 2367 scurrilitas
1644 2355 1659 2380 ,
1689 2331 1801 2385 qua:

207 2400 281 2454 ad
310 2416 421 2453 rem
444 2416 546 2454 non
562 2400 780 2470 pertinet
804 2399 1020 2468 (Ephes.
1053 2399 1133 2471 v).
1156 2399 1287 2467 Quae
1314 2402 1478 2456 etiam
1498 2405 1614 2473 pari
1641 2406 1801 2459 modo

209 2490 519 2560 perniciosa
544 2504 667 2545 esse
687 2530 701 2553 ,
727 2491 985 2559 etaequali
1009 2505 1109 2546 nos
1133 2506 1159 2545 a
1185 2507 1353 2562 regno
1370 2493 1463 2549 Dei
1487 2495 1803 2552 exclusione

209 2581 508 2649 depellere,
538 2580 758 2646 edocet,
789 2581 978 2636 dicens
1012 2600 1025 2636 :
1061 2582 1209 2635 Illud
1239 2593 1412 2637 autem
1433 2587 1643 2653 scitote,
1672 2604 1802 2658 quo-

210 2677 352 2731 niam
394 2677 562 2730 omnis
606 2676 923 2745 fornicator,
961 2684 1050 2729 aut
1101 2677 1428 2744 immundus,
1462 2690 1551 2733 aut
1576 2697 1800 2747 avarus,

212 2769 356 2839 quod
395 2778 468 2821 est
505 2766 762 2821 idolorum
809 2768 1056 2835 servitus,
1093 2784 1195 2821 non
1246 2769 1394 2824 habet
1447 2772 1803 2827 hwreditatem

210 2861 270 2914 in
307 2876 464 2930 regno
503 2857 695 2914 Christi
724 2869 769 2911 et
799 2858 894 2912 Dei
923 2858 1157 2930 ;(lbid.).
1219 2861 1283 2914 Et
1331 2862 1566 2918 iterum:
1628 2865 1805 2919 Nolite

210 2972 421 3020 errare;
449 2970 609 3023 neque
630 2953 896 3020 fornicarii
919 2993 932 3017 ,
954 2968 1116 3022 neque
1138 2953 1294 3007 idolis
1316 2957 1589 3012 servientes
1606 3000 1619 3021 ,
1648 2975 1803 3028 neque

208 3045 479 3107 adulteri,
537 3060 696 3114 neque
736 3042 950 3111 molles,
982 3060 1141 3114 neque
1180 3048 1528 3101 masculorum
1557 3049 1803 3103 concubi-

1255 277 1598 336 COLLATIO
1637 272 1755 333 ΧεΙΙ.
1787 308 1855 321 -
1884 272 1972 333 DE
2010 276 2416 335 CASTITATE.

212 400 319 459 deli
362 402 655 458 tenacitate
693 404 985 455 conservat
1023 394 1226 449 Christi
1259 402 1530 464 praacepta
1577 402 1799 463 postpo—'
1824 396 1878 456 Α

3383 290 3494 354 87ι

2525 394 2751 453 CAPUT
2782 398 2867 458 IV.

1981 485 2134 551 Quod
2162 484 2233 538 ad
2276 486 2606 563 obtinendam
2648 492 2963 563 castimoniae
3013 499 3286 563 puritatem
3315 517 3420 557 non

2223 557 2409 628 sufficit
2443 556 2661 612 humani
2699 561 2891 618 laboris
2931 556 3163 625 intentio.
3191 600 3195 607 ~

1975 671 2167 726 Certos
2197 680 2377 726 tamen
2416 686 2539 727 esse
2584 688 2685 728 nos
2710 677 2995 743 convenit,
3022 681 3187 750 quod,
3216 682 3347 739 licet
3376 701 3491 741 om-

1906 775 2029 816 nem
2067 762 2416 817 continentiae
2463 763 2890 832 districtionem,
2946 768 3141 823 famem
3176 774 3384 829 scilicet
3426 792 3492 833 ac

1904 853 2080 918 sitim,
2115 854 2324 922 vigilias
2365 869 2584 924 quoque
2633 866 2687 911 et
2736 858 2918 927 operis
2964 859 3283 929 jugitatem,
3333 873 3494 934 atque

1906 944 2235 1001 incessabile
2268 947 2558 1003 subeamus
2584 948 2826 1004 studium
2858 951 3105 1007 lectionis
3126 995 3140 1016 ,
3172 966 3492 1026 perpetuam

1907 1046 2086 1092 tamen
2113 1039 2452 1094 castimoniae
2489 1040 2780 1109 puritatem
2809 1042 3002 1097 horum
3028 1045 3275 1101 laborum
3299 1052 3497 1105 merito

1907 1128 2220 1198 contingere
2244 1145 2593 1199 nequeamus,
2619 1132 2720 1186 nisi
2746 1133 2799 1187 in
2827 1134 2908 1189 his
2935 1136 3139 1206 jugiter
3167 1138 3496 1199 desudantes

1907 1220 2259 1289 esperientiae
2288 1222 2604 1291 magisterio
2650 1224 2941 1280 doceamur
2966 1226 2993 1263 ιι
3026 1229 3491 1300 incorruptionem

1908 1312 2027 1381 ejus
2064 1312 2262 1366 divina:
2314 1314 2501 1383 gratia:
2557 1316 2803 1385 largitate
2849 1320 3095 1375 concedi.
3122 1322 3205 1375 Ob
3237 1323 3338 1378 hoc
3365 1340 3497 1379 sane

1908 1405 2251 1460 solummodo
2300 1422 2359 1461 se
2414 1410 2788 1479 unusquisque
2837 1411 3247 1481 infatigabiliter
3293 1417 3344 1470 in
3411 1418 3496 1471 his

1907 1498 2185 1551 exercitiis
2205 1498 2502 1566 perdurare
2527 1500 2724 1555 debere
2741 1514 3054 1571 cognoscat,
3081 1514 3141 1558 ut
3160 1522 3254 1574 per
3279 1507 3494 1563 illorum

1905 1585 2250 1641 aﬂlictiouem
2300 1589 2729 1643 miscricordiam
2784 1591 2995 1647 Domini
3037 1606 3366 1652 consecutus
3425 1600 3494 1654 de

1907 1680 2310 1749 impugnatione
2343 1682 2526 1736 carnis
2563 1698 2628 1737 ac
2652 1683 3019 1739 dominatione
3080 1693 3493 1759 praepotentium

1834 1785 1881 1844 B
1908 1771 2160 1825 vitiorum
2182 1770 2365 1825 divino
2388 1782 2663 1826 mereatur
2684 1789 2909 1830 munere
2931 1776 3148 1832 liberari
3169 1820 3183 1845 ,
3218 1796 3324 1836 non
3349 1786 3494 1852 quod

1908 1863 2230 1932 adepturum
2268 1879 2327 1917 se
2376 1879 2473 1931 per
2513 1864 2599 1917 illa
2652 1866 2887 1921 confidat
2934 1868 3091 1923 istam
3140 1886 3299 1939 quam
3349 1876 3498 1944 cupit

1907 1952 2220 2007 inviolatam
2249 1954 2500 2021 corporis
2544 1955 2874 2010 castitatem.
2922 1957 3099 2013 Tanto
3136 1971 3316 2016 autem
3366 1979 3494 2034 erga

1906 2043 2319 2113 acquisitionem
2373 2045 2714 2099 castimonia:
2770 2048 3043 2103 desiderio
3097 2061 3260 2122 atque
3308 2070 3497 2112 amore

1914 2137 2329 2202 imllammetur,
2360 2146 2561 2205 quanto
2589 2138 2709 2207 quis
2736 2142 3088 2206 pecuniarum
3114 2146 3496 2213 cupidissimus

1905 2229 2196 2298 appetitor,
2220 2229 2302 2284 vel
2326 2229 2421 2298 qui
2448 2244 2658 2283 summa
2689 2229 2950 2285 honorum
2975 2234 3269 2290 ambitione
3289 2238 3497 2292 disten-

1906 2320 2090 2383 ditur,
2126 2320 2214 2374 vel
2241 2319 2688 2389 quiiutolerabili
2732 2321 2971 2389 pulchra:
3011 2324 3259 2380 mulieris
3308 2342 3495 2386 amore

1907 2421 2149 2481 raptatur
2172 2454 2186 2478 ,
2221 2411 2551 2466 desiderium
2583 2426 2741 2466 suum
2792 2413 3267 2483 itnpatientissitno
3292 2420 3491 2478 ardore

1906 2514 2056 2573 Optat
2076 2506 2283 2574 expleri
2310 2522 2326 2570 ;
2360 2514 2416 2560 et
2438 2506 2506 2560 ita
2543 2506 2633 2561 fiet
2660 2516 2721 2561 ut
2742 2508 2867 2562 dum
2898 2524 2997 2577 pro
3024 2512 3349 2581 integritatis
3370 2531 3495 2586 per-

1906 2598 2167 2665 petuitate
2198 2598 2492 2652 insatiabili
2522 2600 2816 2666 cupiditate
2845 2602 3249 2671 succendimur,
3277 2606 3495 2665 deside-

1906 2690 2091 2745 rabilis
2116 2690 2443 2759 despiciatur
2470 2690 2644 2754 cibus,
2679 2695 3022 2749 necessarius
3051 2694 3270 2750 horreat
3293 2708 3453 2768 potus
3476 2745 3493 2769 ,

1904 2796 2124 2836 somnus
2155 2782 2389 2849 denique
2418 2780 2531 2849 ipse
2556 2792 2764 2836 naturae
2794 2782 3008 2837 debitus
3040 2796 3365 2855 respuatur,
3405 2793 3493 2846 vel

1905 2882 2055 2926 certe
2110 2882 2166 2925 ut
2218 2872 2475 2940 deceptor
2525 2871 3055 2929 fraudulentissimus
3113 2879 3391 2948 puritatis,
3441 2893 3497 2938 et

1906 2962 2137 3016 aemulus
2176 2970 2339 3030 atque
2380 2964 2689 3017 contrarius
2737 2965 3002 3029 castitati,
3056 2970 3280 3023 attonita
3334 2982 3499 3042 atque

1905 3061 2154 3122 suspecta
2180 3062 2360 3108 mente
2383 3054 2628 3121 capiatur
2645 3095 2660 3119 ,
2687 3064 2742 3109 et
2764 3054 2838 3109 ita
2864 3058 3229 3127 unusquisque
3252 3064 3498 3129 quotidie

211 3152 348 3196 tores
368 3183 384 3204 ,
417 3155 576 3210 neque
622 3140 790 3210 fures,
824 3155 983 3206 neque
1014 3140 1179 3205 avari,
1211 3156 1373 3210 neque
1399 3143 1613 3207 ebriosi,
1644 3160 1806 3215 neque
1833 3156 1878 3219 ρ
1910 3144 2233 3213 integritatis
2261 3160 2374 3198 suae
2408 3146 2704 3199 matutinus
2735 3147 3052 3215 explorator
3104 3150 3332 3208 effectus
3356 3194 3371 3217 ,
3431 3157 3499 3212 do

213 3232 494 3297 maledici,
523 3248 686 3302 neque
733 3246 948 3298 rapaces
978 3246 1191 3300 regnum
1230 3231 1331 3286 Dei
1372 3233 1701 3303 possidebunt
1739 3236 1802 3307 (l

214 3325 341 3380 Cor.
363 3311 478 3395 v1):
494 3322 723 3377 Dubium
752 3321 983 3391 proinde
1023 3336 1146 3377 esse
1190 3338 1297 3376 non
1328 3324 1528 3391 debet,
1560 3326 1797 3382 fornica-

216 3415 385 3471 tionis
423 3423 476 3469 et
522 3412 877 3467 immunditiis:
929 3412 997 3467 de
1050 3412 1309 3468 membris
1343 3418 1547 3470 nostris
1596 3418 1803 3474 aboleri

216 3521 383 3577 posse
409 3504 746 3573 contagium,
771 3503 1206 3573 quandoquidem
1238 3521 1346 3560 non
1374 3506 1535 3561 aliter
1554 3522 1614 3562 ea
1639 3524 1800 3578 quam

216 3599 500 3654 avaritiam
523 3640 538 3665 ,
574 3595 998 3665 stultiloquium,
1048 3597 1406 3653 scurrilitates
1425 3640 1439 3664 ,
1466 3598 1759 3656 ebrietates
1784 3643 1799 3668 ,

218 3706 286 3745 ac
312 3691 453 3744 furta
481 3730 495 3754 ,
525 3702 753 3759 quorum
785 3686 958 3742 facilis
987 3688 1283 3757 amputatio
1315 3698 1436 3755 est,
1468 3690 1804 3746 mandaverit

223 3798 247 3826 ε
280 3784 662 3841 abscindenda.

1908 3235 2103 3290 collata
2133 3236 2234 3289 sibi
2266 3238 2500 3305 puritate
2520 3237 2875 3305 congaudeat,
2909 3255 3138 3310 eamque
3166 3258 3225 3298 se
3256 3260 3364 3301 non
3396 3263 3498 3305 suo

1907 3327 2088 3382 studio
2119 3342 2219 3383 nec
2248 3326 2548 3397 vigilantia,
2579 3329 2672 3383 sed
2703 3332 3036 3396 protectione
3060 3333 3273 3391 Domini
3296 3341 3499 3395 sentiat

1909 3426 2295 3484 consecutum;
2346 3433 2409 3473 ac
2456 3419 2658 3473 tamdiu
2692 3421 2837 3475 illius
2881 3428 3334 3491 perseverantiam
3394 3445 3497 3487 suo

1907 3512 2121 3580 corpori
2147 3510 2414 3579 intelligat
2435 3511 2779 3565 cohazsuram
2804 3514 3057 3581 quamdiu
3088 3530 3207 3569 eam
3237 3518 3498 3577 Dominus

1906 3617 2004 3656 sua
2027 3601 2188 3656 fuerit
2208 3601 2557 3656 miseratione
2584 3602 2829 3669 largitus.
2858 3603 2959 3669 Qui
2991 3607 3133 3658 enim
3158 3605 3297 3662 hanc
3326 3611 3496 3665 stabi-

1906 3692 2028 3746 liter
2055 3692 2269 3746 obtinet
2300 3690 2495 3755 fidem,
2528 3706 2863 3760 nequaquam
2921 3694 3216 3761 superbum
3272 3699 3489 3768 sapiens

1910 3785 1977 3838 de
2002 3799 2101 3839 sua
2138 3785 2335 3837 virtute
2366 3784 2637 3849 confidet,
2703 3794 2725 3819 °
2774 3800 2947 3854 neque
3003 3785 3259 3841 seductus
3315 3790 3495 3864 longis

1274 3894 1529 3952 ALARDI
1567 3896 1798 3953 GAZ/EI
1832 3896 2397 3953 COMMENTARIUS.

291 4004 315 4031 ³
356 3994 429 4049 lta
475 3993 670 4063 passim
701 3992 1033 4047 substantias
1072 4007 1170 4061 pro
1208 3989 1552 4045 facultatibus
1590 3990 1797 4054 sumit,

215 4076 278 4122 ut
305 4066 430 4120 alibi
460 4066 785 4119 notavimus.

289 4135 315 4174 δ
359 4136 598 4204 Explicat
620 4136 745 4203 quid
766 4136 834 4189 sit
856 4134 1186 4189 mortificare
1207 4132 1649 4204 membranostra
1678 4148 1799 4201 quae

214 4214 346 4263 sunt
366 4202 528 4274 super
543 4202 765 4261 terram.
788 4206 902 4261 Non
917 4208 1057 4261 enim
1078 4205 1141 4259 ad
1166 4204 1267 4258 hoc
1288 4202 1489 4259 sufficit
1515 4202 1585 4255 ab
1612 4202 1800 4274 hujus—

215 4276 367 4332 modi
396 4276 538 4329 vitiis
566 4290 728 4346 supra
753 4276 1081 4332 enumeratis
1105 4274 1475 4330 tantummodo
1496 4273 1796 4337 abstinere,

218 4357 314 4403 aut
335 4362 395 4401 ea
421 4360 524 4400 non
548 4347 774 4416 amplius
798 4359 1138 4418 perpetrare;
1162 4362 1351 4401 verum
1374 4354 1589 4418 oportet
1613 4360 1802 4418 exsur-

1903 3989 2169 4071 diaterim)_
2195 3992 2372 4071 pennis
2417 3993 2504 4071 ad
2538 3999 2641 4044 tam
2685 3992 3005 4071 praecisum
3038 3995 3330 4071 calesteque
3354 4016 3494 4071 prae-

1904 4062 2060 4113 mium
2090 4060 2370 4134 subvolare,
2407 4063 2504 4134 nisi
2532 4078 2645 4115 eum
2665 4060 2832 4134 gratia
2854 4060 3060 4118 Domini
3086 4067 3148 4118 de
3177 4060 3325 4122 terra:
3352 4060 3494 4127 cano

1902 4148 2109 4259 i5nu‘nere
2127 4133 2389 4273 )castitatis
2433 4133 2674 4187 eduxerit
2705 4133 2864 4205 (Vide
2911 4136 3063 4203 plura
3092 4136 3161 4189 ad
3178 4137 3266 4192 lib.
3298 4156 3348 4195 νι
3374 4159 3491 4214 cap.

1953 4218 1980 4255 e
2015 4220 2119 4273 seq.
2156 4244 2167 4256 .

1978 4221 2240 4342 iamiam,
2297 4274 2414 4343 plus
2444 4289 2599 4343 aequo
2641 4274 2741 4330 sibi
2771 4276 3142 4344 applaudens,
3186 4282 3271 4335 vel
3325 4283 3378 4336 in
3432 4300 3494 4343 se

1901 4346 2175 4416 gestiens,
2212 4344 2353 4415 quod
2408 4347 2574 4400 multo
2616 4355 2861 4415 tempore
2894 4348 3128 4416 pollutus
3161 4365 3265 4405 non
3309 4352 3494 4416 fuerit.

217 4428 409 4543 ﬁentes
451 4415 646 4472 eorum
692 4415 867 4473 motus
897 4415 961 4473 ac
1010 4418 1305 4479 desideria,
1358 4416 1506 4470 velut
1549 4416 1800 4484 parvulos
1826 4450 1880 4509 Β
1905 4415 2052 4469 Hanc
2074 4417 2393 4470 sententiam
2435 4416 2718 4471 confirmat
2748 4415 2984 4474 Joannes
3010 4420 3277 4475 Climacus
3323 4415 3493 4493 gradu

268 4490 509 4543 abvlonis
529 4531 545 4543 .
576 4489 692 4543 ipso
724 4490 903 4542 statim
933 4488 989 4542 in
1020 4488 1207 4541 limine
1242 4486 1478 4543 elidere.
1521 4498 1682 4543 atque
1731 4486 1795 4540 ad
1910 4488 1969 4543 l.
2000 4486 2087 4539 ubi
2111 4487 2175 4540 de
2196 4488 2497 4543 pollutione
2529 4487 2751 4543 eiusque
2773 4489 2949 4543 causis
2971 4504 3173 4543 aeens:
3209 4489 3274 4543 In
3298 4495 3360 4543 iis
3377 4499 3493 4543 ani-

268 4490 509 4561 abylonis
529 4531 545 4561 ,
576 4489 692 4556 ipso
716 4490 903 4561 statim
933 4488 989 4542 in
1020 4488 1207 4561 limine
1242 4486 1478 4552 elidere,
1521 4498 1682 4555 atque
1731 4486 1795 4540 ad

220 4557 427 4631 petram
445 4602 461 4626 ,
490 4560 542 4613 id
570 4569 679 4631 est,
703 4559 997 4631 Christum,
1028 4557 1251 4631 allidere
1275 4572 1289 4621 ;
1322 4570 1617 4631 eorumque
1641 4570 1801 4631 occa—

220 4625 405 4686 siones
435 4644 623 4683 omnes
651 4628 930 4683 declinare
956 4648 967 4680 :
994 4642 1099 4697 qua
1123 4628 1193 4681 de
1224 4642 1283 4680 re
1302 4626 1437 4697 alias
1458 4625 1656 4697 saepius
1691 4627 1801 4694 egi-

220 4716 366 4757 mus.
390 4698 510 4752 Non
528 4700 669 4751 enim
689 4698 948 4765 perfecte,
965 4695 1287 4764 etquantum
1303 4695 1471 4763 exigit
1490 4695 1799 4765 Apostolus,

220 4768 612 4826 mortificaums
661 4770 903 4822 membra
946 4769 1185 4838 peccati,
1242 4767 1415 4838 sinon
1445 4767 1585 4838 ipsa
1638 4768 1800 4821 etiam

221 4852 607 4911 peccatorum,
644 4836 1309 4911 prasertim‘carnalium,
1338 4836 1637 4911 desideria,
1684 4838 1804 4891 licet

222 4908 612 4977 involuutaria,
660 4920 915 4980 quantum
944 4911 996 4964 in
1025 4908 1180 4963 nobis
1199 4918 1318 4980 est,
1349 4910 1773 4980 exstinguamus.

298 4994 318 5019 ε
364 4982 416 5036 Id
449 4992 570 5047 est,
603 4978 1006 5041 mortificamla.
1042 4978 1463 5047 comprimenda.

294 5051 318 5089 ιι
361 5053 475 5106 Hoc
501 5068 646 5121 saepe
675 5065 730 5108 et
773 5052 935 5106 variis
968 5054 1020 5105 in
1056 5050 1184 5103 locis
1210 5048 1462 5121 inculcat_
1490 5047 1799 5121 Cassianus,

221 5125 520 5192 prazsertim
572 5118 667 5179 lib.
709 5141 758 5178 vn
804 5122 1206 5177 [institutionum
1261 5135 1381 5187 cap.
1562 5118 1801 5186 Revera,

220 5191 420 5264 inquit,
450 5212 563 5248 cum
594 5196 647 5249 in
670 5195 901 5247 omnibus
929 5194 1170 5264 virtutum
1207 5191 1548 5264 profectibus,
1583 5200 1641 5264 et
1672 5206 1804 5242 cun-

219 5262 417 5321 ctuﬁrum
444 5266 823 5335 impugnatione
849 5266 1084 5317 vitiorum
1126 5262 1333 5335 Domini
1363 5263 1428 5315 sit
1446 5262 1806 5335 gratia_atque

217 5339 431 5391 victoria
449 5377 462 5400 ,
487 5332 538 5389 in
563 5332 659 5389 hoc
683 5336 936 5405 praecipue
990 5335 1241 5402 peculiare
1295 5334 1592 5400 beneﬁcium
1622 5332 1713 5405 Dei
1742 5347 1804 5385 ac

217 5408 442 5478 speciale
463 5404 689 5478 donum,
718 5415 764 5458 et
793 5404 1007 5459 Patrum
1041 5405 1313 5478 sententia,
1356 5414 1413 5478 Aet
1459 5404 1803 5478 experimento

218 5475 543 5547 purgationis
572 5477 758 5547 ipsius
807 5477 1210 5546 manifestissime
1253 5476 1547 5529 declaratur
1592 5475 1670 5547 Itis
1716 5475 1803 5547 qui

215 5545 334 5604 eam
360 5546 635 5600 meruerint
663 5547 940 5614 possidere.
977 5547 1363 5613 Quodammodo
1388 5547 1523 5599 enim
1560 5546 1699 5598 exire
1742 5545 1805 5597 de

212 5635 374 5673 carne
394 5627 465 5670 est
490 5618 544 5669 in
572 5633 785 5688 corpore
828 5627 1255 5680 commorantem,
1300 5626 1347 5669 et
1387 5618 1521 5669 ultra
1566 5624 1805 5668 naturam

214 5700 292 5772 est
323 5688 498 5772 fragili
528 5705 679 5772 lca-me
706 5689 1073 5772 pircumdaium
1112 5689 1282 5772 carnis
1305 5688 1513 5766 aculeos
1549 5702 1657 5772 non
1688 5701 1805 5764 sen-

219 5755 333 5818 tire.
370 5755 436 5813 Et
485 5759 678 5812 idcirco
704 5759 1015 5829 impossibile
1060 5769 1133 5810 cst
1181 5758 1431 5811 hominem
1478 5758 1585 5810 suis
1614 5756 1704 5825 (ut
1733 5755 1804 5806 ita

577 5852 847 5913 ΡΑτιιοι..
898 5847 1118 5910 XLIX.

1910 4488 1969 4566 1.,
2000 4486 2175 4566 ubide
2196 4488 2497 4566 pollutione
2526 4487 2751 4566 ejusque
2773 4489 2949 4543 causis
2971 4504 3137 4566 agens
3162 4509 3173 4544 :
3209 4489 3274 4545 In
3298 4486 3360 4548 ii}
3377 4499 3498 4566 qui-

1906 4556 2021 4634 dem
2042 4557 2293 4634 ,_inquit_.,
2324 4559 2411 4634 qui
2436 4558 2589 4634 rudes
2610 4558 2905 4634 imbuuntur
2924 4602 2939 4624 ,
2973 4556 3147 4629 lapsus
3168 4556 3399 4634 corporis
3433 4586 3500 4624 ea:

1904 4626 2100 4680 deliciis
2122 4626 2341 4683 maxime
2366 4627 2479 4695 ﬁeri
2503 4629 2628 4682 solet
2654 4645 2670 4691 ,'
2698 4629 2750 4681 in
2772 4626 3109 4685 mediocribus
3128 4626 3413 4691 vero'etiam
3431 4656 3498 4694 ea:

1905 4697 2126 4751 elatione
2147 4699 2332 4774 animi.
2364 4696 2531 4751 Porro
2562 4700 2615 4751 in
2636 4700 2714 4774 his
2737 4700 2830 4774 qui
2842 4703 3139 4772 perfectioni
3162 4707 3498 4774 proximiores

1906 4778 2051 4843 sunt,
2103 4769 2401 4843 plerumth
2426 4785 2487 4822 ex
2511 4769 2944 4843 condemnatione'
2974 4769 3362 4843 contemptuque
3404 4797 3504 4834 su-

1907 4838 2059 4916 perbo
2085 4839 2322 4908 proximi.
2350 4838 2637 4916 _Et_rursus_
2658 4840 2793 4916 infra
2824 4861 2835 4893 :
2864 4842 2997 4916 Sunt
3019 4838 3257 4900 nonnulli
3275 4838 3364 4916 qui
3383 4850 3503 4905 sola

1906 4909 2133 4962 cibomm
2161 4926 2313 4962 causa
2341 4909 2637 4980 hujusmodi
2668 4912 2800 4965 bella
2828 4914 3098 4967 adversum
3142 4932 3236 4969 nos
3280 4909 3500 4974 excitari

1905 4988 2053 5047 atque
2106 4981 2308 5034 obsceni
2358 4980 2585 5036 humoris
2638 4985 2944 5057 pro/luvium
2984 4985 3098 5052 fieri
3130 4996 3314 5052 putant
3342 4998 3499 5057 atque

1905 5061 2192 5124 asseverant
2217 5069 2234 5116 ;
2265 5068 2356 5121 ego
2381 5062 2555 5105 autem
2585 5064 2810 5106 extrema
2852 5055 3095 5122 fatigatos
3143 5055 3449 5124 (egritudine
3478 5102 3495 5124 ,

1905 5130 1952 5198 et
1974 5122 2041 5198 ad
2059 5138 2312 5198 summum
2331 5124 2627 5198 jejunantes
2646 5166 2664 5198 ,_
2692 5125 2857 5198 valide
2883 5122 3203 5198 hujusmodi'
3224 5122 3499 5198 aspergine

1904 5190 2087 5265 foedari
2127 5190 2357 5263 cognovi.
2383 5190 2729 5265 'lnterrogavi
2760 5190 3038 5265 aliquando
3081 5190 3498 5265 peraptissititttm

1902 5263 2176 5334 quemdam
2193 5305 2205 5325 ,
2238 5265 2559 5318 discretionis
2581 5263 2747 5334 gratia
2777 5263 3012 5317 ornatum
3038 5263 3343 5319 monachum
3370 5271 3498 5334 quid

1904 5333 1967 5384 de
1995 5334 2058 5387 iis
2083 5336 2404 5388 sentiendum
2432 5345 2560 5389 esset
2572 5333 2593 5398 ,ί
2623 5336 2843 5403 mihique
2866 5335 3146 5387 admodum
3177 5336 3348 5391 lucide
3371 5333 3497 5394 bea-

1904 5413 1983 5477 tus
2006 5404 2091 5457 ille
2118 5408 2377 5474 respondit
2408 5422 2426 5458 :
2460 5406 2574 5471 Est,
2607 5406 2789 5473 inquit,
2821 5404 3026 5477 quidem
3058 5407 3109 5456 in
3131 5408 3320 5461 somnis
3353 5427 3496 5477 qua:—

1905 5475 2023 5526 dam
2065 5478 2273 5529 seminis
2316 5478 2517 5528 emissio
2538 5516 2553 5541 ,
2585 5490 2700 5543 qua:
2727 5490 2789 5527 ea:
2819 5474 3046 5543 ciborum
3080 5474 3402 5533 multitudine
3447 5492 3499 5536 et

1904 5546 2073 5615 requie
2103 5556 2174 5598 est
2192 5590 2205 5613 ,
2238 5556 2285 5599 et
2310 5544 2418 5595 alia
2449 5542 2651 5615 quaeea;
2678 5542 2915 5612 superbia
2938 5544 3222 5615 contingit;
3250 5565 3367 5602 cum
3394 5554 3497 5605 sci-

1905 5613 2019 5668 licet
2052 5616 2243 5668 diutius
2274 5615 2450 5665 mundi
2497 5631 2529 5665 a
2551 5613 2684 5680 ftrda
2724 5615 2819 5665 hac
2845 5613 3157 5681 respersionc
3208 5622 3495 5681 perstiteri-

1908 5701 2049 5749 mus,
2094 5693 2140 5737 et
2170 5700 2258 5754 per
2288 5684 2382 5735 hoc
2424 5686 2477 5735 in
2513 5683 2804 5750 superbiam
2852 5684 3131 5752 efferimur.
3183 5683 3271 5743 Fit
3315 5707 3494 5748 rursus

1909 5754 2203 5823 plerumque
2231 5769 2345 5806 cum
2372 5754 2664 5825 jndicumus
2693 5766 2842 5829 atque
2896 5757 3293 5817 condctnnatntts
3320 5765 3512 5835 proxix

2941 5845 3021 5907 28

3487 5940 3511 5953 θ
