4048 6198
205 249 313 306 87⁸1

830 359 1054 418 CAPUT
1107 358 1194 414 VI.

291 456 449 534 Quod
480 456 732 529 patientia
762 455 996 510 ardorem
1026 452 1382 524 fornicationis
1413 451 1729 520 exstinguat.

303 549 582 618 Quantum
603 546 746 606 enim
769 547 886 616 quis
908 547 960 602 in
988 543 1206 602 leuitate
1235 558 1298 598 ac
1320 543 1578 612 patientia
1599 541 1802 608 cordis,

217 648 439 696 tantum
497 627 552 694 in
611 638 848 710 corporis
897 638 1128 706 puritate
1173 635 1448 706 proﬁciet;
1498 640 1808 703 quantoque

215 713 440 804 longius
474 730 764 785 iracundiae
789 728 1091 798 propulerit
1117 728 1456 796 passionem..
1475 735 1623 782 tanto
1647 723 1811 782 easd-

218 831 396 877 tatem
430 821 676 877 tenacius
705 803 988 878 obtinebit.
1025 818 1146 873 Non
1175 817 1320 876 enim
1359 825 1522 872 a-stus
1565 816 1813 890 corporis

217 914 545 980 declinabit,
578 915 681 968 nisi
719 914 804 983 qui
851 913 1016 966 animi
1045 923 1225 966 motus
1253 921 1378 965 ante
1406 910 1810 980 compresserit.

221 1008 381 1075 Quod
404 1007 747 1079 apertissime
774 1006 1073 1063 Salvatoris
1095 1007 1266 1060 nostri
1289 1020 1384 1061 ore
1406 1004 1618 1059 laudata
1641 1004 1814 1058 beati-

221 1101 358 1156 tudo
414 1101 696 1156 deelarat:
725 1097 886 1152 Beati
923 1100 1105 1166 mites,
1145 1098 1390 1169 quoniam
1431 1098 1540 1165 ipsi
1585 1095 1817 1166 posside-

227 1192 358 1246 bunt
386 1201 414 1229 ι
440 1200 625 1245 terram
654 1189 877 1262 (Matth.
920 1190 1027 1261 Ix).
1060 1191 1174 1244 Non
1207 1205 1336 1260 ergo
1377 1188 1534 1242 aliter
1577 1195 1816 1241 nostram

223 1283 625 1354 possidebimus
649 1289 871 1347 terram,
905 1281 958 1335 id
983 1289 1087 1343 est,
1117 1295 1225 1335 non
1253 1280 1384 1333 alias
1407 1277 1601 1334 ditioni
1623 1288 1818 1336 nosu'te

225 1375 445 1430 rebellis
476 1373 635 1444 hujus
675 1375 928 1444 corporis
974 1384 1118 1428 terra
1146 1372 1430 1440 subdetur,
1465 1372 1492 1410 ι)
1534 1373 1636 1428 nisi
1668 1389 1819 1430 mens

225 1477 409 1524 nostra
459 1469 611 1539 prius
653 1468 814 1522 fuerit
854 1468 1131 1539 patientiae
1159 1466 1386 1521 lenitate
1431 1466 1679 1532 fundata;
1721 1481 1821 1522 nec

225 1563 426 1632 poterit
451 1561 571 1632 quis
606 1557 873 1615 adversus
911 1573 1136 1613 carnem
1164 1573 1313 1612 suam
1345 1557 1674 1630 insurgentia
1705 1559 1822 1613 libi-

225 1653 368 1707 dinis
395 1651 541 1708 bella
576 1650 969 1721 comprimere,
1005 1651 1106 1704 nisi
1140 1650 1288 1720 prius
1319 1652 1485 1706 armis
1509 1661 1821 1706 mansuetu-

227 1735 374 1798 dinis
402 1745 708 1798 instruatur
739 1759 752 1795 :
783 1740 1052 1796 Mansucli
1081 1743 1211 1796 enim
1251 1743 1585 1813 possidebunt
1615 1756 1821 1812 (errant,

231 1846 284 1890 et
311 1835 672 1890 inhabitabant
717 1837 772 1889 in
803 1835 1050 1889 saxulum
1095 1836 1271 1888 δαῖσαιὶ
1307 1853 1458 1907 super
1485 1853 1615 1890 eam.
1650 1838 1819 1906 Hanc,

237 1928 484 1997 inquam,
533 1935 732 1981 terram
767 1925 1219 1995 quemadmodum
1252 1925 1498 1982 obtinere
1530 1929 1820 1997 possimus,

236 2020 381 2074 idem
417 2017 689 2088 Propheta
713 2017 766 2072 in
796 2018 1247 2087 consequentibus
1276 2019 1467 2087 psalmi
1494 2019 1665 2088 ipsius
1694 2021 1826 2075 edo-

234 2124 324 2169 cet
357 2132 368 2166 :
403 2111 661 2185 Exspecta
694 2110 968 2166 Dominum
990 2119 1038 2165 et
1058 2113 1261 2167 custodi
1284 2114 1418 2166 riam
1439 2117 1576 2185 ejus,
1606 2125 1655 2168 et
1684 2118 1826 2170 exal-

239 2207 366 2261 tabit
399 2216 478 2269 te,
511 2215 564 2258 ut
599 2205 899 2260 Iuereditate
929 2205 1106 2275 capias
1148 2214 1332 2259 terram
1367 2205 1548 2276 (Psal.
1593 2208 1822 2280 xxxw).

247 2297 478 2355 Constat
519 2314 648 2369 ergo
676 2299 739 2353 ad
773 2299 1172 2369 possessionem
1218 2309 1376 2354 terrae
1415 2299 1569 2354 istius
1602 2303 1829 2358 lirmiter

242 2390 622 2458 obtinendam,
656 2391 929 2445 neminem
960 2405 1120 2460 posse
1148 2392 1536 2460 conscendere,
1570 2394 1674 2448 nisi
1707 2395 1829 2456 illos

244 2492 452 2540 tantum
484 2486 573 2553 qui
617 2499 714 2555 per
738 2484 1071 2538 immobilem
1104 2485 1380 2556 patientia:
1411 2486 1685 2542 lenitatem
1713 2488 1830 2544 vias

246 2577 460 2632 Domini
518 2573 681 2630 dur'as
736 2591 802 2632 ac
855 2585 1119 2645 praecepta
1181 2586 1502 2644 servantes,
1554 2578 1620 2633 de
1677 2593 1832 2636 emno

244 2670 539 2723 carnalium
591 2669 944 2737 passionum,
989 2668 1316 2724 extrahente
1365 2670 1584 2738 eodem,
1632 2670 1835 2728 fuerint

245 2761 485 2816 exaltali.
535 2758 795 2814 Mansueti
844 2777 965 2831 ergo
1015 2761 1341 2830 possidebunt
1387 2772 1592 2828 terram,
1634 2772 1688 2819 et
1727 2779 1832 2820 non

256 2854 433 2906 solum
487 2853 835 2922 possidebunt
888 2868 1027 2918 eam,
1074 2853 1170 2908 sed
1227 2854 1388 2908 etiam
1443 2856 1837 2918 delectabantur

251 2945 302 2998 in
328 2944 656 2998 multitudine
677 2935 822 3014 pacis
847 2942 1059 3016 (Ibid.),
1090 2961 1191 3014 qua
1219 2960 1398 3010 nemo,
1424 2946 1478 3004 in
1501 2947 1654 3015 cujus
1677 2963 1839 3005 carne

249 3036 434 3091 adhuc
481 3035 623 3090 bella
670 3036 1130 3108 concupiscentia:
1182 3039 1532 3106 suscitantur,
1573 3023 1840 3098 stabiliter

249 3131 584 3200 perfruetur.
619 3115 854 3185 Necesse
900 3139 983 3183 est
1012 3132 1158 3186 enim
1193 3130 1434 3186 infestari
1464 3148 1584 3188 eum
1617 3133 1840 3192 durissi-
1864 3099 1910 3165 C

253 3224 358 3278 mis
383 3223 685 3278 daemonum
707 3223 930 3292 praeliis;
959 3233 1010 3278 et
1036 3223 1218 3294 ignitis
1244 3223 1466 3280 luxuria:
1492 3226 1688 3294 jaculis
1715 3245 1839 3292 sau-

253 3316 480 3382 ciatam,
522 3331 553 3369 a
603 3326 766 3370 terra:
812 3329 924 3370 suae
976 3316 1329 3386 possessione
1375 3318 1614 3388 devolvi,
1664 3323 1841 3382 donec

258 3405 520 3463 Dominus
536 3408 738 3478 auferat
758 3407 891 3463 bella
913 3424 1073 3478 usque
1093 3408 1161 3462 ad
1182 3409 1310 3477 fines
1334 3418 1488 3465 terra:
1509 3415 1642 3485 ejus,
1662 3433 1841 3471 arcum

1285 237 1630 302 COLLATIO
1667 237 1980 294 Xll.-—DE
2019 233 2422 296 CASTITAtTE.

1827 356 1880 417 Α
1905 362 2163 417 conterat,
2195 358 2242 406 et
2271 351 2568 421 confringet
2597 365 2763 417 arma,
2808 356 2854 402 et
2895 359 3043 405 scuta
3086 361 3358 416 comburat
3399 368 3506 432 igni

3406 253 3513 308 878

1912 448 2097 519 (Psal.
2120 447 2263 517 ην),
2290 446 2384 500 illo
2408 444 2619 500 scilicet
2639 459 2798 513 quem
2827 444 2976 498 venit
2997 445 3258 506 Dominus
3279 457 3502 514 mittere

1911 553 2074 604 super
2113 546 2334 600 terram,
2378 545 2434 591 et
2473 549 2636 596 arcus
2672 536 2872 600 etiam,
2911 544 2970 592 et
3000 553 3161 604 arma
3193 544 3502 615 confringit:

1911 631 2110 699 quibus
2137 629 2395 686 adversus
2444 644 2566 686 eum
2608 629 2870 698 nequitia:
2906 630 3183 696 Spiritales-
3221 636 3415 692 diebus
3437 654 3501 694 ac

1913 722 2166 779 noetibus
2220 721 2544 776 dimicantes
2596 715 2784 790 ignitis
2835 724 3184 794 conﬁgebant
3233 745 3330 788 con
3383 731 3503 801 ejus

1911 813 2104 882 iaculis
2145 812 2479 880 passionum.
2513 811 2584 868 Et
2610 812 2682 868 ita
2712 829 2834 869 cum
2864 830 2986 876 eum
3012 816 3276 878 Dominus
3307 834 3501 880 conte-

1916 921 2043 960 rens
2068 906 2210 962 bella
2245 905 2314 960 ab
2353 906 2614 962 omnibus.
2637 907 3040 976 incentivorum.
3057 914 3279 969 aestibus
3304 916 3503 972 libera-

1916 1000 2019 1066 rit,
2043 1000 2112 1054 ad
2161 999 2316 1054 illum
2355 1000 2607 1070 puritatis
2640 1002 2922 1069 perveniet
2941 1013 3178 1072 statum;
3211 1018 3300 1074 ut,
3324 1011 3500 1079 depo-

1919 1095 2022 1148 sita
2067 1093 2424 1160 confusione,
2474 1110 2580 1164 qua
2625 1095 3009 1164 semetipsum,
3057 1099 3123 1154 id.
3159 1109 3243 1156 est
3283 1117 3506 1160 carnem

1921 1201 2075 1241 suam
2100 1231 2116 1256 ,
2148 1186 2274 1242 dum
2325 1188 2760 1256 impugnaretur,
2793 1190 3080 1259 horrebat,
3142 1195 3376 1264 incipiet
3415 1213 3502 1268 ea,

1922 1280 2068 1334 velut
2117 1280 2406 1348 purissimo
2461 1279 2812 1335 tabernaculo
2860 1282 3143 1338 delectari.
3199 1286 3321 1342 Non
3371 1291 3507 1343 enim

1924 1371 2164 1424 accedent
2194 1371 2261 1424 ad
2283 1387 2401 1426 eum
2433 1372 2604 1439 mala,
2627 1381 2674 1425 et
2703 1373 2968 1442 flagellum
2996 1393 3099 1430 non
3125 1381 3511 1451 appropinqua-

1925 1462 1994 1515 bit
2024 1463 2354 1517 tabernaculo
2388 1464 2497 1533 ejus
2523 1462 2708 1535 (Psal.
2734 1465 2856 1536 xc);
2886 1466 2953 1522 ad
2987 1467 3117 1522 illud
3144 1470 3353 1526 scilicet
3380 1487 3507 1541 pro-

1927 1554 2198 1622 pheticum
2229 1556 2499 1622 patientiae
2527 1554 2725 1612 virtute
2751 1559 3098 1626 perveniens,
3123 1570 3179 1615 ut
3200 1573 3514 1619 mansuetu-

1927 1646 2074 1700 dinis
2123 1647 2321 1701 merito
2374 1661 2481 1701 non
2537 1648 2699 1701 modo
2749 1663 2899 1703 suam
2953 1649 3236 1708 haereditct
3289 1663 3510 1722 terram,

1854 1737 1904 1796 B
1932 1754 2118 1793 verum
2147 1741 2307 1793 etiam
2359 1739 2637 1794 delectetur
2681 1743 2736 1796 in
2783 1743 3120 1798 multitudine
3162 1748 3306 1817 pacis
3336 1746 3516 1818 (Psal.

1927 1833 2146 1904 κυνί).
2176 1833 2276 1890 Ubi
2302 1843 2486 1890 autem
2519 1833 2692 1888 adhuc
2722 1847 2967 1905 superest
2999 1838 3311 1894 sollicitudo
3341 1853 3517 1897 certa-

1928 1928 2114 1991 minis,
2148 1927 2296 1995 pacis
2325 1942 2444 1982 esse
2492 1942 2599 1980 non
2646 1936 2823 1996 potest
2867 1930 3172 1985 multitudo.
3207 1930 3325 1984 Non
3368 1935 3515 1989 enim

1928 2019 2020 2084 ait,
2056 2019 2479 2074 Delectabuntur
2509 2019 2561 2072 in
2595 2034 2745 2088 pace,
2779 2020 2872 2074 sed
2902 2017 2969 2074 In
3001 2025 3333 2078 multitudine
3351 2028 3516 2095 pacis.

1929 2109 2031 2165 Per
2081 2112 2221 2180 quod
2263 2111 2542 2166 evidenter
2588 2111 2915 2175 ostenditur,
2950 2113 3022 2166 ita
3076 2114 3514 2174 efﬁcacissimam

1929 2204 2260 2258 medicinam
2295 2203 2478 2258 cordis
2522 2218 2643 2258 esse
2675 2203 3009 2271 patientiam,
3054 2209 3353 2260 secundum
3387 2211 3522 2266 illud

1932 2298 2240 2352 Salomonis
2265 2313 2278 2348 :
2309 2308 2330 2334 ε
2359 2296 2663 2350 Mansuetus
2684 2297 2760 2349 vir
2787 2297 2956 2350 cordis
2979 2308 3050 2350 est
3083 2299 3310 2352 medicus
3332 2299 3519 2370 (Prov.

1931 2391 2156 2462 x1v):ut
2187 2405 2292 2446 non
2317 2391 2490 2444 solum
2515 2390 2629 2454 irae,
2653 2389 2909 2456 tristitiae,
2931 2391 3156 2456 acediae,
3183 2393 3518 2466 ceuodoxiao,

1934 2484 2222 2550 superbiae,
2252 2499 2436 2539 verum
2476 2484 2638 2538 etiam
2679 2482 2913 2538 libidinis
2956 2484 3301 2555 omniumque
3323 2486 3525 2553 pariter

1936 2577 2197 2644 exstirpet
2222 2575 2463 2630 fomitem
2497 2575 2774 2630 vitiorum.
2799 2571 2826 2610 ἀ
2857 2573 2923 2628 In
2953 2576 3348 2646 longanimitate
3375 2579 3521 2633 enim

1938 2669 2030 2739 (ut
2079 2668 2153 2722 ait
2183 2668 2438 2724 Salomon
2455 2667 2480 2735 ).
2515 2668 2829 2734 prosperitas
2875 2667 3077 2740 regibus
3125 2667 3316 2740 (Prov.
3353 2670 3520 2740 xxv).

1939 2758 2074 2812 Nam
2118 2759 2209 2828 qui
2252 2759 2398 2812 mitis
2445 2773 2662 2827 semper
2709 2767 2870 2828 atque
2918 2761 3242 2829 tranquillus
3287 2769 3395 2827 est,
3426 2779 3527 2820 nec

1939 2851 2233 2908 iracundiae
2283 2851 2692 2919 perturbatione
2747 2852 3123 2918 succenditur,
3180 2869 3279 2910 nec
3329 2856 3531 2912 acedias

1943 2953 2105 3012 atque
2154 2943 2386 2998 tristitia:
2432 2959 2638 3014 angore
2680 2946 3041 3010 consumitur,
3084 2962 3185 3003 nec
3217 2950 3532 3006 ceiiodoxite

1943 3039 2182 3094 vanitate
2203 3037 2550 3103 distenditur,
2568 3052 2666 3093 nec
2686 3041 2952 3108 superbiae
2975 3049 3183 3098 tumore
3205 3042 3526 3099 sustollitur.

1946 3133 2066 3188 Pax
2095 3133 2236 3188 enim
2270 3133 2436 3186 multa
2465 3131 2796 3201 diligentibus
2843 3151 3022 3190 nomen
3068 3135 3298 3201 Domini,
3333 3146 3382 3190 et
3427 3153 3532 3192 non

1946 3236 2019 3283 est
2052 3226 2160 3281 illis
2186 3223 2493 3282 scandalum
2520 3222 2694 3296 (Psal.
2724 3227 2934 3297 cxvm).
2966 3227 3030 3282 Et
3058 3226 3181 3283 ideo
3209 3243 3314 3281 non
3346 3227 3539 3284 imme-

1946 3323 2052 3378 rito
2097 3321 2474 3392 pronuntiatur
2508 3328 2530 3354 θ
2573 3317 2766 3374 Melior
2809 3323 3007 3390 patiens
3048 3323 3154 3376 viro
3187 3322 3342 3391 forti;
3370 3331 3420 3374 et
3448 3323 3538 3392 qui

1949 3417 2175 3471 continet
2195 3417 2346 3477 iram,
2378 3413 2608 3482 capiente
2630 3413 2805 3466 urbem
2829 3414 3014 3483 (Prov.
3041 3413 3179 3484 xvn).
3207 3413 3355 3468 Hanc
3377 3415 3540 3483 igitur

1329 3587 1586 3644 ALARDI
1624 3589 1853 3648 GAZIEI
1892 3587 2460 3649 COMMENTARIUS.

336 3738 364 3767 ⁸
394 3729 623 3785 Terram
642 3727 832 3783 eodem
852 3725 1014 3780 modo
1040 3725 1426 3794 interpretatur
1451 3725 1512 3779 D.
1540 3726 1844 3781 Bernardus

264 3815 364 3873 pro
404 3815 572 3855 carne
613 3810 797 3873 nostra
821 3797 1018 3868 (Serm.
1048 3798 1165 3873 lin
1197 3799 1329 3873 festo
1361 3797 1589 3848 omnium
1619 3797 1845 3873 Sancto-

265 3867 404 3940 ?um)
429 3888 445 3937 ;
476 3886 636 3940 quam
665 3867 895 3924 dicimm'
917 3869 1216 3938 possidere,
1250 3869 1374 3920 dum
1396 3881 1513 3919 enm
1548 3881 1642 3934 per
1668 3867 1847 3940 conti-

267 3937 466 3998 nentim
495 3937 712 3996 ’d‘onum
758 3941 812 3994 in
846 3937 1023 3993 nostra
1077 3947 1339 4008 potestate
1384 3947 1437 3990 et
1484 3942 1583 3990 sub
1624 3937 1848 3992 rationis

266 4013 502 4082 imperio
545 4014 923 4067 continemus:
957 4009 1146 4082 Hanc,
1185 4010 1287 4074 ait,
1328 4019 1514 4062 terram
1540 4024 1724 4080 corpus
1756 4025 1850 4063 no-

267 4075 435 4156 strum
457 4083 694 4156 intelligo
715 4083 880 4154 :quod
900 4082 949 4156 si
965 4075 1225 4152 possidere
1242 4083 1349 4134 vult
1367 4081 1560 4148 anima,
1574 4082 1617 4133 si
1630 4075 1854 4156 regnare

271 4154 534 4208 desiderat
581 4153 992 4222 super-membra
1038 4169 1150 4213 sua,
1186 4167 1386 4206 necesse
1427 4157 1503 4204 est
1549 4161 1602 4203 ut
1632 4153 1702 4203 sit
1741 4154 1852 4222 ipsa

271 4226 436 4296 mitis,
469 4235 517 4277 et
546 4221 802 4290 superiori
825 4239 920 4278 suo
948 4224 1212 4296 subjecta;
1243 4223 1480 4296 quoniam
1505 4221 1607 4296 tale
1635 4221 1852 4296 inveniet

272 4293 496 4366 inferius
523 4310 694 4361 suum,
727 4295 928 4366 qualem
959 4311 1011 4349 se
1035 4293 1322 4366 exhibuerit
1352 4293 1626 4366 superiori.
1665 4293 1853 4366 Arma-

273 4375 360 4420 tur
403 4364 541 4419 enim
567 4364 802 4421 creatura
827 4366 894 4434 ad
923 4365 1268 4418 ulciscendam
1297 4366 1382 4435 sui
1422 4364 1667 4435 injuriam
1699 4364 1856 4418 Crea-

275 4437 425 4492 toris.
453 4435 524 4489 Et
549 4438 662 4492 ideo
691 4433 889 4492 noverit
917 4439 1114 4504 animo,
1143 4449 1256 4504 quae
1275 4433 1512 4488 rebellem
1539 4436 1635 4487 sibi
1662 4437 1854 4489 invenit

274 4520 480 4562 carnem
503 4525 672 4574 suam,
697 4524 750 4561 se
775 4523 978 4578 quoque
1001 4508 1170 4561 minus
1197 4521 1347 4576 quam
1372 4517 1601 4573 aporteat
1627 4509 1857 4576 superio-

1952 3726 2143 3778 lescens
2180 3722 2373 3792 eratin
2395 3718 2649 3792 coenobio,
2694 3719 2780 3785 qui
2810 3720 2958 3771 nulla
3001 3721 3358 3792 abstinentia,
3395 3729 3540 3784 nulla

1953 3797 2117 3864 operis
2134 3790 2488 3864 magnitudine
2509 3791 2770 3864 flammam
2789 3798 2986 3854 poterat
3009 3792 3179 3864 carnis
3199 3790 3540 3864 exstinguere.

1953 3851 2109 3918 Hunc
2135 3851 2521 3932 periclitantem
2546 3851 2705 3910 Pater
2733 3851 3030 3932 titanasterii
3061 3863 3154 3913 hac
3176 3873 3282 3916 arte
3304 3851 3540 3926 servavi},

1955 3930 2184 4001 Imperat
2226 3930 2583 4003 cuidumrviro
2617 3931 2759 4001 gravi
2803 3938 2858 3982 ut
2891 3933 3084 4003 jurgiis
3124 3942 3276 4002 atque
3307 3941 3546 3995 conviciis

1953 4007 2292 4080 insectaretur
2323 4002 2597 4080 hominem.
2626 4011 2813 4080 etpost
2841 4002 3125 4080 irregatam
3160 4007 3408 4069 iniuriam
3439 4015 3547 4080 pri-

1958 4095 2071 4131 mus
2099 4078 2282 4129 veniret
2312 4075 2379 4127 ad
2409 4069 2797 4140 querimoniam.
2841 4069 3016 4126 Vocati
3051 4085 3200 4144 testes
3231 4095 3323 4144 pro
3368 4069 3545 4136 εοίο-

1960 4151 2246 4221 quebantur
2270 4147 2358 4216 qui
2397 4145 2757 4221 contumeliam
2797 4145 3005 4221 fecerat.
3040 4143 3198 4221 Flere
3233 4148 3327 4203 ille
3366 4164 3545 4208 contra

1963 4215 2322 4283 mendacium;
2352 4217 2524 4270 nullus
2559 4215 2694 4269 alius
2734 4217 2940 4268 credere
2969 4219 3204 4285 veritati;
3226 4222 3364 4276 solus
3393 4223 3550 4279 Pater

1962 4293 2309 4360 defensionem
2349 4304 2495 4360 suum
2538 4288 2722 4360 callide
2771 4303 3047 4360 opponere,
3091 4307 3154 4343 ne
3184 4293 3548 4350 abundantiori

1963 4357 2169 4416 tristitia
2221 4358 2577 4413 absorberetur
2628 4359 2806 4426 frater.
2843 4357 2978 4420 Quid
3023 4363 3221 4428 multa?
3265 4365 3335 4415 ita
3380 4382 3548 4420 annus

1965 4434 2148 4486 ductus
2171 4441 2245 4484 est
2271 4447 2289 4485 :
2315 4447 2414 4501 quo
2443 4429 2666 4501 expleto,
2695 4430 3036 4501 interrogatus
3063 4433 3356 4486 adolescens
3397 4452 3549 4498 super

1966 4499 2362 4575 cogitationibus
2407 4500 2673 4575 pristinis,
2719 4515 2784 4551 an
2825 4499 2995 4575 adhuc
3051 4503 3298 4575 molestia?
3327 4505 3550 4575 aliquid

275 4581 418 4632 ribus
448 4569 796 4648 potestatibus
811 4569 923 4632 esse
949 4569 1270 4648 subjectum;
1304 4569 1624 4630 mansuescat
1653 4569 1789 4642 ipsa,
1815 4587 1860 4634 et
1887 4572 1942 4632 D
1967 4569 2236 4648 sustineret
2251 4569 2528 4648 inponat!
2557 4571 2742 4648 inquit,
2798 4571 2959 4622 vivere
3010 4572 3138 4625 mihi
3185 4591 3285 4628 non
3317 4569 3452 4643 licet,
3503 4586 3550 4632 et

279 4647 581 4718 huntilietur
612 4651 702 4701 sub
744 4651 934 4718 potenti
974 4647 1128 4702 manu
1166 4647 1262 4702 Dei
1304 4648 1587 4712 Altissimi;
1635 4651 1866 4718 subjecta

277 4720 348 4773 sit
390 4715 519 4790 Deo,
550 4727 597 4771 et
627 4719 707 4772 his
745 4715 942 4788 pariter
971 4722 1150 4790 quibus
1181 4721 1286 4773 vice
1333 4721 1443 4789 ejus
1487 4720 1634 4774 habet
1666 4715 1868 4774 obedire

278 4788 536 4865 prtelatis,
568 4798 614 4841 et
641 4792 880 4844 continuo
906 4788 1093 4865 corpus
1125 4807 1275 4845 suum
1302 4788 1524 4844 inveniet
1556 4790 1794 4845 obediens
1820 4800 1868 4844 et

278 4860 592 4923 subiectum.

351 4929 386 5001 δγ
410 4929 698 4984 Cassianus
743 4931 834 4986 lib.
883 4943 942 4987 vr
982 4947 1100 5001 cap.
1148 4931 1336 4986 ultimo
1369 4933 1507 4985 inter
1548 4931 1650 4984 alia
1690 4931 1864 4986 media

281 5000 475 5074 quibus
529 5003 778 5074 perfecta,
816 5005 985 5074 possit
1034 5000 1227 5074 conn;
1261 5012 1314 5056 et
1367 5002 1612 5071 corporis
1661 5003 1863 5069 puritas

281 5073 485 5138 acquiri
529 5096 539 5125 ;
579 5071 731 5144 Jugis
759 5071 1048 5142 humilitas,
1085 5073 1279 5143 inquit,
1313 5089 1373 5125 ac
1418 5074 1665 5141 patientia
1694 5074 1863 5135 cordis

282 5144 571 5196 adhibenda
600 5156 844 5214 perpetuo
873 5154 965 5205 est,
1001 5156 1154 5214 atque
1179 5146 1637 5214 intenfaradversus
1660 5144 1788 5195 iram
1815 5152 1861 5196 et

283 5223 495 5286 crateras
526 5213 911 5286 passio’ncsper
960 5213 1090 5268 diem
1123 5217 1310 5267 cautio.
1349 5213 1448 5267 Ubi
1494 5215 1630 5286 enim
1671 5214 1866 5286 furoris

281 5283 536 5338 insederit
564 5288 724 5346 virus,
755 5285 994 5339 libidinis
1014 5302 1206 5356 quoque
1234 5294 1529 5356 necesseest
1575 5283 1866 5338 incendium

282 5365 576 5421 penetrare.
613 5357 881 5423 Quantum
913 5372 1040 5411 vero
1078 5359 1143 5408 ad
1185 5355 1515 5424 superandus
1543 5358 1720 5408 carnis
1749 5364 1868 5408 ten-

283 5425 519 5479 lalitmes
545 5437 598 5480 et
627 5430 1015 5481 continentiam
1050 5427 1369 5479 servandam
1396 5424 1640 5479 conferat
1667 5425 1868 5490 patien-

285 5497 375 5574 tia;
400 5499 737 5582 exim-ilium:
765 5499 1009 5580 docet_D.
1028 5497 1385 5582 Hieronymus
1405 5497 1593 5577 insigni
1618 5496 1868 5582 exemplo

287 5565 570 5631 cujusdam
605 5567 970 5623 adolescentis
1013 5565 1272 5639 religiosi,
1318 5570 1370 5621 in
1404 5568 1562 5637 epist.
1594 5567 1658 5620 ad
1689 5565 1872 5626 Rusti-

288 5647 413 5710 c_u_m
448 5641 771 5694 monachum
809 5639 1139 5710 (Epistj),
1175 5639 1227 5693 id
1259 5653 1516 5694 enarrans
1540 5639 1626 5710 his
1652 5639 1870 5710 verbis:

290 5703 481 5759 Dicam
502 5718 546 5762 et
573 5710 721 5763 aliud
746 5703 965 5778 quodin
994 5703 1229 5781 Egypto
1253 5711 1490 5766 viderim.
1519 5708 1729 5766 Grazcus
1750 5707 1876 5761 ado-

1969 4643 2403 4716 fornicarilibeat
2428 4641 2449 4694 !
2477 4640 2553 4693 Ita
2667 4640 3045 4716 Hieronymus.

2045 4729 2064 4752 ε
2099 4716 2172 4793 lta
2200 4714 2386 4768 Graece
2411 4729 2423 4764 :
2452 4710 2751 4793 πραξλθυμος
2789 4714 2912 4793 ἀνὴρ
2948 4713 3174 4793 ’καρδίας
3202 4717 3396 4793 ἰατρός.
3448 4719 3551 4775 Ve-

1971 4801 2089 4840 rum
2124 4786 2237 4838 haec
2269 4783 2535 4858 sententia
2568 4783 2793 4858 in_vulg.
2832 4783 3067 4858 editione
3117 4803 3218 4841 non
3268 4783 3337 4842 i'ta
3370 4793 3552 4858 eatpri-

1972 4860 2156 4919 mitur,
2201 4855 2302 4908 sed
2334 4854 2462 4922 ejus‘
2485 4855 2603 4908 loco
2632 4851 2865 4907 habetur
2894 4871 2910 4908 :
2940 4853 3061 4907 Vita
3090 4861 3324 4911 carnium
3357 4851 3554 4915 sanitas

1972 4929 2141 4980 cordis
2187 4921 2378 4996 (Prov.
2420 4921 2562 4992 XIV).
2613 4924 2781 4990 Quam
2832 4924 3116 4980 Cltaldmus
3166 4931 3430 4996 interpres
3482 4933 3554 4985 ita

1973 4997 2245 5052 reddidit:
2281 4996 2380 5063 Qui
2411 4996 2592 5049 dividit
2640 4997 2774 5050 iram
2817 4996 2987 5048 cordis
3026 4999 3130 5063 sui,
3180 5000 3436 5053 medicina
3482 5010 3556 5056 cst

1967 5069 2110 5140 curui
2142 5070 2273 5140 ejus.

2039 5135 2248 5216 {lla—ex
2270 5137 2453 5216 ereca
2475 5138 2728 5216 versione
2756 5135 3105 5216 Septuaginta
3128 5153 3142 5191 :
3167 5140 3215 5192 ἐν
3238 5144 3560 5216 μαδςροθυμίᾳ

1971 5209 2136 5265 εὐοδία
2165 5209 2454 5282 βασιλεῦσι.
2498 5214 2573 5282 At
2623 5202 3164 5282 vulgalttis‘interpres
3210 5202 3365 5282 Vertit
3399 5231 3410 5264 :
3444 5202 3558 5265 Pa:-

1973 5283 2148 5354 tientia
2165 5276 2394 5333 lenietur
2424 5280 2683 5348 princeps.
2717 5278 3038 5333 Chaldzeus:
3074 5276 3140 5331 In
3172 5280 3421 5349 patientia
3457 5283 3562 5354 spi-

1973 5354 2104 5406 ritus
2129 5350 2351 5403 lactatur
2380 5353 2632 5419 princeps.

2051 5432 2074 5459 °
2106 5422 2313 5475 Textns
2339 5418 2514 5488 Vulg;
2538 5419 2728 5472 Melior
2758 5428 2828 5472 est
2860 5418 3055 5488 patiens
3084 5420 3192 5486 viro
3224 5422 3382 5492 forti;
3406 5432 3452 5476 et
3475 5425 3564 5492 qui

1979 5495 2272 5547 dominatur
2295 5492 2467 5543 animo
2485 5507 2596 5558 suo,
2623 5491 3196 5563 expugnatoreAurb-iuni
3218 5490 3400 5563 (Prov.
3427 5490 3564 5563 va).

1980 5565 2134 5632 Quod
2156 5564 2430 5631 eleganter
2457 5556 2728 5630 expressit
2744 5556 2905 5614 Poeta
2934 5556 3203 5631 (Ovidius)
3227 5556 3336 5618 hoc
3360 5556 3562 5620 versu:

2105 5654 2298 5764 1:10:1th
2326 5663 2403 5705 est
2423 5654 2507 5717 qui
2528 5666 2606 5716 se,
2631 5664 2774 5716 quam
2806 5652 2890 5715 qui
2912 5649 3171 5702 fortissim
3197 5656 3350 5707 vincit

2139 5732 2142 5734 ‘
2163 5728 2304 5764 mnta.

2139 5728 2239 5765 scen
2245 5728 2304 5765 la.
