  <div class='ocr_page' id='page_1' title='image "/cluster/home/n/w/nwhite01/storage/ocr_20150623/49/uva.x000827093/447.png"; bbox 0 0 4048 6198; ppageno 0'>
   <div class='ocr_carea' id='block_1_1' title="bbox 558 170 659 233">
    <p class='ocr_par' dir='ltr' id='par_1_1' title="bbox 558 170 659 233">
     <span class='ocr_line' id='line_1_1' title="bbox 558 170 659 233; baseline -0.059 0"><span class='ocrx_word' id='word_1_1' title='bbox 558 170 659 233; x_wconf 79' lang='lat'><strong>879</strong></span> 
     </span>
    </p>
   </div>
   <div class='ocr_carea' id='block_1_2' title="bbox 1598 160 2744 225">
    <p class='ocr_par' dir='ltr' id='par_1_2' title="bbox 1598 160 2744 225">
     <span class='ocr_line' id='line_1_2' title="bbox 1598 160 2744 225; baseline -0.002 -2"><span class='ocrx_word' id='word_1_2' title='bbox 1598 165 1877 224; x_wconf 82' lang='lat' dir='ltr'><strong>JOANNIS</strong></span> <span class='ocrx_word' id='word_1_3' title='bbox 1915 165 2227 225; x_wconf 76' lang='lat' dir='ltr'><strong>CASSIANI</strong></span> <span class='ocrx_word' id='word_1_4' title='bbox 2264 160 2744 223; x_wconf 83' lang='lat' dir='ltr'><strong>COLLATIONES</strong></span> 
     </span>
    </p>
   </div>
   <div class='ocr_carea' id='block_1_3' title="bbox 3759 166 3859 223">
    <p class='ocr_par' dir='ltr' id='par_1_3' title="bbox 3759 166 3859 223">
     <span class='ocr_line' id='line_1_3' title="bbox 3759 166 3859 223; baseline 0 0"><span class='ocrx_word' id='word_1_5' title='bbox 3759 166 3859 223; x_wconf 85' lang='lat'><strong>880</strong></span> 
     </span>
    </p>
   </div>
   <div class='ocr_carea' id='block_1_4' title="bbox 556 280 3857 367">
    <p class='ocr_par' dir='ltr' id='par_1_4' title="bbox 556 280 3857 367">
     <span class='ocr_line' id='line_1_4' title="bbox 556 280 3857 367; baseline -0.004 -17"><span class='ocrx_word' id='word_1_6' title='bbox 556 306 745 367; x_wconf 82' lang='lat' dir='ltr'><strong>pacem</strong></span> <span class='ocrx_word' id='word_1_7' title='bbox 773 286 951 346; x_wconf 75' lang='lat' dir='ltr'><strong>donec</strong></span> <span class='ocrx_word' id='word_1_8' title='bbox 979 285 1189 343; x_wconf 92' lang='lat' dir='ltr'><strong>ﬁrmam</strong></span> <span class='ocrx_word' id='word_1_9' title='bbox 1220 294 1381 355; x_wconf 89' lang='lat' dir='ltr'><strong>atque</strong></span> <span class='ocrx_word' id='word_1_10' title='bbox 1414 292 1732 354; x_wconf 89' lang='lat' dir='ltr'><strong>perpetuam</strong></span> <span class='ocrx_word' id='word_1_11' title='bbox 1765 282 2009 339; x_wconf 73' lang='lat' dir='ltr'><strong>obtinere</strong></span> <span class='ocrx_word' id='word_1_12' title='bbox 2039 297 2151 338; x_wconf 89' lang='lat' dir='ltr'><strong>me-</strong></span> <span class='ocrx_word' id='word_1_13' title='bbox 2177 286 2231 347; x_wconf 82' lang='grc' dir='ltr'><strong>Α</strong></span> <span class='ocrx_word' id='word_1_14' title='bbox 2254 298 2475 339; x_wconf 88' lang='lat' dir='ltr'><strong>necesse</strong></span> <span class='ocrx_word' id='word_1_15' title='bbox 2514 292 2597 340; x_wconf 90' lang='lat' dir='ltr'><strong>est</strong></span> <span class='ocrx_word' id='word_1_16' title='bbox 2647 298 2773 339; x_wconf 89' lang='lat' dir='ltr'><strong>eum</strong></span> <span class='ocrx_word' id='word_1_17' title='bbox 2825 280 3284 352; x_wconf 64' lang='lat' dir='ltr'><strong>inaequalitatibus</strong></span> <span class='ocrx_word' id='word_1_18' title='bbox 3329 281 3449 337; x_wconf 88' lang='lat' dir='ltr'><strong>istis</strong></span> <span class='ocrx_word' id='word_1_19' title='bbox 3505 281 3857 350; x_wconf 77' lang='lat' dir='ltr'><strong>frequentius</strong></span> 
     </span>
    </p>
   </div>
   <div class='ocr_carea' id='block_1_5' title="bbox 459 375 2148 457">
    <p class='ocr_par' dir='ltr' id='par_1_5' title="bbox 459 375 2148 457">
     <span class='ocr_line' id='line_1_5' title="bbox 459 375 2148 457; baseline -0.008 -14"><span class='ocrx_word' id='word_1_20' title='bbox 459 416 471 457; x_wconf 39' lang='grc' dir='ltr'><strong>,η</strong></span> <span class='ocrx_word' id='word_1_21' title='bbox 554 399 807 449; x_wconf 85' lang='lat' dir='ltr'><strong>reamur,</strong></span> <span class='ocrx_word' id='word_1_22' title='bbox 871 380 1057 435; x_wconf 88' lang='lat' dir='ltr'><strong>multis</strong></span> <span class='ocrx_word' id='word_1_23' title='bbox 1099 391 1323 434; x_wconf 89' lang='lat' dir='ltr'><strong>necesse</strong></span> <span class='ocrx_word' id='word_1_24' title='bbox 1374 384 1455 430; x_wconf 91' lang='lat' dir='ltr'><strong>est</strong></span> <span class='ocrx_word' id='word_1_25' title='bbox 1510 389 1609 429; x_wconf 92' lang='lat' dir='ltr'><strong>nos</strong></span> <span class='ocrx_word' id='word_1_26' title='bbox 1654 375 2148 444; x_wconf 87' lang='lat' dir='ltr'><strong>impugnationibus</strong></span> 
     </span>
    </p>
   </div>
   <div class='ocr_carea' id='block_1_6' title="bbox 449 462 2147 544">
    <p class='ocr_par' dir='ltr' id='par_1_6' title="bbox 449 462 2147 544">
     <span class='ocr_line' id='line_1_6' title="bbox 449 462 2147 544; baseline -0.009 -5"><span class='ocrx_word' id='word_1_27' title='bbox 449 462 484 531; x_wconf 34' lang='grc' dir='ltr'><em>δ</em></span> <span class='ocrx_word' id='word_1_28' title='bbox 556 477 834 538; x_wconf 88' lang='lat' dir='ltr'><strong>attentari.</strong></span> <span class='ocrx_word' id='word_1_29' title='bbox 872 476 1316 544; x_wconf 88' lang='lat' dir='ltr'><strong>Frequenterque</strong></span> <span class='ocrx_word' id='word_1_30' title='bbox 1367 468 1527 523; x_wconf 88' lang='lat' dir='ltr'><strong>nobis</strong></span> <span class='ocrx_word' id='word_1_31' title='bbox 1569 478 1653 522; x_wconf 89' lang='lat' dir='ltr'><strong>est</strong></span> <span class='ocrx_word' id='word_1_32' title='bbox 1699 468 1998 522; x_wconf 82' lang='lat' dir='ltr'><strong>versiculus</strong></span> <span class='ocrx_word' id='word_1_33' title='bbox 2044 468 2147 523; x_wconf 90' lang='lat' dir='ltr'><strong>iste</strong></span> 
     </span>
    </p>
   </div>
   <div class='ocr_carea' id='block_1_7' title="bbox 447 546 2146 645">
    <p class='ocr_par' dir='ltr' id='par_1_7' title="bbox 447 546 2146 645">
     <span class='ocr_line' id='line_1_7' title="bbox 447 546 2146 645; baseline -0.01 -12"><span class='ocrx_word' id='word_1_34' title='bbox 447 546 469 620; x_wconf 24' lang='grc' dir='ltr'><strong>δέ</strong></span> <span class='ocrx_word' id='word_1_35' title='bbox 554 591 676 633; x_wconf 87' lang='lat' dir='ltr'><strong>cum</strong></span> <span class='ocrx_word' id='word_1_36' title='bbox 720 571 925 645; x_wconf 79' lang='lat' dir='ltr'><strong>gemitu</strong></span> <span class='ocrx_word' id='word_1_37' title='bbox 968 566 1329 637; x_wconf 86' lang='lat' dir='ltr'><strong>Iacrymisque</strong></span> <span class='ocrx_word' id='word_1_38' title='bbox 1375 562 1723 633; x_wconf 89' lang='lat' dir='ltr'><strong>repetendus,</strong></span> <span class='ocrx_word' id='word_1_39' title='bbox 1775 561 1938 617; x_wconf 79' lang='lat' dir='ltr'><strong>Miser</strong></span> <span class='ocrx_word' id='word_1_40' title='bbox 1979 564 2146 633; x_wconf 80' lang='lat' dir='ltr'><strong>factus</strong></span> 
     </span>
    </p>
   </div>
   <div class='ocr_carea' id='block_1_8' title="bbox 550 655 2144 736">
    <p class='ocr_par' dir='ltr' id='par_1_8' title="bbox 550 655 2144 736">
     <span class='ocr_line' id='line_1_8' title="bbox 550 655 2144 736; baseline -0.009 -13"><span class='ocrx_word' id='word_1_41' title='bbox 550 684 670 722; x_wconf 89' lang='lat' dir='ltr'><strong>sum</strong></span> <span class='ocrx_word' id='word_1_42' title='bbox 703 674 751 721; x_wconf 89' lang='lat' dir='ltr'><strong>et</strong></span> <span class='ocrx_word' id='word_1_43' title='bbox 778 663 993 736; x_wconf 69' lang='lat' dir='ltr'><strong>amictus</strong></span> <span class='ocrx_word' id='word_1_44' title='bbox 1022 676 1138 715; x_wconf 90' lang='lat' dir='ltr'><strong>sum</strong></span> <span class='ocrx_word' id='word_1_45' title='bbox 1160 672 1548 728; x_wconf 80' lang='lat' dir='ltr'><strong>usquequaque,</strong></span> <span class='ocrx_word' id='word_1_46' title='bbox 1580 666 1685 711; x_wconf 89' lang='lat' dir='ltr'><strong>tota</strong></span> <span class='ocrx_word' id='word_1_47' title='bbox 1708 655 1790 709; x_wconf 91' lang='lat' dir='ltr'><strong>die</strong></span> <span class='ocrx_word' id='word_1_48' title='bbox 1813 656 2144 710; x_wconf 86' lang='lat' dir='ltr'><strong>contristatus</strong></span> 
     </span>
    </p>
   </div>
   <div class='ocr_carea' id='block_1_9' title="bbox 553 746 2147 832">
    <p class='ocr_par' dir='ltr' id='par_1_9' title="bbox 553 746 2147 832">
     <span class='ocr_line' id='line_1_9' title="bbox 553 746 2147 832; baseline -0.008 -19"><span class='ocrx_word' id='word_1_49' title='bbox 553 756 900 832; x_wconf 75' lang='lat' dir='ltr'><strong>ingrediebar,</strong></span> <span class='ocrx_word' id='word_1_50' title='bbox 931 753 1177 824; x_wconf 86' lang='lat' dir='ltr'><strong>quoniam</strong></span> <span class='ocrx_word' id='word_1_51' title='bbox 1208 750 1370 805; x_wconf 89' lang='lat' dir='ltr'><strong>lumbi</strong></span> <span class='ocrx_word' id='word_1_52' title='bbox 1398 750 1498 803; x_wconf 88' lang='lat' dir='ltr'><strong>mei</strong></span> <span class='ocrx_word' id='word_1_53' title='bbox 1541 749 1742 817; x_wconf 89' lang='lat' dir='ltr'><strong>impleti</strong></span> <span class='ocrx_word' id='word_1_54' title='bbox 1784 758 1904 802; x_wconf 89' lang='lat' dir='ltr'><strong>sunt</strong></span> <span class='ocrx_word' id='word_1_55' title='bbox 1938 746 2147 802; x_wconf 90' lang='lat' dir='ltr'><strong>illusio-</strong></span> 
     </span>
    </p>
   </div>
   <div class='ocr_carea' id='block_1_10' title="bbox 442 844 2140 933">
    <p class='ocr_par' dir='ltr' id='par_1_10' title="bbox 442 844 2140 933">
     <span class='ocr_line' id='line_1_10' title="bbox 442 844 2140 933; baseline -0.006 -27"><span class='ocrx_word' id='word_1_56' title='bbox 442 882 452 933; x_wconf 53' lang='grc' dir='ltr'><strong><em>έ</em></strong></span> <span class='ocrx_word' id='word_1_57' title='bbox 551 852 724 915; x_wconf 87' lang='lat' dir='ltr'><strong>nibus,</strong></span> <span class='ocrx_word' id='word_1_58' title='bbox 757 858 806 903; x_wconf 87' lang='lat' dir='ltr'><strong>et</strong></span> <span class='ocrx_word' id='word_1_59' title='bbox 836 863 937 901; x_wconf 86' lang='lat' dir='ltr'><strong>non</strong></span> <span class='ocrx_word' id='word_1_60' title='bbox 967 854 1041 901; x_wconf 88' lang='lat' dir='ltr'><strong>est</strong></span> <span class='ocrx_word' id='word_1_61' title='bbox 1070 846 1270 899; x_wconf 84' lang='lat' dir='ltr'><strong>sanitas</strong></span> <span class='ocrx_word' id='word_1_62' title='bbox 1296 844 1351 898; x_wconf 89' lang='lat' dir='ltr'><strong>in</strong></span> <span class='ocrx_word' id='word_1_63' title='bbox 1372 860 1529 898; x_wconf 90' lang='lat' dir='ltr'><strong>carne</strong></span> <span class='ocrx_word' id='word_1_64' title='bbox 1557 860 1669 898; x_wconf 90' lang='lat' dir='ltr'><strong>mea</strong></span> <span class='ocrx_word' id='word_1_65' title='bbox 1694 860 1725 895; x_wconf 91' lang='lat' dir='ltr'><strong><em>a</em></strong></span> <span class='ocrx_word' id='word_1_66' title='bbox 1754 844 1886 914; x_wconf 79' lang='lat' dir='ltr'><strong>facie</strong></span> <span class='ocrx_word' id='word_1_67' title='bbox 1907 846 1999 897; x_wconf 78' lang='lat' dir='ltr'><strong>ira:</strong></span> <span class='ocrx_word' id='word_1_68' title='bbox 2019 852 2140 908; x_wconf 72' lang='lat' dir='ltr'><strong>tuae,</strong></span> 
     </span>
    </p>
   </div>
   <div class='ocr_carea' id='block_1_11' title="bbox 445 932 2139 1009">
    <p class='ocr_par' dir='ltr' id='par_1_11' title="bbox 445 932 2139 1009">
     <span class='ocr_line' id='line_1_11' title="bbox 445 932 2139 1009; baseline -0.007 -11"><span class='ocrx_word' id='word_1_69' title='bbox 445 971 451 978; x_wconf 70' lang='grc' dir='ltr'><strong><em>ι</em></strong></span> <span class='ocrx_word' id='word_1_70' title='bbox 550 959 652 997; x_wconf 89' lang='lat' dir='ltr'><strong>non</strong></span> <span class='ocrx_word' id='word_1_71' title='bbox 677 953 753 996; x_wconf 88' lang='lat' dir='ltr'><strong>est</strong></span> <span class='ocrx_word' id='word_1_72' title='bbox 782 956 886 1009; x_wconf 73' lang='lat' dir='ltr'><strong>pax</strong></span> <span class='ocrx_word' id='word_1_73' title='bbox 923 937 1121 993; x_wconf 88' lang='lat' dir='ltr'><strong>ossibus</strong></span> <span class='ocrx_word' id='word_1_74' title='bbox 1149 937 1275 990; x_wconf 90' lang='lat' dir='ltr'><strong>meis</strong></span> <span class='ocrx_word' id='word_1_75' title='bbox 1304 952 1335 989; x_wconf 92' lang='lat' dir='ltr'><strong><em>a</em></strong></span> <span class='ocrx_word' id='word_1_76' title='bbox 1364 936 1497 1006; x_wconf 80' lang='lat' dir='ltr'><strong>facie</strong></span> <span class='ocrx_word' id='word_1_77' title='bbox 1523 933 1835 1003; x_wconf 76' lang='lat' dir='ltr'><strong>insipientia:</strong></span> <span class='ocrx_word' id='word_1_78' title='bbox 1860 950 1986 987; x_wconf 74' lang='lat' dir='ltr'><strong>mete</strong></span> <span class='ocrx_word' id='word_1_79' title='bbox 2010 932 2139 1004; x_wconf 91' lang='lat' dir='ltr'><strong>(Ps.</strong></span> 
     </span>
    </p>
   </div>
   <div class='ocr_carea' id='block_1_12' title="bbox 550 1024 2145 1103">
    <p class='ocr_par' dir='ltr' id='par_1_12' title="bbox 550 1024 2145 1103">
     <span class='ocr_line' id='line_1_12' title="bbox 550 1024 2145 1103; baseline -0.005 -15"><span class='ocrx_word' id='word_1_80' title='bbox 550 1032 786 1103; x_wconf 76' lang='lat' dir='ltr'><strong>xxxvii).</strong></span> <span class='ocrx_word' id='word_1_81' title='bbox 826 1030 977 1086; x_wconf 90' lang='lat' dir='ltr'><strong>Tunc</strong></span> <span class='ocrx_word' id='word_1_82' title='bbox 1017 1029 1164 1084; x_wconf 91' lang='lat' dir='ltr'><strong>enim</strong></span> <span class='ocrx_word' id='word_1_83' title='bbox 1200 1036 1575 1097; x_wconf 87' lang='lat' dir='ltr'><strong>competenter</strong></span> <span class='ocrx_word' id='word_1_84' title='bbox 1602 1026 1716 1080; x_wconf 67' lang='lat' dir='ltr'><strong>haec</strong></span> <span class='ocrx_word' id='word_1_85' title='bbox 1745 1036 1799 1081; x_wconf 89' lang='lat' dir='ltr'><strong>et</strong></span> <span class='ocrx_word' id='word_1_86' title='bbox 1830 1027 1885 1081; x_wconf 90' lang='lat' dir='ltr'><strong>in</strong></span> <span class='ocrx_word' id='word_1_87' title='bbox 1914 1024 2145 1080; x_wconf 75' lang='lat' dir='ltr'><strong>veritate</strong></span> 
     </span>
    </p>
   </div>
   <div class='ocr_carea' id='block_1_13' title="bbox 552 1117 2146 1193">
    <p class='ocr_par' dir='ltr' id='par_1_13' title="bbox 552 1117 2146 1193">
     <span class='ocr_line' id='line_1_13' title="bbox 552 1117 2146 1193; baseline -0.007 -11"><span class='ocrx_word' id='word_1_88' title='bbox 552 1124 899 1191; x_wconf 83' lang='lat' dir='ltr'><strong>deﬂebimus,</strong></span> <span class='ocrx_word' id='word_1_89' title='bbox 930 1121 1148 1193; x_wconf 87' lang='lat' dir='ltr'><strong>quando</strong></span> <span class='ocrx_word' id='word_1_90' title='bbox 1175 1129 1299 1191; x_wconf 88' lang='lat' dir='ltr'><strong>post</strong></span> <span class='ocrx_word' id='word_1_91' title='bbox 1327 1119 1540 1190; x_wconf 81' lang='lat' dir='ltr'><strong>longam</strong></span> <span class='ocrx_word' id='word_1_92' title='bbox 1575 1117 1866 1188; x_wconf 83' lang='lat' dir='ltr'><strong>puritatem</strong></span> <span class='ocrx_word' id='word_1_93' title='bbox 1895 1117 2146 1187; x_wconf 91' lang='lat' dir='ltr'><strong>corporis</strong></span> 
     </span>
    </p>
   </div>
   <div class='ocr_carea' id='block_1_14' title="bbox 548 1212 2142 1287">
    <p class='ocr_par' dir='ltr' id='par_1_14' title="bbox 548 1212 2142 1287">
     <span class='ocr_line' id='line_1_14' title="bbox 548 1212 2142 1287; baseline -0.004 -13"><span class='ocrx_word' id='word_1_94' title='bbox 548 1219 742 1285; x_wconf 89' lang='lat' dir='ltr'><strong>nostri,</strong></span> <span class='ocrx_word' id='word_1_95' title='bbox 777 1224 1063 1287; x_wconf 81' lang='lat' dir='ltr'><strong>sperantes</strong></span> <span class='ocrx_word' id='word_1_96' title='bbox 1105 1215 1217 1286; x_wconf 88' lang='lat' dir='ltr'><strong>jam</strong></span> <span class='ocrx_word' id='word_1_97' title='bbox 1248 1214 1485 1269; x_wconf 88' lang='lat' dir='ltr'><strong>carnalia</strong></span> <span class='ocrx_word' id='word_1_98' title='bbox 1516 1228 1617 1268; x_wconf 91' lang='lat' dir='ltr'><strong>nos</strong></span> <span class='ocrx_word' id='word_1_99' title='bbox 1647 1212 1976 1268; x_wconf 92' lang='lat' dir='ltr'><strong>omnimodis</strong></span> <span class='ocrx_word' id='word_1_100' title='bbox 2010 1227 2142 1267; x_wconf 87' lang='lat' dir='ltr'><strong>eva-</strong></span> 
     </span>
    </p>
   </div>
   <div class='ocr_carea' id='block_1_15' title="bbox 545 1305 2141 1379">
    <p class='ocr_par' dir='ltr' id='par_1_15' title="bbox 545 1305 2141 1379">
     <span class='ocr_line' id='line_1_15' title="bbox 545 1305 2141 1379; baseline -0.005 -10"><span class='ocrx_word' id='word_1_101' title='bbox 545 1313 689 1369; x_wconf 88' lang='lat' dir='ltr'><strong>sisse</strong></span> <span class='ocrx_word' id='word_1_102' title='bbox 715 1312 988 1379; x_wconf 85' lang='lat' dir='ltr'><strong>contagia,</strong></span> <span class='ocrx_word' id='word_1_103' title='bbox 1020 1309 1270 1365; x_wconf 89' lang='lat' dir='ltr'><strong>stimulos</strong></span> <span class='ocrx_word' id='word_1_104' title='bbox 1306 1307 1489 1363; x_wconf 85' lang='lat' dir='ltr'><strong>carnis</strong></span> <span class='ocrx_word' id='word_1_105' title='bbox 1529 1308 1599 1363; x_wconf 92' lang='lat' dir='ltr'><strong>ob</strong></span> <span class='ocrx_word' id='word_1_106' title='bbox 1628 1308 1922 1362; x_wconf 88' lang='lat' dir='ltr'><strong>elationem</strong></span> <span class='ocrx_word' id='word_1_107' title='bbox 1961 1305 2141 1361; x_wconf 86' lang='lat' dir='ltr'><strong>cordis</strong></span> 
     </span>
    </p>
   </div>
   <div class='ocr_carea' id='block_1_16' title="bbox 545 1400 2142 1471">
    <p class='ocr_par' dir='ltr' id='par_1_16' title="bbox 545 1400 2142 1471">
     <span class='ocr_line' id='line_1_16' title="bbox 545 1400 2142 1471; baseline -0.006 -8"><span class='ocrx_word' id='word_1_108' title='bbox 545 1408 835 1463; x_wconf 90' lang='lat' dir='ltr'><strong>adversum</strong></span> <span class='ocrx_word' id='word_1_109' title='bbox 867 1420 967 1459; x_wconf 89' lang='lat' dir='ltr'><strong>nos</strong></span> <span class='ocrx_word' id='word_1_110' title='bbox 1003 1418 1217 1459; x_wconf 89' lang='lat' dir='ltr'><strong>rursum</strong></span> <span class='ocrx_word' id='word_1_111' title='bbox 1245 1402 1511 1458; x_wconf 87' lang='lat' dir='ltr'><strong>sentimus</strong></span> <span class='ocrx_word' id='word_1_112' title='bbox 1540 1400 1844 1471; x_wconf 78' lang='lat' dir='ltr'><strong>insurgere,</strong></span> <span class='ocrx_word' id='word_1_113' title='bbox 1876 1400 1961 1455; x_wconf 84' lang='lat' dir='ltr'><strong>vel</strong></span> <span class='ocrx_word' id='word_1_114' title='bbox 1991 1408 2142 1454; x_wconf 90' lang='lat' dir='ltr'><strong>certe</strong></span> 
     </span>
    </p>
   </div>
   <div class='ocr_carea' id='block_1_17' title="bbox 548 1493 2139 1565">
    <p class='ocr_par' dir='ltr' id='par_1_17' title="bbox 548 1493 2139 1565">
     <span class='ocr_line' id='line_1_17' title="bbox 548 1493 2139 1565; baseline -0.005 -10"><span class='ocrx_word' id='word_1_115' title='bbox 548 1502 615 1556; x_wconf 87' lang='lat' dir='ltr'><strong>ad</strong></span> <span class='ocrx_word' id='word_1_116' title='bbox 646 1500 915 1556; x_wconf 80' lang='lat' dir='ltr'><strong>fallaciam</strong></span> <span class='ocrx_word' id='word_1_117' title='bbox 940 1497 1274 1553; x_wconf 83' lang='lat' dir='ltr'><strong>somniorum</strong></span> <span class='ocrx_word' id='word_1_118' title='bbox 1307 1496 1594 1565; x_wconf 88' lang='lat' dir='ltr'><strong>impuritas</strong></span> <span class='ocrx_word' id='word_1_119' title='bbox 1623 1509 1722 1550; x_wconf 90' lang='lat' dir='ltr'><strong>nos</strong></span> <span class='ocrx_word' id='word_1_120' title='bbox 1752 1495 1995 1564; x_wconf 65' lang='lat' dir='ltr'><strong>pristina:</strong></span> <span class='ocrx_word' id='word_1_121' title='bbox 2023 1493 2139 1548; x_wconf 93' lang='lat' dir='ltr'><strong>col-</strong></span> 
     </span>
    </p>
   </div>
   <div class='ocr_carea' id='block_1_18' title="bbox 543 1584 2138 1660">
    <p class='ocr_par' dir='ltr' id='par_1_18' title="bbox 543 1584 2138 1660">
     <span class='ocr_line' id='line_1_18' title="bbox 543 1584 2138 1660; baseline -0.006 -14"><span class='ocrx_word' id='word_1_122' title='bbox 543 1591 779 1646; x_wconf 87' lang='lat' dir='ltr'><strong>luvionis</strong></span> <span class='ocrx_word' id='word_1_123' title='bbox 820 1590 1079 1660; x_wconf 86' lang='lat' dir='ltr'><strong>aspergit.</strong></span> <span class='ocrx_word' id='word_1_124' title='bbox 1107 1588 1243 1643; x_wconf 91' lang='lat' dir='ltr'><strong>Cum</strong></span> <span class='ocrx_word' id='word_1_125' title='bbox 1278 1601 1408 1657; x_wconf 91' lang='lat' dir='ltr'><strong>ergo</strong></span> <span class='ocrx_word' id='word_1_126' title='bbox 1453 1586 1681 1654; x_wconf 71' lang='lat' dir='ltr'><strong>coeperit</strong></span> <span class='ocrx_word' id='word_1_127' title='bbox 1720 1584 1845 1654; x_wconf 87' lang='lat' dir='ltr'><strong>quis</strong></span> <span class='ocrx_word' id='word_1_128' title='bbox 1883 1584 2138 1639; x_wconf 86' lang='lat' dir='ltr'><strong>diuturna</strong></span> 
     </span>
    </p>
   </div>
   <div class='ocr_carea' id='block_1_19' title="bbox 2251 376 3854 448">
    <p class='ocr_par' dir='ltr' id='par_1_19' title="bbox 2251 376 3854 448">
     <span class='ocr_line' id='line_1_19' title="bbox 2251 376 3854 448; baseline -0.002 -14"><span class='ocrx_word' id='word_1_129' title='bbox 2251 377 2478 441; x_wconf 91' lang='lat' dir='ltr'><strong>erudiri,</strong></span> <span class='ocrx_word' id='word_1_130' title='bbox 2518 377 2867 448; x_wconf 88' lang='lat' dir='ltr'><strong>quoadusque</strong></span> <span class='ocrx_word' id='word_1_131' title='bbox 2886 390 2982 446; x_wconf 90' lang='lat' dir='ltr'><strong>per</strong></span> <span class='ocrx_word' id='word_1_132' title='bbox 3014 376 3108 432; x_wconf 89' lang='lat' dir='ltr'><strong>Dei</strong></span> <span class='ocrx_word' id='word_1_133' title='bbox 3152 377 3380 447; x_wconf 85' lang='lat' dir='ltr'><strong>gratiam</strong></span> <span class='ocrx_word' id='word_1_134' title='bbox 3409 376 3780 431; x_wconf 83' lang='lat' dir='ltr'><strong>conﬁrmatus</strong></span> <span class='ocrx_word' id='word_1_135' title='bbox 3809 377 3854 431; x_wconf 90' lang='lat' dir='ltr'><strong>in</strong></span> 
     </span>
    </p>
   </div>
   <div class='ocr_carea' id='block_1_20' title="bbox 2249 470 3854 543">
    <p class='ocr_par' dir='ltr' id='par_1_20' title="bbox 2249 470 3854 543">
     <span class='ocr_line' id='line_1_20' title="bbox 2249 470 3854 543; baseline -0.002 -16"><span class='ocrx_word' id='word_1_136' title='bbox 2249 473 2340 528; x_wconf 90' lang='lat' dir='ltr'><strong>illa</strong></span> <span class='ocrx_word' id='word_1_137' title='bbox 2371 486 2531 543; x_wconf 90' lang='lat' dir='ltr'><strong>quam</strong></span> <span class='ocrx_word' id='word_1_138' title='bbox 2563 470 2772 541; x_wconf 90' lang='lat' dir='ltr'><strong>appetit</strong></span> <span class='ocrx_word' id='word_1_139' title='bbox 2803 473 3042 539; x_wconf 86' lang='lat' dir='ltr'><strong>puritate</strong></span> <span class='ocrx_word' id='word_1_140' title='bbox 3087 470 3381 525; x_wconf 89' lang='lat' dir='ltr'><strong>efﬁcaciter</strong></span> <span class='ocrx_word' id='word_1_141' title='bbox 3411 470 3598 526; x_wconf 89' lang='lat' dir='ltr'><strong>dicere</strong></span> <span class='ocrx_word' id='word_1_142' title='bbox 3638 486 3854 526; x_wconf 80' lang='lat' dir='ltr'><strong>meres-</strong></span> 
     </span>
    </p>
   </div>
   <div class='ocr_carea' id='block_1_21' title="bbox 2252 562 3848 636">
    <p class='ocr_par' dir='ltr' id='par_1_21' title="bbox 2252 562 3848 636">
     <span class='ocr_line' id='line_1_21' title="bbox 2252 562 3848 636; baseline -0.002 -16"><span class='ocrx_word' id='word_1_143' title='bbox 2252 574 2336 620; x_wconf 89' lang='lat' dir='ltr'><strong>tur</strong></span> <span class='ocrx_word' id='word_1_144' title='bbox 2361 582 2374 618; x_wconf 91' lang='lat'><strong>:</strong></span> <span class='ocrx_word' id='word_1_145' title='bbox 2408 562 2734 635; x_wconf 75' lang='lat' dir='ltr'><strong>Exspectans</strong></span> <span class='ocrx_word' id='word_1_146' title='bbox 2762 563 3050 632; x_wconf 70' lang='lat' dir='ltr'><strong>exspectavi</strong></span> <span class='ocrx_word' id='word_1_147' title='bbox 3079 562 3384 631; x_wconf 89' lang='lat' dir='ltr'><strong>Dominum,</strong></span> <span class='ocrx_word' id='word_1_148' title='bbox 3418 573 3468 618; x_wconf 88' lang='lat' dir='ltr'><strong>et</strong></span> <span class='ocrx_word' id='word_1_149' title='bbox 3495 564 3732 636; x_wconf 74' lang='lat' dir='ltr'><strong>respexit</strong></span> <span class='ocrx_word' id='word_1_150' title='bbox 3758 581 3848 629; x_wconf 80' lang='lat' dir='ltr'><strong>me,</strong></span> 
     </span>
    </p>
   </div>
   <div class='ocr_carea' id='block_1_22' title="bbox 2247 656 3851 728">
    <p class='ocr_par' dir='ltr' id='par_1_22' title="bbox 2247 656 3851 728">
     <span class='ocr_line' id='line_1_22' title="bbox 2247 656 3851 728; baseline -0.001 -15"><span class='ocrx_word' id='word_1_151' title='bbox 2247 658 2506 713; x_wconf 74' lang='lat' dir='ltr'><strong>exaudivit</strong></span> <span class='ocrx_word' id='word_1_152' title='bbox 2533 672 2736 728; x_wconf 83' lang='lat' dir='ltr'><strong>precem</strong></span> <span class='ocrx_word' id='word_1_153' title='bbox 2767 672 2954 724; x_wconf 90' lang='lat' dir='ltr'><strong>meam,</strong></span> <span class='ocrx_word' id='word_1_154' title='bbox 2989 666 3037 710; x_wconf 91' lang='lat' dir='ltr'><strong>et</strong></span> <span class='ocrx_word' id='word_1_155' title='bbox 3061 656 3239 710; x_wconf 75' lang='lat' dir='ltr'><strong>eduxit</strong></span> <span class='ocrx_word' id='word_1_156' title='bbox 3278 672 3356 711; x_wconf 89' lang='lat' dir='ltr'><strong>me</strong></span> <span class='ocrx_word' id='word_1_157' title='bbox 3386 656 3449 710; x_wconf 89' lang='lat' dir='ltr'><strong>de</strong></span> <span class='ocrx_word' id='word_1_158' title='bbox 3478 657 3601 710; x_wconf 84' lang='lat' dir='ltr'><strong>lacu</strong></span> <span class='ocrx_word' id='word_1_159' title='bbox 3632 657 3851 712; x_wconf 65' lang='lat' dir='ltr'><strong>miseria</strong></span> 
     </span>
    </p>
   </div>
   <div class='ocr_carea' id='block_1_23' title="bbox 2248 748 3848 820">
    <p class='ocr_par' dir='ltr' id='par_1_23' title="bbox 2248 748 3848 820">
     <span class='ocr_line' id='line_1_23' title="bbox 2248 748 3848 820; baseline -0.002 -15"><span class='ocrx_word' id='word_1_160' title='bbox 2248 760 2298 805; x_wconf 90' lang='lat' dir='ltr'><strong>et</strong></span> <span class='ocrx_word' id='word_1_161' title='bbox 2327 752 2389 804; x_wconf 91' lang='lat' dir='ltr'><strong>de</strong></span> <span class='ocrx_word' id='word_1_162' title='bbox 2415 749 2525 803; x_wconf 92' lang='lat' dir='ltr'><strong>luto</strong></span> <span class='ocrx_word' id='word_1_163' title='bbox 2546 750 2711 820; x_wconf 69' lang='lat' dir='ltr'><strong>facis,</strong></span> <span class='ocrx_word' id='word_1_164' title='bbox 2742 760 2793 803; x_wconf 91' lang='lat' dir='ltr'><strong>et</strong></span> <span class='ocrx_word' id='word_1_165' title='bbox 2818 749 2996 803; x_wconf 82' lang='lat' dir='ltr'><strong>statuit</strong></span> <span class='ocrx_word' id='word_1_166' title='bbox 3028 764 3186 820; x_wconf 85' lang='lat' dir='ltr'><strong>supra</strong></span> <span class='ocrx_word' id='word_1_167' title='bbox 3211 756 3410 819; x_wconf 85' lang='lat' dir='ltr'><strong>petram</strong></span> <span class='ocrx_word' id='word_1_168' title='bbox 3439 748 3595 818; x_wconf 85' lang='lat' dir='ltr'><strong>pedes</strong></span> <span class='ocrx_word' id='word_1_169' title='bbox 3621 764 3788 817; x_wconf 84' lang='lat' dir='ltr'><strong>meos,</strong></span> <span class='ocrx_word' id='word_1_170' title='bbox 3810 761 3848 802; x_wconf 71' lang='grc' dir='ltr'><em>α</em></span> 
     </span>
    </p>
   </div>
   <div class='ocr_carea' id='block_1_24' title="bbox 2247 838 3263 911">
    <p class='ocr_par' dir='ltr' id='par_1_24' title="bbox 2247 838 3263 911">
     <span class='ocr_line' id='line_1_24' title="bbox 2247 838 3263 911; baseline 0.002 -17"><span class='ocrx_word' id='word_1_171' title='bbox 2247 840 2433 896; x_wconf 76' lang='lat' dir='ltr'><strong>direxit</strong></span> <span class='ocrx_word' id='word_1_172' title='bbox 2457 857 2661 911; x_wconf 82' lang='lat' dir='ltr'><strong>gressus</strong></span> <span class='ocrx_word' id='word_1_173' title='bbox 2685 856 2823 896; x_wconf 88' lang='lat' dir='ltr'><strong>meos</strong></span> <span class='ocrx_word' id='word_1_174' title='bbox 2852 838 3026 910; x_wconf 88' lang='lat' dir='ltr'><strong>(Psal.</strong></span> <span class='ocrx_word' id='word_1_175' title='bbox 3054 838 3263 909; x_wconf 77' lang='lat' dir='ltr'><strong>xxxix).</strong></span> 
     </span>
    </p>
   </div>
   <div class='ocr_carea' id='block_1_25' title="bbox 2843 973 3229 1031">
    <p class='ocr_par' dir='ltr' id='par_1_25' title="bbox 2843 973 3229 1031">
     <span class='ocr_line' id='line_1_25' title="bbox 2843 973 3229 1031; baseline -0.01 0"><span class='ocrx_word' id='word_1_176' title='bbox 2843 974 3070 1031; x_wconf 81' lang='lat' dir='ltr'><strong>CAPUT</strong></span> <span class='ocrx_word' id='word_1_177' title='bbox 3115 973 3229 1029; x_wconf 80' lang='lat' dir='ltr'><strong>VII.</strong></span> 
     </span>
    </p>
   </div>
   <div class='ocr_carea' id='block_1_26' title="bbox 2496 1086 3579 1159">
    <p class='ocr_par' dir='ltr' id='par_1_26' title="bbox 2496 1086 3579 1159">
     <span class='ocr_line' id='line_1_26' title="bbox 2496 1086 3579 1159; baseline -0.004 -16"><span class='ocrx_word' id='word_1_178' title='bbox 2496 1089 2575 1144; x_wconf 91' lang='lat' dir='ltr'><strong>De</strong></span> <span class='ocrx_word' id='word_1_179' title='bbox 2599 1089 2907 1157; x_wconf 66' lang='lat' dir='ltr'><strong>differentiis</strong></span> <span class='ocrx_word' id='word_1_180' title='bbox 2946 1098 2994 1143; x_wconf 88' lang='lat' dir='ltr'><strong>et</strong></span> <span class='ocrx_word' id='word_1_181' title='bbox 3026 1086 3274 1159; x_wconf 85' lang='lat' dir='ltr'><strong>gradibus</strong></span> <span class='ocrx_word' id='word_1_182' title='bbox 3304 1087 3579 1142; x_wconf 79' lang='lat' dir='ltr'><strong>castitatis.</strong></span> 
     </span>
    </p>
   </div>
   <div class='ocr_carea' id='block_1_27' title="bbox 2316 1196 3842 1293">
    <p class='ocr_par' dir='ltr' id='par_1_27' title="bbox 2316 1196 3842 1293">
     <span class='ocr_line' id='line_1_27' title="bbox 2316 1196 3842 1293; baseline -0.001 -13"><span class='ocrx_word' id='word_1_183' title='bbox 2316 1234 2343 1262; x_wconf 74' lang='grc'>⁸</span> <span class='ocrx_word' id='word_1_184' title='bbox 2384 1224 2537 1280; x_wconf 84' lang='lat' dir='ltr'><strong>Multi</strong></span> <span class='ocrx_word' id='word_1_185' title='bbox 2577 1233 2705 1279; x_wconf 91' lang='lat' dir='ltr'><strong>sunt</strong></span> <span class='ocrx_word' id='word_1_186' title='bbox 2746 1225 2891 1279; x_wconf 90' lang='lat' dir='ltr'><strong>enim</strong></span> <span class='ocrx_word' id='word_1_187' title='bbox 2920 1196 3277 1279; x_wconf 57' lang='lat' dir='ltr'><strong>castimonia;</strong></span> <span class='ocrx_word' id='word_1_188' title='bbox 3295 1223 3516 1293; x_wconf 88' lang='lat' dir='ltr'><strong>gradus,</strong></span> <span class='ocrx_word' id='word_1_189' title='bbox 3550 1221 3752 1292; x_wconf 87' lang='lat' dir='ltr'><strong>quibus</strong></span> <span class='ocrx_word' id='word_1_190' title='bbox 3776 1224 3842 1278; x_wconf 88' lang='lat' dir='ltr'><strong>ad</strong></span> 
     </span>
    </p>
   </div>
   <div class='ocr_carea' id='block_1_28' title="bbox 2244 1314 3843 1385">
    <p class='ocr_par' dir='ltr' id='par_1_28' title="bbox 2244 1314 3843 1385">
     <span class='ocr_line' id='line_1_28' title="bbox 2244 1314 3843 1385; baseline -0.004 -11"><span class='ocrx_word' id='word_1_191' title='bbox 2244 1319 2392 1374; x_wconf 90' lang='lat' dir='ltr'><strong>illam</strong></span> <span class='ocrx_word' id='word_1_192' title='bbox 2419 1316 2788 1374; x_wconf 85' lang='lat' dir='ltr'><strong>inviolabilem</strong></span> <span class='ocrx_word' id='word_1_193' title='bbox 2810 1315 3197 1371; x_wconf 85' lang='lat' dir='ltr'><strong>conscenditur</strong></span> <span class='ocrx_word' id='word_1_194' title='bbox 3217 1318 3533 1385; x_wconf 88' lang='lat' dir='ltr'><strong>puritatem,</strong></span> <span class='ocrx_word' id='word_1_195' title='bbox 3558 1329 3695 1385; x_wconf 89' lang='lat' dir='ltr'><strong>quos</strong></span> <span class='ocrx_word' id='word_1_196' title='bbox 3717 1314 3843 1371; x_wconf 86' lang='lat' dir='ltr'><strong>licet</strong></span> 
     </span>
    </p>
   </div>
   <div class='ocr_carea' id='block_1_29' title="bbox 2245 1406 3841 1481">
    <p class='ocr_par' dir='ltr' id='par_1_29' title="bbox 2245 1406 3841 1481">
     <span class='ocr_line' id='line_1_29' title="bbox 2245 1406 3841 1481; baseline -0.003 -16"><span class='ocrx_word' id='word_1_197' title='bbox 2245 1426 2346 1467; x_wconf 92' lang='lat' dir='ltr'><strong>nec</strong></span> <span class='ocrx_word' id='word_1_198' title='bbox 2376 1411 2709 1481; x_wconf 88' lang='lat' dir='ltr'><strong>perspicere,</strong></span> <span class='ocrx_word' id='word_1_199' title='bbox 2736 1423 2839 1464; x_wconf 89' lang='lat' dir='ltr'><strong>nec</strong></span> <span class='ocrx_word' id='word_1_200' title='bbox 2866 1409 3171 1471; x_wconf 85' lang='lat' dir='ltr'><strong>enuntiare,</strong></span> <span class='ocrx_word' id='word_1_201' title='bbox 3204 1415 3265 1461; x_wconf 91' lang='lat' dir='ltr'><strong>ut</strong></span> <span class='ocrx_word' id='word_1_202' title='bbox 3285 1406 3508 1476; x_wconf 88' lang='lat' dir='ltr'><strong>dignum</strong></span> <span class='ocrx_word' id='word_1_203' title='bbox 3537 1415 3644 1470; x_wconf 89' lang='lat' dir='ltr'><strong>est,</strong></span> <span class='ocrx_word' id='word_1_204' title='bbox 3674 1406 3841 1461; x_wconf 86' lang='lat' dir='ltr'><strong>virtus</strong></span> 
     </span>
    </p>
   </div>
   <div class='ocr_carea' id='block_1_30' title="bbox 2244 1498 3838 1570">
    <p class='ocr_par' dir='ltr' id='par_1_30' title="bbox 2244 1498 3838 1570">
     <span class='ocr_line' id='line_1_30' title="bbox 2244 1498 3838 1570; baseline -0.004 -11"><span class='ocrx_word' id='word_1_205' title='bbox 2244 1512 2430 1559; x_wconf 89' lang='lat' dir='ltr'><strong>nostra</strong></span> <span class='ocrx_word' id='word_1_206' title='bbox 2462 1502 2719 1569; x_wconf 90' lang='lat' dir='ltr'><strong>sufﬁciat,</strong></span> <span class='ocrx_word' id='word_1_207' title='bbox 2751 1509 2933 1556; x_wconf 88' lang='lat' dir='ltr'><strong>tamen</strong></span> <span class='ocrx_word' id='word_1_208' title='bbox 2964 1500 3092 1570; x_wconf 89' lang='lat' dir='ltr'><strong>quia</strong></span> <span class='ocrx_word' id='word_1_209' title='bbox 3114 1499 3287 1554; x_wconf 90' lang='lat' dir='ltr'><strong>series</strong></span> <span class='ocrx_word' id='word_1_210' title='bbox 3312 1498 3647 1554; x_wconf 88' lang='lat' dir='ltr'><strong>narrationis</strong></span> <span class='ocrx_word' id='word_1_211' title='bbox 3674 1515 3838 1569; x_wconf 83' lang='lat' dir='ltr'><strong>expo-</strong></span> 
     </span>
    </p>
   </div>
   <div class='ocr_carea' id='block_1_31' title="bbox 2243 1590 3839 1664">
    <p class='ocr_par' dir='ltr' id='par_1_31' title="bbox 2243 1590 3839 1664">
     <span class='ocr_line' id='line_1_31' title="bbox 2243 1590 3839 1664; baseline -0.003 -14"><span class='ocrx_word' id='word_1_212' title='bbox 2243 1596 2367 1664; x_wconf 87' lang='lat' dir='ltr'><strong>scit,</strong></span> <span class='ocrx_word' id='word_1_213' title='bbox 2412 1595 2710 1650; x_wconf 89' lang='lat' dir='ltr'><strong>secundum</strong></span> <span class='ocrx_word' id='word_1_214' title='bbox 2760 1593 3191 1649; x_wconf 86' lang='lat' dir='ltr'><strong>mediocritatem</strong></span> <span class='ocrx_word' id='word_1_215' title='bbox 3232 1590 3585 1662; x_wconf 72' lang='lat' dir='ltr'><strong>experientiae</strong></span> <span class='ocrx_word' id='word_1_216' title='bbox 3641 1601 3839 1646; x_wconf 63' lang='lat' dir='ltr'><strong>nostra</strong></span> 
     </span>
    </p>
   </div>
   <div class='ocr_carea' id='block_1_32' title="bbox 545 1676 3833 1758">
    <p class='ocr_par' dir='ltr' id='par_1_32' title="bbox 545 1676 3833 1758">
     <span class='ocr_line' id='line_1_32' title="bbox 545 1676 3833 1758; baseline -0.003 -21"><span class='ocrx_word' id='word_1_217' title='bbox 545 1682 727 1737; x_wconf 89' lang='lat' dir='ltr'><strong>cordis</strong></span> <span class='ocrx_word' id='word_1_218' title='bbox 769 1691 825 1737; x_wconf 91' lang='lat' dir='ltr'><strong>et</strong></span> <span class='ocrx_word' id='word_1_219' title='bbox 854 1681 1099 1750; x_wconf 90' lang='lat' dir='ltr'><strong>corporis</strong></span> <span class='ocrx_word' id='word_1_220' title='bbox 1130 1679 1369 1750; x_wconf 88' lang='lat' dir='ltr'><strong>puritate</strong></span> <span class='ocrx_word' id='word_1_221' title='bbox 1394 1677 1655 1747; x_wconf 88' lang='lat' dir='ltr'><strong>gaudere,</strong></span> <span class='ocrx_word' id='word_1_222' title='bbox 1700 1691 1927 1732; x_wconf 88' lang='lat' dir='ltr'><strong>necesse</strong></span> <span class='ocrx_word' id='word_1_223' title='bbox 1970 1684 2139 1731; x_wconf 84' lang='lat' dir='ltr'><strong>estut</strong></span> <span class='ocrx_word' id='word_1_224' title='bbox 2168 1676 2217 1738; x_wconf 90' lang='lat' dir='ltr'><strong>B</strong></span> <span class='ocrx_word' id='word_1_225' title='bbox 2244 1699 2537 1758; x_wconf 61' lang='lat' dir='ltr'><strong>uicumque</strong></span> <span class='ocrx_word' id='word_1_226' title='bbox 2592 1689 2839 1758; x_wconf 71' lang='lat' dir='ltr'><strong>proferre</strong></span> <span class='ocrx_word' id='word_1_227' title='bbox 2898 1686 3264 1752; x_wconf 65' lang='lat' dir='ltr'><strong>tentabimus,</strong></span> <span class='ocrx_word' id='word_1_228' title='bbox 3314 1694 3671 1739; x_wconf 60' lang='lat' dir='ltr'><strong>reservantes</strong></span> <span class='ocrx_word' id='word_1_229' title='bbox 3712 1700 3833 1755; x_wconf 63' lang='lat' dir='ltr'><strong>per.</strong></span> 
     </span>
    </p>
   </div>
   <div class='ocr_carea' id='block_1_33' title="bbox 544 1770 2133 1841">
    <p class='ocr_par' dir='ltr' id='par_1_33' title="bbox 544 1770 2133 1841">
     <span class='ocr_line' id='line_1_33' title="bbox 544 1770 2133 1841; baseline -0.002 -13"><span class='ocrx_word' id='word_1_230' title='bbox 544 1774 671 1828; x_wconf 91' lang='lat' dir='ltr'><strong>dum</strong></span> <span class='ocrx_word' id='word_1_231' title='bbox 702 1790 760 1829; x_wconf 90' lang='lat' dir='ltr'><strong>se</strong></span> <span class='ocrx_word' id='word_1_232' title='bbox 789 1773 963 1828; x_wconf 88' lang='lat' dir='ltr'><strong>credit</strong></span> <span class='ocrx_word' id='word_1_233' title='bbox 991 1773 1226 1827; x_wconf 90' lang='lat' dir='ltr'><strong>ulterius</strong></span> <span class='ocrx_word' id='word_1_234' title='bbox 1249 1771 1361 1841; x_wconf 90' lang='lat' dir='ltr'><strong>jam</strong></span> <span class='ocrx_word' id='word_1_235' title='bbox 1391 1785 1495 1825; x_wconf 92' lang='lat' dir='ltr'><strong>non</strong></span> <span class='ocrx_word' id='word_1_236' title='bbox 1526 1785 1687 1839; x_wconf 90' lang='lat' dir='ltr'><strong>posse</strong></span> <span class='ocrx_word' id='word_1_237' title='bbox 1721 1770 1789 1824; x_wconf 90' lang='lat' dir='ltr'><strong>ab</strong></span> <span class='ocrx_word' id='word_1_238' title='bbox 1820 1770 1907 1824; x_wconf 89' lang='lat' dir='ltr'><strong>illa</strong></span> <span class='ocrx_word' id='word_1_239' title='bbox 1951 1771 2133 1825; x_wconf 91' lang='lat' dir='ltr'><strong>since-</strong></span> 
     </span>
    </p>
   </div>
   <div class='ocr_carea' id='block_1_34' title="bbox 546 1861 2137 1932">
    <p class='ocr_par' dir='ltr' id='par_1_34' title="bbox 546 1861 2137 1932">
     <span class='ocr_line' id='line_1_34' title="bbox 546 1861 2137 1932; baseline -0.003 -11"><span class='ocrx_word' id='word_1_240' title='bbox 546 1868 707 1923; x_wconf 88' lang='lat' dir='ltr'><strong>ritate</strong></span> <span class='ocrx_word' id='word_1_241' title='bbox 734 1866 969 1931; x_wconf 87' lang='lat' dir='ltr'><strong>devolvi,</strong></span> <span class='ocrx_word' id='word_1_242' title='bbox 1016 1868 1158 1919; x_wconf 90' lang='lat' dir='ltr'><strong>intra</strong></span> <span class='ocrx_word' id='word_1_243' title='bbox 1192 1862 1548 1931; x_wconf 88' lang='lat' dir='ltr'><strong>semetipsum</strong></span> <span class='ocrx_word' id='word_1_244' title='bbox 1579 1861 1978 1929; x_wconf 86' lang='lat' dir='ltr'><strong>quodammodo</strong></span> <span class='ocrx_word' id='word_1_245' title='bbox 2020 1862 2137 1932; x_wconf 90' lang='lat' dir='ltr'><strong>glo-</strong></span> 
     </span>
    </p>
   </div>
   <div class='ocr_carea' id='block_1_35' title="bbox 542 1952 2135 2027">
    <p class='ocr_par' dir='ltr' id='par_1_35' title="bbox 542 1952 2135 2027">
     <span class='ocr_line' id='line_1_35' title="bbox 542 1952 2135 2027; baseline -0.005 -12"><span class='ocrx_word' id='word_1_246' title='bbox 542 1961 736 2026; x_wconf 90' lang='lat' dir='ltr'><strong>rietur,</strong></span> <span class='ocrx_word' id='word_1_247' title='bbox 772 1968 828 2014; x_wconf 91' lang='lat' dir='ltr'><strong>et</strong></span> <span class='ocrx_word' id='word_1_248' title='bbox 850 1958 1033 2012; x_wconf 87' lang='lat' dir='ltr'><strong>dicat:</strong></span> <span class='ocrx_word' id='word_1_249' title='bbox 1063 1955 1177 2027; x_wconf 85' lang='lat' dir='ltr'><strong>Ego</strong></span> <span class='ocrx_word' id='word_1_250' title='bbox 1221 1955 1330 2008; x_wconf 73' lang='lat' dir='ltr'><strong>dixi</strong></span> <span class='ocrx_word' id='word_1_251' title='bbox 1375 1955 1430 2008; x_wconf 88' lang='lat' dir='ltr'><strong>in</strong></span> <span class='ocrx_word' id='word_1_252' title='bbox 1480 1953 1797 2007; x_wconf 89' lang='lat' dir='ltr'><strong>abundantia</strong></span> <span class='ocrx_word' id='word_1_253' title='bbox 1839 1970 1974 2021; x_wconf 90' lang='lat' dir='ltr'><strong>mea,</strong></span> <span class='ocrx_word' id='word_1_254' title='bbox 2011 1952 2135 2007; x_wconf 82' lang='lat' dir='ltr'><strong>Non</strong></span> 
     </span>
    </p>
   </div>
   <div class='ocr_carea' id='block_1_36' title="bbox 541 2044 2132 2117">
    <p class='ocr_par' dir='ltr' id='par_1_36' title="bbox 541 2044 2132 2117">
     <span class='ocr_line' id='line_1_36' title="bbox 541 2044 2132 2117; baseline -0.004 -12"><span class='ocrx_word' id='word_1_255' title='bbox 541 2051 782 2105; x_wconf 87' lang='lat' dir='ltr'><strong>movebor</strong></span> <span class='ocrx_word' id='word_1_256' title='bbox 807 2050 861 2103; x_wconf 89' lang='lat' dir='ltr'><strong>in</strong></span> <span class='ocrx_word' id='word_1_257' title='bbox 883 2057 1134 2103; x_wconf 66' lang='lat' dir='ltr'><strong>internum</strong></span> <span class='ocrx_word' id='word_1_258' title='bbox 1164 2047 1336 2117; x_wconf 87' lang='lat' dir='ltr'><strong>(Psal.</strong></span> <span class='ocrx_word' id='word_1_259' title='bbox 1362 2044 1543 2116; x_wconf 74' lang='lat' dir='ltr'><strong>xxix).</strong></span> <span class='ocrx_word' id='word_1_260' title='bbox 1574 2044 1679 2100; x_wconf 92' lang='lat' dir='ltr'><strong>Sed</strong></span> <span class='ocrx_word' id='word_1_261' title='bbox 1722 2060 1843 2100; x_wconf 90' lang='lat' dir='ltr'><strong>cum</strong></span> <span class='ocrx_word' id='word_1_262' title='bbox 1876 2045 2079 2100; x_wconf 86' lang='lat' dir='ltr'><strong>utiliter</strong></span> <span class='ocrx_word' id='word_1_263' title='bbox 2103 2059 2132 2099; x_wconf 92' lang='lat' dir='ltr'><strong>a</strong></span> 
     </span>
    </p>
   </div>
   <div class='ocr_carea' id='block_1_37' title="bbox 540 2137 2135 2213">
    <p class='ocr_par' dir='ltr' id='par_1_37' title="bbox 540 2137 2135 2213">
     <span class='ocr_line' id='line_1_37' title="bbox 540 2137 2135 2213; baseline -0.005 -14"><span class='ocrx_word' id='word_1_264' title='bbox 540 2144 771 2199; x_wconf 89' lang='lat' dir='ltr'><strong>Domino</strong></span> <span class='ocrx_word' id='word_1_265' title='bbox 799 2142 1131 2198; x_wconf 90' lang='lat' dir='ltr'><strong>subrelictus</strong></span> <span class='ocrx_word' id='word_1_266' title='bbox 1161 2141 1334 2213; x_wconf 88' lang='lat' dir='ltr'><strong>[Lips.</strong></span> <span class='ocrx_word' id='word_1_267' title='bbox 1358 2143 1415 2194; x_wconf 90' lang='lat' dir='ltr'><strong>in</strong></span> <span class='ocrx_word' id='word_1_268' title='bbox 1439 2146 1608 2210; x_wconf 82' lang='lat' dir='ltr'><strong>marg.</strong></span> <span class='ocrx_word' id='word_1_269' title='bbox 1639 2139 1743 2192; x_wconf 88' lang='lat' dir='ltr'><strong>sibi</strong></span> <span class='ocrx_word' id='word_1_270' title='bbox 1774 2139 2025 2201; x_wconf 85' lang='lat' dir='ltr'><strong>relictus,</strong></span> <span class='ocrx_word' id='word_1_271' title='bbox 2056 2137 2135 2191; x_wconf 88' lang='lat' dir='ltr'><strong>vel</strong></span> 
     </span>
    </p>
   </div>
   <div class='ocr_carea' id='block_1_38' title="bbox 537 2228 2135 2303">
    <p class='ocr_par' dir='ltr' id='par_1_38' title="bbox 537 2228 2135 2303">
     <span class='ocr_line' id='line_1_38' title="bbox 537 2228 2135 2303; baseline -0.004 -13"><span class='ocrx_word' id='word_1_272' title='bbox 537 2234 718 2290; x_wconf 87' lang='lat' dir='ltr'><strong>subito</strong></span> <span class='ocrx_word' id='word_1_273' title='bbox 747 2229 988 2303; x_wconf 90' lang='lat' dir='ltr'><strong>relictus]</strong></span> <span class='ocrx_word' id='word_1_274' title='bbox 1012 2230 1163 2285; x_wconf 92' lang='lat' dir='ltr'><strong>illum</strong></span> <span class='ocrx_word' id='word_1_275' title='bbox 1191 2230 1441 2300; x_wconf 86' lang='lat' dir='ltr'><strong>puritatis</strong></span> <span class='ocrx_word' id='word_1_276' title='bbox 1474 2238 1673 2283; x_wconf 91' lang='lat' dir='ltr'><strong>statum</strong></span> <span class='ocrx_word' id='word_1_277' title='bbox 1696 2229 1748 2282; x_wconf 90' lang='lat' dir='ltr'><strong>in</strong></span> <span class='ocrx_word' id='word_1_278' title='bbox 1775 2243 1882 2297; x_wconf 92' lang='lat' dir='ltr'><strong>quo</strong></span> <span class='ocrx_word' id='word_1_279' title='bbox 1916 2228 2135 2283; x_wconf 85' lang='lat' dir='ltr'><strong>sibimet</strong></span> 
     </span>
    </p>
   </div>
   <div class='ocr_carea' id='block_1_39' title="bbox 539 2323 2135 2394">
    <p class='ocr_par' dir='ltr' id='par_1_39' title="bbox 539 2323 2135 2394">
     <span class='ocr_line' id='line_1_39' title="bbox 539 2323 2135 2394; baseline -0.005 -10"><span class='ocrx_word' id='word_1_280' title='bbox 539 2327 869 2394; x_wconf 89' lang='lat' dir='ltr'><strong>conﬁdebat,</strong></span> <span class='ocrx_word' id='word_1_281' title='bbox 904 2326 1137 2381; x_wconf 88' lang='lat' dir='ltr'><strong>senserit</strong></span> <span class='ocrx_word' id='word_1_282' title='bbox 1167 2324 1497 2394; x_wconf 84' lang='lat' dir='ltr'><strong>perturbari,</strong></span> <span class='ocrx_word' id='word_1_283' title='bbox 1532 2338 1765 2393; x_wconf 87' lang='lat' dir='ltr'><strong>seseque</strong></span> <span class='ocrx_word' id='word_1_284' title='bbox 1808 2323 1857 2377; x_wconf 93' lang='lat' dir='ltr'><strong>in</strong></span> <span class='ocrx_word' id='word_1_285' title='bbox 1900 2323 1996 2377; x_wconf 92' lang='lat' dir='ltr'><strong>illo</strong></span> <span class='ocrx_word' id='word_1_286' title='bbox 2024 2323 2135 2392; x_wconf 91' lang='lat' dir='ltr'><strong>spi-</strong></span> 
     </span>
    </p>
   </div>
   <div class='ocr_carea' id='block_1_40' title="bbox 538 2415 2132 2485">
    <p class='ocr_par' dir='ltr' id='par_1_40' title="bbox 538 2415 2132 2485">
     <span class='ocr_line' id='line_1_40' title="bbox 538 2415 2132 2485; baseline -0.003 -10"><span class='ocrx_word' id='word_1_287' title='bbox 538 2421 681 2476; x_wconf 86' lang='lat' dir='ltr'><strong>ritali</strong></span> <span class='ocrx_word' id='word_1_288' title='bbox 706 2419 904 2474; x_wconf 89' lang='lat' dir='ltr'><strong>viderit</strong></span> <span class='ocrx_word' id='word_1_289' title='bbox 933 2419 1165 2473; x_wconf 89' lang='lat' dir='ltr'><strong>titubare</strong></span> <span class='ocrx_word' id='word_1_290' title='bbox 1196 2431 1473 2482; x_wconf 89' lang='lat' dir='ltr'><strong>successu,</strong></span> <span class='ocrx_word' id='word_1_291' title='bbox 1506 2424 1759 2472; x_wconf 90' lang='lat' dir='ltr'><strong>recurrat</strong></span> <span class='ocrx_word' id='word_1_292' title='bbox 1791 2416 2037 2485; x_wconf 86' lang='lat' dir='ltr'><strong>protinus</strong></span> <span class='ocrx_word' id='word_1_293' title='bbox 2063 2415 2132 2471; x_wconf 89' lang='lat' dir='ltr'><strong>ad</strong></span> 
     </span>
    </p>
   </div>
   <div class='ocr_carea' id='block_1_41' title="bbox 538 2507 2130 2578">
    <p class='ocr_par' dir='ltr' id='par_1_41' title="bbox 538 2507 2130 2578">
     <span class='ocr_line' id='line_1_41' title="bbox 538 2507 2130 2578; baseline -0.003 -11"><span class='ocrx_word' id='word_1_294' title='bbox 538 2511 688 2567; x_wconf 81' lang='lat' dir='ltr'><strong>illius</strong></span> <span class='ocrx_word' id='word_1_295' title='bbox 719 2510 1048 2578; x_wconf 88' lang='lat' dir='ltr'><strong>integritatis</strong></span> <span class='ocrx_word' id='word_1_296' title='bbox 1074 2518 1377 2574; x_wconf 89' lang='lat' dir='ltr'><strong>auctorem,</strong></span> <span class='ocrx_word' id='word_1_297' title='bbox 1417 2516 1470 2562; x_wconf 90' lang='lat' dir='ltr'><strong>et</strong></span> <span class='ocrx_word' id='word_1_298' title='bbox 1498 2521 1798 2577; x_wconf 88' lang='lat' dir='ltr'><strong>agnoscens</strong></span> <span class='ocrx_word' id='word_1_299' title='bbox 1843 2507 2130 2562; x_wconf 88' lang='lat' dir='ltr'><strong>inﬁrmita-</strong></span> 
     </span>
    </p>
   </div>
   <div class='ocr_carea' id='block_1_42' title="bbox 538 2597 2129 2666">
    <p class='ocr_par' dir='ltr' id='par_1_42' title="bbox 538 2597 2129 2666">
     <span class='ocr_line' id='line_1_42' title="bbox 538 2597 2129 2666; baseline -0.002 -11"><span class='ocrx_word' id='word_1_300' title='bbox 538 2611 648 2657; x_wconf 91' lang='lat' dir='ltr'><strong>tem</strong></span> <span class='ocrx_word' id='word_1_301' title='bbox 679 2615 856 2664; x_wconf 92' lang='lat' dir='ltr'><strong>suam,</strong></span> <span class='ocrx_word' id='word_1_302' title='bbox 886 2599 1212 2655; x_wconf 84' lang='lat' dir='ltr'><strong>conﬁteatur</strong></span> <span class='ocrx_word' id='word_1_303' title='bbox 1232 2609 1286 2654; x_wconf 91' lang='lat' dir='ltr'><strong>et</strong></span> <span class='ocrx_word' id='word_1_304' title='bbox 1307 2598 1453 2653; x_wconf 89' lang='lat' dir='ltr'><strong>dicat</strong></span> <span class='ocrx_word' id='word_1_305' title='bbox 1474 2614 1489 2652; x_wconf 88' lang='lat'><strong>:</strong></span> <span class='ocrx_word' id='word_1_306' title='bbox 1514 2597 1757 2662; x_wconf 87' lang='lat' dir='ltr'><strong>Domine,</strong></span> <span class='ocrx_word' id='word_1_307' title='bbox 1777 2614 1881 2653; x_wconf 88' lang='lat' dir='ltr'><strong>non</strong></span> <span class='ocrx_word' id='word_1_308' title='bbox 1908 2600 1962 2653; x_wconf 89' lang='lat' dir='ltr'><strong>in</strong></span> <span class='ocrx_word' id='word_1_309' title='bbox 1994 2616 2129 2666; x_wconf 88' lang='lat' dir='ltr'><strong>mea,</strong></span> 
     </span>
    </p>
   </div>
   <div class='ocr_carea' id='block_1_43' title="bbox 539 2692 2128 2764">
    <p class='ocr_par' dir='ltr' id='par_1_43' title="bbox 539 2692 2128 2764">
     <span class='ocr_line' id='line_1_43' title="bbox 539 2692 2128 2764; baseline -0.001 -16"><span class='ocrx_word' id='word_1_310' title='bbox 539 2695 629 2749; x_wconf 88' lang='lat' dir='ltr'><strong>sed</strong></span> <span class='ocrx_word' id='word_1_311' title='bbox 670 2696 727 2747; x_wconf 90' lang='lat' dir='ltr'><strong>in</strong></span> <span class='ocrx_word' id='word_1_312' title='bbox 752 2703 843 2747; x_wconf 89' lang='lat' dir='ltr'><strong>tua</strong></span> <span class='ocrx_word' id='word_1_313' title='bbox 870 2694 1149 2761; x_wconf 83' lang='lat' dir='ltr'><strong>voluntate,</strong></span> <span class='ocrx_word' id='word_1_314' title='bbox 1183 2693 1468 2764; x_wconf 70' lang='lat' dir='ltr'><strong>praestitisti</strong></span> <span class='ocrx_word' id='word_1_315' title='bbox 1509 2692 1683 2747; x_wconf 89' lang='lat' dir='ltr'><strong>decori</strong></span> <span class='ocrx_word' id='word_1_316' title='bbox 1711 2708 1823 2747; x_wconf 88' lang='lat' dir='ltr'><strong>meo</strong></span> <span class='ocrx_word' id='word_1_317' title='bbox 1867 2693 2128 2747; x_wconf 83' lang='lat' dir='ltr'><strong>virtutem.</strong></span> 
     </span>
    </p>
   </div>
   <div class='ocr_carea' id='block_1_44' title="bbox 538 2787 2131 2857">
    <p class='ocr_par' dir='ltr' id='par_1_44' title="bbox 538 2787 2131 2857">
     <span class='ocr_line' id='line_1_44' title="bbox 538 2787 2131 2857; baseline -0.001 -15"><span class='ocrx_word' id='word_1_318' title='bbox 538 2787 777 2841; x_wconf 85' lang='lat' dir='ltr'><strong>Avertisti</strong></span> <span class='ocrx_word' id='word_1_319' title='bbox 801 2787 984 2857; x_wconf 83' lang='lat' dir='ltr'><strong>faciem</strong></span> <span class='ocrx_word' id='word_1_320' title='bbox 1012 2795 1151 2841; x_wconf 91' lang='lat' dir='ltr'><strong>tuam</strong></span> <span class='ocrx_word' id='word_1_321' title='bbox 1178 2802 1211 2839; x_wconf 94' lang='lat' dir='ltr'><strong><em>a</em></strong></span> <span class='ocrx_word' id='word_1_322' title='bbox 1235 2802 1335 2852; x_wconf 90' lang='lat' dir='ltr'><strong>me,</strong></span> <span class='ocrx_word' id='word_1_323' title='bbox 1372 2795 1418 2840; x_wconf 91' lang='lat' dir='ltr'><strong>et</strong></span> <span class='ocrx_word' id='word_1_324' title='bbox 1445 2788 1613 2856; x_wconf 79' lang='lat' dir='ltr'><strong>factus</strong></span> <span class='ocrx_word' id='word_1_325' title='bbox 1644 2802 1755 2840; x_wconf 90' lang='lat' dir='ltr'><strong>sum</strong></span> <span class='ocrx_word' id='word_1_326' title='bbox 1796 2787 2131 2841; x_wconf 84' lang='lat' dir='ltr'><strong>conturbatus</strong></span> 
     </span>
    </p>
   </div>
   <div class='ocr_carea' id='block_1_45' title="bbox 539 2878 2133 2951">
    <p class='ocr_par' dir='ltr' id='par_1_45' title="bbox 539 2878 2133 2951">
     <span class='ocr_line' id='line_1_45' title="bbox 539 2878 2133 2951; baseline -0.001 -17"><span class='ocrx_word' id='word_1_327' title='bbox 539 2878 763 2951; x_wconf 85' lang='lat' dir='ltr'><strong>(lbid.).</strong></span> <span class='ocrx_word' id='word_1_328' title='bbox 795 2879 925 2934; x_wconf 91' lang='lat' dir='ltr'><strong>Illud</strong></span> <span class='ocrx_word' id='word_1_329' title='bbox 954 2895 1171 2950; x_wconf 90' lang='lat' dir='ltr'><strong>quoque</strong></span> <span class='ocrx_word' id='word_1_330' title='bbox 1201 2879 1348 2935; x_wconf 88' lang='lat' dir='ltr'><strong>beati</strong></span> <span class='ocrx_word' id='word_1_331' title='bbox 1373 2879 1475 2935; x_wconf 86' lang='lat' dir='ltr'><strong>Job</strong></span> <span class='ocrx_word' id='word_1_332' title='bbox 1502 2898 1515 2935; x_wconf 90' lang='lat'><strong>:</strong></span> <span class='ocrx_word' id='word_1_333' title='bbox 1541 2879 1601 2935; x_wconf 90' lang='lat' dir='ltr'><strong>Si</strong></span> <span class='ocrx_word' id='word_1_334' title='bbox 1631 2881 1767 2934; x_wconf 88' lang='lat' dir='ltr'><strong>lotus</strong></span> <span class='ocrx_word' id='word_1_335' title='bbox 1808 2882 1955 2951; x_wconf 78' lang='lat' dir='ltr'><strong>fuero</strong></span> <span class='ocrx_word' id='word_1_336' title='bbox 1984 2882 2133 2949; x_wconf 86' lang='lat' dir='ltr'><strong>quasi</strong></span> 
     </span>
    </p>
   </div>
   <div class='ocr_carea' id='block_1_46' title="bbox 536 2972 2125 3043">
    <p class='ocr_par' dir='ltr' id='par_1_46' title="bbox 536 2972 2125 3043">
     <span class='ocr_line' id='line_1_46' title="bbox 536 2972 2125 3043; baseline 0.001 -17"><span class='ocrx_word' id='word_1_337' title='bbox 536 2974 684 3043; x_wconf 88' lang='lat' dir='ltr'><strong>aquis</strong></span> <span class='ocrx_word' id='word_1_338' title='bbox 716 2973 867 3033; x_wconf 87' lang='lat' dir='ltr'><strong>nivis,</strong></span> <span class='ocrx_word' id='word_1_339' title='bbox 899 2980 946 3026; x_wconf 85' lang='lat' dir='ltr'><strong>et</strong></span> <span class='ocrx_word' id='word_1_340' title='bbox 971 2973 1207 3041; x_wconf 77' lang='lat' dir='ltr'><strong>fulserint</strong></span> <span class='ocrx_word' id='word_1_341' title='bbox 1232 2973 1365 3026; x_wconf 90' lang='lat' dir='ltr'><strong>velut</strong></span> <span class='ocrx_word' id='word_1_342' title='bbox 1394 2972 1750 3026; x_wconf 75' lang='lat' dir='ltr'><strong>mundissima:</strong></span> <span class='ocrx_word' id='word_1_343' title='bbox 1770 2989 1958 3027; x_wconf 88' lang='lat' dir='ltr'><strong>manus</strong></span> <span class='ocrx_word' id='word_1_344' title='bbox 1982 2989 2125 3040; x_wconf 73' lang='lat' dir='ltr'><strong>mete,</strong></span> 
     </span>
    </p>
   </div>
   <div class='ocr_carea' id='block_1_47' title="bbox 2241 1774 3830 1850">
    <p class='ocr_par' dir='ltr' id='par_1_47' title="bbox 2241 1774 3830 1850">
     <span class='ocr_line' id='line_1_47' title="bbox 2241 1774 3830 1850; baseline -0.004 -12"><span class='ocrx_word' id='word_1_345' title='bbox 2241 1782 2469 1838; x_wconf 73' lang='lat' dir='ltr'><strong>tectiora</strong></span> <span class='ocrx_word' id='word_1_346' title='bbox 2498 1779 2784 1850; x_wconf 88' lang='lat' dir='ltr'><strong>perlectis,</strong></span> <span class='ocrx_word' id='word_1_347' title='bbox 2819 1792 2920 1834; x_wconf 91' lang='lat' dir='ltr'><strong>nec</strong></span> <span class='ocrx_word' id='word_1_348' title='bbox 2946 1776 3366 1849; x_wconf 78' lang='lat' dir='ltr'><strong>pracjudicantes</strong></span> <span class='ocrx_word' id='word_1_349' title='bbox 3395 1775 3479 1830; x_wconf 91' lang='lat' dir='ltr'><strong>bis</strong></span> <span class='ocrx_word' id='word_1_350' title='bbox 3502 1778 3592 1845; x_wconf 87' lang='lat' dir='ltr'><strong>qui</strong></span> <span class='ocrx_word' id='word_1_351' title='bbox 3620 1774 3830 1831; x_wconf 83' lang='lat' dir='ltr'><strong>ferven—</strong></span> 
     </span>
    </p>
   </div>
   <div class='ocr_carea' id='block_1_48' title="bbox 2238 1865 3829 1941">
    <p class='ocr_par' dir='ltr' id='par_1_48' title="bbox 2238 1865 3829 1941">
     <span class='ocr_line' id='line_1_48' title="bbox 2238 1865 3829 1941; baseline -0.005 -12"><span class='ocrx_word' id='word_1_352' title='bbox 2238 1874 2377 1930; x_wconf 90' lang='lat' dir='ltr'><strong>tiore</strong></span> <span class='ocrx_word' id='word_1_353' title='bbox 2437 1872 2616 1927; x_wconf 87' lang='lat' dir='ltr'><strong>studio</strong></span> <span class='ocrx_word' id='word_1_354' title='bbox 2674 1871 2949 1941; x_wconf 91' lang='lat' dir='ltr'><strong>puriorem</strong></span> <span class='ocrx_word' id='word_1_355' title='bbox 3001 1866 3381 1923; x_wconf 87' lang='lat' dir='ltr'><strong>castimoniam</strong></span> <span class='ocrx_word' id='word_1_356' title='bbox 3448 1865 3829 1935; x_wconf 86' lang='lat' dir='ltr'><strong>possidentes.</strong></span> 
     </span>
    </p>
   </div>
   <div class='ocr_carea' id='block_1_49' title="bbox 2238 1957 3830 2035">
    <p class='ocr_par' dir='ltr' id='par_1_49' title="bbox 2238 1957 3830 2035">
     <span class='ocr_line' id='line_1_49' title="bbox 2238 1957 3830 2035; baseline -0.006 -15"><span class='ocrx_word' id='word_1_357' title='bbox 2238 1972 2445 2035; x_wconf 92' lang='lat' dir='ltr'><strong>quanto</strong></span> <span class='ocrx_word' id='word_1_358' title='bbox 2476 1961 2704 2032; x_wconf 87' lang='lat' dir='ltr'><strong>majoris</strong></span> <span class='ocrx_word' id='word_1_359' title='bbox 2736 1960 3019 2017; x_wconf 63' lang='lat' dir='ltr'><strong>industriae</strong></span> <span class='ocrx_word' id='word_1_360' title='bbox 3040 1968 3193 2027; x_wconf 78' lang='lat' dir='ltr'><strong>simt,</strong></span> <span class='ocrx_word' id='word_1_361' title='bbox 3220 1965 3374 2014; x_wconf 82' lang='lat' dir='ltr'><strong>tanto</strong></span> <span class='ocrx_word' id='word_1_362' title='bbox 3415 1959 3580 2013; x_wconf 89' lang='lat' dir='ltr'><strong>etiam</strong></span> <span class='ocrx_word' id='word_1_363' title='bbox 3620 1957 3830 2026; x_wconf 88' lang='lat' dir='ltr'><strong>perspi—</strong></span> 
     </span>
    </p>
   </div>
   <div class='ocr_carea' id='block_1_50' title="bbox 2237 2050 3829 2127">
    <p class='ocr_par' dir='ltr' id='par_1_50' title="bbox 2237 2050 3829 2127">
     <span class='ocr_line' id='line_1_50' title="bbox 2237 2050 3829 2127; baseline -0.004 -15"><span class='ocrx_word' id='word_1_364' title='bbox 2237 2056 2401 2113; x_wconf 69' lang='lat' dir='ltr'><strong>caciaa</strong></span> <span class='ocrx_word' id='word_1_365' title='bbox 2428 2056 2617 2127; x_wconf 88' lang='lat' dir='ltr'><strong>vigore</strong></span> <span class='ocrx_word' id='word_1_366' title='bbox 2647 2053 2991 2126; x_wconf 55' lang='lat' dir='ltr'><strong>praecellunt.</strong></span> <span class='ocrx_word' id='word_1_367' title='bbox 3025 2052 3261 2107; x_wconf 85' lang='lat' dir='ltr'><strong>Proinde</strong></span> <span class='ocrx_word' id='word_1_368' title='bbox 3292 2066 3391 2107; x_wconf 88' lang='lat' dir='ltr'><strong>sex</strong></span> <span class='ocrx_word' id='word_1_369' title='bbox 3421 2050 3671 2122; x_wconf 88' lang='lat' dir='ltr'><strong>gradibus</strong></span> <span class='ocrx_word' id='word_1_370' title='bbox 3700 2050 3829 2106; x_wconf 90' lang='lat' dir='ltr'><strong>licet</strong></span> 
     </span>
    </p>
   </div>
   <div class='ocr_carea' id='block_1_51' title="bbox 2239 2145 3827 2215">
    <p class='ocr_par' dir='ltr' id='par_1_51' title="bbox 2239 2145 3827 2215">
     <span class='ocr_line' id='line_1_51' title="bbox 2239 2145 3827 2215; baseline -0.005 -10"><span class='ocrx_word' id='word_1_371' title='bbox 2239 2150 2404 2205; x_wconf 90' lang='lat' dir='ltr'><strong>multa</strong></span> <span class='ocrx_word' id='word_1_372' title='bbox 2435 2164 2463 2202; x_wconf 90' lang='lat' dir='ltr'><strong>a</strong></span> <span class='ocrx_word' id='word_1_373' title='bbox 2495 2164 2554 2204; x_wconf 87' lang='lat' dir='ltr'><strong>se</strong></span> <span class='ocrx_word' id='word_1_374' title='bbox 2580 2149 2815 2204; x_wconf 90' lang='lat' dir='ltr'><strong>invicem</strong></span> <span class='ocrx_word' id='word_1_375' title='bbox 2849 2147 3187 2202; x_wconf 91' lang='lat' dir='ltr'><strong>sublimitate</strong></span> <span class='ocrx_word' id='word_1_376' title='bbox 3223 2145 3587 2212; x_wconf 86' lang='lat' dir='ltr'><strong>distantibus,</strong></span> <span class='ocrx_word' id='word_1_377' title='bbox 3617 2145 3827 2215; x_wconf 80' lang='lat' dir='ltr'><strong>fastigia</strong></span> 
     </span>
    </p>
   </div>
   <div class='ocr_carea' id='block_1_52' title="bbox 2239 2237 3831 2310">
    <p class='ocr_par' dir='ltr' id='par_1_52' title="bbox 2239 2237 3831 2310">
     <span class='ocr_line' id='line_1_52' title="bbox 2239 2237 3831 2310; baseline -0.003 -15"><span class='ocrx_word' id='word_1_378' title='bbox 2239 2240 2507 2297; x_wconf 91' lang='lat' dir='ltr'><strong>castitatis</strong></span> <span class='ocrx_word' id='word_1_379' title='bbox 2545 2241 2806 2310; x_wconf 80' lang='lat' dir='ltr'><strong>praecelsa</strong></span> <span class='ocrx_word' id='word_1_380' title='bbox 2842 2238 3204 2308; x_wconf 87' lang='lat' dir='ltr'><strong>distinguam,</strong></span> <span class='ocrx_word' id='word_1_381' title='bbox 3248 2237 3323 2293; x_wconf 88' lang='lat' dir='ltr'><strong>ita</strong></span> <span class='ocrx_word' id='word_1_382' title='bbox 3370 2247 3428 2292; x_wconf 92' lang='lat' dir='ltr'><strong>nt</strong></span> <span class='ocrx_word' id='word_1_383' title='bbox 3466 2237 3642 2293; x_wconf 86' lang='lat' dir='ltr'><strong>media</strong></span> <span class='ocrx_word' id='word_1_384' title='bbox 3684 2251 3831 2307; x_wconf 66' lang='lat' dir='ltr'><strong>qum—</strong></span> 
     </span>
    </p>
   </div>
   <div class='ocr_carea' id='block_1_53' title="bbox 2236 2330 3829 2402">
    <p class='ocr_par' dir='ltr' id='par_1_53' title="bbox 2236 2330 3829 2402">
     <span class='ocr_line' id='line_1_53' title="bbox 2236 2330 3829 2402; baseline -0.001 -16"><span class='ocrx_word' id='word_1_385' title='bbox 2236 2333 2382 2395; x_wconf 87' lang='lat' dir='ltr'><strong>dam,</strong></span> <span class='ocrx_word' id='word_1_386' title='bbox 2414 2347 2535 2402; x_wconf 71' lang='lat' dir='ltr'><strong>qua:</strong></span> <span class='ocrx_word' id='word_1_387' title='bbox 2555 2340 2741 2386; x_wconf 88' lang='lat' dir='ltr'><strong>tamen</strong></span> <span class='ocrx_word' id='word_1_388' title='bbox 2777 2332 2943 2385; x_wconf 90' lang='lat' dir='ltr'><strong>multa</strong></span> <span class='ocrx_word' id='word_1_389' title='bbox 2970 2339 3118 2395; x_wconf 92' lang='lat' dir='ltr'><strong>sunt,</strong></span> <span class='ocrx_word' id='word_1_390' title='bbox 3141 2330 3573 2400; x_wconf 62' lang='lat' dir='ltr'><strong>prastermittam,</strong></span> <span class='ocrx_word' id='word_1_391' title='bbox 3597 2345 3829 2399; x_wconf 88' lang='lat' dir='ltr'><strong>quorum</strong></span> 
     </span>
    </p>
   </div>
   <div class='ocr_carea' id='block_1_54' title="bbox 2235 2421 3829 2490">
    <p class='ocr_par' dir='ltr' id='par_1_54' title="bbox 2235 2421 3829 2490">
     <span class='ocr_line' id='line_1_54' title="bbox 2235 2421 3829 2490; baseline -0.003 -11"><span class='ocrx_word' id='word_1_392' title='bbox 2235 2424 2510 2479; x_wconf 87' lang='lat' dir='ltr'><strong>subtilitas</strong></span> <span class='ocrx_word' id='word_1_393' title='bbox 2531 2424 2602 2478; x_wconf 90' lang='lat' dir='ltr'><strong>ita</strong></span> <span class='ocrx_word' id='word_1_394' title='bbox 2628 2424 2897 2478; x_wconf 87' lang='lat' dir='ltr'><strong>humanos</strong></span> <span class='ocrx_word' id='word_1_395' title='bbox 2922 2421 3250 2490; x_wconf 84' lang='lat' dir='ltr'><strong>subterlugit</strong></span> <span class='ocrx_word' id='word_1_396' title='bbox 3270 2434 3473 2484; x_wconf 88' lang='lat' dir='ltr'><strong>sensus,</strong></span> <span class='ocrx_word' id='word_1_397' title='bbox 3497 2428 3553 2473; x_wconf 90' lang='lat' dir='ltr'><strong>ut</strong></span> <span class='ocrx_word' id='word_1_398' title='bbox 3575 2434 3695 2474; x_wconf 87' lang='lat' dir='ltr'><strong>eam</strong></span> <span class='ocrx_word' id='word_1_399' title='bbox 3731 2434 3829 2475; x_wconf 83' lang='lat' dir='ltr'><strong>nec</strong></span> 
     </span>
    </p>
   </div>
   <div class='ocr_carea' id='block_1_55' title="bbox 2237 2510 3814 2587">
    <p class='ocr_par' dir='ltr' id='par_1_55' title="bbox 2237 2510 3814 2587">
     <span class='ocr_line' id='line_1_55' title="bbox 2237 2510 3814 2587; baseline -0.004 -15"><span class='ocrx_word' id='word_1_400' title='bbox 2237 2532 2389 2573; x_wconf 88' lang='lat' dir='ltr'><strong>mens</strong></span> <span class='ocrx_word' id='word_1_401' title='bbox 2429 2517 2737 2587; x_wconf 90' lang='lat' dir='ltr'><strong>inspicere,</strong></span> <span class='ocrx_word' id='word_1_402' title='bbox 2787 2530 2967 2586; x_wconf 88' lang='lat' dir='ltr'><strong>neque</strong></span> <span class='ocrx_word' id='word_1_403' title='bbox 3006 2513 3256 2584; x_wconf 88' lang='lat' dir='ltr'><strong>proloqui</strong></span> <span class='ocrx_word' id='word_1_404' title='bbox 3292 2512 3456 2581; x_wconf 88' lang='lat' dir='ltr'><strong>lingua</strong></span> <span class='ocrx_word' id='word_1_405' title='bbox 3485 2510 3814 2579; x_wconf 68' lang='lat' dir='ltr'><strong>praevaleat,</strong></span> 
     </span>
    </p>
   </div>
   <div class='ocr_carea' id='block_1_56' title="bbox 2237 2593 3823 2680">
    <p class='ocr_par' dir='ltr' id='par_1_56' title="bbox 2237 2593 3823 2680">
     <span class='ocr_line' id='line_1_56' title="bbox 2237 2593 3823 2680; baseline -0.004 -15"><span class='ocrx_word' id='word_1_406' title='bbox 2237 2611 2436 2680; x_wconf 86' lang='lat' dir='ltr'><strong>quibus</strong></span> <span class='ocrx_word' id='word_1_407' title='bbox 2459 2612 2662 2665; x_wconf 87' lang='lat' dir='ltr'><strong>sensim</strong></span> <span class='ocrx_word' id='word_1_408' title='bbox 2698 2593 2968 2664; x_wconf 53' lang='lat' dir='ltr'><strong>castitatis</strong></span> <span class='ocrx_word' id='word_1_409' title='bbox 3011 2608 3182 2677; x_wconf 91' lang='lat' dir='ltr'><strong>ipsius</strong></span> <span class='ocrx_word' id='word_1_410' title='bbox 3207 2605 3456 2678; x_wconf 80' lang='lat' dir='ltr'><strong>pet-lectio</strong></span> <span class='ocrx_word' id='word_1_411' title='bbox 3487 2603 3823 2672; x_wconf 82' lang='lat' dir='ltr'><strong>quotidianis</strong></span> 
     </span>
    </p>
   </div>
   <div class='ocr_carea' id='block_1_57' title="bbox 2234 2698 3827 2773">
    <p class='ocr_par' dir='ltr' id='par_1_57' title="bbox 2234 2698 3827 2773">
     <span class='ocr_line' id='line_1_57' title="bbox 2234 2698 3827 2773; baseline -0.003 -16"><span class='ocrx_word' id='word_1_412' title='bbox 2234 2702 2575 2773; x_wconf 90' lang='lat' dir='ltr'><strong>profectibus</strong></span> <span class='ocrx_word' id='word_1_413' title='bbox 2599 2702 2888 2767; x_wconf 90' lang='lat' dir='ltr'><strong>adolescit,</strong></span> <span class='ocrx_word' id='word_1_414' title='bbox 2913 2700 3211 2757; x_wconf 89' lang='lat' dir='ltr'><strong>secundum</strong></span> <span class='ocrx_word' id='word_1_415' title='bbox 3233 2698 3645 2755; x_wconf 88' lang='lat' dir='ltr'><strong>similitudinem</strong></span> <span class='ocrx_word' id='word_1_416' title='bbox 3669 2712 3827 2753; x_wconf 88' lang='lat' dir='ltr'><strong>nam-</strong></span> 
     </span>
    </p>
   </div>
   <div class='ocr_carea' id='block_1_58' title="bbox 2238 2790 3826 2864">
    <p class='ocr_par' dir='ltr' id='par_1_58' title="bbox 2238 2790 3826 2864">
     <span class='ocr_line' id='line_1_58' title="bbox 2238 2790 3826 2864; baseline -0.002 -16"><span class='ocrx_word' id='word_1_417' title='bbox 2238 2810 2344 2863; x_wconf 92' lang='lat' dir='ltr'><strong>que</strong></span> <span class='ocrx_word' id='word_1_418' title='bbox 2388 2810 2675 2864; x_wconf 90' lang='lat' dir='ltr'><strong>corporum</strong></span> <span class='ocrx_word' id='word_1_419' title='bbox 2727 2803 3108 2858; x_wconf 89' lang='lat' dir='ltr'><strong>terrenorum,</strong></span> <span class='ocrx_word' id='word_1_420' title='bbox 3164 2807 3287 2863; x_wconf 63' lang='lat' dir='ltr'><strong>qua</strong></span> <span class='ocrx_word' id='word_1_421' title='bbox 3352 2792 3579 2863; x_wconf 88' lang='lat' dir='ltr'><strong>singulis</strong></span> <span class='ocrx_word' id='word_1_422' title='bbox 3632 2790 3826 2846; x_wconf 86' lang='lat' dir='ltr'><strong>diebus</strong></span> 
     </span>
    </p>
   </div>
   <div class='ocr_carea' id='block_1_59' title="bbox 2244 2881 3825 2956">
    <p class='ocr_par' dir='ltr' id='par_1_59' title="bbox 2244 2881 3825 2956">
     <span class='ocr_line' id='line_1_59' title="bbox 2244 2881 3825 2956; baseline -0.003 -16"><span class='ocrx_word' id='word_1_423' title='bbox 2244 2886 2641 2941; x_wconf 89' lang='lat' dir='ltr'><strong>insensibiliter</strong></span> <span class='ocrx_word' id='word_1_424' title='bbox 2683 2886 2764 2941; x_wconf 91' lang='lat' dir='ltr'><strong>sui</strong></span> <span class='ocrx_word' id='word_1_425' title='bbox 2815 2887 3038 2956; x_wconf 89' lang='lat' dir='ltr'><strong>capiunt</strong></span> <span class='ocrx_word' id='word_1_426' title='bbox 3078 2885 3445 2949; x_wconf 90' lang='lat' dir='ltr'><strong>incrementa,</strong></span> <span class='ocrx_word' id='word_1_427' title='bbox 3493 2892 3549 2938; x_wconf 89' lang='lat' dir='ltr'><strong>et</strong></span> <span class='ocrx_word' id='word_1_428' title='bbox 3594 2884 3664 2937; x_wconf 90' lang='lat' dir='ltr'><strong>ita</strong></span> <span class='ocrx_word' id='word_1_429' title='bbox 3701 2881 3825 2936; x_wconf 89' lang='lat' dir='ltr'><strong>dum</strong></span> 
     </span>
    </p>
   </div>
   <div class='ocr_carea' id='block_1_60' title="bbox 2237 2980 3822 3053">
    <p class='ocr_par' dir='ltr' id='par_1_60' title="bbox 2237 2980 3822 3053">
     <span class='ocr_line' id='line_1_60' title="bbox 2237 2980 3822 3053; baseline -0.001 -16"><span class='ocrx_word' id='word_1_430' title='bbox 2237 2982 2509 3053; x_wconf 80' lang='lat' dir='ltr'><strong>nesciunt,</strong></span> <span class='ocrx_word' id='word_1_431' title='bbox 2533 2982 2599 3036; x_wconf 89' lang='lat' dir='ltr'><strong>ad</strong></span> <span class='ocrx_word' id='word_1_432' title='bbox 2626 2982 2922 3051; x_wconf 82' lang='lat' dir='ltr'><strong>perfectum</strong></span> <span class='ocrx_word' id='word_1_433' title='bbox 2950 2981 3191 3036; x_wconf 88' lang='lat' dir='ltr'><strong>habitum</strong></span> <span class='ocrx_word' id='word_1_434' title='bbox 3216 2980 3613 3051; x_wconf 86' lang='lat' dir='ltr'><strong>provehuntur,</strong></span> <span class='ocrx_word' id='word_1_435' title='bbox 3633 2980 3822 3035; x_wconf 71' lang='lat' dir='ltr'><strong>anima:</strong></span> 
     </span>
    </p>
   </div>
   <div class='ocr_carea' id='block_1_61' title="bbox 537 3058 3823 3142">
    <p class='ocr_par' dir='ltr' id='par_1_61' title="bbox 537 3058 3823 3142">
     <span class='ocr_line' id='line_1_61' title="bbox 537 3058 3823 3142; baseline 0.001 -23"><span class='ocrx_word' id='word_1_436' title='bbox 537 3077 706 3120; x_wconf 87' lang='lat' dir='ltr'><strong>tamen</strong></span> <span class='ocrx_word' id='word_1_437' title='bbox 754 3066 991 3120; x_wconf 88' lang='lat' dir='ltr'><strong>sordibus</strong></span> <span class='ocrx_word' id='word_1_438' title='bbox 1039 3066 1292 3135; x_wconf 88' lang='lat' dir='ltr'><strong>intingens</strong></span> <span class='ocrx_word' id='word_1_439' title='bbox 1334 3081 1437 3131; x_wconf 89' lang='lat' dir='ltr'><strong>me,</strong></span> <span class='ocrx_word' id='word_1_440' title='bbox 1485 3076 1533 3119; x_wconf 90' lang='lat' dir='ltr'><strong>et</strong></span> <span class='ocrx_word' id='word_1_441' title='bbox 1580 3066 2017 3120; x_wconf 88' lang='lat' dir='ltr'><strong>abominabuntur</strong></span> <span class='ocrx_word' id='word_1_442' title='bbox 2054 3084 2134 3121; x_wconf 91' lang='lat' dir='ltr'><strong>me</strong></span> <span class='ocrx_word' id='word_1_443' title='bbox 2161 3058 2208 3123; x_wconf 84' lang='lat' dir='ltr'><strong>C</strong></span> <span class='ocrx_word' id='word_1_444' title='bbox 2239 3085 2457 3142; x_wconf 87' lang='lat' dir='ltr'><strong>quoque</strong></span> <span class='ocrx_word' id='word_1_445' title='bbox 2485 3071 2657 3126; x_wconf 88' lang='lat' dir='ltr'><strong>robur</strong></span> <span class='ocrx_word' id='word_1_446' title='bbox 2682 3080 2737 3126; x_wconf 90' lang='lat' dir='ltr'><strong>et</strong></span> <span class='ocrx_word' id='word_1_447' title='bbox 2767 3072 3054 3125; x_wconf 87' lang='lat' dir='ltr'><strong>maturitas</strong></span> <span class='ocrx_word' id='word_1_448' title='bbox 3076 3071 3346 3126; x_wconf 84' lang='lat' dir='ltr'><strong>castitatis</strong></span> <span class='ocrx_word' id='word_1_449' title='bbox 3368 3070 3682 3140; x_wconf 89' lang='lat' dir='ltr'><strong>acquiritur.</strong></span> <span class='ocrx_word' id='word_1_450' title='bbox 3715 3070 3823 3124; x_wconf 89' lang='lat' dir='ltr'><strong>Pri-</strong></span> 
     </span>
    </p>
   </div>
   <div class='ocr_carea' id='block_1_62' title="bbox 537 3156 2127 3230">
    <p class='ocr_par' dir='ltr' id='par_1_62' title="bbox 537 3156 2127 3230">
     <span class='ocr_line' id='line_1_62' title="bbox 537 3156 2127 3230; baseline 0.001 -16"><span class='ocrx_word' id='word_1_451' title='bbox 537 3162 836 3214; x_wconf 87' lang='lat' dir='ltr'><strong>vestimenta</strong></span> <span class='ocrx_word' id='word_1_452' title='bbox 862 3174 977 3212; x_wconf 88' lang='lat' dir='ltr'><strong>mea</strong></span> <span class='ocrx_word' id='word_1_453' title='bbox 1006 3158 1138 3230; x_wconf 79' lang='lat' dir='ltr'><strong>(Job</strong></span> <span class='ocrx_word' id='word_1_454' title='bbox 1168 3156 1264 3228; x_wconf 82' lang='lat' dir='ltr'><strong>ix).</strong></span> <span class='ocrx_word' id='word_1_455' title='bbox 1294 3156 1451 3225; x_wconf 82' lang='lat' dir='ltr'><strong>Quod</strong></span> <span class='ocrx_word' id='word_1_456' title='bbox 1483 3168 1661 3212; x_wconf 90' lang='lat' dir='ltr'><strong>tamen</strong></span> <span class='ocrx_word' id='word_1_457' title='bbox 1687 3159 1732 3212; x_wconf 91' lang='lat' dir='ltr'><strong>is</strong></span> <span class='ocrx_word' id='word_1_458' title='bbox 1762 3160 1851 3229; x_wconf 90' lang='lat' dir='ltr'><strong>qui</strong></span> <span class='ocrx_word' id='word_1_459' title='bbox 1875 3174 1976 3214; x_wconf 92' lang='lat' dir='ltr'><strong>suo</strong></span> <span class='ocrx_word' id='word_1_460' title='bbox 1999 3160 2127 3216; x_wconf 86' lang='lat' dir='ltr'><strong>vitio</strong></span> 
     </span>
    </p>
   </div>
   <div class='ocr_carea' id='block_1_63' title="bbox 536 3248 2126 3319">
    <p class='ocr_par' dir='ltr' id='par_1_63' title="bbox 536 3248 2126 3319">
     <span class='ocr_line' id='line_1_63' title="bbox 536 3248 2126 3319; baseline -0.001 -11"><span class='ocrx_word' id='word_1_461' title='bbox 536 3269 598 3309; x_wconf 89' lang='lat' dir='ltr'><strong>se</strong></span> <span class='ocrx_word' id='word_1_462' title='bbox 619 3253 675 3306; x_wconf 87' lang='lat' dir='ltr'><strong>in</strong></span> <span class='ocrx_word' id='word_1_463' title='bbox 697 3252 948 3306; x_wconf 89' lang='lat' dir='ltr'><strong>sordibus</strong></span> <span class='ocrx_word' id='word_1_464' title='bbox 973 3249 1151 3318; x_wconf 89' lang='lat' dir='ltr'><strong>tingit,</strong></span> <span class='ocrx_word' id='word_1_465' title='bbox 1179 3264 1284 3303; x_wconf 91' lang='lat' dir='ltr'><strong>non</strong></span> <span class='ocrx_word' id='word_1_466' title='bbox 1311 3258 1493 3319; x_wconf 89' lang='lat' dir='ltr'><strong>potest</strong></span> <span class='ocrx_word' id='word_1_467' title='bbox 1518 3248 1705 3305; x_wconf 90' lang='lat' dir='ltr'><strong>dicere</strong></span> <span class='ocrx_word' id='word_1_468' title='bbox 1731 3266 1832 3306; x_wconf 91' lang='lat' dir='ltr'><strong>suo</strong></span> <span class='ocrx_word' id='word_1_469' title='bbox 1858 3250 2126 3306; x_wconf 88' lang='lat' dir='ltr'><strong>Creatori.</strong></span> 
     </span>
    </p>
   </div>
   <div class='ocr_carea' id='block_1_64' title="bbox 538 3342 2125 3415">
    <p class='ocr_par' dir='ltr' id='par_1_64' title="bbox 538 3342 2125 3415">
     <span class='ocr_line' id='line_1_64' title="bbox 538 3342 2125 3415; baseline 0 -14"><span class='ocrx_word' id='word_1_470' title='bbox 538 3346 723 3401; x_wconf 90' lang='lat' dir='ltr'><strong>Donec</strong></span> <span class='ocrx_word' id='word_1_471' title='bbox 747 3360 878 3415; x_wconf 87' lang='lat' dir='ltr'><strong>ergo</strong></span> <span class='ocrx_word' id='word_1_472' title='bbox 900 3344 968 3399; x_wconf 89' lang='lat' dir='ltr'><strong>ad</strong></span> <span class='ocrx_word' id='word_1_473' title='bbox 988 3344 1283 3414; x_wconf 84' lang='lat' dir='ltr'><strong>perfectum</strong></span> <span class='ocrx_word' id='word_1_474' title='bbox 1313 3342 1566 3413; x_wconf 88' lang='lat' dir='ltr'><strong>puritatis</strong></span> <span class='ocrx_word' id='word_1_475' title='bbox 1592 3351 1793 3398; x_wconf 90' lang='lat' dir='ltr'><strong>statum</strong></span> <span class='ocrx_word' id='word_1_476' title='bbox 1824 3347 2125 3414; x_wconf 87' lang='lat' dir='ltr'><strong>perveniat,</strong></span> 
     </span>
    </p>
   </div>
   <div class='ocr_carea' id='block_1_65' title="bbox 2238 3161 3822 3233">
    <p class='ocr_par' dir='ltr' id='par_1_65' title="bbox 2238 3161 3822 3233">
     <span class='ocr_line' id='line_1_65' title="bbox 2238 3161 3822 3233; baseline -0.001 -16"><span class='ocrx_word' id='word_1_477' title='bbox 2238 3178 2359 3217; x_wconf 87' lang='lat' dir='ltr'><strong>mus</strong></span> <span class='ocrx_word' id='word_1_478' title='bbox 2392 3163 2577 3233; x_wconf 89' lang='lat' dir='ltr'><strong>itaque</strong></span> <span class='ocrx_word' id='word_1_479' title='bbox 2614 3161 2889 3232; x_wconf 71' lang='lat' dir='ltr'><strong>pudicitia:</strong></span> <span class='ocrx_word' id='word_1_480' title='bbox 2917 3161 3117 3231; x_wconf 84' lang='lat' dir='ltr'><strong>gradus</strong></span> <span class='ocrx_word' id='word_1_481' title='bbox 3160 3170 3265 3227; x_wconf 90' lang='lat' dir='ltr'><strong>est,</strong></span> <span class='ocrx_word' id='word_1_482' title='bbox 3298 3176 3367 3216; x_wconf 89' lang='lat' dir='ltr'><strong>ne</strong></span> <span class='ocrx_word' id='word_1_483' title='bbox 3397 3161 3629 3231; x_wconf 82' lang='lat' dir='ltr'><strong>vigilans</strong></span> <span class='ocrx_word' id='word_1_484' title='bbox 3657 3161 3822 3230; x_wconf 88' lang='lat' dir='ltr'><strong>impu-</strong></span> 
     </span>
    </p>
   </div>
   <div class='ocr_carea' id='block_1_66' title="bbox 2244 3254 3821 3324">
    <p class='ocr_par' dir='ltr' id='par_1_66' title="bbox 2244 3254 3821 3324">
     <span class='ocr_line' id='line_1_66' title="bbox 2244 3254 3821 3324; baseline 0.002 -17"><span class='ocrx_word' id='word_1_485' title='bbox 2244 3256 2499 3324; x_wconf 87' lang='lat' dir='ltr'><strong>gnatione</strong></span> <span class='ocrx_word' id='word_1_486' title='bbox 2528 3256 2732 3310; x_wconf 87' lang='lat' dir='ltr'><strong>carnali</strong></span> <span class='ocrx_word' id='word_1_487' title='bbox 2758 3256 3057 3310; x_wconf 88' lang='lat' dir='ltr'><strong>monachus</strong></span> <span class='ocrx_word' id='word_1_488' title='bbox 3084 3255 3340 3310; x_wconf 88' lang='lat' dir='ltr'><strong>elidatur.</strong></span> <span class='ocrx_word' id='word_1_489' title='bbox 3370 3254 3676 3322; x_wconf 87' lang='lat' dir='ltr'><strong>Secundus,</strong></span> <span class='ocrx_word' id='word_1_490' title='bbox 3708 3254 3736 3294; x_wconf 71' lang='grc' dir='ltr'>δ</span> <span class='ocrx_word' id='word_1_491' title='bbox 3761 3270 3821 3310; x_wconf 89' lang='lat' dir='ltr'><strong>ne</strong></span> 
     </span>
    </p>
   </div>
   <div class='ocr_carea' id='block_1_67' title="bbox 2233 3346 3817 3418">
    <p class='ocr_par' dir='ltr' id='par_1_67' title="bbox 2233 3346 3817 3418">
     <span class='ocr_line' id='line_1_67' title="bbox 2233 3346 3817 3418; baseline -0.001 -16"><span class='ocrx_word' id='word_1_492' title='bbox 2233 3362 2391 3403; x_wconf 91' lang='lat' dir='ltr'><strong>mens</strong></span> <span class='ocrx_word' id='word_1_493' title='bbox 2439 3346 2586 3402; x_wconf 86' lang='lat' dir='ltr'><strong>illius</strong></span> <span class='ocrx_word' id='word_1_494' title='bbox 2636 3347 2957 3418; x_wconf 86' lang='lat' dir='ltr'><strong>voluptariis</strong></span> <span class='ocrx_word' id='word_1_495' title='bbox 3011 3348 3433 3418; x_wconf 84' lang='lat' dir='ltr'><strong>cogitationibus</strong></span> <span class='ocrx_word' id='word_1_496' title='bbox 3487 3347 3817 3402; x_wconf 87' lang='lat' dir='ltr'><strong>immoretur.</strong></span> 
     </span>
    </p>
   </div>
   <div class='ocr_carea' id='block_1_68' title="bbox 1606 3457 2747 3533">
    <p class='ocr_par' dir='ltr' id='par_1_68' title="bbox 1606 3457 2747 3533">
     <span class='ocr_line' id='line_1_68' title="bbox 1606 3457 2747 3533; baseline 0.003 -20"><span class='ocrx_word' id='word_1_497' title='bbox 1606 3457 1866 3533; x_wconf 57' lang='lat' dir='ltr'><strong>ALARDI</strong></span> <span class='ocrx_word' id='word_1_498' title='bbox 1907 3459 2135 3515; x_wconf 72' lang='lat' dir='ltr'><strong>GAZAEI</strong></span> <span class='ocrx_word' id='word_1_499' title='bbox 2173 3458 2747 3518; x_wconf 81' lang='lat' dir='ltr'><strong>COMMENTARIUS.</strong></span> 
     </span>
    </p>
   </div>
   <div class='ocr_carea' id='block_1_69' title="bbox 617 3550 2124 3624">
    <p class='ocr_par' dir='ltr' id='par_1_69' title="bbox 617 3550 2124 3624">
     <span class='ocr_line' id='line_1_69' title="bbox 617 3550 2124 3624; baseline -0.002 -13"><span class='ocrx_word' id='word_1_500' title='bbox 617 3564 643 3592; x_wconf 71' lang='grc'><strong><em>⁸</em></strong></span> <span class='ocrx_word' id='word_1_501' title='bbox 670 3555 777 3611; x_wconf 90' lang='lat' dir='ltr'><strong>Sex</strong></span> <span class='ocrx_word' id='word_1_502' title='bbox 827 3553 1027 3624; x_wconf 90' lang='lat' dir='ltr'><strong>gradus</strong></span> <span class='ocrx_word' id='word_1_503' title='bbox 1073 3550 1338 3606; x_wconf 87' lang='lat' dir='ltr'><strong>castitatis</strong></span> <span class='ocrx_word' id='word_1_504' title='bbox 1381 3550 1664 3624; x_wconf 86' lang='lat' dir='ltr'><strong>distinguit</strong></span> <span class='ocrx_word' id='word_1_505' title='bbox 1704 3550 2031 3624; x_wconf 22' lang='lat' dir='ltr'><strong>hichabbas;</strong></span> <span class='ocrx_word' id='word_1_506' title='bbox 2059 3553 2124 3608; x_wconf 90' lang='lat' dir='ltr'><strong>iis</strong></span> 
     </span>
    </p>
   </div>
   <div class='ocr_carea' id='block_1_70' title="bbox 538 3622 2124 3693">
    <p class='ocr_par' dir='ltr' id='par_1_70' title="bbox 538 3622 2124 3693">
     <span class='ocr_line' id='line_1_70' title="bbox 538 3622 2124 3693; baseline -0.002 -11"><span class='ocrx_word' id='word_1_507' title='bbox 538 3637 717 3682; x_wconf 87' lang='lat' dir='ltr'><strong>tamen</strong></span> <span class='ocrx_word' id='word_1_508' title='bbox 734 3622 953 3680; x_wconf 80' lang='lat' dir='ltr'><strong>omissis</strong></span> <span class='ocrx_word' id='word_1_509' title='bbox 974 3625 1063 3693; x_wconf 91' lang='lat' dir='ltr'><strong>qui</strong></span> <span class='ocrx_word' id='word_1_510' title='bbox 1088 3625 1235 3677; x_wconf 82' lang='lat' dir='ltr'><strong>inter</strong></span> <span class='ocrx_word' id='word_1_511' title='bbox 1260 3637 1357 3677; x_wconf 90' lang='lat' dir='ltr'><strong>eos</strong></span> <span class='ocrx_word' id='word_1_512' title='bbox 1372 3623 1523 3677; x_wconf 88' lang='lat' dir='ltr'><strong>velut</strong></span> <span class='ocrx_word' id='word_1_513' title='bbox 1543 3622 1852 3677; x_wconf 90' lang='lat' dir='ltr'><strong>intermedii</strong></span> <span class='ocrx_word' id='word_1_514' title='bbox 1876 3623 2124 3679; x_wconf 88' lang='lat' dir='ltr'><strong>subtilius</strong></span> 
     </span>
    </p>
   </div>
   <div class='ocr_carea' id='block_1_71' title="bbox 535 3693 2124 3767">
    <p class='ocr_par' dir='ltr' id='par_1_71' title="bbox 535 3693 2124 3767">
     <span class='ocr_line' id='line_1_71' title="bbox 535 3693 2124 3767; baseline -0.002 -13"><span class='ocrx_word' id='word_1_515' title='bbox 535 3707 592 3754; x_wconf 88' lang='lat' dir='ltr'><strong>et</strong></span> <span class='ocrx_word' id='word_1_516' title='bbox 618 3697 997 3767; x_wconf 86' lang='lat' dir='ltr'><strong>particularius</strong></span> <span class='ocrx_word' id='word_1_517' title='bbox 1023 3693 1279 3767; x_wconf 86' lang='lat' dir='ltr'><strong>distingui</strong></span> <span class='ocrx_word' id='word_1_518' title='bbox 1304 3701 1555 3767; x_wconf 71' lang='lat' dir='ltr'><strong>possent,</strong></span> <span class='ocrx_word' id='word_1_519' title='bbox 1583 3694 1821 3767; x_wconf 82' lang='lat' dir='ltr'><strong>Joannes</strong></span> <span class='ocrx_word' id='word_1_520' title='bbox 1848 3694 2124 3767; x_wconf 84' lang='lat' dir='ltr'><strong>Climacus</strong></span> 
     </span>
    </p>
   </div>
   <div class='ocr_carea' id='block_1_72' title="bbox 534 3762 2125 3839">
    <p class='ocr_par' dir='ltr' id='par_1_72' title="bbox 534 3762 2125 3839">
     <span class='ocr_line' id='line_1_72' title="bbox 534 3762 2125 3839; baseline -0.001 -17"><span class='ocrx_word' id='word_1_521' title='bbox 534 3762 648 3824; x_wconf 76' lang='lat' dir='ltr'><strong>tres</strong></span> <span class='ocrx_word' id='word_1_522' title='bbox 671 3776 878 3823; x_wconf 90' lang='lat' dir='ltr'><strong>tantum</strong></span> <span class='ocrx_word' id='word_1_523' title='bbox 920 3764 1259 3839; x_wconf 4' lang='lat' dir='ltr'><strong>gradusqsive</strong></span> <span class='ocrx_word' id='word_1_524' title='bbox 1288 3762 1623 3839; x_wconf 76' lang='lat' dir='ltr'><strong>ditferentias</strong></span> <span class='ocrx_word' id='word_1_525' title='bbox 1649 3762 1967 3839; x_wconf 70' lang='lat' dir='ltr'><strong>constituit,</strong></span> <span class='ocrx_word' id='word_1_526' title='bbox 1990 3782 2125 3839; x_wconf 79' lang='lat' dir='ltr'><strong>quos</strong></span> 
     </span>
    </p>
   </div>
   <div class='ocr_carea' id='block_1_73' title="bbox 533 3834 2130 3906">
    <p class='ocr_par' dir='ltr' id='par_1_73' title="bbox 533 3834 2130 3906">
     <span class='ocr_line' id='line_1_73' title="bbox 533 3834 2130 3906; baseline -0.001 -13"><span class='ocrx_word' id='word_1_527' title='bbox 533 3848 692 3894; x_wconf 87' lang='lat' dir='ltr'><strong>vocat</strong></span> <span class='ocrx_word' id='word_1_528' title='bbox 731 3834 971 3904; x_wconf 77' lang='lat' dir='ltr'><strong>initium,</strong></span> <span class='ocrx_word' id='word_1_529' title='bbox 1001 3837 1238 3892; x_wconf 87' lang='lat' dir='ltr'><strong>medium</strong></span> <span class='ocrx_word' id='word_1_530' title='bbox 1262 3878 1276 3900; x_wconf 89' lang='lat'><strong>,</strong></span> <span class='ocrx_word' id='word_1_531' title='bbox 1306 3845 1363 3891; x_wconf 86' lang='lat' dir='ltr'><strong>et</strong></span> <span class='ocrx_word' id='word_1_532' title='bbox 1392 3836 1554 3890; x_wconf 90' lang='lat' dir='ltr'><strong>ﬁnem</strong></span> <span class='ocrx_word' id='word_1_533' title='bbox 1580 3853 1593 3890; x_wconf 89' lang='lat'>:</span> <span class='ocrx_word' id='word_1_534' title='bbox 1625 3834 1862 3906; x_wconf 2' lang='lat' dir='ltr'><strong>(Initium</strong></span> <span class='ocrx_word' id='word_1_535' title='bbox 1886 3875 1902 3899; x_wconf 91' lang='lat'><strong>,</strong></span> <span class='ocrx_word' id='word_1_536' title='bbox 1942 3834 2130 3906; x_wconf 87' lang='lat' dir='ltr'><strong>inquit</strong></span> 
     </span>
    </p>
   </div>
   <div class='ocr_carea' id='block_1_74' title="bbox 535 3905 2126 3981">
    <p class='ocr_par' dir='ltr' id='par_1_74' title="bbox 535 3905 2126 3981">
     <span class='ocr_line' id='line_1_74' title="bbox 535 3905 2126 3981; baseline -0.002 -17"><span class='ocrx_word' id='word_1_537' title='bbox 535 3908 746 3981; x_wconf 87' lang='lat' dir='ltr'><strong>(Gradu</strong></span> <span class='ocrx_word' id='word_1_538' title='bbox 776 3909 886 3981; x_wconf 79' lang='grc'><strong>15),</strong></span> <span class='ocrx_word' id='word_1_539' title='bbox 919 3908 1170 3964; x_wconf 81' lang='lat' dir='ltr'><strong>castitatis</strong></span> <span class='ocrx_word' id='word_1_540' title='bbox 1215 3917 1287 3981; x_wconf 75' lang='lat' dir='ltr'><strong>est</strong></span> <span class='ocrx_word' id='word_1_541' title='bbox 1331 3905 1725 3981; x_wconf 81' lang='lat' dir='ltr'><strong>cogitationibus</strong></span> <span class='ocrx_word' id='word_1_542' title='bbox 1770 3905 1994 3981; x_wconf 81' lang='lat' dir='ltr'><strong>sordidis</strong></span> <span class='ocrx_word' id='word_1_543' title='bbox 2025 3905 2126 3961; x_wconf 87' lang='lat' dir='ltr'><strong>non</strong></span> 
     </span>
    </p>
   </div>
   <div class='ocr_carea' id='block_1_75' title="bbox 533 3976 2128 4049">
    <p class='ocr_par' dir='ltr' id='par_1_75' title="bbox 533 3976 2128 4049">
     <span class='ocr_line' id='line_1_75' title="bbox 533 3976 2128 4049; baseline -0.002 -14"><span class='ocrx_word' id='word_1_544' title='bbox 533 3976 882 4049; x_wconf 77' lang='lat' dir='ltr'><strong>acquiescere,</strong></span> <span class='ocrx_word' id='word_1_545' title='bbox 932 3990 1083 4048; x_wconf 91' lang='lat' dir='ltr'><strong>atque</strong></span> <span class='ocrx_word' id='word_1_546' title='bbox 1130 3994 1218 4045; x_wconf 88' lang='lat' dir='ltr'><strong>per</strong></span> <span class='ocrx_word' id='word_1_547' title='bbox 1264 3976 2128 4049; x_wconf 69' lang='lat' dir='ltr'><strong>intervallatemporumobsceno</strong></span> 
     </span>
    </p>
   </div>
   <div class='ocr_carea' id='block_1_76' title="bbox 533 4044 2129 4120">
    <p class='ocr_par' dir='ltr' id='par_1_76' title="bbox 533 4044 2129 4120">
     <span class='ocr_line' id='line_1_76' title="bbox 533 4044 2129 4120; baseline -0.002 -15"><span class='ocrx_word' id='word_1_548' title='bbox 533 4044 733 4119; x_wconf 77' lang='lat' dir='ltr'><strong>liquore</strong></span> <span class='ocrx_word' id='word_1_549' title='bbox 757 4052 849 4105; x_wconf 90' lang='lat' dir='ltr'><strong>illo</strong></span> <span class='ocrx_word' id='word_1_550' title='bbox 869 4044 1166 4120; x_wconf 80' lang='lat' dir='ltr'><strong>simpliciter</strong></span> <span class='ocrx_word' id='word_1_551' title='bbox 1179 4056 1228 4101; x_wconf 90' lang='lat' dir='ltr'><strong>et</strong></span> <span class='ocrx_word' id='word_1_552' title='bbox 1258 4046 1454 4120; x_wconf 76' lang='lat' dir='ltr'><strong>absque</strong></span> <span class='ocrx_word' id='word_1_553' title='bbox 1489 4046 1598 4099; x_wconf 88' lang='lat' dir='ltr'><strong>ulla</strong></span> <span class='ocrx_word' id='word_1_554' title='bbox 1623 4046 1864 4120; x_wconf 78' lang='lat' dir='ltr'><strong>imaginis</strong></span> <span class='ocrx_word' id='word_1_555' title='bbox 1887 4044 2129 4120; x_wconf 82' lang='lat' dir='ltr'><strong>illusione</strong></span> 
     </span>
    </p>
   </div>
   <div class='ocr_carea' id='block_1_77' title="bbox 533 4116 2126 4189">
    <p class='ocr_par' dir='ltr' id='par_1_77' title="bbox 533 4116 2126 4189">
     <span class='ocr_line' id='line_1_77' title="bbox 533 4116 2126 4189; baseline -0.002 -16"><span class='ocrx_word' id='word_1_556' title='bbox 533 4116 796 4189; x_wconf 78' lang='lat' dir='ltr'><strong>respergi;</strong></span> <span class='ocrx_word' id='word_1_557' title='bbox 820 4116 1042 4174; x_wconf 81' lang='lat' dir='ltr'><strong>medium</strong></span> <span class='ocrx_word' id='word_1_558' title='bbox 1072 4134 1189 4172; x_wconf 91' lang='lat' dir='ltr'><strong>vero</strong></span> <span class='ocrx_word' id='word_1_559' title='bbox 1206 4116 1530 4189; x_wconf 84' lang='lat' dir='ltr'><strong>naturalibus</strong></span> <span class='ocrx_word' id='word_1_560' title='bbox 1557 4116 1777 4189; x_wconf 80' lang='lat' dir='ltr'><strong>motibus</strong></span> <span class='ocrx_word' id='word_1_561' title='bbox 1796 4131 1859 4189; x_wconf 78' lang='lat' dir='ltr'><strong>ea:</strong></span> <span class='ocrx_word' id='word_1_562' title='bbox 1880 4117 2126 4189; x_wconf 84' lang='lat' dir='ltr'><strong>repletio-</strong></span> 
     </span>
    </p>
   </div>
   <div class='ocr_carea' id='block_1_78' title="bbox 532 4185 2126 4255">
    <p class='ocr_par' dir='ltr' id='par_1_78' title="bbox 532 4185 2126 4255">
     <span class='ocr_line' id='line_1_78' title="bbox 532 4185 2126 4255; baseline -0.002 -11"><span class='ocrx_word' id='word_1_563' title='bbox 532 4207 597 4244; x_wconf 89' lang='lat' dir='ltr'><strong>ne</strong></span> <span class='ocrx_word' id='word_1_564' title='bbox 617 4185 846 4243; x_wconf 74' lang='lat' dir='ltr'><strong>ciborum</strong></span> <span class='ocrx_word' id='word_1_565' title='bbox 874 4189 1261 4243; x_wconf 87' lang='lat' dir='ltr'><strong>advenientibus</strong></span> <span class='ocrx_word' id='word_1_566' title='bbox 1283 4187 1471 4255; x_wconf 87' lang='lat' dir='ltr'><strong>absque</strong></span> <span class='ocrx_word' id='word_1_567' title='bbox 1491 4185 1802 4254; x_wconf 85' lang='lat' dir='ltr'><strong>imaginibus</strong></span> <span class='ocrx_word' id='word_1_568' title='bbox 1822 4186 2126 4254; x_wconf 88' lang='lat' dir='ltr'><strong>inquietari,</strong></span> 
     </span>
    </p>
   </div>
   <div class='ocr_carea' id='block_1_79' title="bbox 533 4256 2126 4328">
    <p class='ocr_par' dir='ltr' id='par_1_79' title="bbox 533 4256 2126 4328">
     <span class='ocr_line' id='line_1_79' title="bbox 533 4256 2126 4328; baseline 0 -14"><span class='ocrx_word' id='word_1_569' title='bbox 533 4262 607 4314; x_wconf 88' lang='lat' dir='ltr'><strong>ita</strong></span> <span class='ocrx_word' id='word_1_570' title='bbox 626 4270 796 4313; x_wconf 89' lang='lat' dir='ltr'><strong>tamen</strong></span> <span class='ocrx_word' id='word_1_571' title='bbox 822 4270 877 4312; x_wconf 87' lang='lat' dir='ltr'><strong>ut</strong></span> <span class='ocrx_word' id='word_1_572' title='bbox 908 4260 974 4311; x_wconf 88' lang='lat' dir='ltr'><strong>ad</strong></span> <span class='ocrx_word' id='word_1_573' title='bbox 1000 4260 1200 4328; x_wconf 80' lang='lat' dir='ltr'><strong>ﬂuxum</strong></span> <span class='ocrx_word' id='word_1_574' title='bbox 1229 4273 1389 4326; x_wconf 86' lang='lat' dir='ltr'><strong>usque</strong></span> <span class='ocrx_word' id='word_1_575' title='bbox 1415 4256 1497 4310; x_wconf 90' lang='lat' dir='ltr'><strong>illi</strong></span> <span class='ocrx_word' id='word_1_576' title='bbox 1517 4272 1620 4309; x_wconf 87' lang='lat' dir='ltr'><strong>non</strong></span> <span class='ocrx_word' id='word_1_577' title='bbox 1643 4256 1937 4323; x_wconf 85' lang='lat' dir='ltr'><strong>perveniant</strong></span> <span class='ocrx_word' id='word_1_578' title='bbox 1961 4273 1980 4321; x_wconf 89' lang='lat'><strong><em>;</em></strong></span> <span class='ocrx_word' id='word_1_579' title='bbox 2003 4260 2126 4326; x_wconf 78' lang='lat' dir='ltr'><strong>finis</strong></span> 
     </span>
    </p>
   </div>
   <div class='ocr_carea' id='block_1_80' title="bbox 531 4328 2125 4399">
    <p class='ocr_par' dir='ltr' id='par_1_80' title="bbox 531 4328 2125 4399">
     <span class='ocr_line' id='line_1_80' title="bbox 531 4328 2125 4399; baseline 0 -16"><span class='ocrx_word' id='word_1_580' title='bbox 531 4340 705 4383; x_wconf 90' lang='lat' dir='ltr'><strong>autem</strong></span> <span class='ocrx_word' id='word_1_581' title='bbox 736 4330 1051 4397; x_wconf 79' lang='lat' dir='ltr'><strong>morti/icore</strong></span> <span class='ocrx_word' id='word_1_582' title='bbox 1069 4344 1276 4395; x_wconf 88' lang='lat' dir='ltr'><strong>corpus,</strong></span> <span class='ocrx_word' id='word_1_583' title='bbox 1297 4331 1414 4399; x_wconf 86' lang='lat' dir='ltr'><strong>jam</strong></span> <span class='ocrx_word' id='word_1_584' title='bbox 1441 4336 1593 4380; x_wconf 88' lang='lat' dir='ltr'><strong>antea</strong></span> <span class='ocrx_word' id='word_1_585' title='bbox 1613 4328 1831 4399; x_wconf 78' lang='lat' dir='ltr'><strong>mortuis</strong></span> <span class='ocrx_word' id='word_1_586' title='bbox 1853 4329 2125 4397; x_wconf 88' lang='lat' dir='ltr'><strong>cogitatio-</strong></span> 
     </span>
    </p>
   </div>
   <div class='ocr_carea' id='block_1_81' title="bbox 532 4397 2128 4466">
    <p class='ocr_par' dir='ltr' id='par_1_81' title="bbox 532 4397 2128 4466">
     <span class='ocr_line' id='line_1_81' title="bbox 532 4397 2128 4466; baseline 0.001 -12"><span class='ocrx_word' id='word_1_587' title='bbox 532 4402 685 4454; x_wconf 88' lang='lat' dir='ltr'><strong>nibus</strong></span> <span class='ocrx_word' id='word_1_588' title='bbox 715 4400 965 4462; x_wconf 86' lang='lat' dir='ltr'><strong>sordidis,</strong></span> <span class='ocrx_word' id='word_1_589' title='bbox 1006 4408 1117 4454; x_wconf 88' lang='lat' dir='ltr'><strong>etc.</strong></span> <span class='ocrx_word' id='word_1_590' title='bbox 1152 4397 1321 4453; x_wconf 88' lang='lat' dir='ltr'><strong>Porro</strong></span> <span class='ocrx_word' id='word_1_591' title='bbox 1358 4406 1482 4452; x_wconf 89' lang='lat' dir='ltr'><strong>nota</strong></span> <span class='ocrx_word' id='word_1_592' title='bbox 1504 4405 1606 4464; x_wconf 82' lang='lat' dir='ltr'><strong>est,</strong></span> <span class='ocrx_word' id='word_1_593' title='bbox 1641 4406 1694 4452; x_wconf 91' lang='lat' dir='ltr'><strong>et</strong></span> <span class='ocrx_word' id='word_1_594' title='bbox 1718 4397 1933 4466; x_wconf 84' lang='lat' dir='ltr'><strong>vulgata</strong></span> <span class='ocrx_word' id='word_1_595' title='bbox 1963 4401 2128 4455; x_wconf 88' lang='lat' dir='ltr'><strong>casti-</strong></span> 
     </span>
    </p>
   </div>
   <div class='ocr_carea' id='block_1_82' title="bbox 532 4468 2129 4539">
    <p class='ocr_par' dir='ltr' id='par_1_82' title="bbox 532 4468 2129 4539">
     <span class='ocr_line' id='line_1_82' title="bbox 532 4468 2129 4539; baseline 0.001 -13"><span class='ocrx_word' id='word_1_596' title='bbox 532 4473 661 4526; x_wconf 87' lang='lat' dir='ltr'><strong>tatis</strong></span> <span class='ocrx_word' id='word_1_597' title='bbox 691 4471 884 4525; x_wconf 91' lang='lat' dir='ltr'><strong>divisio</strong></span> <span class='ocrx_word' id='word_1_598' title='bbox 915 4486 945 4524; x_wconf 90' lang='lat' dir='ltr'><strong>a</strong></span> <span class='ocrx_word' id='word_1_599' title='bbox 967 4471 1027 4523; x_wconf 90' lang='lat' dir='ltr'><strong>D.</strong></span> <span class='ocrx_word' id='word_1_600' title='bbox 1058 4468 1591 4539; x_wconf 15' lang='lat' dir='ltr'><strong>Ambrosiortradita,</strong></span> <span class='ocrx_word' id='word_1_601' title='bbox 1616 4468 1669 4522; x_wconf 91' lang='lat' dir='ltr'><strong>in</strong></span> <span class='ocrx_word' id='word_1_602' title='bbox 1695 4468 2129 4539; x_wconf 86' lang='lat' dir='ltr'><strong>virginalem.vi-</strong></span> 
     </span>
    </p>
   </div>
   <div class='ocr_carea' id='block_1_83' title="bbox 531 4538 2131 4612">
    <p class='ocr_par' dir='ltr' id='par_1_83' title="bbox 531 4538 2131 4612">
     <span class='ocr_line' id='line_1_83' title="bbox 531 4538 2131 4612; baseline 0.001 -18"><span class='ocrx_word' id='word_1_603' title='bbox 531 4543 747 4612; x_wconf 87' lang='lat' dir='ltr'><strong>dualem</strong></span> <span class='ocrx_word' id='word_1_604' title='bbox 794 4550 850 4597; x_wconf 91' lang='lat' dir='ltr'><strong>et</strong></span> <span class='ocrx_word' id='word_1_605' title='bbox 896 4541 1236 4610; x_wconf 74' lang='lat' dir='ltr'><strong>coniugalem</strong></span> <span class='ocrx_word' id='word_1_606' title='bbox 1278 4558 1291 4593; x_wconf 86' lang='lat'><strong>:</strong></span> <span class='ocrx_word' id='word_1_607' title='bbox 1346 4538 1641 4605; x_wconf 87' lang='lat' dir='ltr'><strong>Docemur,</strong></span> <span class='ocrx_word' id='word_1_608' title='bbox 1690 4538 1869 4610; x_wconf 89' lang='lat' dir='ltr'><strong>inquit</strong></span> <span class='ocrx_word' id='word_1_609' title='bbox 1894 4540 2032 4612; x_wconf 88' lang='lat' dir='ltr'><strong>(Lib.</strong></span> <span class='ocrx_word' id='word_1_610' title='bbox 2064 4543 2131 4598; x_wconf 88' lang='lat' dir='ltr'><strong>de</strong></span> 
     </span>
    </p>
   </div>
   <div class='ocr_carea' id='block_1_84' title="bbox 534 4611 2129 4685">
    <p class='ocr_par' dir='ltr' id='par_1_84' title="bbox 534 4611 2129 4685">
     <span class='ocr_line' id='line_1_84' title="bbox 534 4611 2129 4685; baseline 0.001 -18"><span class='ocrx_word' id='word_1_611' title='bbox 534 4611 773 4683; x_wconf 82' lang='lat' dir='ltr'><strong>Viduis),</strong></span> <span class='ocrx_word' id='word_1_612' title='bbox 806 4612 1335 4685; x_wconf 83' lang='lat' dir='ltr'><strong>triplicemcaslitatis</strong></span> <span class='ocrx_word' id='word_1_613' title='bbox 1356 4628 1467 4685; x_wconf 80' lang='lat' dir='ltr'><strong>esse</strong></span> <span class='ocrx_word' id='word_1_614' title='bbox 1492 4613 1763 4685; x_wconf 84' lang='lat' dir='ltr'><strong>virtutem,</strong></span> <span class='ocrx_word' id='word_1_615' title='bbox 1780 4611 2129 4685; x_wconf 76' lang='lat' dir='ltr'><strong>unamconju-</strong></span> 
     </span>
    </p>
   </div>
   <div class='ocr_carea' id='block_1_85' title="bbox 528 4682 2128 4754">
    <p class='ocr_par' dir='ltr' id='par_1_85' title="bbox 528 4682 2128 4754">
     <span class='ocr_line' id='line_1_85' title="bbox 528 4682 2128 4754; baseline 0.002 -19"><span class='ocrx_word' id='word_1_616' title='bbox 528 4682 737 4754; x_wconf 82' lang='lat' dir='ltr'><strong>gnlem,</strong></span> <span class='ocrx_word' id='word_1_617' title='bbox 756 4684 917 4738; x_wconf 91' lang='lat' dir='ltr'><strong>aliam</strong></span> <span class='ocrx_word' id='word_1_618' title='bbox 939 4683 1231 4751; x_wconf 89' lang='lat' dir='ltr'><strong>viduitatis,</strong></span> <span class='ocrx_word' id='word_1_619' title='bbox 1254 4683 1455 4754; x_wconf 88' lang='lat' dir='ltr'><strong>tertiam</strong></span> <span class='ocrx_word' id='word_1_620' title='bbox 1479 4683 1814 4754; x_wconf 85' lang='lat' dir='ltr'><strong>virginitatis.</strong></span> <span class='ocrx_word' id='word_1_621' title='bbox 1845 4682 1969 4737; x_wconf 86' lang='lat' dir='ltr'><strong>Non</strong></span> <span class='ocrx_word' id='word_1_622' title='bbox 1991 4682 2128 4738; x_wconf 81' lang='lat' dir='ltr'><strong>enim</strong></span> 
     </span>
    </p>
   </div>
   <div class='ocr_carea' id='block_1_86' title="bbox 528 4753 2129 4825">
    <p class='ocr_par' dir='ltr' id='par_1_86' title="bbox 528 4753 2129 4825">
     <span class='ocr_line' id='line_1_86' title="bbox 528 4753 2129 4825; baseline 0.002 -19"><span class='ocrx_word' id='word_1_623' title='bbox 528 4753 690 4809; x_wconf 75' lang='lat' dir='ltr'><strong>utiam</strong></span> <span class='ocrx_word' id='word_1_624' title='bbox 715 4756 789 4809; x_wconf 88' lang='lat' dir='ltr'><strong>sic</strong></span> <span class='ocrx_word' id='word_1_625' title='bbox 818 4754 1184 4824; x_wconf 66' lang='lat' dir='ltr'><strong>praedicamus,</strong></span> <span class='ocrx_word' id='word_1_626' title='bbox 1216 4764 1272 4808; x_wconf 92' lang='lat' dir='ltr'><strong>ut</strong></span> <span class='ocrx_word' id='word_1_627' title='bbox 1302 4753 1635 4808; x_wconf 77' lang='lat' dir='ltr'><strong>excludamus</strong></span> <span class='ocrx_word' id='word_1_628' title='bbox 1671 4753 1844 4825; x_wconf 73' lang='lat' dir='ltr'><strong>alias:</strong></span> <span class='ocrx_word' id='word_1_629' title='bbox 1886 4756 1994 4825; x_wconf 60' lang='lat' dir='ltr'><strong>suis</strong></span> <span class='ocrx_word' id='word_1_630' title='bbox 2015 4758 2129 4825; x_wconf 89' lang='lat' dir='ltr'><strong>qui-</strong></span> 
     </span>
    </p>
   </div>
   <div class='ocr_carea' id='block_1_87' title="bbox 528 4821 2129 4898">
    <p class='ocr_par' dir='ltr' id='par_1_87' title="bbox 528 4821 2129 4898">
     <span class='ocr_line' id='line_1_87' title="bbox 528 4821 2129 4898; baseline 0.002 -21"><span class='ocrx_word' id='word_1_631' title='bbox 528 4828 718 4895; x_wconf 84' lang='lat' dir='ltr'><strong>busque</strong></span> <span class='ocrx_word' id='word_1_632' title='bbox 752 4821 1159 4898; x_wconf 75' lang='lat' dir='ltr'><strong>professionibus</strong></span> <span class='ocrx_word' id='word_1_633' title='bbox 1186 4827 1284 4898; x_wconf 88' lang='lat' dir='ltr'><strong>ista</strong></span> <span class='ocrx_word' id='word_1_634' title='bbox 1304 4826 1626 4898; x_wconf 47' lang='lat' dir='ltr'><strong>conducunt,</strong></span> <span class='ocrx_word' id='word_1_635' title='bbox 1660 4821 1728 4877; x_wconf 86' lang='lat' dir='ltr'><strong>In</strong></span> <span class='ocrx_word' id='word_1_636' title='bbox 1752 4821 2129 4898; x_wconf 24' lang='lat' dir='ltr'><strong>Itoc‘Eccle&#39;siw</strong></span> 
     </span>
    </p>
   </div>
   <div class='ocr_carea' id='block_1_88' title="bbox 530 4895 2128 4967">
    <p class='ocr_par' dir='ltr' id='par_1_88' title="bbox 530 4895 2128 4967">
     <span class='ocr_line' id='line_1_88' title="bbox 530 4895 2128 4967; baseline 0.003 -20"><span class='ocrx_word' id='word_1_637' title='bbox 530 4895 1098 4963; x_wconf 31' lang='lat' dir='ltr'><strong>opulens&#39;disciplina,</strong></span> <span class='ocrx_word' id='word_1_638' title='bbox 1145 4897 1285 4967; x_wconf 88' lang='lat' dir='ltr'><strong>quod</strong></span> <span class='ocrx_word' id='word_1_639' title='bbox 1323 4912 1449 4966; x_wconf 88' lang='lat' dir='ltr'><strong>quos</strong></span> <span class='ocrx_word' id='word_1_640' title='bbox 1490 4895 1732 4966; x_wconf 74' lang='lat' dir='ltr'><strong>prwferat</strong></span> <span class='ocrx_word' id='word_1_641' title='bbox 1775 4895 1956 4964; x_wconf 87' lang='lat' dir='ltr'><strong>habet,</strong></span> <span class='ocrx_word' id='word_1_642' title='bbox 2001 4913 2128 4967; x_wconf 89' lang='lat' dir='ltr'><strong>quos</strong></span> 
     </span>
    </p>
   </div>
   <div class='ocr_carea' id='block_1_89' title="bbox 526 4967 2127 5038">
    <p class='ocr_par' dir='ltr' id='par_1_89' title="bbox 526 4967 2127 5038">
     <span class='ocr_line' id='line_1_89' title="bbox 526 4967 2127 5038; baseline 0.002 -20"><span class='ocrx_word' id='word_1_643' title='bbox 526 4969 730 5037; x_wconf 84' lang='lat' dir='ltr'><strong>rejiciat</strong></span> <span class='ocrx_word' id='word_1_644' title='bbox 783 4985 888 5023; x_wconf 87' lang='lat' dir='ltr'><strong>non</strong></span> <span class='ocrx_word' id='word_1_645' title='bbox 940 4968 1127 5031; x_wconf 87' lang='lat' dir='ltr'><strong>habet;</strong></span> <span class='ocrx_word' id='word_1_646' title='bbox 1173 4977 1325 5037; x_wconf 87' lang='lat' dir='ltr'><strong>atque</strong></span> <span class='ocrx_word' id='word_1_647' title='bbox 1380 4968 1581 5020; x_wconf 85' lang='lat' dir='ltr'><strong>utinam</strong></span> <span class='ocrx_word' id='word_1_648' title='bbox 1627 4967 1813 5020; x_wconf 87' lang='lat' dir='ltr'><strong>habere</strong></span> <span class='ocrx_word' id='word_1_649' title='bbox 1842 4984 2127 5038; x_wconf 88' lang='lat' dir='ltr'><strong>numquam</strong></span> 
     </span>
    </p>
   </div>
   <div class='ocr_carea' id='block_1_90' title="bbox 528 5038 2126 5112">
    <p class='ocr_par' dir='ltr' id='par_1_90' title="bbox 528 5038 2126 5112">
     <span class='ocr_line' id='line_1_90' title="bbox 528 5038 2126 5112; baseline 0.001 -21"><span class='ocrx_word' id='word_1_650' title='bbox 528 5040 709 5107; x_wconf 83' lang='lat' dir='ltr'><strong>possit.</strong></span> <span class='ocrx_word' id='word_1_651' title='bbox 758 5038 845 5093; x_wconf 86' lang='lat' dir='ltr'><strong>Ita</strong></span> <span class='ocrx_word' id='word_1_652' title='bbox 874 5040 1035 5112; x_wconf 83' lang='lat' dir='ltr'><strong>igitur</strong></span> <span class='ocrx_word' id='word_1_653' title='bbox 1079 5041 1420 5112; x_wconf 78' lang='lat' dir='ltr'><strong>virginitatem</strong></span> <span class='ocrx_word' id='word_1_654' title='bbox 1453 5038 1796 5104; x_wconf 64' lang='lat' dir='ltr'><strong>pradicamus</strong></span> <span class='ocrx_word' id='word_1_655' title='bbox 1817 5078 1831 5102; x_wconf 90' lang='lat'><strong>,</strong></span> <span class='ocrx_word' id='word_1_656' title='bbox 1858 5047 1914 5091; x_wconf 89' lang='lat' dir='ltr'><strong>ut</strong></span> <span class='ocrx_word' id='word_1_657' title='bbox 1942 5039 2126 5112; x_wconf 70' lang='lat' dir='ltr'><strong>viduas</strong></span> 
     </span>
    </p>
   </div>
   <div class='ocr_carea' id='block_1_91' title="bbox 529 5109 2125 5181">
    <p class='ocr_par' dir='ltr' id='par_1_91' title="bbox 529 5109 2125 5181">
     <span class='ocr_line' id='line_1_91' title="bbox 529 5109 2125 5181; baseline 0.003 -22"><span class='ocrx_word' id='word_1_658' title='bbox 529 5126 629 5162; x_wconf 86' lang='lat' dir='ltr'><strong>non</strong></span> <span class='ocrx_word' id='word_1_659' title='bbox 658 5109 988 5181; x_wconf 80' lang='lat' dir='ltr'><strong>rejiciamus;</strong></span> <span class='ocrx_word' id='word_1_660' title='bbox 1018 5110 1091 5163; x_wconf 90' lang='lat' dir='ltr'><strong>ita</strong></span> <span class='ocrx_word' id='word_1_661' title='bbox 1136 5110 1317 5164; x_wconf 86' lang='lat' dir='ltr'><strong>viduas</strong></span> <span class='ocrx_word' id='word_1_662' title='bbox 1348 5109 1691 5174; x_wconf 87' lang='lat' dir='ltr'><strong>honoramus,</strong></span> <span class='ocrx_word' id='word_1_663' title='bbox 1724 5116 1777 5161; x_wconf 89' lang='lat' dir='ltr'><strong>ut</strong></span> <span class='ocrx_word' id='word_1_664' title='bbox 1809 5125 1935 5163; x_wconf 86' lang='lat' dir='ltr'><strong>suus</strong></span> <span class='ocrx_word' id='word_1_665' title='bbox 1960 5110 2125 5164; x_wconf 85' lang='lat' dir='ltr'><strong>honos</strong></span> 
     </span>
    </p>
   </div>
   <div class='ocr_carea' id='block_1_92' title="bbox 527 5182 1111 5252">
    <p class='ocr_par' dir='ltr' id='par_1_92' title="bbox 527 5182 1111 5252">
     <span class='ocr_line' id='line_1_92' title="bbox 527 5182 1111 5252; baseline -0.002 -20"><span class='ocrx_word' id='word_1_666' title='bbox 527 5182 770 5252; x_wconf 76' lang='lat' dir='ltr'><strong>coniugio</strong></span> <span class='ocrx_word' id='word_1_667' title='bbox 806 5191 1111 5236; x_wconf 87' lang='lat' dir='ltr'><strong>reservetur.</strong></span> 
     </span>
    </p>
   </div>
   <div class='ocr_carea' id='block_1_93' title="bbox 598 5249 2123 5321">
    <p class='ocr_par' dir='ltr' id='par_1_93' title="bbox 598 5249 2123 5321">
     <span class='ocr_line' id='line_1_93' title="bbox 598 5249 2123 5321; baseline 0.001 -18"><span class='ocrx_word' id='word_1_668' title='bbox 598 5250 627 5289; x_wconf 70' lang='grc' dir='ltr'><strong>ι)</strong></span> <span class='ocrx_word' id='word_1_669' title='bbox 661 5249 832 5317; x_wconf 72' lang='lat' dir='ltr'><strong>Quam</strong></span> <span class='ocrx_word' id='word_1_670' title='bbox 866 5252 1230 5320; x_wconf 90' lang='lat' dir='ltr'><strong>periculosum</strong></span> <span class='ocrx_word' id='word_1_671' title='bbox 1252 5264 1315 5304; x_wconf 89' lang='lat' dir='ltr'><strong>ac</strong></span> <span class='ocrx_word' id='word_1_672' title='bbox 1339 5250 1700 5318; x_wconf 89' lang='lat' dir='ltr'><strong>perniciosum</strong></span> <span class='ocrx_word' id='word_1_673' title='bbox 1723 5249 2123 5321; x_wconf 90' lang='lat' dir='ltr'><strong>sitvoluptariis</strong></span> 
     </span>
    </p>
   </div>
   <div class='ocr_carea' id='block_1_94' title="bbox 527 5322 2126 5391">
    <p class='ocr_par' dir='ltr' id='par_1_94' title="bbox 527 5322 2126 5391">
     <span class='ocr_line' id='line_1_94' title="bbox 527 5322 2126 5391; baseline 0.001 -16"><span class='ocrx_word' id='word_1_674' title='bbox 527 5336 623 5376; x_wconf 87' lang='lat' dir='ltr'><strong>seu</strong></span> <span class='ocrx_word' id='word_1_675' title='bbox 659 5322 968 5376; x_wconf 87' lang='lat' dir='ltr'><strong>libidinosis</strong></span> <span class='ocrx_word' id='word_1_676' title='bbox 994 5322 1414 5391; x_wconf 87' lang='lat' dir='ltr'><strong>cogitationibus</strong></span> <span class='ocrx_word' id='word_1_677' title='bbox 1445 5322 1742 5385; x_wconf 88' lang='lat' dir='ltr'><strong>immorari,</strong></span> <span class='ocrx_word' id='word_1_678' title='bbox 1772 5336 1974 5391; x_wconf 90' lang='lat' dir='ltr'><strong>easque</strong></span> <span class='ocrx_word' id='word_1_679' title='bbox 2012 5322 2126 5376; x_wconf 86' lang='lat' dir='ltr'><strong>ani-</strong></span> 
     </span>
    </p>
   </div>
   <div class='ocr_carea' id='block_1_95' title="bbox 526 5391 2123 5447">
    <p class='ocr_par' dir='ltr' id='par_1_95' title="bbox 526 5391 2123 5447">
     <span class='ocr_line' id='line_1_95' title="bbox 526 5391 2123 5447; baseline -0.001 -1"><span class='ocrx_word' id='word_1_680' title='bbox 526 5408 619 5447; x_wconf 91' lang='lat' dir='ltr'><strong>mo</strong></span> <span class='ocrx_word' id='word_1_681' title='bbox 642 5391 825 5447; x_wconf 84' lang='lat' dir='ltr'><strong>fovere</strong></span> <span class='ocrx_word' id='word_1_682' title='bbox 854 5393 874 5447; x_wconf 83' lang='lat' dir='ltr'><strong>l</strong></span> <span class='ocrx_word' id='word_1_683' title='bbox 881 5392 1021 5446; x_wconf 89' lang='lat' dir='ltr'><strong>unde</strong></span> <span class='ocrx_word' id='word_1_684' title='bbox 1043 5402 1096 5446; x_wconf 82' lang='lat' dir='ltr'><strong>et</strong></span> <span class='ocrx_word' id='word_1_685' title='bbox 1128 5407 1361 5447; x_wconf 69' lang='lat' dir='ltr'><strong>morosa:</strong></span> <span class='ocrx_word' id='word_1_686' title='bbox 1386 5402 1649 5446; x_wconf 88' lang='lat' dir='ltr'><strong>vocantur</strong></span> <span class='ocrx_word' id='word_1_687' title='bbox 1678 5406 1705 5444; x_wconf 87' lang='lat' dir='ltr'><strong>a</strong></span> <span class='ocrx_word' id='word_1_688' title='bbox 1739 5407 1891 5446; x_wconf 90' lang='lat' dir='ltr'><strong>mora</strong></span> <span class='ocrx_word' id='word_1_689' title='bbox 1913 5393 1995 5446; x_wconf 91' lang='lat' dir='ltr'><strong>vel</strong></span> <span class='ocrx_word' id='word_1_690' title='bbox 2029 5394 2123 5445; x_wconf 88' lang='lat' dir='ltr'><strong>im-</strong></span> 
     </span>
    </p>
   </div>
   <div class='ocr_carea' id='block_1_96' title="bbox 528 5461 2117 5531">
    <p class='ocr_par' dir='ltr' id='par_1_96' title="bbox 528 5461 2117 5531">
     <span class='ocr_line' id='line_1_96' title="bbox 528 5461 2117 5531; baseline 0 -16"><span class='ocrx_word' id='word_1_691' title='bbox 528 5463 844 5531; x_wconf 89' lang='lat' dir='ltr'><strong>morando),</strong></span> <span class='ocrx_word' id='word_1_692' title='bbox 863 5461 1124 5517; x_wconf 90' lang='lat' dir='ltr'><strong>hactenus</strong></span> <span class='ocrx_word' id='word_1_693' title='bbox 1146 5477 1292 5531; x_wconf 66' lang='lat' dir='ltr'><strong>stupe</strong></span> <span class='ocrx_word' id='word_1_694' title='bbox 1307 5472 1362 5517; x_wconf 86' lang='lat' dir='ltr'><strong>et</strong></span> <span class='ocrx_word' id='word_1_695' title='bbox 1385 5463 1546 5516; x_wconf 83' lang='lat' dir='ltr'><strong>variis</strong></span> <span class='ocrx_word' id='word_1_696' title='bbox 1565 5462 1620 5516; x_wconf 91' lang='lat' dir='ltr'><strong>in</strong></span> <span class='ocrx_word' id='word_1_697' title='bbox 1640 5461 1772 5517; x_wconf 93' lang='lat' dir='ltr'><strong>locis</strong></span> <span class='ocrx_word' id='word_1_698' title='bbox 1789 5478 1853 5516; x_wconf 80' lang='lat' dir='ltr'><strong>ex</strong></span> <span class='ocrx_word' id='word_1_699' title='bbox 1873 5462 2117 5517; x_wconf 88' lang='lat' dir='ltr'><strong>doctrina</strong></span> 
     </span>
    </p>
   </div>
   <div class='ocr_carea' id='block_1_97' title="bbox 524 5532 2119 5601">
    <p class='ocr_par' dir='ltr' id='par_1_97' title="bbox 524 5532 2119 5601">
     <span class='ocr_line' id='line_1_97' title="bbox 524 5532 2119 5601; baseline 0 -14"><span class='ocrx_word' id='word_1_700' title='bbox 524 5532 623 5587; x_wconf 87' lang='lat' dir='ltr'><strong>SS.</strong></span> <span class='ocrx_word' id='word_1_701' title='bbox 663 5533 881 5587; x_wconf 87' lang='lat' dir='ltr'><strong>Patrum</strong></span> <span class='ocrx_word' id='word_1_702' title='bbox 913 5543 1193 5587; x_wconf 90' lang='lat' dir='ltr'><strong>ostensum</strong></span> <span class='ocrx_word' id='word_1_703' title='bbox 1217 5544 1319 5590; x_wconf 90' lang='lat' dir='ltr'><strong>est.</strong></span> <span class='ocrx_word' id='word_1_704' title='bbox 1348 5534 1524 5587; x_wconf 86' lang='lat' dir='ltr'><strong>Prima</strong></span> <span class='ocrx_word' id='word_1_705' title='bbox 1554 5533 1819 5601; x_wconf 87' lang='lat' dir='ltr'><strong>siquidem</strong></span> <span class='ocrx_word' id='word_1_706' title='bbox 1853 5534 2119 5587; x_wconf 83' lang='lat' dir='ltr'><strong>castitatis</strong></span> 
     </span>
    </p>
   </div>
   <div class='ocr_carea' id='block_1_98' title="bbox 524 5602 2119 5673">
    <p class='ocr_par' dir='ltr' id='par_1_98' title="bbox 524 5602 2119 5673">
     <span class='ocr_line' id='line_1_98' title="bbox 524 5602 2119 5673; baseline 0.001 -19"><span class='ocrx_word' id='word_1_707' title='bbox 524 5614 593 5655; x_wconf 83' lang='lat' dir='ltr'><strong>ac</strong></span> <span class='ocrx_word' id='word_1_708' title='bbox 620 5603 892 5673; x_wconf 77' lang='lat' dir='ltr'><strong>pudicitiae</strong></span> <span class='ocrx_word' id='word_1_709' title='bbox 920 5604 1225 5673; x_wconf 88' lang='lat' dir='ltr'><strong>corruptela</strong></span> <span class='ocrx_word' id='word_1_710' title='bbox 1244 5645 1257 5669; x_wconf 92' lang='lat'><strong>,</strong></span> <span class='ocrx_word' id='word_1_711' title='bbox 1288 5614 1342 5657; x_wconf 89' lang='lat' dir='ltr'><strong>et</strong></span> <span class='ocrx_word' id='word_1_712' title='bbox 1371 5605 1602 5673; x_wconf 89' lang='lat' dir='ltr'><strong>primum</strong></span> <span class='ocrx_word' id='word_1_713' title='bbox 1653 5604 1877 5657; x_wconf 61' lang='lat' dir='ltr'><strong>luxuria;</strong></span> <span class='ocrx_word' id='word_1_714' title='bbox 1906 5602 2119 5657; x_wconf 84' lang='lat' dir='ltr'><strong>fomen-</strong></span> 
     </span>
    </p>
   </div>
   <div class='ocr_carea' id='block_1_99' title="bbox 526 5672 2118 5746">
    <p class='ocr_par' dir='ltr' id='par_1_99' title="bbox 526 5672 2118 5746">
     <span class='ocr_line' id='line_1_99' title="bbox 526 5672 2118 5746; baseline 0 -15"><span class='ocrx_word' id='word_1_715' title='bbox 526 5676 647 5731; x_wconf 64' lang='lat' dir='ltr'><strong>tum</strong></span> <span class='ocrx_word' id='word_1_716' title='bbox 675 5680 759 5726; x_wconf 86' lang='lat' dir='ltr'><strong>est</strong></span> <span class='ocrx_word' id='word_1_717' title='bbox 788 5672 904 5744; x_wconf 84' lang='lat' dir='ltr'><strong>ipsa</strong></span> <span class='ocrx_word' id='word_1_718' title='bbox 932 5672 1223 5730; x_wconf 81' lang='lat' dir='ltr'><strong>delectatio</strong></span> <span class='ocrx_word' id='word_1_719' title='bbox 1267 5672 1516 5741; x_wconf 83' lang='lat' dir='ltr'><strong>morosa,</strong></span> <span class='ocrx_word' id='word_1_720' title='bbox 1540 5689 1660 5746; x_wconf 69' lang='lat' dir='ltr'><strong>quae</strong></span> <span class='ocrx_word' id='word_1_721' title='bbox 1691 5688 1758 5729; x_wconf 89' lang='lat' dir='ltr'><strong>ex</strong></span> <span class='ocrx_word' id='word_1_722' title='bbox 1789 5673 2118 5744; x_wconf 87' lang='lat' dir='ltr'><strong>cogitatione</strong></span> 
     </span>
    </p>
   </div>
   <div class='ocr_carea' id='block_1_100' title="bbox 2154 4370 2204 4430">
    <p class='ocr_par' dir='ltr' id='par_1_100' title="bbox 2154 4370 2204 4430">
     <span class='ocr_line' id='line_1_100' title="bbox 2154 4370 2204 4430; baseline 0 0"><span class='ocrx_word' id='word_1_723' title='bbox 2154 4370 2204 4430; x_wconf 89' lang='lat' dir='ltr'><strong>D</strong></span> 
     </span>
    </p>
   </div>
   <div class='ocr_carea' id='block_1_101' title="bbox 2227 3553 3822 3624">
    <p class='ocr_par' dir='ltr' id='par_1_101' title="bbox 2227 3553 3822 3624">
     <span class='ocr_line' id='line_1_101' title="bbox 2227 3553 3822 3624; baseline -0.001 -16"><span class='ocrx_word' id='word_1_724' title='bbox 2227 3568 2325 3608; x_wconf 91' lang='lat' dir='ltr'><strong>seu</strong></span> <span class='ocrx_word' id='word_1_725' title='bbox 2388 3554 2779 3624; x_wconf 89' lang='lat' dir='ltr'><strong>imaginatione</strong></span> <span class='ocrx_word' id='word_1_726' title='bbox 2827 3554 2906 3609; x_wconf 89' lang='lat' dir='ltr'><strong>rei</strong></span> <span class='ocrx_word' id='word_1_727' title='bbox 2956 3568 3205 3610; x_wconf 66' lang='lat' dir='ltr'><strong>venereae</strong></span> <span class='ocrx_word' id='word_1_728' title='bbox 3257 3553 3544 3618; x_wconf 90' lang='lat' dir='ltr'><strong>nascitur,</strong></span> <span class='ocrx_word' id='word_1_729' title='bbox 3601 3566 3822 3624; x_wconf 58' lang='lat' dir='ltr'><strong>quasque</strong></span> 
     </span>
    </p>
   </div>
   <div class='ocr_carea' id='block_1_102' title="bbox 2228 3622 3824 3694">
    <p class='ocr_par' dir='ltr' id='par_1_102' title="bbox 2228 3622 3824 3694">
     <span class='ocr_line' id='line_1_102' title="bbox 2228 3622 3824 3694; baseline -0.001 -15"><span class='ocrx_word' id='word_1_730' title='bbox 2228 3624 2466 3694; x_wconf 80' lang='lat' dir='ltr'><strong>maxime</strong></span> <span class='ocrx_word' id='word_1_731' title='bbox 2492 3622 2639 3694; x_wconf 78' lang='lat' dir='ltr'><strong>viget</strong></span> <span class='ocrx_word' id='word_1_732' title='bbox 2667 3626 2719 3678; x_wconf 96' lang='lat' dir='ltr'><strong>in</strong></span> <span class='ocrx_word' id='word_1_733' title='bbox 2749 3625 2853 3679; x_wconf 92' lang='lat' dir='ltr'><strong>hoc</strong></span> <span class='ocrx_word' id='word_1_734' title='bbox 2877 3635 3117 3693; x_wconf 87' lang='lat' dir='ltr'><strong>peccato,</strong></span> <span class='ocrx_word' id='word_1_735' title='bbox 3149 3625 3368 3680; x_wconf 88' lang='lat' dir='ltr'><strong>dicente</strong></span> <span class='ocrx_word' id='word_1_736' title='bbox 3388 3626 3644 3691; x_wconf 81' lang='lat' dir='ltr'><strong>apostolo</strong></span> <span class='ocrx_word' id='word_1_737' title='bbox 3670 3622 3824 3678; x_wconf 82' lang='lat' dir='ltr'><strong>Jaco—</strong></span> 
     </span>
    </p>
   </div>
   <div class='ocr_carea' id='block_1_103' title="bbox 2227 3693 3825 3767">
    <p class='ocr_par' dir='ltr' id='par_1_103' title="bbox 2227 3693 3825 3767">
     <span class='ocr_line' id='line_1_103' title="bbox 2227 3693 3825 3767; baseline -0.003 -18"><span class='ocrx_word' id='word_1_738' title='bbox 2227 3695 2299 3749; x_wconf 86' lang='lat' dir='ltr'><strong>bo</strong></span> <span class='ocrx_word' id='word_1_739' title='bbox 2326 3714 2338 3749; x_wconf 91' lang='lat'><strong>:</strong></span> <span class='ocrx_word' id='word_1_740' title='bbox 2371 3693 2731 3767; x_wconf 78' lang='lat' dir='ltr'><strong>Unusquisque</strong></span> <span class='ocrx_word' id='word_1_741' title='bbox 2754 3704 2999 3763; x_wconf 86' lang='lat' dir='ltr'><strong>tentatur,</strong></span> <span class='ocrx_word' id='word_1_742' title='bbox 3028 3712 3061 3748; x_wconf 93' lang='lat' dir='ltr'><strong><em>a</em></strong></span> <span class='ocrx_word' id='word_1_743' title='bbox 3080 3696 3495 3767; x_wconf 87' lang='lat' dir='ltr'><strong>concupiscentia</strong></span> <span class='ocrx_word' id='word_1_744' title='bbox 3517 3711 3613 3747; x_wconf 85' lang='lat' dir='ltr'><strong>sua</strong></span> <span class='ocrx_word' id='word_1_745' title='bbox 3635 3694 3825 3767; x_wconf 81' lang='lat' dir='ltr'><strong>abstra-</strong></span> 
     </span>
    </p>
   </div>
   <div class='ocr_carea' id='block_1_104' title="bbox 2226 3764 3820 3833">
    <p class='ocr_par' dir='ltr' id='par_1_104' title="bbox 2226 3764 3820 3833">
     <span class='ocr_line' id='line_1_104' title="bbox 2226 3764 3820 3833; baseline -0.001 -15"><span class='ocrx_word' id='word_1_746' title='bbox 2226 3775 2338 3820; x_wconf 89' lang='lat' dir='ltr'><strong>ctus</strong></span> <span class='ocrx_word' id='word_1_747' title='bbox 2368 3775 2416 3820; x_wconf 90' lang='lat' dir='ltr'><strong>et</strong></span> <span class='ocrx_word' id='word_1_748' title='bbox 2438 3764 2666 3821; x_wconf 75' lang='lat' dir='ltr'><strong>illectus.</strong></span> <span class='ocrx_word' id='word_1_749' title='bbox 2700 3765 2897 3820; x_wconf 87' lang='lat' dir='ltr'><strong>Deinde</strong></span> <span class='ocrx_word' id='word_1_750' title='bbox 2924 3764 3339 3832; x_wconf 84' lang='lat' dir='ltr'><strong>concupiscentia</strong></span> <span class='ocrx_word' id='word_1_751' title='bbox 3359 3783 3477 3820; x_wconf 89' lang='lat' dir='ltr'><strong>cum</strong></span> <span class='ocrx_word' id='word_1_752' title='bbox 3512 3766 3820 3833; x_wconf 85' lang='lat' dir='ltr'><strong>conceperit,</strong></span> 
     </span>
    </p>
   </div>
   <div class='ocr_carea' id='block_1_105' title="bbox 2230 3835 3820 3907">
    <p class='ocr_par' dir='ltr' id='par_1_105' title="bbox 2230 3835 3820 3907">
     <span class='ocr_line' id='line_1_105' title="bbox 2230 3835 3820 3907; baseline -0.001 -17"><span class='ocrx_word' id='word_1_753' title='bbox 2230 3838 2366 3904; x_wconf 91' lang='lat' dir='ltr'><strong>parit</strong></span> <span class='ocrx_word' id='word_1_754' title='bbox 2416 3849 2704 3905; x_wconf 89' lang='lat' dir='ltr'><strong>peccatum,</strong></span> <span class='ocrx_word' id='word_1_755' title='bbox 2758 3847 2860 3892; x_wconf 92' lang='lat' dir='ltr'><strong>etc.</strong></span> <span class='ocrx_word' id='word_1_756' title='bbox 2909 3835 3117 3907; x_wconf 68' lang='lat' dir='ltr'><strong>(Iacob.</strong></span> <span class='ocrx_word' id='word_1_757' title='bbox 3150 3838 3210 3905; x_wconf 85' lang='grc' dir='ltr'><strong>ι).</strong></span> <span class='ocrx_word' id='word_1_758' title='bbox 3240 3836 3426 3907; x_wconf 85' lang='lat' dir='ltr'><strong>Neque</strong></span> <span class='ocrx_word' id='word_1_759' title='bbox 3454 3838 3599 3891; x_wconf 87' lang='lat' dir='ltr'><strong>enim</strong></span> <span class='ocrx_word' id='word_1_760' title='bbox 3650 3835 3820 3889; x_wconf 83' lang='lat' dir='ltr'><strong>solum</strong></span> 
     </span>
    </p>
   </div>
   <div class='ocr_carea' id='block_1_106' title="bbox 2228 3907 3825 3963">
    <p class='ocr_par' dir='ltr' id='par_1_106' title="bbox 2228 3907 3825 3963">
     <span class='ocr_line' id='line_1_106' title="bbox 2228 3907 3825 3963; baseline 0.001 -4"><span class='ocrx_word' id='word_1_761' title='bbox 2228 3910 2373 3962; x_wconf 90' lang='lat' dir='ltr'><strong>actio</strong></span> <span class='ocrx_word' id='word_1_762' title='bbox 2443 3918 2666 3963; x_wconf 85' lang='lat' dir='ltr'><strong>externa</strong></span> <span class='ocrx_word' id='word_1_763' title='bbox 2704 3907 2773 3961; x_wconf 88' lang='lat' dir='ltr'><strong>ab</strong></span> <span class='ocrx_word' id='word_1_764' title='bbox 2813 3910 3032 3962; x_wconf 90' lang='lat' dir='ltr'><strong>interno</strong></span> <span class='ocrx_word' id='word_1_765' title='bbox 3088 3907 3359 3963; x_wconf 88' lang='lat' dir='ltr'><strong>desiderio</strong></span> <span class='ocrx_word' id='word_1_766' title='bbox 3411 3908 3466 3961; x_wconf 90' lang='lat' dir='ltr'><strong>in</strong></span> <span class='ocrx_word' id='word_1_767' title='bbox 3517 3921 3585 3961; x_wconf 89' lang='lat' dir='ltr'><strong>eo</strong></span> <span class='ocrx_word' id='word_1_768' title='bbox 3635 3907 3825 3961; x_wconf 88' lang='lat' dir='ltr'><strong>distin-</strong></span> 
     </span>
    </p>
   </div>
   <div class='ocr_carea' id='block_1_107' title="bbox 2229 3976 3821 4047">
    <p class='ocr_par' dir='ltr' id='par_1_107' title="bbox 2229 3976 3821 4047">
     <span class='ocr_line' id='line_1_107' title="bbox 2229 3976 3821 4047; baseline -0.003 -16"><span class='ocrx_word' id='word_1_769' title='bbox 2229 3979 2412 4046; x_wconf 86' lang='lat' dir='ltr'><strong>guitur</strong></span> <span class='ocrx_word' id='word_1_770' title='bbox 2464 3979 2533 4033; x_wconf 92' lang='lat' dir='ltr'><strong>de</strong></span> <span class='ocrx_word' id='word_1_771' title='bbox 2577 3994 2685 4047; x_wconf 90' lang='lat' dir='ltr'><strong>quo</strong></span> <span class='ocrx_word' id='word_1_772' title='bbox 2737 3976 2985 4033; x_wconf 90' lang='lat' dir='ltr'><strong>Christus</strong></span> <span class='ocrx_word' id='word_1_773' title='bbox 3022 3978 3095 4032; x_wconf 90' lang='lat' dir='ltr'><strong>ait</strong></span> <span class='ocrx_word' id='word_1_774' title='bbox 3128 3996 3139 4031; x_wconf 89' lang='lat'><strong>:</strong></span> <span class='ocrx_word' id='word_1_775' title='bbox 3175 3978 3277 4043; x_wconf 85' lang='lat' dir='ltr'><strong>Qui</strong></span> <span class='ocrx_word' id='word_1_776' title='bbox 3326 3978 3518 4047; x_wconf 86' lang='lat' dir='ltr'><strong>viderit</strong></span> <span class='ocrx_word' id='word_1_777' title='bbox 3557 3979 3821 4031; x_wconf 85' lang='lat' dir='ltr'><strong>mulierem</strong></span> 
     </span>
    </p>
   </div>
   <div class='ocr_carea' id='block_1_108' title="bbox 2230 4046 3819 4121">
    <p class='ocr_par' dir='ltr' id='par_1_108' title="bbox 2230 4046 3819 4121">
     <span class='ocr_line' id='line_1_108' title="bbox 2230 4046 3819 4121; baseline -0.003 -19"><span class='ocrx_word' id='word_1_778' title='bbox 2230 4049 2300 4102; x_wconf 89' lang='lat' dir='ltr'><strong>ad</strong></span> <span class='ocrx_word' id='word_1_779' title='bbox 2340 4050 2818 4121; x_wconf 10' lang='lat' dir='ltr'><strong>concupiscendam,</strong></span> <span class='ocrx_word' id='word_1_780' title='bbox 2844 4065 2954 4103; x_wconf 91' lang='lat' dir='ltr'><strong>eam</strong></span> <span class='ocrx_word' id='word_1_781' title='bbox 2972 4089 2995 4121; x_wconf 15' lang='grc' dir='ltr'><strong>ί,</strong></span> <span class='ocrx_word' id='word_1_782' title='bbox 3016 4054 3133 4121; x_wconf 84' lang='lat' dir='ltr'><strong>jam</strong></span> <span class='ocrx_word' id='word_1_783' title='bbox 3186 4046 3467 4121; x_wconf 67' lang='lat' dir='ltr'><strong>nunc/tatus</strong></span> <span class='ocrx_word' id='word_1_784' title='bbox 3513 4058 3740 4121; x_wconf 27' lang='lat' dir='ltr'><strong>est‘eam</strong></span> <span class='ocrx_word' id='word_1_785' title='bbox 3767 4047 3819 4099; x_wconf 86' lang='lat' dir='ltr'><strong>in</strong></span> 
     </span>
    </p>
   </div>
   <div class='ocr_carea' id='block_1_109' title="bbox 2230 4118 3820 4191">
    <p class='ocr_par' dir='ltr' id='par_1_109' title="bbox 2230 4118 3820 4191">
     <span class='ocr_line' id='line_1_109' title="bbox 2230 4118 3820 4191; baseline -0.001 -19"><span class='ocrx_word' id='word_1_786' title='bbox 2230 4122 2384 4191; x_wconf 79' lang='lat' dir='ltr'><strong>corde</strong></span> <span class='ocrx_word' id='word_1_787' title='bbox 2403 4118 2741 4190; x_wconf 44' lang='lat' dir='ltr'><strong>suo&#39;(Matth.</strong></span> <span class='ocrx_word' id='word_1_788' title='bbox 2771 4118 2859 4190; x_wconf 91' lang='lat' dir='ltr'><strong>v);</strong></span> <span class='ocrx_word' id='word_1_789' title='bbox 2890 4120 2986 4174; x_wconf 91' lang='lat' dir='ltr'><strong>sed</strong></span> <span class='ocrx_word' id='word_1_790' title='bbox 3018 4118 3190 4174; x_wconf 78' lang='lat' dir='ltr'><strong>etiam</strong></span> <span class='ocrx_word' id='word_1_791' title='bbox 3220 4120 3335 4189; x_wconf 88' lang='lat' dir='ltr'><strong>ipsa</strong></span> <span class='ocrx_word' id='word_1_792' title='bbox 3365 4118 3670 4179; x_wconf 85' lang='lat' dir='ltr'><strong>delectatio,</strong></span> <span class='ocrx_word' id='word_1_793' title='bbox 3686 4131 3820 4191; x_wconf 69' lang='lat' dir='ltr'><strong>quae</strong></span> 
     </span>
    </p>
   </div>
   <div class='ocr_carea' id='block_1_110' title="bbox 2231 4188 3822 4258">
    <p class='ocr_par' dir='ltr' id='par_1_110' title="bbox 2231 4188 3822 4258">
     <span class='ocr_line' id='line_1_110' title="bbox 2231 4188 3822 4258; baseline -0.001 -16"><span class='ocrx_word' id='word_1_794' title='bbox 2231 4188 2429 4244; x_wconf 88' lang='lat' dir='ltr'><strong>dicltur</strong></span> <span class='ocrx_word' id='word_1_795' title='bbox 2454 4188 2667 4245; x_wconf 81' lang='lat' dir='ltr'><strong>morosa</strong></span> <span class='ocrx_word' id='word_1_796' title='bbox 2706 4201 2762 4246; x_wconf 89' lang='lat' dir='ltr'><strong>et</strong></span> <span class='ocrx_word' id='word_1_797' title='bbox 2805 4188 3074 4258; x_wconf 87' lang='lat' dir='ltr'><strong>venerea,</strong></span> <span class='ocrx_word' id='word_1_798' title='bbox 3105 4188 3572 4246; x_wconf 35' lang='lat' dir='ltr'><strong>cum’oblectatur</strong></span> <span class='ocrx_word' id='word_1_799' title='bbox 3612 4188 3822 4241; x_wconf 86' lang='lat' dir='ltr'><strong>animus</strong></span> 
     </span>
    </p>
   </div>
   <div class='ocr_carea' id='block_1_111' title="bbox 2230 4260 3823 4332">
    <p class='ocr_par' dir='ltr' id='par_1_111' title="bbox 2230 4260 3823 4332">
     <span class='ocr_line' id='line_1_111' title="bbox 2230 4260 3823 4332; baseline -0.002 -18"><span class='ocrx_word' id='word_1_800' title='bbox 2230 4261 2560 4332; x_wconf 83' lang='lat' dir='ltr'><strong>cogitatione</strong></span> <span class='ocrx_word' id='word_1_801' title='bbox 2590 4263 2765 4332; x_wconf 90' lang='lat' dir='ltr'><strong>turpi,</strong></span> <span class='ocrx_word' id='word_1_802' title='bbox 2785 4270 3050 4332; x_wconf 86' lang='lat' dir='ltr'><strong>censetur</strong></span> <span class='ocrx_word' id='word_1_803' title='bbox 3093 4261 3370 4327; x_wconf 87' lang='lat' dir='ltr'><strong>mortalis,</strong></span> <span class='ocrx_word' id='word_1_804' title='bbox 3395 4262 3580 4332; x_wconf 12' lang='lat' dir='ltr'><strong>getiam</strong></span> <span class='ocrx_word' id='word_1_805' title='bbox 3610 4260 3658 4313; x_wconf 90' lang='lat' dir='ltr'><strong>si</strong></span> <span class='ocrx_word' id='word_1_806' title='bbox 3689 4272 3823 4328; x_wconf 90' lang='lat' dir='ltr'><strong>opus</strong></span> 
     </span>
    </p>
   </div>
   <div class='ocr_carea' id='block_1_112' title="bbox 2233 4330 3823 4401">
    <p class='ocr_par' dir='ltr' id='par_1_112' title="bbox 2233 4330 3823 4401">
     <span class='ocr_line' id='line_1_112' title="bbox 2233 4330 3823 4401; baseline -0.001 -17"><span class='ocrx_word' id='word_1_807' title='bbox 2233 4330 2409 4399; x_wconf 92' lang='lat' dir='ltr'><strong>ipsum</strong></span> <span class='ocrx_word' id='word_1_808' title='bbox 2440 4330 2751 4401; x_wconf 88' lang='lat' dir='ltr'><strong>respuatur.</strong></span> <span class='ocrx_word' id='word_1_809' title='bbox 2781 4331 2839 4386; x_wconf 91' lang='lat' dir='ltr'><strong>Id</strong></span> <span class='ocrx_word' id='word_1_810' title='bbox 2868 4332 3002 4386; x_wconf 89' lang='lat' dir='ltr'><strong>satis</strong></span> <span class='ocrx_word' id='word_1_811' title='bbox 3028 4331 3174 4387; x_wconf 89' lang='lat' dir='ltr'><strong>clare</strong></span> <span class='ocrx_word' id='word_1_812' title='bbox 3204 4332 3363 4386; x_wconf 81' lang='lat' dir='ltr'><strong>docet</strong></span> <span class='ocrx_word' id='word_1_813' title='bbox 3390 4331 3452 4384; x_wconf 91' lang='lat' dir='ltr'><strong>D.</strong></span> <span class='ocrx_word' id='word_1_814' title='bbox 3491 4332 3823 4400; x_wconf 81' lang='lat' dir='ltr'><strong>Augustinus</strong></span> 
     </span>
    </p>
   </div>
   <div class='ocr_carea' id='block_1_113' title="bbox 2233 4400 3821 4472">
    <p class='ocr_par' dir='ltr' id='par_1_113' title="bbox 2233 4400 3821 4472">
     <span class='ocr_line' id='line_1_113' title="bbox 2233 4400 3821 4472; baseline -0.002 -17"><span class='ocrx_word' id='word_1_815' title='bbox 2233 4400 2327 4456; x_wconf 89' lang='lat' dir='ltr'><strong>lib.</strong></span> <span class='ocrx_word' id='word_1_816' title='bbox 2359 4417 2435 4457; x_wconf 86' lang='lat' dir='ltr'><strong>xu</strong></span> <span class='ocrx_word' id='word_1_817' title='bbox 2485 4400 2551 4456; x_wconf 87' lang='lat' dir='ltr'><strong>de</strong></span> <span class='ocrx_word' id='word_1_818' title='bbox 2581 4402 2847 4459; x_wconf 85' lang='lat' dir='ltr'><strong>Trinitate</strong></span> <span class='ocrx_word' id='word_1_819' title='bbox 2877 4402 3033 4472; x_wconf 89' lang='lat' dir='ltr'><strong>(Cap.</strong></span> <span class='ocrx_word' id='word_1_820' title='bbox 3087 4401 3208 4471; x_wconf 74' lang='lat'><strong>12):</strong></span> <span class='ocrx_word' id='word_1_821' title='bbox 3262 4402 3371 4456; x_wconf 84' lang='lat' dir='ltr'><strong>Nec</strong></span> <span class='ocrx_word' id='word_1_822' title='bbox 3406 4418 3556 4462; x_wconf 85' lang='lat' dir='ltr'><strong>sane,</strong></span> <span class='ocrx_word' id='word_1_823' title='bbox 3604 4403 3821 4472; x_wconf 80' lang='lat' dir='ltr'><strong>inquit,</strong></span> 
     </span>
    </p>
   </div>
   <div class='ocr_carea' id='block_1_114' title="bbox 2231 4470 3825 4544">
    <p class='ocr_par' dir='ltr' id='par_1_114' title="bbox 2231 4470 3825 4544">
     <span class='ocr_line' id='line_1_114' title="bbox 2231 4470 3825 4544; baseline -0.002 -19"><span class='ocrx_word' id='word_1_824' title='bbox 2231 4489 2345 4526; x_wconf 89' lang='lat' dir='ltr'><strong>cum</strong></span> <span class='ocrx_word' id='word_1_825' title='bbox 2365 4475 2477 4527; x_wconf 90' lang='lat' dir='ltr'><strong>sola</strong></span> <span class='ocrx_word' id='word_1_826' title='bbox 2501 4475 2809 4544; x_wconf 82' lang='lat' dir='ltr'><strong>cogitatione</strong></span> <span class='ocrx_word' id='word_1_827' title='bbox 2828 4470 2969 4528; x_wconf 85' lang='lat' dir='ltr'><strong>mens</strong></span> <span class='ocrx_word' id='word_1_828' title='bbox 2984 4470 3281 4528; x_wconf 15' lang='lat' dir='ltr'><strong>Voblectatur</strong></span> <span class='ocrx_word' id='word_1_829' title='bbox 3311 4472 3500 4527; x_wconf 84' lang='lat' dir='ltr'><strong>illicitis</strong></span> <span class='ocrx_word' id='word_1_830' title='bbox 3522 4511 3536 4535; x_wconf 94' lang='lat'><strong>,</strong></span> <span class='ocrx_word' id='word_1_831' title='bbox 3570 4470 3825 4544; x_wconf 70' lang='lat' dir='ltr'><strong>nonqui-</strong></span> 
     </span>
    </p>
   </div>
   <div class='ocr_carea' id='block_1_115' title="bbox 2232 4540 3823 4615">
    <p class='ocr_par' dir='ltr' id='par_1_115' title="bbox 2232 4540 3823 4615">
     <span class='ocr_line' id='line_1_115' title="bbox 2232 4540 3823 4615; baseline -0.002 -18"><span class='ocrx_word' id='word_1_832' title='bbox 2232 4545 2346 4615; x_wconf 87' lang='lat' dir='ltr'><strong>dem</strong></span> <span class='ocrx_word' id='word_1_833' title='bbox 2391 4540 2668 4599; x_wconf 75' lang='lat' dir='ltr'><strong>decernens</strong></span> <span class='ocrx_word' id='word_1_834' title='bbox 2696 4561 2804 4598; x_wconf 90' lang='lat' dir='ltr'><strong>esse</strong></span> <span class='ocrx_word' id='word_1_835' title='bbox 2841 4544 3118 4615; x_wconf 75' lang='lat' dir='ltr'><strong>facienda;</strong></span> <span class='ocrx_word' id='word_1_836' title='bbox 3149 4552 3322 4599; x_wconf 89' lang='lat' dir='ltr'><strong>tenens</strong></span> <span class='ocrx_word' id='word_1_837' title='bbox 3358 4548 3589 4615; x_wconf 60' lang='lat' dir='ltr'><strong>tamenet</strong></span> <span class='ocrx_word' id='word_1_838' title='bbox 3610 4540 3823 4594; x_wconf 77' lang='lat' dir='ltr'><strong>volvens</strong></span> 
     </span>
    </p>
   </div>
   <div class='ocr_carea' id='block_1_116' title="bbox 2233 4611 3824 4685">
    <p class='ocr_par' dir='ltr' id='par_1_116' title="bbox 2233 4611 3824 4685">
     <span class='ocr_line' id='line_1_116' title="bbox 2233 4611 3824 4685; baseline -0.001 -18"><span class='ocrx_word' id='word_1_839' title='bbox 2233 4614 2469 4681; x_wconf 86' lang='lat' dir='ltr'><strong>libenter,</strong></span> <span class='ocrx_word' id='word_1_840' title='bbox 2502 4632 2619 4685; x_wconf 61' lang='lat' dir='ltr'><strong>quae</strong></span> <span class='ocrx_word' id='word_1_841' title='bbox 2646 4617 2825 4670; x_wconf 88' lang='lat' dir='ltr'><strong>statim</strong></span> <span class='ocrx_word' id='word_1_842' title='bbox 2842 4611 2912 4669; x_wconf 42' lang='lat' dir='ltr'><strong>&quot;ut</strong></span> <span class='ocrx_word' id='word_1_843' title='bbox 2936 4616 3216 4684; x_wconf 86' lang='lat' dir='ltr'><strong>attigerunt</strong></span> <span class='ocrx_word' id='word_1_844' title='bbox 3244 4616 3473 4669; x_wconf 87' lang='lat' dir='ltr'><strong>animum</strong></span> <span class='ocrx_word' id='word_1_845' title='bbox 3495 4611 3572 4679; x_wconf 88' lang='lat' dir='ltr'><strong>(id</strong></span> <span class='ocrx_word' id='word_1_846' title='bbox 3597 4619 3707 4685; x_wconf 76' lang='lat' dir='ltr'><strong>est,</strong></span> <span class='ocrx_word' id='word_1_847' title='bbox 3731 4626 3824 4666; x_wconf 67' lang='lat' dir='ltr'><strong>suo</strong></span> 
     </span>
    </p>
   </div>
   <div class='ocr_carea' id='block_1_117' title="bbox 2230 4683 3827 4758">
    <p class='ocr_par' dir='ltr' id='par_1_117' title="bbox 2230 4683 3827 4758">
     <span class='ocr_line' id='line_1_117' title="bbox 2230 4683 3827 4758; baseline -0.002 -18"><span class='ocrx_word' id='word_1_848' title='bbox 2230 4683 2818 4758; x_wconf 39' lang='lat' dir='ltr'><strong>periorem&#39;rationfm)</strong></span> <span class='ocrx_word' id='word_1_849' title='bbox 2866 4683 3044 4758; x_wconf 83' lang='lat' dir='ltr'><strong>respui</strong></span> <span class='ocrx_word' id='word_1_850' title='bbox 3071 4686 3387 4751; x_wconf 87' lang='lat' dir='ltr'><strong>debuerunt,</strong></span> <span class='ocrx_word' id='word_1_851' title='bbox 3429 4683 3724 4758; x_wconf 69' lang='lat' dir='ltr'><strong>negandum</strong></span> <span class='ocrx_word' id='word_1_852' title='bbox 3750 4694 3827 4737; x_wconf 89' lang='lat' dir='ltr'><strong>est</strong></span> 
     </span>
    </p>
   </div>
   <div class='ocr_carea' id='block_1_118' title="bbox 2229 4753 3827 4825">
    <p class='ocr_par' dir='ltr' id='par_1_118' title="bbox 2229 4753 3827 4825">
     <span class='ocr_line' id='line_1_118' title="bbox 2229 4753 3827 4825; baseline -0.001 -14"><span class='ocrx_word' id='word_1_853' title='bbox 2229 4772 2339 4811; x_wconf 88' lang='lat' dir='ltr'><strong>esse</strong></span> <span class='ocrx_word' id='word_1_854' title='bbox 2369 4765 2656 4825; x_wconf 87' lang='lat' dir='ltr'><strong>peccatum.</strong></span> <span class='ocrx_word' id='word_1_855' title='bbox 2690 4753 2825 4812; x_wconf 85' lang='lat' dir='ltr'><strong>Esse</strong></span> <span class='ocrx_word' id='word_1_856' title='bbox 2866 4753 2999 4813; x_wconf 82' lang='lat' dir='ltr'><strong>vero</strong></span> <span class='ocrx_word' id='word_1_857' title='bbox 3030 4766 3307 4825; x_wconf 87' lang='lat' dir='ltr'><strong>peccatum</strong></span> <span class='ocrx_word' id='word_1_858' title='bbox 3338 4753 3691 4825; x_wconf 86' lang='lat' dir='ltr'><strong>mortiferum</strong></span> <span class='ocrx_word' id='word_1_859' title='bbox 3713 4769 3827 4809; x_wconf 81' lang='lat' dir='ltr'><strong>ms-</strong></span> 
     </span>
    </p>
   </div>
   <div class='ocr_carea' id='block_1_119' title="bbox 2231 4824 3829 4896">
    <p class='ocr_par' dir='ltr' id='par_1_119' title="bbox 2231 4824 3829 4896">
     <span class='ocr_line' id='line_1_119' title="bbox 2231 4824 3829 4896; baseline -0.001 -15"><span class='ocrx_word' id='word_1_860' title='bbox 2231 4824 2426 4882; x_wconf 86' lang='lat' dir='ltr'><strong>nileste</strong></span> <span class='ocrx_word' id='word_1_861' title='bbox 2471 4827 2674 4881; x_wconf 91' lang='lat' dir='ltr'><strong>indicat</strong></span> <span class='ocrx_word' id='word_1_862' title='bbox 2700 4828 2880 4882; x_wconf 77' lang='lat' dir='ltr'><strong>verbis</strong></span> <span class='ocrx_word' id='word_1_863' title='bbox 2910 4824 3264 4896; x_wconf 87' lang='lat' dir='ltr'><strong>sequentibus</strong></span> <span class='ocrx_word' id='word_1_864' title='bbox 3285 4866 3299 4891; x_wconf 92' lang='lat'><strong>,</strong></span> <span class='ocrx_word' id='word_1_865' title='bbox 3330 4842 3455 4880; x_wconf 89' lang='lat' dir='ltr'><strong>cum</strong></span> <span class='ocrx_word' id='word_1_866' title='bbox 3487 4825 3599 4879; x_wconf 85' lang='lat' dir='ltr'><strong>ait:</strong></span> <span class='ocrx_word' id='word_1_867' title='bbox 3642 4824 3829 4895; x_wconf 82' lang='lat' dir='ltr'><strong>Neque</strong></span> 
     </span>
    </p>
   </div>
   <div class='ocr_carea' id='block_1_120' title="bbox 2230 4898 3829 4969">
    <p class='ocr_par' dir='ltr' id='par_1_120' title="bbox 2230 4898 3829 4969">
     <span class='ocr_line' id='line_1_120' title="bbox 2230 4898 3829 4969; baseline -0.002 -18"><span class='ocrx_word' id='word_1_868' title='bbox 2230 4900 2363 4951; x_wconf 84' lang='lat' dir='ltr'><strong>enim</strong></span> <span class='ocrx_word' id='word_1_869' title='bbox 2389 4902 2519 4951; x_wconf 88' lang='lat' dir='ltr'><strong>sicut</strong></span> <span class='ocrx_word' id='word_1_870' title='bbox 2546 4900 2597 4951; x_wconf 90' lang='lat' dir='ltr'><strong>in</strong></span> <span class='ocrx_word' id='word_1_871' title='bbox 2618 4898 2723 4952; x_wconf 87' lang='lat' dir='ltr'><strong>illis</strong></span> <span class='ocrx_word' id='word_1_872' title='bbox 2751 4898 2953 4953; x_wconf 86' lang='lat' dir='ltr'><strong>duobus</strong></span> <span class='ocrx_word' id='word_1_873' title='bbox 2994 4898 3176 4969; x_wconf 87' lang='lat' dir='ltr'><strong>primis</strong></span> <span class='ocrx_word' id='word_1_874' title='bbox 3218 4898 3509 4969; x_wconf 81' lang='lat' dir='ltr'><strong>hominibus</strong></span> <span class='ocrx_word' id='word_1_875' title='bbox 3532 4912 3829 4969; x_wconf 3' lang='lat' dir='ltr'><strong>(personam</strong></span> 
     </span>
    </p>
   </div>
   <div class='ocr_carea' id='block_1_121' title="bbox 2227 4968 3828 5040">
    <p class='ocr_par' dir='ltr' id='par_1_121' title="bbox 2227 4968 3828 5040">
     <span class='ocr_line' id='line_1_121' title="bbox 2227 4968 3828 5040; baseline -0.002 -18"><span class='ocrx_word' id='word_1_876' title='bbox 2227 4985 2377 5022; x_wconf 86' lang='lat' dir='ltr'><strong>suam</strong></span> <span class='ocrx_word' id='word_1_877' title='bbox 2405 4970 2620 5039; x_wconf 88' lang='lat' dir='ltr'><strong>quisque</strong></span> <span class='ocrx_word' id='word_1_878' title='bbox 2646 4970 2911 5040; x_wconf 88' lang='lat' dir='ltr'><strong>portabat,</strong></span> <span class='ocrx_word' id='word_1_879' title='bbox 2943 4968 3003 5023; x_wconf 83' lang='lat' dir='ltr'><strong>et</strong></span> <span class='ocrx_word' id='word_1_880' title='bbox 3030 4969 3148 5022; x_wconf 84' lang='lat' dir='ltr'><strong>ideo</strong></span> <span class='ocrx_word' id='word_1_881' title='bbox 3184 4969 3229 5022; x_wconf 91' lang='lat' dir='ltr'><strong>si</strong></span> <span class='ocrx_word' id='word_1_882' title='bbox 3274 4968 3389 5021; x_wconf 88' lang='lat' dir='ltr'><strong>sola</strong></span> <span class='ocrx_word' id='word_1_883' title='bbox 3427 4968 3629 5040; x_wconf 80' lang='lat' dir='ltr'><strong>mulier</strong></span> <span class='ocrx_word' id='word_1_884' title='bbox 3656 4968 3828 5019; x_wconf 79' lang='lat' dir='ltr'><strong>cibum</strong></span> 
     </span>
    </p>
   </div>
   <div class='ocr_carea' id='block_1_122' title="bbox 2228 5038 3826 5109">
    <p class='ocr_par' dir='ltr' id='par_1_122' title="bbox 2228 5038 3826 5109">
     <span class='ocr_line' id='line_1_122' title="bbox 2228 5038 3826 5109; baseline -0.003 -17"><span class='ocrx_word' id='word_1_885' title='bbox 2228 5038 2423 5093; x_wconf 87' lang='lat' dir='ltr'><strong>edisset</strong></span> <span class='ocrx_word' id='word_1_886' title='bbox 2447 5038 2710 5105; x_wconf 85' lang='lat' dir='ltr'><strong>illicitum,</strong></span> <span class='ocrx_word' id='word_1_887' title='bbox 2743 5040 2855 5094; x_wconf 89' lang='lat' dir='ltr'><strong>sola</strong></span> <span class='ocrx_word' id='word_1_888' title='bbox 2881 5041 3057 5109; x_wconf 89' lang='lat' dir='ltr'><strong>utique</strong></span> <span class='ocrx_word' id='word_1_889' title='bbox 3082 5040 3263 5093; x_wconf 87' lang='lat' dir='ltr'><strong>mortis</strong></span> <span class='ocrx_word' id='word_1_890' title='bbox 3292 5038 3549 5109; x_wconf 88' lang='lat' dir='ltr'><strong>supplicio</strong></span> <span class='ocrx_word' id='word_1_891' title='bbox 3578 5039 3826 5109; x_wconf 65' lang='lat' dir='ltr'><strong>plectere-</strong></span> 
     </span>
    </p>
   </div>
   <div class='ocr_carea' id='block_1_123' title="bbox 2229 5108 3829 5178">
    <p class='ocr_par' dir='ltr' id='par_1_123' title="bbox 2229 5108 3829 5178">
     <span class='ocr_line' id='line_1_123' title="bbox 2229 5108 3829 5178; baseline -0.001 -16"><span class='ocrx_word' id='word_1_892' title='bbox 2229 5118 2345 5165; x_wconf 87' lang='lat' dir='ltr'><strong>tur:</strong></span> <span class='ocrx_word' id='word_1_893' title='bbox 2372 5112 2446 5163; x_wconf 91' lang='lat' dir='ltr'><strong>ita</strong></span> <span class='ocrx_word' id='word_1_894' title='bbox 2472 5112 2574 5165; x_wconf 87' lang='lat' dir='ltr'><strong>dici</strong></span> <span class='ocrx_word' id='word_1_895' title='bbox 2606 5120 2767 5178; x_wconf 89' lang='lat' dir='ltr'><strong>potest</strong></span> <span class='ocrx_word' id='word_1_896' title='bbox 2795 5112 2847 5163; x_wconf 89' lang='lat' dir='ltr'><strong>in</strong></span> <span class='ocrx_word' id='word_1_897' title='bbox 2889 5108 2992 5165; x_wconf 87' lang='lat' dir='ltr'><strong>uno</strong></span> <span class='ocrx_word' id='word_1_898' title='bbox 3031 5111 3267 5174; x_wconf 85' lang='lat' dir='ltr'><strong>homine,</strong></span> <span class='ocrx_word' id='word_1_899' title='bbox 3309 5110 3355 5162; x_wconf 89' lang='lat' dir='ltr'><strong>si</strong></span> <span class='ocrx_word' id='word_1_900' title='bbox 3396 5108 3829 5163; x_wconf 80' lang='lat' dir='ltr'><strong>delectationibus</strong></span> 
     </span>
    </p>
   </div>
   <div class='ocr_carea' id='block_1_124' title="bbox 2228 5179 3828 5251">
    <p class='ocr_par' dir='ltr' id='par_1_124' title="bbox 2228 5179 3828 5251">
     <span class='ocr_line' id='line_1_124' title="bbox 2228 5179 3828 5251; baseline -0.002 -18"><span class='ocrx_word' id='word_1_901' title='bbox 2228 5182 2428 5235; x_wconf 89' lang='lat' dir='ltr'><strong>illicitis</strong></span> <span class='ocrx_word' id='word_1_902' title='bbox 2456 5199 2487 5234; x_wconf 93' lang='lat' dir='ltr'><strong><em>a</em></strong></span> <span class='ocrx_word' id='word_1_903' title='bbox 2513 5183 2695 5251; x_wconf 89' lang='lat' dir='ltr'><strong>quibus</strong></span> <span class='ocrx_word' id='word_1_904' title='bbox 2723 5183 2972 5236; x_wconf 89' lang='lat' dir='ltr'><strong>continuo</strong></span> <span class='ocrx_word' id='word_1_905' title='bbox 2996 5198 3047 5235; x_wconf 88' lang='lat' dir='ltr'><strong>se</strong></span> <span class='ocrx_word' id='word_1_906' title='bbox 3077 5181 3280 5251; x_wconf 86' lang='lat' dir='ltr'><strong>deberet</strong></span> <span class='ocrx_word' id='word_1_907' title='bbox 3299 5189 3545 5243; x_wconf 87' lang='lat' dir='ltr'><strong>avertere,</strong></span> <span class='ocrx_word' id='word_1_908' title='bbox 3577 5179 3828 5251; x_wconf 76' lang='lat' dir='ltr'><strong>cogitatio</strong></span> 
     </span>
    </p>
   </div>
   <div class='ocr_carea' id='block_1_125' title="bbox 2228 5248 3828 5325">
    <p class='ocr_par' dir='ltr' id='par_1_125' title="bbox 2228 5248 3828 5325">
     <span class='ocr_line' id='line_1_125' title="bbox 2228 5248 3828 5325; baseline -0.005 -18"><span class='ocrx_word' id='word_1_909' title='bbox 2228 5251 2440 5307; x_wconf 83' lang='lat' dir='ltr'><strong>libenter</strong></span> <span class='ocrx_word' id='word_1_910' title='bbox 2455 5248 2565 5307; x_wconf 91' lang='lat' dir='ltr'><strong>sola</strong></span> <span class='ocrx_word' id='word_1_911' title='bbox 2585 5264 2850 5325; x_wconf 88' lang='lat' dir='ltr'><strong>pascatur,</strong></span> <span class='ocrx_word' id='word_1_912' title='bbox 2880 5268 2972 5325; x_wconf 85' lang='lat' dir='ltr'><strong>nec</strong></span> <span class='ocrx_word' id='word_1_913' title='bbox 2995 5250 3234 5321; x_wconf 82' lang='lat' dir='ltr'><strong>facienda</strong></span> <span class='ocrx_word' id='word_1_914' title='bbox 3263 5251 3509 5304; x_wconf 87' lang='lat' dir='ltr'><strong>decernat</strong></span> <span class='ocrx_word' id='word_1_915' title='bbox 3538 5249 3715 5325; x_wconf 79' lang='lat' dir='ltr'><strong>mala;</strong></span> <span class='ocrx_word' id='word_1_916' title='bbox 3737 5248 3828 5325; x_wconf 67' lang='lat' dir='ltr'><strong>sed</strong></span> 
     </span>
    </p>
   </div>
   <div class='ocr_carea' id='block_1_126' title="bbox 2229 5319 3827 5388">
    <p class='ocr_par' dir='ltr' id='par_1_126' title="bbox 2229 5319 3827 5388">
     <span class='ocr_line' id='line_1_126' title="bbox 2229 5319 3827 5388; baseline -0.004 -12"><span class='ocrx_word' id='word_1_917' title='bbox 2229 5334 2397 5377; x_wconf 88' lang='lat' dir='ltr'><strong>tamen</strong></span> <span class='ocrx_word' id='word_1_918' title='bbox 2438 5319 2658 5378; x_wconf 80' lang='lat' dir='ltr'><strong>suaviter</strong></span> <span class='ocrx_word' id='word_1_919' title='bbox 2676 5325 2730 5377; x_wconf 89' lang='lat' dir='ltr'><strong>in</strong></span> <span class='ocrx_word' id='word_1_920' title='bbox 2758 5319 3111 5377; x_wconf 74' lang='lat' dir='ltr'><strong>recordatione</strong></span> <span class='ocrx_word' id='word_1_921' title='bbox 3140 5330 3435 5386; x_wconf 88' lang='lat' dir='ltr'><strong>teneantur,</strong></span> <span class='ocrx_word' id='word_1_922' title='bbox 3464 5320 3611 5388; x_wconf 89' lang='lat' dir='ltr'><strong>quasi</strong></span> <span class='ocrx_word' id='word_1_923' title='bbox 3640 5319 3827 5388; x_wconf 82' lang='lat' dir='ltr'><strong>mulie—</strong></span> 
     </span>
    </p>
   </div>
   <div class='ocr_carea' id='block_1_127' title="bbox 2226 5386 3826 5466">
    <p class='ocr_par' dir='ltr' id='par_1_127' title="bbox 2226 5386 3826 5466">
     <span class='ocr_line' id='line_1_127' title="bbox 2226 5386 3826 5466; baseline -0.004 -20"><span class='ocrx_word' id='word_1_924' title='bbox 2226 5410 2336 5447; x_wconf 90' lang='lat' dir='ltr'><strong>rem</strong></span> <span class='ocrx_word' id='word_1_925' title='bbox 2364 5396 2475 5448; x_wconf 87' lang='lat' dir='ltr'><strong>sine</strong></span> <span class='ocrx_word' id='word_1_926' title='bbox 2504 5395 2611 5448; x_wconf 87' lang='lat' dir='ltr'><strong>viro</strong></span> <span class='ocrx_word' id='word_1_927' title='bbox 2639 5410 2788 5466; x_wconf 86' lang='lat' dir='ltr'><strong>posse</strong></span> <span class='ocrx_word' id='word_1_928' title='bbox 2816 5394 3075 5447; x_wconf 89' lang='lat' dir='ltr'><strong>damnari.</strong></span> <span class='ocrx_word' id='word_1_929' title='bbox 3125 5391 3271 5466; x_wconf 65' lang='lat' dir='ltr'><strong>Absit</strong></span> <span class='ocrx_word' id='word_1_930' title='bbox 3314 5390 3415 5445; x_wconf 83' lang='lat' dir='ltr'><strong>hoc</strong></span> <span class='ocrx_word' id='word_1_931' title='bbox 3455 5386 3699 5443; x_wconf 81' lang='lat' dir='ltr'><strong>credere:</strong></span> <span class='ocrx_word' id='word_1_932' title='bbox 3736 5386 3826 5466; x_wconf 67' lang='lat' dir='ltr'><strong>(sic</strong></span> 
     </span>
    </p>
   </div>
   <div class='ocr_carea' id='block_1_128' title="bbox 2225 5459 3825 5535">
    <p class='ocr_par' dir='ltr' id='par_1_128' title="bbox 2225 5459 3825 5535">
     <span class='ocr_line' id='line_1_128' title="bbox 2225 5459 3825 5535; baseline -0.004 -19"><span class='ocrx_word' id='word_1_933' title='bbox 2225 5466 2414 5535; x_wconf 86' lang='lat' dir='ltr'><strong>quippe</strong></span> <span class='ocrx_word' id='word_1_934' title='bbox 2442 5483 2545 5519; x_wconf 88' lang='lat' dir='ltr'><strong>una</strong></span> <span class='ocrx_word' id='word_1_935' title='bbox 2576 5459 2793 5535; x_wconf 78' lang='lat' dir='ltr'><strong>persona</strong></span> <span class='ocrx_word' id='word_1_936' title='bbox 2819 5476 2897 5519; x_wconf 89' lang='lat' dir='ltr'><strong>est</strong></span> <span class='ocrx_word' id='word_1_937' title='bbox 2916 5506 2931 5529; x_wconf 92' lang='lat'><strong>,</strong></span> <span class='ocrx_word' id='word_1_938' title='bbox 2964 5480 3097 5518; x_wconf 89' lang='lat' dir='ltr'><strong>unus</strong></span> <span class='ocrx_word' id='word_1_939' title='bbox 3135 5463 3289 5535; x_wconf 77' lang='lat' dir='ltr'><strong>homo</strong></span> <span class='ocrx_word' id='word_1_940' title='bbox 3325 5473 3433 5527; x_wconf 90' lang='lat' dir='ltr'><strong>est,</strong></span> <span class='ocrx_word' id='word_1_941' title='bbox 3464 5469 3700 5535; x_wconf 78' lang='lat' dir='ltr'><strong>totusque</strong></span> <span class='ocrx_word' id='word_1_942' title='bbox 3726 5459 3825 5535; x_wconf 47' lang='lat' dir='ltr'><strong>da:</strong></span> 
     </span>
    </p>
   </div>
   <div class='ocr_carea' id='block_1_129' title="bbox 2226 5529 3823 5606">
    <p class='ocr_par' dir='ltr' id='par_1_129' title="bbox 2226 5529 3823 5606">
     <span class='ocr_line' id='line_1_129' title="bbox 2226 5529 3823 5606; baseline -0.004 -18"><span class='ocrx_word' id='word_1_943' title='bbox 2226 5529 2512 5600; x_wconf 80' lang='lat' dir='ltr'><strong>mnabitur,</strong></span> <span class='ocrx_word' id='word_1_944' title='bbox 2544 5529 2646 5589; x_wconf 79' lang='lat' dir='ltr'><strong>nisi</strong></span> <span class='ocrx_word' id='word_1_945' title='bbox 2672 5538 2798 5597; x_wconf 80' lang='lat' dir='ltr'><strong>hac.</strong></span> <span class='ocrx_word' id='word_1_946' title='bbox 2832 5551 2947 5606; x_wconf 67' lang='lat' dir='ltr'><strong>quae</strong></span> <span class='ocrx_word' id='word_1_947' title='bbox 2980 5536 3090 5589; x_wconf 87' lang='lat' dir='ltr'><strong>sine</strong></span> <span class='ocrx_word' id='word_1_948' title='bbox 3114 5529 3681 5606; x_wconf 72' lang='lat' dir='ltr'><strong>vo_l_untat_e_operandi,</strong></span> <span class='ocrx_word' id='word_1_949' title='bbox 3724 5529 3823 5606; x_wconf 69' lang='lat' dir='ltr'><strong>sed</strong></span> 
     </span>
    </p>
   </div>
   <div class='ocr_carea' id='block_1_130' title="bbox 2228 5600 3819 5664">
    <p class='ocr_par' dir='ltr' id='par_1_130' title="bbox 2228 5600 3819 5664">
     <span class='ocr_line' id='line_1_130' title="bbox 2228 5600 3819 5664; baseline -0.004 -6"><span class='ocrx_word' id='word_1_950' title='bbox 2228 5616 2398 5660; x_wconf 78' lang='lat' dir='ltr'><strong>tamen</strong></span> <span class='ocrx_word' id='word_1_951' title='bbox 2420 5623 2535 5659; x_wconf 87' lang='lat' dir='ltr'><strong>cum</strong></span> <span class='ocrx_word' id='word_1_952' title='bbox 2560 5607 2821 5661; x_wconf 86' lang='lat' dir='ltr'><strong>voluntate</strong></span> <span class='ocrx_word' id='word_1_953' title='bbox 2842 5600 3070 5660; x_wconf 82' lang='lat' dir='ltr'><strong>animum</strong></span> <span class='ocrx_word' id='word_1_954' title='bbox 3091 5602 3279 5657; x_wconf 85' lang='lat' dir='ltr'><strong>talibus</strong></span> <span class='ocrx_word' id='word_1_955' title='bbox 3308 5600 3624 5664; x_wconf 81' lang='lat' dir='ltr'><strong>oblectandi,</strong></span> <span class='ocrx_word' id='word_1_956' title='bbox 3654 5600 3819 5653; x_wconf 86' lang='lat' dir='ltr'><strong>solius</strong></span> 
     </span>
    </p>
   </div>
   <div class='ocr_carea' id='block_1_131' title="bbox 2225 5671 3818 5747">
    <p class='ocr_par' dir='ltr' id='par_1_131' title="bbox 2225 5671 3818 5747">
     <span class='ocr_line' id='line_1_131' title="bbox 2225 5671 3818 5747; baseline -0.001 -19"><span class='ocrx_word' id='word_1_957' title='bbox 2225 5677 2550 5747; x_wconf 85' lang='lat' dir='ltr'><strong>cogitationis</strong></span> <span class='ocrx_word' id='word_1_958' title='bbox 2592 5678 2881 5738; x_wconf 85' lang='lat' dir='ltr'><strong>sentiuntur</strong></span> <span class='ocrx_word' id='word_1_959' title='bbox 2928 5691 3037 5730; x_wconf 85' lang='lat' dir='ltr'><strong>esse</strong></span> <span class='ocrx_word' id='word_1_960' title='bbox 3064 5684 3276 5743; x_wconf 86' lang='lat' dir='ltr'><strong>peccata</strong></span> <span class='ocrx_word' id='word_1_961' title='bbox 3299 5714 3315 5741; x_wconf 91' lang='lat'><strong>,</strong></span> <span class='ocrx_word' id='word_1_962' title='bbox 3360 5690 3454 5744; x_wconf 83' lang='lat' dir='ltr'><strong>per</strong></span> <span class='ocrx_word' id='word_1_963' title='bbox 3506 5671 3818 5727; x_wconf 73' lang='lat' dir='ltr'><strong>Mediatoris</strong></span> 
     </span>
    </p>
   </div>
  </div>
