4048 6198
192 326 313 389 881

1287 324 1631 384 COLLATIO
1668 326 1785 383 XII.
1818 357 1890 371 —
1916 328 2009 385 DE
2050 327 2459 388 CASTITATE.

3412 348 3525 405 882

192 444 464 512 Tertius,
486 453 562 501 ne
584 444 827 501 femineo
844 441 1202 508 nec,tenuiter
1221 438 1288 497 sd
1308 438 1809 510 concupiscentiam
1833 455 1892 517 Α
1914 457 2056 513 puro
2084 444 2264 501 cardis
2305 445 2713 516 contempletur
2740 444 2973 513 intuitu;
3003 449 3255 524 nihilque
3282 461 3517 529 amplius

196 546 516 595 moveatur
546 546 793 609 aspectu.
824 536 1079 604 Quartus,
1119 544 1145 572 ⁸
1183 550 1251 590 ne
1296 534 1526 605 vigilans
1562 534 1647 590 vel
1681 533 1814 591 sim-

201 634 427 703 plicem
448 631 639 691 carnis
665 631 902 702 perferat
922 638 1146 685 motum.
1173 628 1426 698 Quintus,
1459 642 1527 684 ne
1555 642 1678 685 cum
1701 643 1815 686 me-

200 726 457 782 moriam
505 724 870 796 generationis
916 723 1185 792 humana),
1236 723 1317 778 vel
1368 730 1629 778 tractatus
1674 721 1813 777 ratio

202 821 305 875 vel
376 820 680 876 necessitas
739 818 985 874 lectionis
1050 816 1368 888 ingesserit,
1426 816 1815 871 subtilissimus

210 921 471 968 mentem
516 911 832 981 voluptariae
879 911 1110 966 actionis
1156 914 1486 981 perstringat
1524 922 1812 975 assensus;

213 1007 323 1061 sed
369 1008 519 1062 velut
570 1019 703 1074 opus
755 1004 1022 1075 quoddam
1064 1004 1291 1075 simplex
1339 1019 1402 1060 ac
1444 1003 1812 1059 ministerium

220 1096 470 1153 humano
490 1097 677 1168 generi
700 1096 1004 1152 necessario
1025 1097 1416 1165 contributum,
1436 1096 1729 1166 tranquillo
1749 1109 1815 1151 ac

1914 536 1986 592 de
2030 537 2149 608 ejus
2197 537 2580 595 recordatione
2623 540 2925 610 concipiat,
2965 557 3126 612 quam
3158 546 3204 601 si
3235 552 3515 617 operatio-

1916 642 2041 684 nem
2090 628 2338 694 laterum,
2368 628 2455 684 vel
2484 630 2775 699 cujuslibet
2801 631 3027 687 alterius
3053 633 3285 692 officinae
3330 649 3517 698 mente

1919 731 2233 791 pertractet.
2270 723 2469 779 Sextus
2491 726 2827 781 castimoniae
2853 727 3054 796 gradus
3079 738 3195 796 est,
3237 729 3266 769 δ
3299 746 3367 786 ne
3399 733 3518 789 ille-

1916 817 2165 873 cebrosis
2209 816 2681 888 pbantasmatibus
2735 819 3056 876 feminarum
3101 824 3188 880 vel
3235 825 3517 884 dormiens

1919 907 2195 964 illudatur.
2228 909 2382 964 Licet
2427 910 2573 965 enim
2626 910 2765 966 hanc
2821 911 3239 970 ludiﬁcationem
3290 929 3519 988 peccato

1921 1016 2043 1057 esse
2070 1000 2360 1058 obnoxiam
2379 1016 2487 1058 non
2514 1002 2819 1071 credamus,
2851 1007 3307 1076 concupiscentiae
3336 1018 3517 1066 tamen

1922 1094 2099 1150 adhuc
2137 1094 2450 1151 medullitus
2475 1094 2736 1151 latitantis
2757 1094 3014 1152 indicium
3046 1106 3150 1153 est.
3186 1109 3209 1137 ε
3232 1099 3405 1166 Quam
3440 1108 3518 1155 ta-

1302 1176 1575 1287 ΑΕΔΗῡῖ
1598 1230 1830 1288 GAZASI
1866 1230 2431 1289 COMMENTARIUS.

224 1374 451 1445 gratiam
470 1372 815 1445 remittantur.
842 1369 1055 1439 Quibus
1084 1367 1264 1423 verbis
1287 1376 1476 1439 aperte
1500 1366 1659 1445 docet
1679 1381 1809 1421 con-

223 1436 446 1499 sensum
471 1443 521 1495 in
553 1436 971 1496 delectationem
995 1455 1118 1495 esse
1140 1436 1428 1509 peccatum
1459 1436 1814 1500 mortiferum,

222 1524 410 1582 utpote
442 1524 658 1582 propter
705 1512 851 1583 quod
881 1520 1027 1565 totus
1054 1510 1245 1583 ΔΙιοιῑξε)
1285 1510 1355 1583 sit
1402 1509 1705 1583 perdendus
1755 1522 1819 1564 ac

219 1578 606 1647 damnandus,
638 1578 743 1637 nisi
791 1598 890 1653 per
928 1580 1160 1653 gratiam
1179 1578 1522 1653 _Me_diatoris_
1549 1579 1709 1653 fuerit
1739 1593 1823 1633 re-

222 1657 475 1710 missum.
524 1656 590 1709 D.
640 1648 809 1709 idem'
835 1652 1132 1719 Gregorius
1177 1651 1230 1704 in
1263 1651 1526 1705 Pastorali
1559 1648 1732 1720 (Part.
1764 1665 1818 1713 ι,

222 1744 272 1781 c.
306 1727 417 1794 lt),
443 1727 536 1779 ubi
561 1724 725 1778 docet
744 1740 873 1794 eum,
892 1722 986 1789 qui
1016 1720 1819 1794 hujusmodidelectationibus,

224 1793 397 1852 etiam
425 1798 630 1864 absque
662 1793 941 1864 proposito
968 1794 1169 1864 oneris,
1202 1793 1529 1864 inquinatur,
1558 1806 1666 1864 non
1695 1806 1818 1864 esse

227 1869 488 1922 idoneum
517 1861 585 1919 ad
614 1861 949 1919 oﬁ'eréndum
976 1863 1091 1918 Deo
1112 1863 1459 1928 sacrilicium,
1485 1876 1575 1915 aut
1602 1861 1669 1915 ad
1695 1862 1820 1916 alie-

228 1956 303 1992 na
338 1946 560 2007 peccata
590 1936 839 1991 diluenda
865 1979 879 2003 ,
900 1949 1008 2007 per
1045 1934 1261 1988 modum
1308 1932 1533 2007 scilicet
1562 1934 1821 2007 interces-

228 2004 404 2064 sionis
432 2016 529 2063 aut
554 2006 975 2070 satistactiouis,
1022 2013 1080 2059 ut
1122 2010 1270 2073 patet
1298 2018 1361 2058 ex
1391 2004 1568 2058 verbis
1607 2004 1776 2067 ipsius
1801 2019 1817 2068 ;

230 2079 375 2134 haud
419 2080 658 2133 obscure
688 2076 960 2147 signiﬁcat
986 2083 1264 2144 peccatum
1296 2089 1417 2147 esse
1456 2073 1815 2147 mortiferum.

229 2150 346 2205 Sed
388 2152 567 2219 ipsum
597 2148 713 2202 suis
743 2144 917 2201 verbis
962 2154 1180 2219 praestat
1223 2144 1414 2219 audire
1465 2144 1816 2215 loquentem:

231 2216 575 2275 Ponderosus
598 2226 699 2283 est,
729 2219 936 2285 inquit,
967 2217 1056 2282 qui
1097 2216 1462 2283 turpitudinem
1493 2232 1594 2269 non
1626 2223 1821 2270 exercet

232 2308 387 2361 apere
407 2332 423 2356 ,
446 2291 535 2344 sed
560 2300 729 2344 tamen
758 2288 825 2361 ab
858 2287 953 2341 hac
980 2288 1291 2361 cogitatione
1319 2286 1530 2340 assidua
1576 2287 1823 2361 sine_mo-

232 2358 499 2416 deramine
527 2371 776 2432 gravatur
808 2359 862 2432 in
900 2367 1097 2432 mente;
1126 2359 1213 2424 qui
1253 2373 1570 2432 nequaquam
1616 2358 1823 2432 quidem

232 2433 488 2503 usquead
517 2427 642 2502 opus
670 2430 923 2503 nefarium
946 2429 1169 2503 rapitur,
1197 2428 1286 2503 sed
1316 2431 1427 2503 ejus
1456 2430 1658 2503 animus
1674 2427 1823 2503 volu-

232 2497 372 2572 ptate
395 2497 615 2557 luxuriae
642 2497 749 2556 sine
766 2500 872 2553 ullo
893 2500 1275 2572 repugnationis
1299 2497 1566 2572 obstaculo
1599 2497 1825 2572 delecta:

230 2568 333 2631 tur.
373 2572 706 2628 Ponderosus
753 2588 870 2641 ergo
900 2581 973 2623 est
1022 2568 1108 2632 qui
1159 2570 1278 2622 totis
1320 2568 1717 2641 cogitationibus
1751 2569 1824 2641 ad

231 2645 502 2698 lasciviam
533 2644 771 2713 defluens
792 2637 990 2713 pondus
1022 2640 1353 2711 turpitudinis
1370 2637 1606 2713 gestatin
1635 2637 1824 2704 corde;

232 2726 279 2770 et
309 2715 537 2786 quamvis
582 2709 743 2783 prava
786 2709 889 2786 nou
930 2709 1160 2786 exerceat
1210 2709 1412 2786 opere_,_
1442 2709 1613 2786 abhis
1658 2717 1826 2786 tamen

235 2779 337 2839 non
357 2779 593 2844 evellitur
617 2793 803 2839 mente.
842 2782 1081 2852 Quisquis
1113 2798 1231 2852 ergo
1253 2780 1472 2851 quolibet
1494 2780 1677 2834 horum
1702 2779 1826 2852 vitio

232 2855 509 2926 subigitur,
532 2872 689 2926 panes
715 2853 940 2926 Domino
959 2851 1145 2919 offerre
1165 2850 1467 2926 prohibetur
1492 2867 1626 2926 ;‘nec
1653 2850 1830 2926 profe-

237 2938 316 2983 cto
338 2922 512 2980 aliena
534 2922 735 2980 diluere
766 2924 839 2993 (id
864 2931 969 2988 est,
993 2939 1182 2993 eorum
1209 2924 1425 2976 veniam
1456 2937 1485 2976 a
1518 2922 1627 2975 Deo
1657 2923 1827 2989 impe-

237 2995 408 3064 trare)
440 3007 647 3063 peccata
671 2996 806 3050 valet
836 2996 878 3048 is
900 3010 1050 3062 quem
1080 2992 1251 3046 adhuc
1284 2993 1514 3064 prapria_
1529 2992 1818 3064 devastant.

239 3068 368 3121 Haec
388 3062 773 3135 D.Gregorius.
806 3066 921 3120 Huc
943 3062 1348 3135 etiamspect'at
1369 3063 1457 3115 illa
1487 3062 1551 3116 D.
1580 3063 1831 3135 Hierony-

239 3139 311 3192 mi
331 3139 511 3207 gravis
536 3133 594 3191 εἰ
612 3147 764 3192 acuta
780 3140 1079 3193 sententia:
1099 3134 1241 3207 Perit
1270 3142 1333 3207 et
1332 3142 1495 3207 mente
1523 3133 1830 3207 virginitus;

240 3219 295 3264 et
322 3203 451 3264 alibi
471 3207 667 3280 (Epist.
684 3207 740 3275 4)
766 3207 929 3262 docet
952 3205 1249 3280 monachos
1267 3203 1551 3273 ngyptios
1578 3203 1832 3280 operibus

244 3275 497 3333 manuum
528 3275 810 3347 tantopere
832 3278 1139 3339 insudasse,
1161 3290 1269 3330 non
1295 3285 1401 3328 tum
1420 3284 1641 3343 prapter
1662 3275 1833 3330 victus

244 3352 648 3415 necessitatem,
664 3364 825 3414 quam
845 3361 1071 3417 pr0pter
1091 3350 1285 3401 animae
1303 3349 1563 3409 salutem;
1588 3361 1650 3399 ne
1668 3362 1831 3409 mens,

241 3423 341 3485 ait,
368 3422 665 3491 perniciosis
687 3416 1084 3491 cogitationibus
1112 3428 1409 3491 vagaretur.
1453 3416 1834 3491 Hucpertiuet

244 3492 338 3545 illa
361 3488 935 3570 Joannis-Climaci‘w
944 3491 993 3544 bi
1022 3488 1506 3570 suprafdistinctio
1525 3503 1551 3539 a
1583 3488 1831 3570 l’atribus

241 3572 463 3631 accepta
488 3580 499 3614 :
536 3561 782 3632 Plerique
811 3559 1050 3632 Patrum,
1080 3559 1275 3632 inquit,
1302 3559 1622 3632 discretionis
1666 3560 1834 3629 gratia

242 3630 462 3686 maxime
502 3630 726 3702 insignes
750 3672 767 3698 ,
822 3632 967 3685 aliud
998 3630 1248 3702 definiunt
1281 3630 1502 3698 primum
1543 3630 1790 3702 impetum
1815 3668 1830 3693 ,

243 3704 385 3756 aliud
406 3706 459 3757 in
494 3700 1015 3774 cogi—tandomoram,
1049 3700 1193 3774 aliud
1212 3715 1549 3774 consensum,
1573 3700 1719 3774 aliud
1747 3715 1837 3774 ca-

245 3770 721 3841 ptivitatemfaliud
764 3773 977 3835 luctum,
1003 3781 1049 3825 et
1077 3772 1219 3824 aliud
1262 3786 1374 3823 eam
1402 3785 1515 3837 qua:
1537 3771 1719 3841 passio
1732 3770 1835 3841 sive

245 3838 563 3914 perturbatio
593 3846 647 3898 in
677 3843 846 3896 animo
874 3842 1104 3895 dicitur:
1147 3842 1407 3914 impetunt_
1430 3838 1564 3892 enim
1594 3838 1673 3914 illi
1702 3838 1836 3891 beati

244 3909 352 3969 esse
377 3919 519 3969 aiunt
540 3916 798 3968 notionem
821 3913 1102 3984 simplicem
1125 3914 1228 3967 sive
1252 3909 1524 3980 imaginem
1542 3911 1836 3984 cujuscum-

244 4002 343 4055 que
371 3987 443 4039 rei
465 3985 608 4038 cordi
631 3992 851 4037 recenter
879 3980 1119 4055 injectum
1137 3996 1381 4055 ;__moram
1405 3993 1555 4055 vero,
1587 3993 1703 4029 cum
1721 3980 1834 4048 quis

245 4051 293 4131 ei
323 4056 556 4127 imagini,
588 4056 690 4108 sive
715 4069 830 4107 cum
859 4051 1093 4123 passione
1120 4053 1296 4123 aliqua
1319 4091 1331 4111 ,
1371 4051 1473 4104 sive
1504 4058 1687 4117 prteter
1713 4065 1835 4131 pas-

247 4128 467 4190 sionem,
493 4129 828 4190 immoratur;
873 4140 1177 4179 consensum
1203 4138 1341 4187 vero,
1368 4130 1551 4174 nutum
1576 4131 1726 4185 atque
1748 4128 1833 4172 in-

247 4197 580 4250 clinationem
606 4196 789 4250 animat
814 4196 881 4248 ad
911 4212 1023 4248 eam
1068 4195 1340 4265 imaginem
1380 4208 1495 4265 cum
1521 4192 1833 4265 _v_oluptate;

250 4267 594 4335 captivitatem
614 4282 747 4331 vero,
779 4267 1048 4321 violentam
1090 4262 1237 4319 inviti
1279 4262 1447 4317 cordis
1477 4262 1834 4335 abductionern

251 4332 359 4390 sive
374 4338 556 4409 jugem
574 4338 642 4390 ad
667 4354 987 4409 quacumque
1006 4340 1292 4406 ingressum
1309 4344 1459 4409 atque
1478 4332 1655 4401 optimi
1675 4332 1837 4409 nostri

248 4403 417 4461 status
439 4403 1012 4475 cxterminiumﬂuc'tam
1031 4403 1147 4459 vero
1167 4422 1273 4461 esse
1294 4405 1566 4474 diﬂiniunt,
1584 4419 1697 4455 cum
1723 4403 1837 4471 pari

1922 1365 2007 1421 Ea:
2036 1367 2115 1420 his
2135 1365 2420 1444 colligitur,
2444 1377 2678 1440 oportere
2697 1369 3115 1444 aptenitentibus
3140 1372 3318 1444 omnia
3338 1389 3517 1444 pecca-

1921 1445 1973 1489 ta
2002 1439 2242 1515 mortalia
2265 1479 2280 1503 ,
2311 1439 2526 1515 quorum
2551 1450 2671 1515 post
2691 1439 2984 1515 diligentem
3010 1442 3092 1495 sui
3114 1439 3479 1498 discussionem
3496 1486 3514 1515 ,

1921 1510 2281 1581 conscientiam
2309 1509 2513 1581 habent,
2543 1512 2596 1563 in
2635 1509 2954 1581 confessione
2996 1515 3270 1576 recenseri,
3318 1509 3519 1571 etiamsi

1923 1580 2271 1633 occultissima
2301 1580 2393 1634 illa
2407 1582 2527 1645 sint,
2545 1592 2591 1635 et
2619 1580 2820 1635 tantum
2847 1582 3090 1636 adversus
3107 1586 3211 1636 duo
3223 1586 3401 1639 ultima
3418 1586 3520 1641 De—

1923 1651 2090 1720 caIOgi
2122 1664 2374 1722 praecepta
2403 1653 2695 1717 commissa,
2728 1670 2842 1721 qua:
2869 1670 3252 1723 nonnumquam
3292 1658 3521 1712 animam

1849 1745 1897 1805 Β
1923 1723 2127 1805 gravius
2153 1724 2408 1805 sauciant,
2436 1733 2482 1777 et
2508 1724 2877 1805 periculosiora
2896 1735 3013 1778 sunt
3039 1725 3107 1805 iis
3128 1742 3242 1795 qua:
3263 1726 3315 1779 in
3345 1728 3518 1805 mani-

1926 1792 2054 1858 festo
2094 1792 2461 1848 admittuntur.
2509 1792 2585 1848 Et
2617 1796 2775 1863 paulo
2828 1804 2979 1863 post:
3039 1792 3229 1849 Verum
3262 1813 3375 1850 cum
3402 1800 3521 1852 uni-

1924 1879 2069 1936 versa
2086 1866 2325 1936 mortalia
2352 1875 2579 1930 peccata,
2613 1866 2767 1919 etiam
2796 1867 3140 1936 cogitationis,
3173 1866 3402 1923 homines
3427 1871 3520 1924 ira:

1924 1934 2060 2001 ﬁlios
2090 1944 2136 1989 et
2165 1933 2262 1989 Dei
2291 1936 2525 1991 inimicos
2551 1937 2793 2002 reddant,
2820 1933 3158 1992 necessarium
3185 1948 3258 1991 est
3288 1944 3521 1994 omnium

1923 2006 2075 2077 etiam
2105 2008 2299 2060 veniam
2347 2024 2461 2059 cum
2506 2019 2685 2075 aperta
2711 2017 2759 2063 et
2800 2008 3088 2063 verecunda
3134 2012 3459 2077 confessione
3485 2026 3520 2064 a

1926 2075 2034 2130 Deo
2063 2077 2528 2150 qurerere.__ltaque
2554 2078 2677 2132 dum
2708 2081 2880 2132 omnia
2909 2096 3025 2150 qua:
3053 2075 3311 2134 memoria:
3341 2097 3522 2135 occur-

1924 2157 2042 2220 runt
2069 2158 2281 2215 peccata
2307 2147 2500 2201 Christi
2522 2150 2701 2214 ﬁdeles
2727 2147 2959 2218 confiteri
2983 2151 3208 2215 student,
3240 2154 3523 2220 proculdu-

1924 2218 2004 2271 bio
2037 2221 2208 2271 omnia
2233 2220 2420 2272 divina:
2458 2220 2824 2273 misericordiae
2860 2222 3185 2289 agnoscenda
3213 2218 3475 2290 eccponunt
3500 2239 3520 2276 :

1923 2291 2011 2357 qui
2037 2305 2153 2342 vero
2193 2306 2335 2341 secus
2364 2290 2560 2358 faciunt
2582 2298 2631 2341 et
2653 2291 2870 2342 scienter
2910 2290 3085 2356 aliqua
3110 2290 3354 2356 retinent,
3389 2292 3523 2345 nihil

1924 2361 2113 2412 divina:
2139 2358 2352 2412 bonitati
2402 2376 2491 2426 per
2538 2359 2859 2413 sacerdotem
2908 2360 3270 2412 remittendum
3325 2378 3521 2428 propo-

1928 2438 2056 2481 nunt
2088 2444 2105 2480 :
2137 2431 2181 2482 si
2222 2430 2351 2482 enim
2392 2430 2651 2483 erubescat
2690 2438 2910 2499 (egrotae
2939 2428 3124 2483 vulnus
3152 2427 3348 2482 medico
3381 2427 3521 2485 dete-

1926 2515 2061 2569 gere,
2086 2501 2225 2569 qnod
2255 2502 2460 2569 ignorat
2491 2500 2745 2554 medicina
2766 2517 2868 2555 non
2895 2508 3063 2554 curat.

1999 2516 2061 2565 re,
2122 2516 2223 2552 noa
2255 2516 2460 2569 ignorat
2491 2516 2745 2554 meatctna
2766 2517 2868 2555 non
2895 2516 3063 2554 curat.

1999 2578 2024 2606 α
2074 2516 2354 2636 ὅυειιεηυε
2382 2572 2498 2626 hzec
2548 2582 2602 2625 et
2649 2573 2752 2625 alia
2802 2572 2884 2626 his
2928 2571 3127 2626 similia
3174 2585 3301 2625 vera
3331 2572 3442 2626 sint
3468 2582 3525 2628 et

1927 2645 2201 2713 quomodo
2256 2642 2637 2712 intelligenda,
2689 2643 2812 2697 vide
2860 2644 3188 2713 explicatum
3226 2642 3291 2697 ad
3332 2644 3422 2697 lib.
3468 2660 3523 2699 vr

1926 2709 2208 2783 lus_t.icap.
2248 2715 2332 2768 10.
2436 2709 2450 2712 ’
2625 2709 2629 2710 ⁷
2933 2709 2944 2713 ⁷
3014 2782 3019 2783 ί
3099 2735 3105 2740 ·

2002 2780 2029 2818 δ
2057 2780 2570 2858 ζιθ-Εθεείξίηυελιμὼ.
2603 2800 2653 2858 vt
2687 2800 2807 2858 cap.
2846 2784 2912 2839 10
2947 2801 2960 2838 :
2990 2782 3397 2858 Perfectae,ait,
3428 2802 3527 2858 pu-

1929 2853 2097 2906 ritatis
2124 2856 2219 2907 hoc
2261 2856 2355 2907 erit
2385 2854 2593 2908 evidens
2622 2856 2870 2908 indicium
2905 2872 2965 2909 ac
2994 2853 3149 2921 plena
3183 2853 3454 2922 probatio,
3479 2860 3527 2913 si

1929 2923 2007 2976 vel
2031 2925 2176 2997 nulla
2205 2926 2377 2995 imago
2427 2923 2653 2979 illiciens
2694 2926 3074 2997 quiescentibus
3104 2923 3245 2979 nobis
3278 2937 3323 2981 et
3354 2929 3406 2981 in
3435 2946 3521 2983 sov

1931 3009 2107 3063 porem
2152 2993 2343 3050 laxatis
2374 3005 2646 3063 occurrat,
2678 2993 2754 3051 vel
2798 3006 2935 3051 certe
2979 2998 3314 3063 interpellans
3356 3000 3526 3054 nullos

1932 3067 2356 3137 concupiscentia:
2404 3075 2571 3121 motus
2620 3070 2787 3122 valeat
2831 3068 3071 3122 excitare.
3103 3067 3247 3122 Licet
3287 3070 3427 3121 enim
3454 3071 3526 3124 ad

1937 3136 2145 3202 plenam
2182 3140 2379 3207 peccati
2407 3155 2596 3192 noxam
2625 3141 2741 3193 talis
2770 3140 3040 3193 commotio
3074 3140 3279 3193 minime
3304 3147 3526 3209 repute-

1937 3215 2049 3280 tur,
2080 3216 2252 3262 tamen
2282 3209 2502 3263 necdum
2528 3213 2771 3280 perfecta:
2799 3211 2981 3265 mentis
3019 3210 3272 3264 indicium
3298 3220 3393 3275 est,
3433 3229 3528 3267 nec

1934 3279 2002 3353 ad
2027 3296 2216 3353 parum
2246 3282 2442 3335 excocti
2487 3282 2595 3336 vitii
2622 3279 3012 3351 'manifestatio,
3054 3299 3172 3353 cum
3198 3298 3288 3353 per
3316 3283 3527 3352 fallaces

1933 3349 2186 3424 imagines
2217 3353 2511 3424 hujusmodi
2554 3349 2796 3422 operatur
2835 3353 3031 3407 illusio.
3067 3352 3134 3406 Et
3185 3349 3373 3408 rursus
3400 3368 3527 3424 cap.

1934 3420 2051 3495 224:
2082 3420 2229 3475 Mens
2254 3420 2378 3476 dum
2406 3420 2857 3479 adhuc'dormiens
2891 3425 3180 3495 imaginum
3206 3425 3400 3479 visione
3428 3420 3526 3479 tle-

1936 3492 2155 3574 luditur,
2184 3496 2379 3548 noverit
2409 3511 2462 3548 se
2486 3497 2705 3549 necdum
2751 3496 2819 3548 ad
2866 3492 3118 3563 integram
3163 3496 3528 3564 perfectionem

1936 3572 2181 3616 castitatis
2211 3573 2490 3619 excoctam.

2010 3643 2032 3707 ξ
2069 3632 2131 3684 D.
2166 3632 2404 3707 Basilius
2425 3633 2521 3687 lib.
2545 3634 2622 3707 _de
2653 3633 2916 3707 Institutis
2942 3632 3333 3707 monachorum
3365 3636 3520 3707 (Cap.

1935 3701 2037 3772 ‘25)
2085 3702 2358 3772 praemissa
2392 3701 2493 3755 hac
2544 3702 3005 3772 interrogatione:
3071 3701 3218 3755 Unde
3262 3701 3528 3759 nocturna:

1938 3770 2529 3841 phantasitejnhonestte
2558 3781 2605 3825 et
2633 3770 2807 3841 turpes
2836 3772 3077 3825 accidunt
3099 3772 3245 3825 nobis
3268 3774 3293 3825 ?
3320 3773 3388 3826 ita
3440 3790 3530 3830 re-

1937 3839 2200 3905 spondet:
2232 3840 2460 3892 Veniunt
2486 3842 2691 3907 quidem
2721 3839 2829 3894 haec
2845 3844 3068 3895 maxime
3096 3857 3157 3895 ex
3183 3842 3384 3897 diurnis
3414 3847 3530 3899 ani-

1938 3924 2034 3962 mae
2054 3908 2577 3982 motibusugetiactibus
2619 3911 2845 3981 indignis
2884 3919 2930 3964 et
2955 3912 3270 3982 incongruis.
3301 3913 3364 3969 Si
3393 3916 3528 3971 enim

1937 3980 2394 4064 vacetDinjut‘liciis
2425 3979 2543 4045 Dei,
2572 3979 2894 4064 estpur'gatur.
2911 3979 3196 4064 q‘niptalper
3228 3983 3529 4064 meditatio.—

1938 4065 2053 4104 nem
2074 4051 2199 4120 legis
2230 4052 2418 4106 divina:
2442 4061 2488 4108 et
2507 4051 2894 4108 studium—verbi
2919 4051 3035 4117 Dei,
3058 4053 3226 4122 ibique
3253 4056 3298 4107 si
3335 4055 3531 4110 indesi-

1936 4130 2118 4194 nenter
2148 4139 2201 4176 se
2229 4136 2443 4193 occupet
2484 4142 2681 4194 semper
2722 4126 2984 4194 requirens
3012 4132 3061 4177 et
3086 4134 3344 4189 scrutans,
3398 4128 3533 4183 talia

1940 4192 2140 4247 habebit
2178 4196 2328 4248 etiam
2355 4192 2909 4251 somniaaCassianus
2961 4194 3143 4249 itidem
3196 4195 3291 4251 lib.
3315 4212 3367 4251 vt
3396 4196 3527 4253 Inst.

1939 4263 2093 4338 (cap.
2126 4264 2211 4334 ll)
2243 4266 2516 4338 esplicaus
2532 4283 2601 4322 ex
2621 4282 2726 4336 quo
2755 4266 2883 4338 vitio
2909 4264 3089 4320 illusio
3112 4274 3371 4322 nocturna
3404 4283 3530 4338 pro-

1938 4336 2121 4408 oedat:
2151 4336 2406 4408 Qualitas,
2439 4338 2630 4408 inquit,
2661 4336 3045 4408 cOgitationum,
3073 4353 3189 4407 quae
3209 4336 3531 4393 distentioni-

1939 4407 2030 4459 bus
2053 4408 2156 4460 diei
2178 4407 2525 4476 negligentius’
2536 4407 2842 4471 custoditur,
2873 4408 3117 4474 probatur
3134 4410 3301 4475 quiete
3323 4422 3532 4462 noctur-

250 4480 437 4554 virtute
461 4492 749 4554 pugnatur,
780 4490 826 4533 et
853 4487 1032 4548 sponte
1070 4493 1162 4529 sua
1192 4477 1403 4554 quisque
1446 4475 1523 4527 vel
1563 4484 1836 4554 superatur
1862 4496 1914 4554 ι)
1940 4495 2026 4554 na.
2051 4476 2119 4530 Et
2142 4475 2330 4554 idcirco
2351 4494 2467 4554 cum
2494 4476 2829 4554 intercesserit
2860 4476 3035 4554 aliqua
3062 4478 3181 4554 talis
3206 4478 3399 4554 illusio,
3426 4496 3531 4533 non

249 4549 326 4602 vel
356 4545 864 4603 vincitfPassionem
883 4545 1062 4602 autem
1086 4562 1198 4601 eam
1216 4547 1479 4616 propriam
1504 4562 1612 4599 esse
1635 4545 1833 4610 dicunt,

248 4634 367 4688 qua:
383 4628 605 4689 tempore
635 4620 867 4689 longiore
891 4620 944 4671 in
974 4619 1146 4689 animo
1164 4618 1394 4670 vitiosius
1415 4617 1598 4689 insedit
1624 4632 1837 4689 eumque

249 4686 347 4758 pro
372 4690 453 4741 sui
474 4686 840 4743 consuetudine
860 4691 911 4742 in
935 4705 1087 4743 suum
1112 4686 1337 4740 habitum
1368 4688 1685 4742 transduxit:
1709 4687 1839 4758 adeo

256 4756 316 4830 ut
339 4774 433 4810 sua
462 4769 640 4830 sponte
668 4762 972 4830 prapriaque
1000 4760 1260 4830 voluntate
1288 4759 1355 4810 ad
1370 4774 1490 4830 eam
1532 4767 1725 4811 currat.
1757 4756 1839 4812 Ea:

252 4826 339 4880 his
366 4828 600 4900 omnibus
622 4826 862 4900 gradibus
888 4826 1059 4899 prior
1105 4829 1313 4900 quidem
1337 4828 1445 4881 sine
1489 4838 1694 4898 peccato
1721 4835 1793 4900 est
1818 4844 1837 4891 ;

250 4898 512 4954 secundus
544 4897 645 4953 non
673 4901 746 4953 ita
769 4942 783 4965 ,
825 4897 918 4954 sed
952 4917 1066 4953 cum
1094 4897 1269 4967 aliqua
1294 4897 1496 4968 peccato
1524 4908 1627 4968 est;
1665 4897 1839 4949 tertius

249 4986 369 5023 vero
398 4986 494 5040 pro
520 4971 821 5041 certantium
845 4970 1106 5041 colligitur
1128 4979 1267 5041 statu
1275 4967 1301 5041 _:’
1342 4985 1492 5041 porro
1542 4967 1678 5018 lucta
1698 5006 1712 5027 ,
1732 4968 1841 5041 __vel

249 5033 458 5094 corona:
494 5040 573 5095 vel
615 5042 853 5111 supplicii
901 5033 1059 5094 causa
1104 5050 1193 5093 est.
1246 5033 1521 5111 Captivitas
1550 5052 1665 5089 vero
1689 5033 1840 5111 aliter

250 5112 497 5182 orationis
528 5106 787 5181 tempore;
816 5112 963 5165 aliter
989 5119 1170 5182 praeter
1210 5109 1456 5182 orationis
1507 5116 1704 5182 tempus
1746 5106 1841 5182 ju-

252 5181 489 5248 dicatur;
526 5176 674 5235 aliter
716 5185 836 5235 item
864 5184 915 5234 in
945 5176 1125 5234 mediis
1153 5179 1379 5247 atquein
1415 5178 1646 5248 omnibus
1691 5176 1839 5248 malis

251 5247 645 5320 cogitationibus
674 5255 976 5306 astimatur.
1016 5251 1121 5305 Sed
1167 5249 1336 5319 passio
1372 5262 1505 5320 sane
1526 5247 1579 5299 in
1610 5247 1840 5320 omnibus

252 5317 441 5392 absque
464 5322 574 5375 ulla
591 5328 932 5376 controversia
959 5323 1033 5374 vel
1054 5317 1227 5392 dignte
1248 5318 1551 5392 paenitentia:
1568 5317 1643 5392 vel
1665 5321 1840 5392 futuro

252 5388 508 5445 cruciatui
535 5392 763 5463 subjecta
792 5401 883 5445 est.
915 5392 1038 5446 Haec
1061 5388 1151 5444 ille
1172 5428 1187 5455 ,
1223 5388 1528 5463 passionem
1578 5388 1678 5441 hoc
1714 5388 1839 5463 loco

253 5464 416 5531 longe
442 5464 602 5517 aliter
620 5458 924 5529 'usurpans,
953 5476 1111 5531 quam
1135 5458 1499 5531 communiter
1524 5469 1627 5511 tam
1646 5458 1841 5512 atheo—

253 5527 387 5602 togis
408 5548 565 5598 quam
593 5547 621 5585 a
638 5527 1123 5600 pltilosopbis'solet
1140 5529 1330 5596 accipi.
1355 5527 1837 5602 Passioneutettini

254 5596 516 5673 iu'telligit
537 5596 804 5665 habitum,
828 5596 925 5656 seu
958 5603 1368 5673 propensionem
1390 5596 1455 5650 ad
1484 5608 1632 5651 actus
1661 5599 1839 5673 libidi-

256 5674 364 5736 nis,
395 5670 519 5737 usu,
558 5683 613 5729 et
642 5672 1036 5727 consuetudine
1069 5672 1458 5733 confirmatam,
1487 5678 1544 5721 ut
1566 5683 1630 5721 ex
1672 5670 1839 5734 ipsius

256 5743 623 5810 descriptione
648 5742 985 5809 intelligitur.
1003 5742 1092 5795 His
1114 5741 1571 5810 demuntaccedat
1595 5739 1840 5793 definitio

257 5809 471 5870 concilii
504 5812 807 5868 Tridentini
835 5811 1002 5877 (Sess.
1036 5811 1121 5883 Μ,
1154 5829 1267 5885 cap.
1301 5809 1378 5882 5),
1409 5810 1459 5862 in
1489 5811 1601 5864 haec
1632 5810 1791 5865 verba
1821 5827 1832 5863 :

1942 4549 2097 4616 culpa
2119 4549 2284 4601 somni
2301 4547 2554 4602 credenda
2570 4559 2664 4613 est,
2688 4547 2779 4601 sed
2800 4548 3107 4617 negligentia
3135 4548 3375 4617 temporis
3394 4565 3531 4617 pra:-

1942 4620 2162 4672 cedeutis
2212 4625 2260 4669 et
2304 4618 2653 4687 manifestatio
2702 4616 2877 4670 morbi
2920 4618 3122 4671 latentis
3174 4616 3528 4687 intrinsecus;

1940 4706 2092 4759 quem
2120 4704 2223 4741 non
2252 4688 2489 4759 primitus
2526 4688 2691 4759 noctis
2728 4687 2857 4740 hora
2900 4688 3176 4758 parturiit,
3214 4689 3302 4743 sed
3333 4690 3529 4747 intimis

1942 4758 2130 4813 animce
2155 4758 2475 4811 reconditum
2502 4758 2643 4825 fibris
2659 4759 2725 4813 ad
2755 4758 2886 4812 cutis
2907 4760 3232 4829 superficiem
3255 4763 3419 4815 somni
3444 4778 3528 4816 re-

1941 4830 2161 4900 fectione
2184 4828 2447 4901 produxit,
2471 4843 2689 4901 arguens
2718 4830 2943 4901 occultas
2964 4828 3182 4885 testuum
3210 4832 3373 4901 febres
3399 4850 3528 4901 quas

1943 4898 2032 4965 per
2059 4907 2220 4971 totum
2244 4898 2347 4951 diei
2375 4900 2601 4971 spatium
2628 4900 2801 4971 noxiis
2832 4898 3221 4968 cogitationibus
3242 4904 3374 4971 pasti
3397 4898 3523 4955 con-

1942 4970 2230 5041 traximus.
2265 4970 2694 5041 etc.rGregorius
2722 4968 3013 5041 ,Nysseuus
3042 4971 3138 5024 lib.
3188 4968 3254 5026 de
3300 4972 3528 5041 Opificio

1944 5038 2176 5092 hominis
2197 5053 2317 5108 cap.
2351 5040 2449 5093 i5:
2480 5040 2574 5093 Est
2602 5049 2650 5093 et
2677 5038 2821 5093 aliud
2851 5041 3171 5093 somniorum
3200 5038 3363 5110 genus
3391 5043 3528 5110 quod

1944 5126 2036 5176 pro
2058 5126 2256 5162 morum
2276 5112 2522 5180 cujusque
2542 5111 2788 5163 varietate
2805 5114 3075 5179 formatur.
3099 5110 3234 5166 Sunt
3255 5112 3388 5163 enim
3410 5112 3530 5166 alia:

1942 5181 2162 5233 hominis
2179 5180 2494 5251 fortis,ialite
2520 5181 2684 5233 timidi
2705 5180 3095 5251 imaginationes
3112 5191 3396 5251 nocturnae,
3422 5181 3527 5234 alia

1942 5251 2290 5320 temperantis,
2315 5250 2520 5320 aliaque
2545 5251 2935 5313 intemperantis
2952 5251 3181 5303 somnia:
3206 5250 3311 5303 alia
3331 5251 3529 5304 homini

1941 5322 2164 5374 avaritia
2190 5320 2507 5384 inexplebili,
2528 5322 2633 5375 alia
2662 5320 2863 5375 liberali
2888 5335 2976 5391 per
3005 5335 3239 5373 somnum
3272 5321 3530 5391 objiciun-

1942 5402 2047 5444 tur.
2083 5393 2377 5462 Atquevisa
2404 5394 2531 5457 haec,
2573 5405 2889 5462 nequaquam
2914 5405 3077 5462 mens,
3111 5391 3199 5445 sed
3227 5407 3406 5459 expers
3434 5392 3530 5444 illa

1941 5460 2168 5516 rationis
2202 5460 2404 5527 affectio
2452 5460 2722 5531 informat.
2756 5460 2897 5513 Nam
2923 5461 3106 5530 quibus
3145 5461 3258 5531 quis
3303 5463 3530 5514 assuevit

1943 5534 2130 5605 diurno
2151 5532 2345 5605 studio,
2367 5547 2542 5605 eorum
2564 5534 2617 5586 in
2644 5533 2855 5605 somniis
2877 5532 3330 5605 etiamsimulacra
3353 5533 3525 5605 fingit.

1942 5602 2232 5673 Gregorius
2263 5601 2633 5657 Nazianzenus
2669 5602 2719 5653 in
2751 5600 2992 5655 carmine
3013 5601 3083 5655 de
3111 5602 3219 5656 vita
3250 5600 3379 5657 sua:

2077 5718 2185 5767 Visa
2208 5726 2393 5769 etenim
2422 5731 2566 5768 curas
2588 5716 2815 5766 referunt
2838 5723 3071 5766 nocturna
3094 5717 3310 5768 diurnas.

1945 5811 2301 5873 Subscribunt
2340 5814 2501 5867 etiam
2539 5808 2739 5865 ethnici
2769 5809 3084 5877 scriptores.
3125 5809 3258 5865 Nam
3287 5810 3441 5867 Plato
3469 5810 3524 5865 in
