4054 6186
2337 265 2396 282 .›ῃ

499 403 606 460 885
1573 391 1852 448 JO.\NNI§
1889 387 2202 444 C.\S‘.~l.\1\'l
2241 385 2710 464 CtiLAIlONES
3663 377 3780 436 εδει

499 531 623 574 men
647 515 952 570 illusionem
971 512 1200 568 diversis
1227 507 1402 576 modis
1423 515 1636 562 constat
1655 504 1924 562 accidere.
1949 503 2086 560 Nam
2113 513 2166 570 Α

501 609 802 664 secundum
831 606 980 664 illum
1015 619 1201 670 usum,
1239 615 1400 672 quem
1447 599 1676 670 vigilans
1709 612 1974 656 exercere
2003 595 2092 652 vel

503 703 744 774 cogitare
773 705 1165 762 consueverat,
1197 695 1360 748 etiam
1405 692 1680 752 dormiens
1709 690 2093 762 unusquisque

503 803 767 850 tentatur.
803 791 973 846 Aliter
1016 789 1160 844 enim
1209 787 1461 842 falluntur
1491 785 1544 846 1ιὶ
1575 787 1664 856 qui
1694 783 1964 848 carnalwt
1995 797 2092 840 co-

503 887 686 956 pulam
711 891 938 944 norunt;
961 881 1128 946 aliter
1152 881 1240 950 qui
1265 879 1512 936 feminea:
1541 887 1668 936 Sunt
1695 875 2094 938 commixtionis

505 985 779 1044 expertes.
815 973 877 1028 lii
905 973 1048 1028 enim
1075 974 1212 1028 sicut
1237 971 1665 1042 simplicioribus
1689 985 1753 1026 ac
1773 968 2097 1038 ,purioribus

507 1067 735 1124 somniis
757 1065 1042 1136 inquietari
1069 1065 1266 1128 solent,
1287 1067 1356 1122 ita
1379 1063 1538 1122 etiam
1563 1063 1802 1120 faciliore
1821 1059 2098 1132 diligentia

509 1179 574 1218 ac
602 1163 810 1216 minore
843 1170 1068 1232 possunt
1107 1161 1290 1214 labore
1319 1159 1554 1228 purgari.
1591 1158 1671 1212 llli
1703 1167 1888 1212 autem
1927 1155 2100 1210 sordi-

509 1255 756 1310 dioribus
784 1263 1062 1325 magisque
1081 1253 1356 1324 expressis
1383 1249 1848 1321 phantasmatibus
1871 1249 2102 1306 illudun-

511 1359 623 1414 tur,
658 1347 830 1402 donec
861 1347 1116 1416 paulatim
1139 1346 1436 1404 secundum
1463 1360 1774 1402 mensuram
1795 1343 2064 1399 castitatis
2083 1383 2100 1410 ,

515 1438 584 1494 ad
615 1454 776 1508 quant
810 1441 1176 1508 unusquisque
1207 1437 1505 1502 contendit,
1539 1437 1592 1490 in
1615 1437 1800 1490 odium
1841 1435 1986 1490 illius
2025 1434 2104 1489 rei

513 1547 592 1600 qu
611 1545 680 1584 tm
709 1531 1068 1585 voluntariam
1087 1541 1212 1585 ante
1235 1529 1523 1592 sentiebat,
1555 1543 1706 1582 mens
1731 1528 1889 1582 etiam
1915 1541 2106 1582 somno

515 1627 694 1692 sepita
745 1633 986 1678 vertatur
1011 1665 1024 1688 ,
1057 1623 1294 1692 illudque
1323 1623 1370 1676 ei
1417 1621 1560 1690 quod
1591 1620 1818 1674 fortibus
1847 1619 1980 1674 viris
2009 1633 2106 1687 pro

517 1733 736 1772 summo
765 1717 1012 1772 laborum
1041 1715 1312 1782 stipendio
1331 1713 1723 1782 repromittitur
1751 1727 1846 1781 per
1877 1713 2110 1782 prophe-

517 1818 630 1862 tam
661 1809 991 1862 concedatur
1019 1823 1046 1858 a
1081 1807 1304 1860 Domino
1335 1824 1346 1858 :
1379 1815 1428 1858 et
1454 1821 1663 1872 arcum,
1695 1815 1742 1860 et
1765 1805 2032 1876 gladium,
2061 1815 2110 1858 et

2753 494 2999 552 «CAPUT
3037 491 3170 548 Vill.

2195 591 2346 660 Quod
2385 591 2448 646 de
2475 599 2664 644 natura
2693 588 2960 662 tenuitatis
2995 595 3043 640 et
3071 583 3334 665 eﬂ'eotilms
3371 586 3492 651 ejus
3515 591 3788 646 mauult:

2687 669 2910 716 tractare
2929 665 3273 728 nonpossint.

2263 779 2372 838 Sed
2399 778 2516 836 haec
2535 777 2818 846 suscipere
2835 783 2901 830 et
2929 772 3182 845 probare,
3209 780 3269 828 et
3296 779 3476 828 utrum
3499 772 3788 842 possibilia

2197 889 2264 948 an
2297 871 2657 943 impossibilia
2679 873 2831 936 sint,
2860 879 3012 926 cst-to
3045 868 3304 924 examine
3331 868 3568 924 delinire
3587 871 3792 940 poterit

2197 983 2360 1028 nemo
2382 1009 2398 1034 ,
2429 967 2664 1036 nisi-per
2706 963 3104 1034 experientiam
3149 963 3364 1032 longam
3393 971 3450 1017 et
3497 965 3792 1032 puritatem

2199 1059 2406 1124 cordis,
2429 1069 2451 1097 ε
2485 1058 2552 1112 ad
2581 1057 2816 1112 conﬁnia
2837 1056 3019 1112 carnis
3043 1067 3108 1110 ac
3129 1055 3355 1124 spirits
3381 1053 3552 1108 verbo
3575 1053 3792 1111 Domini

2201 1151 2473 1224 dirigente
2500 1149 2830 1222 pervenerit.
2864 1147 2942 1200 De
2967 1162 3073 1216 quo
3100 1146 3290 1202 beatus
3321 1145 3620 1216 Apostolus
3643 1165 3661 1200 :
3705 1145 3792 1200 Vi-

2193 1247 2294 1300 *τηις
2321 1253 2425 1311 est,
2473 1245 2673 1315 inquit,
2723 1258 2890 1298 sermo
2923 1241 3018 1296 Dei
3061 1249 3106 1295 et
3141 1241 3320 1310 efﬁcax
3347 1251 3396 1294 et
3423 1245 3794 1313 penetrabilior

2205 1341 2344 1394 omni
2371 1337 2546 1410 gladio
2571 1337 2811 1404 ancipiti,
2831 1347 2880 1389 et
2898 1335 3192 1406 pertingens
3218 1351 3384 1406 usque
3408 1337 3476 1388 ad
3489 1337 3795 1392 divisionem

2205 1432 2394 1486 anima:
2413 1449 2472 1484 ac
2497 1431 2712 1502 spiritus
2731 1470 2744 1494 ,
2773 1441 3080 1499 cornpagum
3099 1443 3301 1498 quoque
3329 1443 3391 1481 ac
3417 1429 3790 1498 medullarum,

2207 1535 2255 1578 et
2285 1525 2532 1578 discretor
2563 1522 2926 1594 cogitationum
2947 1531 2994 1574 et
3021 1519 3364 1574 intentionum
3397 1524 3572 1577 cordis
3605 1522 3788 1592 (Hebr.

2209 1619 2306 1688 tv).
2337 1619 2401 1672 Et
2423 1618 2492 1670 ita
2540 1618 2682 1670 inter
2709 1615 2924 1669 illorum
2959 1613 3360 1683 quodammodo
3392 1615 3656 1670 terminos
3675 1615 3792 1671 col-

2210 1713 2439 1776 locatus,
2463 1709 2588 1780 quid
2615 1710 2865 1764 humanae
2891 1707 3188 1763 conditioni
3209 1708 3522 1762 necessario
3541 1709 3612 1764 sit
3637 1719 3795 1778 atque

2215 1803 2608 1858 inevitabilitcr
2631 1797 2971 1863 attributunt,
2986 1797 3180 1868 quidve
3195 1799 3592 1855 consuetudine
3609 1801 3796 1856 vitiosa

521 1901 714 1955 bellum
743 1913 1001 1954 conteram
1025 1900 1085 1952 de
1105 1909 1240 1954 terra
1267 1911 1454 1967 vestra,
1489 1913 1536 1954 et
1559 1901 1782 1954 dormire
1807 1917 1894 1954 vos
1919 1899 2110 1970 faciam
2143 1893 2188 1953 Β
2215 1906 2272 1952 at
2319 1894 2518 1950 incuria
2561 1889 2859 1961 iuventutis
2911 1889 3186 1946 invectum
3215 1930 3232 1954 ,
3275 1891 3426 1946 velut
3454 1893 3722 1962 inspector
3743 1901 3798 1947 et

519 1991 834 2064 ﬁducialz‘ter
891 1987 1037 2060 (Ose.
1092 1989 1188 2062 tt):
1221 2001 1276 2045 et
1305 1991 1376 2046 ita
1405 1991 1622 2046 demum
1673 1991 1794 2059 quis
1845 1991 1912 2044 ad
1963 1991 2110 2044 illam

517 2082 670 2140 beati
689 2091 712 2118 ⁸
731 2083 924 2136 Sereni
947 2097 1346 2154 paucorumque
1371 2083 1628 2136 similium
1649 2083 1891 2136 virortnn
1915 2097 2112 2152 perve-

519 2175 636 2230 niet
668 2175 978 2244 puritatem.
1007 2173 1178 2242 Quam
1211 2175 1413 2232 idcirco
1443 2190 1472 2228 a
1503 2175 1774 2244 prurdictis
1805 2189 1906 2230 sex
1947 2176 2112 2229 casti-

521 2268 720 2324 monia:
759 2265 1016 2336 gradibus
1045 2267 1378 2336 sequestravi
1408 2309 1422 2332 ,
1454 2266 1574 2336 quia
1608 2283 1714 2320 non
1737 2267 1913 2322 Solum
1937 2268 2114 2336 possi-

523 2361 684 2426 deri,
717 2359 814 2415 sed
857 2360 1016 2414 etiam
1063 2359 1213 2414 credi
1265 2375 1373 2414 non
1403 2360 1504 2414 nisi
1531 2373 1561 2412 a
1595 2359 1887 2412 rarissimis
1914 2367 2111 2428 potest.

521 2451 594 2507 Et
625 2452 752 2522 quia
787 2453 836 2504 id
869 2453 1016 2522 quod
1043 2453 1118 2506 illi
1151 2453 1456 2520 specialiter
1487 2449 1651 2505 divini
1685 2453 1925 2506 muneris
1957 2451 2116 2520 largi-

523 2553 640 2598 tate
662 2543 917 2598 collatum
943 2553 1046 2610 est,
1073 2543 1300 2612 proponi
1331 2541 1394 2596 ad
1425 2541 1695 2610 generalis
1725 2544 1978 2610 praecepti
2010 2557 2116 2596 non

523 2642 710 2706 potest
741 2635 988 2698 formam,
1017 2633 1224 2688 scilicet
1259 2643 1314 2687 ut
1343 2649 1408 2686 eo
1436 2649 1606 2704 usque
1637 2649 1790 2689 mens
1818 2644 2002 2688 nostra
2029 2649 2121 2689 ca-

523 2728 726 2784 Stilalis
754 2725 922 2794 ipsius
953 2727 1190 2795 puritate
1222 2725 1504 2793 formetur,
1551 2737 1604 2782 ut
1631 2727 1790 2782 etiam
1819 2728 1936 2797 ipso
1963 2737 2120 2782 natu-

523 2821 632 2878 rali
661 2829 806 2874 motu
829 2821 1010 2876 carnis
1031 2829 1299 2886 entortuo,
1345 2821 1498 2878 illum
1530 2823 1820 2878 obscenum
1851 2825 2118 2893 liquorem

525 2913 753 2968 omnino
792 2928 898 2966 non
933 2911 1186 2982 proferat.
1222 2911 1544 2982 Opinionem
1571 2929 1702 2970 sane
1727 2915 2117 2984 quorumdam,

527 3020 690 3076 quam
719 3020 884 3074 super
925 3007 1024 3060 hac
1073 3007 1254 3060 carnis
1294 3007 1597 3062 colluvione
1627 3008 1926 3078 deliniunt,
1959 3011 2122 3066 silere

529 3113 644 3154 non
673 3097 864 3164 debeo,
891 3098 986 3168 qui
1011 3099 1197 3153 dicunt
1223 3099 1249 3136 ι)
1277 3115 1382 3156 non
1415 3101 1616 3156 idcirco
1644 3117 1762 3156 eam
1807 3103 2124 3158 dormienti-

533 3189 639 3252 bus
666 3191 906 3255 evenire,
935 3206 999 3246 eo
1026 3193 1170 3261 quod
1199 3208 1320 3250 eam
1351 3194 1610 3263 producat
1643 3195 1858 3251 fallacia
1883 3199 2126 3253 somnio-

2217 1986 2422 2040 arbiter
2449 1985 2589 2052 justa
2617 1981 2969 2036 trutinatione
2993 1981 3290 2048 discernet,
3331 1995 3398 2038 ac
3425 1995 3586 2053 super
3609 1997 3794 2040 eorum

2215 2076 2409 2133 elfectu
2443 2085 2604 2146 atque
2627 2083 2818 2128 natura
2849 2089 2955 2128 non
2988 2073 3137 2128 falsis
3161 2073 3305 2144 vulgi
3343 2069 3676 2146 opinionibus
3701 2091 3790 2130 ac-

2217 2171 2480 2243 quiescet,
2510 2168 2602 2224 sed
2623 2166 2874 2238 puritatis
2903 2166 3122 2222 modum
3146 2175 3294 2222 certa
3319 2167 3669 2238 experientiae
3683 2177 3797 2224 ante

2219 2269 2356 2322 libra
2405 2275 2462 2320 et
2504 2265 2650 2334 justa
2693 2261 3101 2318 examinatione
3151 2263 3513 2332 perpendens,
3545 2261 3574 2302 ἀ
3605 2267 3800 2334 nequa-

2220 2375 2377 2432 quam
2415 2359 2632 2414 illorum
2660 2355 2978 2428 decipietur'
3000 2369 3188 2412 errore
3210 2357 3300 2426 qui
3327 2353 3664 2428 negligentia:
3684 2371 3800 2413 sua:

2221 2455 2352 2509 vitio
2365 2453 2733 2510 crebrioribus
2745 2465 2904 2522 quam
2922 2459 3116 2506 natura
3127 2450 3414 2519 compellit,
3433 2449 3800 2520 egestiOnibus

2221 2546 2508 2612 sordidati,
2536 2546 2604 2600 de
2627 2544 2858 2600 naturali
2883 2543 3188 2598 conditione
3209 2551 3505 2596 causentur.
3549 2542 3792 2610 Cumque

2223 2653 2318 2696 eos
2345 2647 2558 2693 constet
2577 2635 2780 2692 inferre
2803 2637 2982 2706 pctius
3009 2637 3113 2690 vim
3142 2643 3432 2702 naturaa,et
3459 2631 3782 2705 extorquere

2224 2733 2291 2788 ab
2317 2748 2382 2788 ea
2411 2731 2768 2800 pollutionem
2799 2745 2958 2800 quam
3001 2729 3116 2799 ipsa
3164 2743 3270 2784 non
3295 2725 3506 2800 ingerit,
3533 2703 3796 2797 intempe-
3889 2703 3894 2708 I

2224 2826 2454 2882 rantiam
2485 2839 2638 2880 suam
2665 2823 2730 2878 ad
2767 2824 3148 2878 necessitatem
3179 2821 3382 2887 carnis,
3410 2823 3572 2876 immo
3595 2819 3658 2875 ad
3685 2817 3801 2889 eius

2224 2919 2470 2974 referunt
2495 2918 2829 2984 Creatorem,
2867 2917 3113 2987 preprias
3135 2916 3322 2987 culpas
3353 2915 3420 2970 ad
3445 2927 3646 2970 natum
3669 2913 3802 2969 infa-

2226 3015 2390 3068 miam
2430 3015 2840 3068 transiet-entes.
2865 3011 2940 3065 De
2963 3011 3154 3080 quibus
3177 3010 3230 3064 in
3263 3011 3570 3066 Proverbiis
3599 3011 3805 3080 elegan-

2229 3118 2312 3166 ter
2332 3109 2672 3176 cxprimitur,
2709 3116 2730 3143 ε
2763 3105 3074 3174 lusipientia
3103 3105 3202 3157 viri
3227 3106 3510 3175 corrumpit
3551 3105 3656 3157 tias
3676 3104 3805 3172 ejus,

2231 3201 2396 3254 Deum
2420 3211 2590 3254 autem
2621 3207 2862 3252 causatur
2889 3199 2944 3250 in
2966 3197 3120 3251 corde
3148 3209 3242 3251 sua
3271 3195 3546 3269 (Prouerb.
3571 3201 3680 3262 XIX,
3706 3211 3807 3250 sec.

531 3299 656 3355 {um
681 3325 698 3350 ,
733 3285 826 3340 sed
877 3286 1054 3354 potius
1105 3287 1230 3358 quia
1275 3289 1638 3344 redundantia
1687 3291 1928 3346 humoris
1979 3293 2122 3347 illius
2151 3279 2195 3342 C
2229 3291 2418 3363 LXX).
2437 3293 2716 3346 Postremo
2741 3293 2786 3344 si
2815 3289 2937 3360 quis
2965 3289 3091 3344 huic
3115 3291 3405 3344 asscrtioni
3431 3301 3630 3346 nostra:
3655 3289 3812 3343 (idem

530 3379 747 3448 aliquas
775 3379 828 3432 in
859 3381 1140 3450 mgrotanti
1168 3381 1331 3438 corde
1364 3382 1528 3454 ﬁngat
1549 3383 1853 3442 illecebras.
1881 3389 2122 3459 Denique

532 3467 684 3524 aiunt
705 3471 848 3541 quod
881 3471 970 3528 illo
1001 3482 1244 3542 tempore
1267 3517 1282 3544 ,
1307 3489 1412 3544 quo
1437 3491 1544 3532 non
1589 3479 1852 3545 inquietat
1877 3479 1967 3534 illa
1996 3495 2126 3534 con-

532 3560 706 3614 cretio
731 3601 748 3628 ,
776 3562 1234 3631 quemadmodum
1267 3563 1443 3620 fluxus
1473 3567 1614 3636 ejus,
1647 3568 1717 3621 ita
1749 3569 1910 3624 etiam
1945 3571 2125 3625 illusio

531 3655 902 3723 conquiescat.

2228 3389 2488 3455 derogare
2547 3385 2797 3449 voluerit,
2843 3397 3030 3451 quaeso
3079 3392 3138 3436 ut
3181 3397 3288 3436 non
3313 3392 3443 3437 ante
3473 3383 3814 3452 pra-judicata

2228 3479 2506 3534 nobiscum
2537 3475 2794 3542 opinione
2817 3471 3103 3540 disceptet,
3135 3485 3294 3542 quam
3319 3472 3622 3544 diSciplina't
3657 3473 3819 3542 hujus

2227 3571 2483 3638 suscipiat
2503 3568 2774 3624 instituta.
2807 3559 3048 3634 Cumque
3074 3565 3190 3620 haec
3217 3567 3504 3634 perpaucis
3535 3567 3822 3620 mensibus

2227 3663 2318 3722 illa
2365 3677 2470 3731 qua
2501 3660 2730 3716 traditur
2781 3657 3152 3714 moderatione
3191 3656 3512 3723 servaverit,
3565 3655 3816 3726 profecto

1605 3795 1862 3855 ALAllDl
1901 3799 2132 3858 ΟΔΖᾸΞΙ
2165 3799 2730 3858 COMMENTARIUS.

535 3910 744 3968 Timaeo
765 3911 896 3968 dicit
923 3914 1136 3986 somnia
1163 3928 1286 3972 esse
1313 3913 1522 3984 vigilias
1548 3915 1963 3986 dormientium,
1997 3931 2125 3986 spes

535 3990 669 4057 vero
695 3986 904 4057 somnia
937 3985 1292 4054 vigilantium,
1329 3995 1394 4039 ut
1419 3987 1584 4040 refert
1610 3985 1670 4040 1).
1711 3987 1935 4042 Basilius
1963 3985 2120 4057 epist.

541 4051 611 4126 if.)
644 4053 710 4126 ad
739 4051 1059 4112 Naziattze'n.
1095 4051 1410 4112 Aristoteles
1455 4071 1586 4111 vero
1612 4058 1703 4112 lib.
1729 4075 1744 4112 ι
1774 4060 1950 4113 Ειιιίς.
1999 4051 2120 4126 cap.

543 4123 614 4180 15
662 4125 792 4180 dicit
830 4127 1122 4195 proborum
1161 4127 1448 4198 hominum
1498 4129 1720 4186 meliora
1765 4139 1819 4184 et
1855 4123 2126 4198 pacatiora

540 4210 662 4250 esse
696 4198 904 4254 suntnia
932 4238 946 4262 ,
981 4197 1345 4263 improbat-um
1403 4201 1630 4254 molesta
1672 4213 1726 4254 et
1769 4197 1909 4256 dira.
1963 4201 2122 4254 Plura

539 4267 666 4318 vide
696 4265 840 4342 apud
879 4265 1268 4342 P._Martiuum
1302 4269 1560 4342 _lA)elrinmr
1585 4273 1638 4325 in
1684 4267 2124 4342 Adagialibus-ad

540 4349 723 4414 capqv
751 4337 1008 4414 l’roverb.
1037 4347 1090 4392 et
1123 4340 1270 4405 apud
1298 4339 1660 4396 Macrobrium
1687 4344 1738 4396 in
1769 4337 1976 4398 somnio
2003 4341 2122 4395 Sci-

540 4405 742 4478 pionis,
776 4421 896 4478 cap.
927 4407 980 4462 5.

619 4487 644 4513 ιι
675 4477 752 4554 De
777 4477 992 4554 abbatis
1021 4477 1212 4554 Serani
1244 4482 1474 4554 puritate
1493 4483 1748 4554 singulari
1780 4491 1837 4554 et
1869 4481 2127 4536 castimo-

543 4547 636 4628 pia
662 4549 1088 4628 egitﬂCassiauus
1111 4547 1398 4628 collatione
1427 4554 1460 4609 7
1487 4547 1662 4624 capite
1692 4556 1714 4608 l
1742 4565 1794 4608 et
1813 4553 1866 4620 2,
1901 4553 1991 4607 ubi
2013 4555 2128 4608 haec

543 4621 689 4676 inter
733 4619 834 4696 alia
867 4620 934 4696 de
961 4623 1182 4678 eodem:
1218 4621 1314 4677 Cui
1347 4642 1506 4696 supra
1533 4619 1708 4680 omnes
1757 4630 1968 4680 virtutes
2012 4641 2129 4691 qure

543 4707 650 4766 non
679 4691 856 4766 solum
875 4692 930 4766 iu
959 4696 1072 4762 ejus
1101 4705 1248 4765 gestu
1269 4697 1348 4749 vel
1375 4691 1624 4765 uio-ribus,
1647 4697 1736 4752 sed
1765 4698 1914 4750 etiarn
1939 4697 1990 4748 in
2015 4699 2127 4766 ipso

544 4764 698 4840 vultu
717 4779 807 4840 per
831 4763 926 4818 Dei
949 4763 1170 4840 gratiam
1196 4767 1546 4840 refulgebant,
1581 4763 1652 4821 ita
1672 4777 1744 4821 est
1767 4763 2135 4840 peculiari'bc-

545 4835 730 4910 neﬁcio
757 4837 952 4888 donum
979 4839 1230 4910 castitatis
1250 4835 1506 4908 infusum,
1537 4849 1594 4892 ut
1611 4842 1734 4910 jam
1768 4835 1849 4903 se,
1892 4855 1982 4892 nec
2005 4841 2133 4910 ipsis

544 4907 752 4988 quidem
781 4907 1110 4962 naturalibus
1139 4911 1406 4964 incentivis
1435 4907 1730 4979 inquietari,
1759 4912 1836 4963 vel
1855 4911 1908 4962 in
1930 4907 2132 4982 sopore,

543 4988 775 5033 εειιιινετ.

621 5049 648 5086 1’
691 5051 920 5106 Pullutio
967 5060 1020 5106 et
1060 5051 1248 5105 illusio.
1287 5061 1546 5106 nocturna
1574 5095 1587 5118 ,
1635 5051 1832 5122 quibus
1861 5067 1924 5104 ex
1957 5054 2135 5107 causis

545 5125 870 5190 proveniat,
919 5134 1112 5191 praeter
1149 5139 1210 5176 ea
1243 5139 1362 5192 quae
1391 5121 1660 5176 hactenus
1677 5137 1742 5175 ea
1786 5121 1854 5175 de
1891 5137 1950 5176 re
1994 5123 2136 5177 dicta

545 5203 700 5264 sunt,
733 5193 895 5248 docet
919 5195 1082 5250 etiam
1107 5195 1274 5248 abbas
1298 5193 1550 5248 'l‘heonas
1579 5193 1874 5248 collatione
1891 5195 1983 5256 ‘22,
2014 5209 2136 5264 qua:

547 5261 618 5318 de
650 5266 932 5318 nocturnis
963 5265 1310 5320 illusiooibus
1359 5265 1688 5318 inscribitur.
1723 5265 1828 5317 Ctti-
1851 5261 2139 5317 consenta-

545 5347 651 5388 nee
688 5335 874 5391 scribit
906 5336 968 5389 1).
1019 5334 1316 5404 Gregorius
1358 5337 1422 5387 ad
1471 5335 1797 5404 quaestiones
1853 5335 2135 5404 Augustini

546 5407 794 5474 episcOpi
823 5407 896 5461 ita
919 5409 1255 5474 respondens
1281 5407 1505 5474 (Quam.
1535 5407 1648 5474 1‘2):
1679 5404 1745 5459 In
1774 5407 2016 5459 illusione
2041 5423 2136 5458 no.

547 5483 734 5530 cturna
763 5477 913 5532 ualde
942 5479 1230 5530 necessaria
1252 5488 1326 5532 est
1347 5479 1584 5532 discretio
1613 5495 1718 5548 qua
1743 5477 1994 5548 subtiliter
2013 5491 2135 5546 pen-

547 5549 655 5600 sari
687 5548 830 5603 debet
860 5563 926 5602 ea:
944 5566 1046 5618 qua
1061 5566 1114 5602 re
1133 5551 1336 5604 accidat
1361 5552 1515 5602 menti
1544 5547 1864 5603 dormientis.
1887 5547 2138 5618 Aliquan-

548 5618 614 5668 do
644 5623 778 5672 enim
801 5635 869 5674 ea:
897 5621 1138 5688 crapula,
1163 5619 1448 5686 aliquando
1471 5639 1532 5676 ra:
1559 5633 1758 5675 natura:
1784 5619 2134 5688 superﬂuitate

546 5689 638 5764 vel
653 5690 953 5764 infirmitate
974 5687 997 5757 ,⁷
1026 5691 1309 5760 aliquando
1339 5709 1402 5744 ea:
1421 5694 1725 5764 cogitatione
1765 5687 2032 5764 contingit.
2066 5687 2135 5742 Et

549 5760 756 5822 quidem
779 5779 896 5814 cum
915 5779 980 5814 ea:
1004 5771 1201 5814 natura:
1223 5760 1576 5832 superﬂuitate
1602 5765 1677 5816 vel
1699 5763 2003 5830 infirmitate
2023 5776 2138 5814 eve-

548 5832 708 5894 nerit,
725 5833 1016 5886 omnimode
1040 5835 1148 5884 haec
1169 5832 1340 5884 illusio
1368 5849 1471 5886 non
1488 5844 1561 5886 est
1591 5833 1836 5896 timenda,
1860 5835 1980 5901 quia
2005 5833 2139 5884 hanc

445 5915 496 5959 -ί,
552 5903 759 5952 animus
801 5901 1024 5952 nesciens
1063 5901 1337 5967 pertulisse
1385 5905 1545 5970 magis
1591 5902 1842 5954 dolendus
1867 5911 1942 5954 est
1985 5918 2140 5970 quam

2159 4740 2210 4799 1)

2232 3917 2433 3987 fecisse.
2461 3915 2591 3971 Cum
2615 3932 2732 3970 vero
2759 3913 2896 3970 ultra
2939 3909 3441 3987 modumappetilus
3481 3911 3615 3982 gula:
3645 3911 3696 3966 in
3728 3927 3821 3964 su-

2231 3983 2430 4058 mendis
2457 3989 2717 4041 alimentis
2743 3989 2942 4058 rapitur
2979 3997 3131 4056 atque
3155 3985 3345 4039 idcirco
3376 3983 3648 4058 Itumormu
3677 3997 3820 4036 rece-

2232 4057 2443 4127 ptacula
2472 4069 2771 4127 gravantur,
2805 4055 2952 4110 habet
2983 4055 3101 4110 inde
3121 4059 3320 4109 animus
3351 4055 3572 4122 aliquem
3599 4065 3820 4127 reatum,

2231 4121 2334 4182 non
2365 4121 2535 4182 tumltu
2580 4121 2850 4197 usquead
2889 4121 3648 4198 prohibitione»:pertripicndi
3689 4125 3822 4198 sacri

2231 4199 2461 4268 mysterii
2504 4198 2580 4250 vel
2627 4195 2907 4268 Missurum
2946 4199 3196 4268 solemnia
3243 4195 3570 4268 celebrandi,
3621 4207 3737 4268 etc.
3761 4195 3820 4250 Si

2230 4267 2347 4323 vero
2370 4285 2433 4323 ea:
2479 4270 2616 4336 turpi
2645 4267 2951 4340 sagilatioue
2995 4267 3254 4340 vigilantis
3286 4269 3449 4340 oritur
3485 4267 3661 4340 illusio
3705 4267 3821 4320 dor-

2229 4341 2460 4404 mientis,
2512 4333 2656 4407 patet
2682 4333 2854 4392 animo
2893 4354 3016 4390 suus
3045 4333 3256 4390 'rcatns.
3299 4333 3444 4390 Videt
3484 4339 3619 4391 enim
3653 4354 3686 4390 a
3723 4351 3820 4407 qua

2228 4411 2402 4465 radice
2455 4410 2740 4479 inquinatio
2771 4409 2864 4462 illa
2905 4410 3244 4480 processerit,
3290 4407 3379 4478 qui
3409 4409 3546 4476 quod
3587 4407 3821 4476 cogitauit

2228 4483 2416 4546 sciens,
2446 4484 2538 4534 hoc
2567 4481 2772 4548 pertulit
2801 4479 3056 4533 neseiens.
3091 4479 3198 4544 Sed
3235 4481 3554 4548 pensandum
3587 4491 3682 4544 est,
3715 4480 3820 4548 ipsa

2229 4545 2468 4624 cogitatio
2517 4545 2689 4605 utrum
2733 4552 2788 4604 iu
2835 4551 3180 4622 suggestione,
3214 4545 3281 4602 an
3323 4545 3813 4624 dilectatjtmepecl,

2231 4619 2366 4694 quod
2398 4625 2568 4695 majus
2598 4634 2694 4688 est,
2729 4619 2924 4692 peccati
2938 4619 3198 4695 consensu
3230 4621 3496 4695 acciderit.
3529 4621 3656 4675 Hinc
3685 4619 3816 4676 Gro-

2236 4693 2438 4764 gorius,
2474 4693 2524 4748 ct
2552 4710 2670 4763 qua:
2705 4703 3007 4764 scquutttur
3027 4693 3154 4746 alibi
3182 4693 3518 4747 commodius
3551 4702 3605 4748 et
3627 4703 3816 4760 Oppor-

2240 4765 2421 4821 tunius
2461 4766 2755 4820 recitando.
3077 4831 3080 4834 _

2316 4849 2336 4876 ο
2370 4837 2483 4892 lloc
2514 4849 2615 4900 est,
2643 4835 2708 4889 ad
2742 4835 3000 4891 terminos
3023 4831 3080 4890 et
3099 4835 3297 4890 limites
3322 4831 3602 4902 utriusque
3625 4847 3814 4902 cogno-

2240 4909 2469 4963 scendus
2499 4917 2553 4962 et
2583 4908 2918 4972 retinendos,
2952 4905 3087 4960 verbi
3121 4905 3217 4958 Dei
3242 4905 3398 4960 ductu
3429 4907 3743 4974 pervenerit;
3763 4909 3815 4956 et

2240 4979 2370 5050 quid
2390 4981 2580 5047 cuique
2607 4979 2907 5048 proprium,
2942 4989 3364 5032 consentaneum
3387 4987 3442 5030 et
3474 4975 3812 5030 tribuendum

2241 5051 2540 5120 agnoverit.

2313 5117 2340 5157 ἀ
2385 5119 2566 5188 Carpit
2589 5134 2828 5174 errorem
2852 5119 3229 5190 quorumdam,
3259 5118 3372 5189 qui,
3397 5132 3518 5172 cum
3549 5133 3616 5172 ex
3655 5115 3814 5186 negli-

2243 5191 2421 5262 gentia
2445 5200 2536 5244 aut
2564 5191 2725 5262 culpa
2749 5207 2842 5244 sua
2870 5191 3216 5262 pollutionem
3245 5192 3550 5262 incurrant,
3595 5203 3713 5262 eam
3745 5197 3814 5240 ta-

2245 5259 2368 5318 men
2393 5277 2496 5316 non
2515 5277 2615 5315 suo
2639 5259 2792 5324 vitio,
2821 5259 2914 5316 sed
2943 5272 3148 5315 natura:
3167 5259 3522 5314 imbecillitati
3548 5261 3814 5314 ascribunt

2246 5345 2298 5388 ct
2329 5333 2616 5400 imputant,
2653 5349 2756 5388 non
2787 5331 2902 5387 sine
2945 5332 3136 5402 injuria
3169 5329 3498 5386 Conditoris.
3526 5332 3809 5402 ill-atterunt

2245 5398 2454 5459 censtat
2485 5405 2828 5472 pollutionem
2861 5398 3174 5466 nocturnam
3207 5417 3310 5456 non
3332 5405 3478 5472 raro
3505 5398 3812 5455 dormienti-

2244 5477 2344 5530 bus
2368 5491 2432 5530 ex
2457 5485 2662 5530 natura:
2691 5475 3000 5530 inﬁrmitate
3021 5481 3114 5526 aut
3139 5471 3492 5527 redundantia
3509 5473 3806 5530 ltutnorum.

2245 5547 2449 5615 absque
2477 5549 2584 5600 ulla
2613 5547 2767 5616 culpa
2807 5547 3142 5612 contingere,
3171 5543 3625 5613 quemadmOdum
3657 5553 3808 5611 supra

2246 5635 2316 5674 ex
2340 5619 2401 5672 D.
2433 5619 2694 5684 Gregorio
2725 5627 2996 5670 ostensum
3025 5624 3126 5670 est.

2321 5701 2343 5727 ε
2387 5691 2620 5746 liabetur
2665 5691 2778 5743 lta'c
2807 5688 3071 5742 sententia
3102 5686 3154 5739 in
3183 5685 3374 5742 Graeco
3409 5701 3513 5742 non
3539 5701 3668 5741 xvttt
3698 5697 3806 5748 cap-

2247 5761 2688 5826 Provet-biorum,
2713 5771 2774 5812 ut
2798 5770 2944 5814 notat
2971 5759 3208 5812 (Baconii
3231 5759 3397 5812 editio
3428 5760 3695 5827 Lugtlun.,
3721 5751 3808 5810 sed

2247 5849 2366 5900 ιη,
2396 5833 2486 5885 ttbi
2513 5833 2724 5901 vulgata
2749 5833 2926 5885 versio
2956 5849 2968 5882 :
3005 5829 3240 5886 Stultitia
3277 5831 3496 5883 hominis
3517 5831 3803 5900 supplantat

2247 5919 2448 5976 gressus
2477 5905 2609 5973 ejus,
2637 5911 2684 5956 et
2706 5913 2882 5958 contra
2909 5901 3190 5957 Demittunt
3217 5901 3372 5972 fervet
3397 5901 3574 5956 animo
3593 5915 3704 5956 suo.

4007 5041 4012 5188 Ι
