4054 6186
584 266 687 322 887

1648 254 1922 311 JOANNIS
1959 252 2261 310 CASSIANI
2299 252 2787 312 COLLATIONES.

3740 258 3847 317 888

582 376 831 447 aspiciat,
861 377 1033 447 qualis
1059 376 1229 431 videri
1260 375 1324 428 ab
1378 370 1685 427 hominibus
1713 371 2007 435 erubescit,
2060 385 2157 424 nec
2185 373 2238 431 Λ
2260 371 2395 426 cinae
2420 373 2588 442 ipsius
2615 372 2912 426 necessitas
2933 371 3418 443 cogit,quaesumus
3448 380 3509 429 ut
3534 387 3661 429 cum
3688 376 3843 431 venia

581 476 632 527 in
653 488 718 527 eo
741 473 843 527 tale
865 472 1068 540 aliquid
1099 467 1424 524 inevitabilis
1447 466 1539 521 ille
1562 465 1752 519 oculus
1770 463 2012 537 [Diongs.
2030 464 2157 517 add.

580 564 703 638 Dei]
740 565 1128 635 deprehendat,
1162 562 1300 631 quod
1329 561 1395 615 ab
1424 561 1670 615 humanis
1695 560 2004 628 aspectibus
2030 559 2161 614 velit

579 675 700 714 esse
723 660 987 713 celatum:
1020 666 1075 711 et
1095 658 1165 710 ita
1194 670 1315 708 cum
1343 654 1571 724 caperit
1590 654 1914 709 suavissimo
1954 653 2159 707 lumine

578 752 841 805 castitatis
866 750 1066 819 jugiter
1091 748 1366 813 delectari,
1390 748 1574 803 dicere
1616 749 1816 817 poterit
1854 762 1979 803 cum
2026 747 2157 802 Pro-

580 844 741 912 pheta
769 861 781 895 :
810 840 877 895 Et
921 858 1024 895 nox
1070 842 1379 895 illuminatio
1409 858 1522 895 mea
1551 842 1606 894 in
1635 842 1833 895 deliciis
1859 842 2004 906 meis,
2037 843 2158 911 quia

579 935 804 989 tenebrae
832 952 933 989 non
958 936 1365 989 obscurabuntur
1392 953 1425 989 a
1452 945 1582 1008 te,et
1608 952 1710 991 nox
1738 938 1869 991 sicut
1898 939 2008 991 dies
2036 938 2159 991 illu-

581 1027 856 1079 minabitur
883 1026 1069 1097 (Ilebr.
1093 1043 1165 1093 tv,
1183 1028 1315 1096 psal.
1330 1028 1609 1098 cxxxvut);
1626 1030 1756 1082 sicut
1778 1030 2003 1083 tenebrce
2023 1031 2155 1100 ejus,

578 1120 653 1172 ita
702 1130 749 1172 et
792 1119 963 1170 lumen
1014 1122 1147 1190 ejus.
1198 1119 1437 1189 Denique
1478 1119 1580 1174 hoc
1610 1120 1808 1189 ipsum,
1842 1123 1965 1189 quia
1994 1135 2155 1189 supra

578 1210 941 1263 conditionem
972 1221 1173 1264 natura:
1197 1211 1409 1265 videtur
1440 1211 1709 1278 humanae,
1741 1212 1973 1282 qualiter
2014 1213 2155 1267 obti-

577 1300 757 1353 nuerit
806 1300 948 1355 idem
995 1300 1254 1370 propheta
1309 1304 1603 1373 subjungit,
1647 1303 1833 1359 dicens
1873 1322 1885 1356 :
1925 1305 2058 1373 Quia
2102 1316 2156 1359 tu

578 1393 848 1459 possedisti
876 1409 1017 1447 renes
1044 1410 1177 1447 meos
1216 1392 1495 1465 (Ibidem);
1526 1395 1578 1449 id
1610 1406 1715 1463 est,
1750 1412 1856 1451 non
1889 1397 2156 1453 industria

574 1500 696 1539 mea
752 1501 926 1554 neque
972 1488 1167 1543 virtute
1208 1488 1344 1543 hanc
1396 1491 1667 1557 promerui
1715 1493 2027 1559 puritatem,
2058 1492 2153 1548 sed

576 1578 700 1647 quia
723 1586 782 1631 tu
810 1578 1144 1634 mortiﬁcasti
1175 1582 1391 1636 insitum
1440 1582 1661 1637 renibus
1689 1584 1825 1638 meis
1851 1584 2153 1641 libidinosae

575 1670 866 1738 voluptatis
891 1670 1161 1726 ardorem.

1183 1762 1408 1820 CAPUT
1446 1764 1535 1819 IX.

574 1851 927 1921 Interrogatio
948 1870 1015 1907 an
1038 1856 1267 1932 corporis
1294 1865 1484 1932 motum
1514 1854 1665 1911 etiam
1694 1860 2002 1915 dormientes
2034 1877 2151 1932 pos-

1155 1927 1311 1979 simus
1333 1929 1558 1981 evadere.

645 2035 945 2091 Germanus
972 2054 984 2089 :
1010 2037 1329 2106 Perpetuam
1352 2042 1566 2109 quidem
1592 2044 1837 2111 corporis
1861 2045 2150 2113 puritatem

573 2145 638 2184 ex
663 2139 813 2199 parte
862 2132 1038 2201 aliqua
1079 2136 1285 2201 experti
1316 2148 1501 2188 sumus
1531 2149 1560 2187 a
1590 2134 1937 2203 vigilantibus
1991 2152 2150 2206 posse

572 2237 667 2290 per
697 2224 787 2278 Dei
811 2225 1039 2292 gratiam
1062 2225 1364 2294 possideri;
1395 2236 1447 2280 et
1473 2229 1891 2282 commotionem
1944 2230 2148 2297 carnis,

571 2318 925 2374 districtionis
949 2321 1125 2390 rigore
1153 2330 1311 2389 atque
1332 2319 1538 2387 judicio
1567 2321 1872 2388 resistente,
1922 2325 2149 2393 vigilan.

574 2412 714 2465 tibus
738 2426 899 2482 posse
923 2428 1027 2467 non
1051 2416 1366 2481 contingere
1397 2430 1503 2467 non
1527 2430 1801 2484 negamus.
1835 2416 2025 2472 Utrum
2058 2432 2152 2471 au-

573 2511 680 2556 tem
705 2512 760 2557 et
786 2505 1116 2559 dormientes
1144 2506 1243 2559 hac
1277 2505 1646 2573 inquietudine
1674 2522 1861 2562 carere
1882 2510 2151 2575 possimus

571 2594 819 2648 volumus
849 2596 1085 2649 edoceri.
1125 2597 1337 2649 Duabus
1368 2612 1597 2664 namque
1642 2597 1709 2651 de
1756 2600 1936 2651 causis
1979 2602 2149 2668 possi-

570 2686 677 2741 bile
711 2688 810 2740 ltoc
840 2702 960 2741 esse
988 2704 1092 2742 non
1124 2688 1414 2753 credimus,
1448 2704 1579 2758 quas
1603 2690 1731 2744 licet
1756 2690 1958 2759 absque
1988 2708 2145 2749 vere-

570 2779 764 2833 cundia
798 2794 1123 2850 nequeamus
1154 2780 1326 2847 etl'ari,
1369 2791 1543 2837 tamen
1570 2784 1821 2852 quoniam
1852 2785 1952 2839 hoc
1980 2788 2147 2841 medi-

2266 466 2359 532 tui,
2383 465 2430 521 si
2451 482 2553 536 qua
2574 466 2711 520 forte
2738 466 3152 521 inverecundius
3184 466 3382 521 fuerint
3404 466 3703 535 denudata,
3725 484 3837 525 sus-

2264 561 2451 630 cipias.
2502 560 2737 614 Primum
2784 574 2915 630 ergo
2959 569 3041 614 est
3079 560 3220 629 quod
3262 576 3357 628 per
3386 561 3561 615 somni
3606 565 3838 633 quietem

2263 654 2458 709 mentis
2489 655 2673 723 vigore
2703 653 2882 707 laxato
2903 653 3182 707 observari
3211 668 3551 723 nequaquam
3582 655 3729 710 illius
3756 672 3839 710 va-

2264 745 2373 800 leat
2416 745 2801 800 commotionis
2837 744 3101 814 obreptio.
3152 745 3421 813 Secundo,
3482 747 3625 815 quod
3680 750 3838 804 etiam

2264 837 2433 890 urinae
2464 834 2713 891 collectio
2734 850 2855 890 cum
2879 836 3071 891 vesica:
3117 838 3477 907 capacitatem
3515 840 3841 908 quiescenti-

2263 927 2361 982 bus
2390 928 2547 982 nobis
2568 926 2940 984 indesinenter
2967 927 3215 983 conﬂuxu
3242 929 3441 985 interni
3476 929 3721 985 humoris
3744 949 3838 1002 op-

2261 1021 2510 1091 pleverit,
2542 1021 2743 1076 excitet
2790 1021 3027 1075 membra
3060 1024 3468 1087 marcescentia,
3497 1024 3641 1093 quod
3675 1026 3839 1080 etiam

2261 1114 2500 1183 parvulis
2530 1114 2614 1168 vel
2642 1113 2968 1183 spadonibus
2987 1113 3177 1168 eadem
3207 1114 3687 1187 niltilominuslege
3708 1132 3843 1173 con-

2263 1208 2433 1277 tingit.
2463 1206 2613 1262 Unde
2638 1206 2697 1261 tit
2726 1216 2785 1261 ut
2812 1206 2860 1262 si
2882 1224 2987 1262 non
3016 1208 3303 1263 oblectatio
3325 1208 3564 1265 libidinis
3593 1213 3841 1267 vulnerat

2261 1300 2456 1355 mentis
2486 1314 2791 1364 assensum,
2826 1308 2853 1337 ι
2881 1300 3197 1356 confusione
3228 1309 3407 1356 tamen
3430 1317 3548 1357 eam
3592 1302 3839 1364 humiliet

2260 1392 2535 1461 turpitudo
2562 1392 2948 1447 membrorum.

2876 1482 3102 1539 CAPUT
3144 1484 3213 1539 Χ.

2257 1577 2543 1647 Responsio
2570 1578 2706 1643 quod
2736 1594 2827 1647 per
2852 1593 3086 1630 somnum
3110 1578 3347 1632 accidens
3374 1580 3546 1635 carnis
3565 1583 3836 1637 commotio

2753 1665 2855 1701 non
2883 1649 3066 1718 oﬂiciat
3090 1649 3334 1702 castitati.

2184 1757 2231 1817 B
2327 1760 2651 1816 Chaaremon
2680 1778 2691 1812 :
2725 1759 2960 1829 Apparet
2990 1775 3090 1815 vos
3117 1762 3344 1817 necdum
3390 1778 3531 1819 verte
3573 1766 3835 1822 castitatis

2256 1856 2539 1923 agnovisse
2555 1854 2832 1918 virtutem,
2856 1854 3288 1923 quandoquidem
3313 1856 3670 1914 districtionis
3686 1860 3834 1915 auxi-

2255 1947 2329 2001 lio
2353 1962 2470 2001 eam
2499 1962 2527 2000 a
2562 1947 2903 2016 vigilantibus
2949 1957 3156 2002 tantum
3200 1949 3421 2004 creditis
3444 1952 3721 2006 retentari.
3766 1952 3837 2007 Et

2253 2041 2379 2096 inde
2405 2050 2486 2097 est
2511 2042 2653 2111 quod
2694 2041 2893 2112 putatis
2937 2057 2967 2096 a
2995 2042 3411 2112 dormientibus,
3453 2046 3599 2115 quasi
3645 2047 3829 2115 rigore

2254 2135 2418 2189 animi
2450 2135 2711 2203 resoluto,
2730 2136 3088 2204 integritatem
3107 2151 3215 2191 non
3238 2152 3398 2207 posse
3423 2138 3828 2195 servari.Porro

2253 2228 2470 2283 castitas
2497 2244 2625 2293 non,
2652 2237 2707 2282 ut
2732 2228 3088 2293 arbitramini,
3118 2227 3145 2266 δ
3172 2229 3525 2286 districtionis
3554 2231 3821 2301 przesidio,

2254 2320 2350 2375 sed
2378 2333 2562 2375 amore
2594 2321 2674 2375 sui
2705 2330 2759 2374 et
2778 2321 3010 2391 propriae
3041 2322 3285 2390 puritatis
3312 2324 3671 2381 delectatione
3700 2326 3825 2380 sult-

2254 2416 2413 2469 sistit.
2446 2425 2466 2452 ο
2498 2413 2616 2467 Non
2642 2415 2785 2468 enim
2818 2415 3060 2477 castitas,
3106 2416 3199 2469 sed
3230 2418 3557 2470 continentia
3606 2419 3825 2483 dicitur,

2257 2506 2344 2560 ubi
2398 2506 2574 2560 adhuc
2629 2506 2676 2559 ei
2718 2505 2898 2574 aliqua
2947 2505 3153 2560 resistit
3178 2506 3473 2560 adversitas
3503 2508 3821 2575 voluptatis.

2258 2598 2465 2653 Videtis
2490 2614 2617 2667 ergo
2653 2597 2733 2651 Itis
2762 2599 2853 2666 qui
2885 2599 3146 2652 castitatis
3172 2596 3415 2652 allectum
3448 2612 3542 2665 per
3570 2597 3669 2651 Dei
3696 2612 3823 2667 gra-

2260 2690 2386 2744 tiam
2412 2690 2718 2744 medullitus
2736 2689 3435 2760 receperunt,districtionis
3462 2689 3829 2745 cessatimtem

2255 2803 2377 2842 cum
2404 2785 2679 2839 dormiunt
2727 2798 2833 2838 non
2858 2783 3071 2850 obesse,
3099 2799 3217 2853 qua:
3244 2781 3273 2820 ἀ
3300 2783 3463 2838 infida
3505 2783 3667 2839 etiam
3689 2784 3829 2855 vigi—

1648 2900 1897 2954 ALARDI
1938 2903 2166 2961 GAZ/El
2206 2900 2759 2961 COMMENTARIUS.

574 2991 636 3062 ξ.
668 2990 904 3059 Antonii)
938 3009 956 3045 :
990 2991 1209 3045 Necesse
1232 2994 1277 3046 ei
1303 2992 1399 3061 fuit
1425 2992 1705 3061 aliquando
1736 2995 1926 3062 ﬂumen
1951 2997 2153 3051 nomine

2264 2996 2583 3049 Luxuriosus
2628 3003 2672 3048 et
2714 2993 3031 3065 castussibi
3070 3003 3385 3065 repugnant.
3437 2994 3716 3049 Luxuriosi
3757 3003 3832 3049 est

574 3060 769 3135 [:ycum
790 3062 964 3115 subitis
986 3064 1132 3131 aquis
1154 3060 1462 3116 inundatum
1487 3060 2153 3135 transvadere,rogavitque
2179 3069 2224 3129 C
2258 3078 2428 3121 motus
2458 3066 2667 3130 sentire,
2696 3076 2741 3118 et
2780 3064 2995 3117 motibus
3040 3060 3361 3130 consentire;
3392 3068 3519 3120 casti
3548 3082 3639 3120 nec
3670 3077 3832 3120 motus

576 3132 922 3195 Theodorum,
952 3135 1039 3199 qui
1075 3150 1189 3185 cum
1222 3136 1333 3203 ipso
1366 3144 1493 3197 erat,
1521 3143 1572 3186 ut
1604 3136 1873 3204 paululum
1900 3132 1931 3186 ἀ
1958 3153 2049 3189 suo
2070 3132 2155 3191 sc—

575 3214 846 3268 pararetur
871 3213 1101 3269 aspectu,
1122 3220 1183 3257 ne
1210 3206 1494 3257 nuditatem
1526 3207 1755 3272 corporis
1782 3206 1995 3258 invicem
2018 3220 2158 3260 uter-

574 3290 667 3339 que
699 3274 1065 3343 conspicerent.
1101 3275 1321 3328 Recessit
1344 3274 1677 3333 Tlteodorus:
1710 3274 2045 3331 nihilominus
2068 3280 2157 3332 ille

573 3347 796 3413 scipsum
818 3360 934 3395 cum
960 3347 1155 3397 nudare
1184 3347 1354 3410 vellet,
1387 3345 1609 3398 erubuit.
1640 3344 1963 3415 Cogitantcm
1987 3360 2156 3403 autem

574 3418 627 3465 in
662 3414 877 3467 alteram
900 3416 1065 3482 ripam
1097 3417 1253 3470 virtus
1283 3418 1454 3470 divina
1482 3414 1819 3485 transposuit.
1840 3416 1920 3469 Ita
1942 3416 2081 3473 Deus
2109 3429 2157 3473 et

576 3496 715 3538 casto
745 3486 932 3555 pudori
960 3496 1003 3538 et
1034 3488 1293 3553 pudicitiw
1318 3488 1607 3551 consuluit;
1637 3498 1684 3540 et
1706 3504 1857 3551 quam
1886 3489 1983 3541 sibi
2007 3501 2156 3557 grata

574 3566 884 3627 acceptaque
908 3566 1055 3619 esset,
1100 3558 1289 3628 insigni
1328 3559 1578 3612 miraculo
1601 3560 1837 3612 ostendit.
1873 3560 1913 3613 E
1937 3560 2155 3616 diverso

575 3637 753 3680 autem
784 3638 1037 3699 quantum
1068 3629 1169 3699 ipsi
1198 3630 1475 3698 displiceat
1514 3630 1731 3683 nudatio
1760 3631 2149 3699 membrorum,

575 3697 877 3763 praesertim
916 3697 1306 3764 pudendorum,
1334 3709 1389 3754 et
1431 3701 1638 3754 curiosa
1680 3709 1771 3753 aut
1824 3701 2022 3754 lasciva
2069 3697 2151 3757 sui

574 3770 818 3839 corporis
848 3777 939 3839 aut
966 3769 1124 3821 alieni
1156 3769 1607 3838 inspectio.docet
1636 3770 1692 3825 S.
1712 3770 1945 3839 Prosper
1972 3788 2155 3827 exem-

578 3838 665 3905 plo
692 3838 966 3906 cujusdam
992 3840 1183 3907 puellae
1206 3855 1362 3906 quam
1381 3842 1543 3895 refert
1576 3842 1674 3895 hac
1699 3842 1766 3895 de
1796 3838 1955 3895 causa
1988 3842 2153 3897 fuisse

574 3923 602 3960 a
635 3909 885 3962 daemone
932 3924 1234 3976 possessam
1270 3928 1280 3962 :
1316 3911 1580 3977 Qua'dam,
1615 3912 1787 3979 inquit
1817 3911 1954 3977 (Lib.
1981 3914 2044 3966 de
2067 3913 2155 3966 Di-

574 3979 699 4032 ntid.
734 3990 944 4050 tempor.
980 3997 1092 4051 cap.
1128 3980 1206 4049 6),
1223 3980 1503 4051 juvencula
1534 3981 1737 4035 ancilla:
1786 3980 1877 4051 Dei
1923 3982 2153 4038 habitum

572 4060 796 4117 gestans,
829 4067 944 4103 cum
971 4051 1023 4102 in
1044 4050 1234 4104 balneo
1254 4052 1445 4113 larans,
1464 4053 1795 4105 simulacrum
1834 4050 2041 4106 Veneris
2055 4055 2153 4106 im-

573 4123 756 4187 pudice
782 4123 1025 4190 aspiceret
1055 4131 1105 4173 et
1137 4124 1382 4189 seipsam,
1410 4124 1551 4189 eique
1574 4139 1627 4175 se
1668 4123 2021 4187 consimilans,
2051 4124 2151 4177 do-

574 4192 822 4262 micilium
851 4207 903 4243 se
931 4190 1135 4243 diabolo
1164 4194 1396 4260 prwbuit.
1417 4192 1606 4245 Statim
1628 4192 1715 4245 ille
1733 4195 1809 4246 leo
1836 4194 1923 4261 qui
1944 4195 2151 4262 rugiens

573 4260 778 4323 circuit,
811 4276 956 4327 quem
978 4263 1238 4332 qua’rebat
1266 4263 1470 4332 invenit.
1506 4262 1707 4315 Meatus
1738 4260 1895 4331 igitur
1923 4260 2149 4332 gutturis

574 4346 848 4400 occupans,
899 4330 1091 4405 nullum
1132 4332 1297 4405 cibum
1326 4331 1624 4399 nullumque
1652 4330 1828 4405 potum
1858 4330 2146 4403 trajiciens,

573 4415 667 4493 per.
690 4399 1013 4493 septugginta
1034 4400 1192 4493 ferme
1223 4402 1329 4454 dies
1358 4399 1662 4472 totidemque
1686 4399 2147 4493 nocteﬁjeiunium
2174 4434 2228 4493 Β

571 4470 923 4543 sibi_diabolus
945 4486 1007 4523 ea:
1031 4482 1178 4541 capto
1209 4489 1533 4543 possessoque
1577 4470 1691 4527 i'ase
1738 4470 1982 4526 exhibuit.
2018 4474 2143 4529 Haec

572 4538 631 4593 S.
667 4541 918 4614 Prosper,
950 4538 1217 4614 enarrans‘
1236 4543 1428 4598 deinde
1451 4538 1723 4614 quomodo
1751 4545 1937 4597 eadem
1966 4546 2141 4612 puella

569 4627 609 4684 a_
653 4612 899 4665 dmmone
954 4612 1174 4667 liberata
1208 4615 1386 4679 fuerit,
1412 4612 1554 4684 quod
1579 4616 1825 4683 superius
1852 4614 1957 4667 alia
1988 4630 2145 4669 occa-

567 4682 725 4736 sione
752 4685 1049 4737 retulimus.

641 4763 667 4789 ἰ
717 4754 789 4807 De
820 4755 919 4809 hac
950 4753 1320 4809 membrorum
1370 4755 1681 4824 genitalium
1730 4754 2062 4822 turpitudine
2091 4766 2145 4809 et

567 4824 793 4889 pudore,
822 4826 1045 4894 ejusque
1066 4840 1249 4889 causa,
1271 4825 1413 4891 vide,
1446 4828 1489 4880 si
1517 4825 1761 4890 lubet,D.
1784 4827 2143 4893 Augustinum

566 4910 657 4947 xrv
685 4896 751 4951 de
771 4896 997 4950 Civitatc
1028 4895 1275 4965 Dei,cap.
1302 4896 1391 4950 19.

637 4965 664 5003 ι)
697 4968 1071 5028 Districtionis,
1102 4967 1153 5020 id
1179 4976 1281 5030 est,
1303 4965 1649 5020 austeritatis.
1674 4964 1747 5035 Ita
1779 4965 1974 5032 passim
2002 4965 2144 5035 apud

564 5035 902 5093 Cassianum.
930 5038 1035 5093 Sed
1051 5052 1228 5089 amore
1248 5038 1361 5101 sui;
1384 5036 1625 5103 intelligo
1657 5034 1821 5102 ipsius
1852 5034 2140 5103 castitatis,

561 5122 683 5175 qua:
718 5124 811 5177 per
837 5124 895 5162 se
933 5107 1181 5161 amabilis
1228 5117 1331 5177 est,
1360 5106 1513 5173 juxta
1557 5106 1687 5158 illud
1730 5104 2005 5177 Ciceronis
2056 5105 2141 5160 di-

562 5175 763 5235 cttttn’:
805 5178 1001 5241 Virtus,
1045 5178 1088 5230 si
1137 5176 1299 5228 oculis
1346 5176 1486 5227 cerni
1534 5185 1724 5244 posset,
1756 5175 2016 5230 mirabiles
2062 5177 2143 5229 sui

563 5263 765 5301 amores
802 5250 853 5301 in
877 5248 1060 5301 animis
1089 5246 1353 5299 hominum
1382 5246 1622 5298 excitaret
1653 5244 1692 5313 (ι
1728 5245 1923 5313 σθω).

636 5329 655 5355 ε
690 5319 1000 5371 Castitatent
1041 5333 1069 5368 a
1095 5317 1425 5370 continentia
1459 5316 1714 5383 distingui
1745 5316 1925 5368 docuit
1954 5314 2142 5369 itidem

559 5389 851 5440 Cassianus
881 5388 974 5441 lib.
1002 5403 1051 5439 vt
1083 5402 1199 5453 cap.
1227 5385 1261 5438 4
1288 5405 1301 5439 :
1336 5388 1513 5449 Aliud,
1558 5385 1748 5447 inquit,
1785 5397 1854 5441 est
1881 5387 2144 5437 continen-

559 5469 656 5510 tem
688 5458 892 5534 esse,_id
922 5467 1013 5521 est,
1046 5455 1294 5534 ξγκραιςῆς
1314 5457 1715 5534 aliudcastum,
1746 5466 1817 5534 et.
1840 5530 1841 5533 η
1867 5464 1919 5507 ut
1951 5458 2021 5506 ita
2052 5455 2143 5534 di-

555 5544 685 5583 cam.
710 5530 758 5579 in
783 5526 1021 5592 a/fectnm
1047 5526 1349 5596 integritatis
1377 5529 1450 5579 vel
1471 5528 1869 5594 incorruptionts
1902 5526 2139 5590 transire,

554 5598 696 5670 quod
721 5599 913 5670 dicitur
943 5598 1111 5670 ἁγνὸν.
1160 5599 1558 5670 Ctti_con<entit
1592 5600 1651 5649 lt.
1677 5597 1981 5670 Bernardus
2004 5610 2139 5670 quo-

554 5668 678 5737 dam
712 5672 830 5721 loco
864 5669 951 5736 (lu
984 5666 1133 5720 serui.
1163 5672 1224 5721 de
1262 5666 1440 5721 Verbis
1472 5670 1628 5737 Sup.,
1655 5678 1780 5737 tom.
1816 5668 1880 5731 ll)
1910 5668 1977 5720 ita
2008 5667 2141 5720 scri-

554 5732 688 5794 bens
738 5755 750 5791 ;
788 5732 927 5789 Nota
981 5738 1126 5789 aliud
1161 5754 1273 5791 esse
1322 5732 1691 5803 continentem,
1724 5736 1871 5791 aliud
1917 5747 2131 5795 castum.

2260 3142 2468 3202 sentire,
2485 3153 2577 3189 nec
2598 3136 2816 3187 motibus
2843 3136 3150 3189 consentire.
3168 3136 3449 3191 Continens
3474 3136 3618 3191 estin
3640 3138 3831 3199 medio,

2260 3210 2531 3273 utrobique
2570 3222 2769 3259 sumens
2814 3207 3169 3274 participium,
3219 3223 3335 3260 cum
3365 3208 3526 3261 altero
3570 3222 3835 3261 commune

2260 3280 2447 3332 habens
2475 3287 2638 3329 motus
2667 3276 2867 3336 sentire,
2902 3290 3017 3326 cum
3040 3275 3201 3328 altero
3224 3278 3447 3331 motibus
3473 3295 3575 3330 non
3616 3295 3835 3331 consen-

2259 3352 2375 3414 tire,
2410 3356 2513 3401 etc.
2546 3348 2714 3418 Porro
2740 3343 3031 3418 notandum
3055 3360 3123 3397 ex
3150 3345 3213 3399 D.
3247 3348 3451 3418 Thoma
3476 3348 3685 3418 (2-24,.
3707 3346 3833 3414 155,

2256 3428 2357 3471 art.
2396 3419 2416 3469 1
2472 3427 2521 3469 ει
2553 3416 2631 3483 ‘2),
2660 3414 3005 3487 continentiae
3046 3429 3239 3467 nomen
3283 3414 3571 3487 dupliciter
3614 3414 3784 3487 accipi
3820 3438 3834 3472 :

2259 3490 2429 3555 primo
2461 3497 2515 3538 ut
2541 3483 2801 3556 significet
2833 3483 3096 3556 virtutem
3119 3486 3427 3556 quamdam,
3462 3502 3564 3556 qua
3600 3483 3841 3556 quis'ab

2255 3554 2397 3611 omni
2421 3554 2777 3610 delectatione
2797 3566 3028 3605 venerea
3050 3554 3299 3615 abstinet,
3325 3554 3596 3621 quomodo
3618 3554 3841 3624 passim

2254 3630 2480 3680 sumitur
2506 3626 2561 3680 in
2594 3626 2868 3691 Scriptura
2891 3637 3069 3690 sacra,
3101 3634 3152 3677 et
3179 3624 3319 3692 apud
3352 3624 3452 3679 SS.
3483 3625 3693 3689 Patres,
3725 3644 3845 3684 nec

2254 3698 2435 3752 ditTert
2462 3713 2490 3751 a
2518 3699 2764 3750 castitate
2799 3712 2810 3746 :
2844 3694 2986 3747 unde
3016 3705 3069 3749 et
3111 3696 3207 3748 hac
3251 3696 3458 3749 ratione
3508 3705 3616 3748 tres
3647 3700 3841 3754 couti-

2257 3773 2457 3823 nentize
2484 3768 2683 3839 gradus
2712 3782 2742 3839 a
2774 3764 3043 3839 theologis
3066 3766 3486 3839 distinguuntur,
3512 3766 3835 3839 virginalis,

2256 3835 2510 3905 vidualis,
2536 3850 2587 3892 ct
2614 3836 2930 3907 coniugalis,
2960 3845 3017 3889 ut
3043 3850 3201 3904 supra
3228 3835 3380 3906 (Cap.
3414 3836 3470 3906 ’7)
3496 3835 3562 3890 de
3583 3835 3840 3897 castitate

2257 3911 2459 3965 dictum
2487 3922 2599 3975 est;
2634 3907 2892 3971 secundo,
2927 3916 2983 3979 ut
3014 3908 3277 3979 signiticet
3306 3908 3610 3979 ﬁrmitatem
3635 3911 3831 3979 animi,

2256 3997 2359 4050 qua
2410 3983 2528 4049 quis
2577 3980 2779 4034 resistit
2808 3978 2984 4050 pravis
3009 3978 3493 4050 concupiscentiis1
3513 3994 3632 4050 quae
3664 3982 3715 4033 in
3762 3996 3835 4037 eo

2256 4048 2606 4106 vehementes
2630 4060 2753 4103 sunt
2786 4066 2797 4099 :
2831 4048 3017 4119 ethoc
3046 4052 3206 4102 modo
3244 4050 3437 4119 accipit
3467 4048 3832 4119 Philosophus

2256 4122 2639 4175 continentiam
2679 4120 2730 4171 in
2768 4118 3001 4185 septimo
3048 4119 3358 4190 Ethicorutn
3392 4118 3739 4190 (lnterrog.’7
3780 4130 3833 4175 et

2254 4192 2417 4262 seq.),
2442 4203 2664 4258 eamque
2680 4200 2843 4262 vocat
2871 4188 3425 4262 ἔγκράτιιρςνηΕῑΜΙιοο
3454 4188 3639 4262 ἐιίαηί
3675 4193 3829 4246 modo

2254 4261 2503 4327 accipitur
2552 4258 2865 4311 continentia
2902 4258 2988 4308 ’i'n
3035 4258 3395 4313 collationibus
3444 4259 3695 4323 Patrum,
3751 4263 3830 4317 ait

2254 4340 2469 4384 sanctus
2495 4328 2748 4387 Thomas,
2771 4327 2910 4379 haud
2937 4328 3097 4398 dubie
3125 4328 3266 4381 hunc
3300 4330 3474 4384 locum
3507 4333 3825 4398 reslticiens.

2254 4400 2316 4454 D.
2351 4400 2577 4454 Basilius
2603 4400 2655 4452 in
2684 4398 2903 4467 Regulis
2928 4396 3102 4451 fusius
3132 4399 3417 4467 disputatis
3439 4396 3826 4457 continentiam

2252 4472 2410 4540 paulo
2450 4470 2605 4525 latius
2634 4471 2817 4536 sumit,
2852 4479 2905 4521 ut
2936 4477 2991 4522 et
3017 4469 3399 4523 abstinentiam
3424 4482 3477 4525 et
3520 4481 3827 4540 tem-peran-

2251 4543 2407 4604 tiam,
2437 4550 2491 4595 et
2537 4549 2757 4593 caeteras
2806 4540 3028 4593 virtutes
3077 4542 3388 4609 passionum
3436 4542 3826 4597 moderatrices

2247 4614 2670 4681 complectatur:
2692 4610 2792 4677 Qui
2823 4610 3078 4675 omnibus,
3105 4610 3201 4677 ait,
3230 4612 3392 4663 animi
3422 4613 3504 4664 sui
3533 4612 3825 4679 aﬂ'ectioni-

2249 4681 2340 4734 bus
2395 4684 2715 4743 moderatur,
2742 4696 2902 4754 neque
2944 4682 3264 4750 voluptatum
3295 4682 3593 4735 titillatione
3620 4700 3827 4754 penna-

2248 4762 2414 4816 vetur,
2439 4764 2715 4819 contraque
2752 4751 2952 4821 fortiter
2976 4760 3361 4821 constanterque
3379 4751 3630 4806 adversus
3649 4771 3825 4819 quam-

2249 4838 2458 4887 cumque
2498 4837 2710 4893 pravam
2748 4822 3013 4874 libidinem
3055 4824 3315 4875 animatus
3363 4834 3459 4889 est,
3493 4823 3575 4875 hic
3601 4826 3827 4893 perfecte

2246 4895 2510 4947 continens
2540 4902 2629 4946 est.

2320 4962 2345 4999 ά
2377 4964 2499 5017 llzec
2520 4962 2699 5016 omisit
2731 4961 3015 5031 Dionysius
3044 4963 3443 5032 paraphrastes.
3474 4963 3676 5018 Sensus
3700 4980 3825 5019 esse

2248 5033 2463 5088 videtur
2488 5051 2499 5084 :
2522 5032 2763 5087 Cessatio
2791 5033 2908 5085 sive
2931 5034 3248 5102 interruptio
3277 5033 3446 5087 solitae
3468 5035 3824 5089 disrrictionis

2247 5112 2300 5156 et
2328 5104 2655 5157 austeritatis
2682 5102 2885 5155 diurna:
2928 5118 3023 5171 per
3062 5119 3307 5158 somnum
3352 5114 3674 5160 nocturnum
3710 5121 3818 5159 non

2247 5172 2414 5227 ofticit
2445 5172 2874 5241 dormientibus,
2908 5188 3007 5227 nec
3036 5189 3223 5228 eorum
3262 5176 3516 5240 castitati,
3543 5176 3670 5230 dum
3703 5191 3823 5230 car-

2246 5242 2336 5315 nis
2366 5252 2551 5315 motus
2576 5244 2849 5311 patiuntur
2876 5245 2925 5297 in
2951 5245 3176 5307 somnis,
3206 5260 3324 5298 cum
3353 5246 3514 5299 etiam
3537 5246 3823 5315 vigilantes

2249 5312 2554 5379 hujusmodi
2588 5322 2758 5364 motus
2794 5328 2855 5366 ac
2886 5315 3130 5367 stimulos
3162 5315 3433 5382 patiantur
3461 5312 3633 5383 inviti,
3663 5327 3721 5371 ut
3751 5316 3823 5372 de

2247 5387 2429 5440 scit-so
2460 5390 2683 5436 testatur
2724 5384 3012 5450 Apostolus
3056 5383 3097 5436 ll
3137 5386 3380 5438 Corinth.
3419 5402 3508 5441 xtl.
3547 5388 3700 5443 Unde
3738 5388 3821 5442 eis

2248 5453 2406 5526 intuta
2458 5454 2650 5506 dicitur
2699 5453 2987 5526 districtio,
3031 5456 3149 5526 sive
3196 5458 3501 5517 austeritas,
3534 5460 3658 5526 quia
3711 5472 3818 5511 non

2245 5523 2425 5576 Statio
2453 5540 2546 5576 eos
2568 5526 2725 5576 etiam
2758 5524 3034 5591 vigilantes
3058 5524 3124 5576 ab
3151 5527 3296 5577 omni
3324 5523 3618 5583 tentatioite
3640 5530 3821 5583 carnis

2245 5594 2457 5646 liberat.
2491 5595 2581 5646 list
2612 5604 2786 5647 tamen
2822 5609 3068 5661 magnum
3120 5594 3410 5650 discrimen
3464 5601 3599 5653 inter
3645 5600 3814 5653 ltonti'

2245 5666 2723 5737 nemdvigilautem
2759 5676 2834 5737 et,
2869 5663 3226 5737 dormientem
3258 5668 3308 5720 in
3353 5667 3654 5737 hujustnodt
3690 5671 3814 5724 illu-

2246 5733 2487 5793 sionibus
2518 5744 2570 5788 et
2601 5734 2869 5793 illecebris
2898 5735 3099 5793 carnis.
3132 5736 3405 5811 Siquidem
3423 5733 3665 5816 vigilans
3692 5755 3815 5808 cum
