4048 6198
2722 246 2801 263 Ψνν

153 322 270 379 889
1239 320 1577 379 COLLATIO
1614 321 1727 378 ΧΠ.
1759 352 1832 366 -
1860 324 1950 381 DE
1989 324 2074 382 CA
2087 324 2409 383 STITATE.
3354 343 3464 401 890

156 443 413 499 lantibus
441 443 667 499 ratione
692 441 993 497 certissima
1038 440 1439 511 comprobatur.
1489 440 1764 508 Quidquid
1789 452 1844 511 Α
1869 448 2132 514 petierint,
2160 447 2246 513 ﬁet
2274 447 2387 500 illis
2414 461 2446 498 a
2475 443 2638 502 Patre
2655 462 2765 502 meo
2778 446 2868 517 qui
2890 450 2947 499 in
2971 448 3111 502 caelis
3132 459 3208 503 est
3236 452 3454 523 (Matth.

159 537 320 601 enim
344 551 474 591 cum
500 538 694 592 labore
719 534 1112 609 comprimitur,
1146 535 1468 604 temporales
1485 533 1766 590 dimicanti

164 639 404 700 praestat
448 630 718 699 inducias,
775 645 879 684 non
910 639 1088 683 tamen
1116 636 1424 699 perpetuam
1456 627 1762 683 securitatis

169 725 425 793 quietem
478 723 667 778 tribuit
699 730 817 793 post
845 722 1102 778 laborem.
1136 719 1405 790 Quidquid
1435 728 1613 775 autem
1636 735 1764 789 pro-

175 816 352 872 {unda
377 815 541 871 fuerit
576 815 770 870 virtute
799 814 1090 881 devicmm,
1117 815 1318 883 absque
1357 812 1465 867 ulla
1495 812 1769 881 inquietu-

178 910 332 964 dinis
377 909 689 978 suspicione
737 906 1112 975 compositum,
1158 906 1343 977 jugem
1393 907 1540 975 pacis
1572 905 1769 961 victori

182 1000 436 1054 conferet
468 998 797 1053 firmitatem.
832 981 1192 1064 Quamobrem
1240 999 1412 1054 donec
1443 998 1642 1069 pulsari
1670 1013 1771 1053 nos

184 1091 371 1145 carnis
395 1091 755 1145 commotione
784 1090 1067 1154 sentimus,
1122 1090 1433 1145 noverimus
1461 1106 1558 1146 nos
1586 1090 1653 1145 ad
1682 1104 1771 1146 ca-

184 1184 391 1237 stitatis
442 1183 668 1238 necdum
713 1181 1025 1251 pervenisse
1064 1182 1296 1252 fastigia,
1324 1183 1421 1236 sed
1452 1182 1629 1237 adhuc
1674 1180 1775 1237 sub

188 1273 505 1328 inﬁrmitate
544 1272 888 1328 continentiae
937 1272 1263 1327 conStitutos
1294 1271 1499 1341 praeliis
1530 1270 1770 1342 fatigari,

191 1365 246 1419 in
299 1365 492 1435 quibus
540 1379 762 1421 necesse
796 1375 879 1420 est
907 1364 1104 1419 dubios
1131 1380 1347 1435 semper
1378 1379 1502 1419 esse
1529 1376 1773 1421 eventus.

188 1455 342 1523 Quod
372 1465 549 1511 autem
576 1456 954 1511 inevitabilem
984 1471 1107 1512 esse
1131 1456 1554 1511 commotionem
1602 1458 1778 1512 carnis

187 1550 293 1605 hoc
314 1562 558 1606 astruere
579 1550 838 1605 voluistis
862 1550 1086 1613 indicio,
1104 1551 1249 1620 quod
1266 1566 1326 1606 ea
1356 1568 1423 1607 ne
1446 1553 1543 1622 ipsi
1565 1552 1777 1622 quidem

189 1641 427 1696 eunuchi
458 1656 646 1696 carere
675 1641 912 1709 demptis
939 1641 1266 1711 genitalibus
1304 1653 1551 1712 possunt,
1605 1644 1783 1700 scien-

189 1734 320 1787 dum
344 1740 429 1787 est
459 1742 485 1768 α
509 1747 618 1787 non
639 1734 720 1786 eis
745 1733 995 1787 carnales
1025 1740 1187 1788 aestus
1217 1749 1315 1788 nec
1339 1733 1587 1789 aﬁectum
1608 1736 1781 1791 libidi-

1870 538 2048 609 xvm).
2082 538 2342 609 Quisquis
2374 551 2503 608 ergo
2534 548 2557 577 θ
2586 537 2976 595 intellectualis
3006 538 3153 595 illius
3183 541 3375 611 Jacob,
3406 544 3460 599 id

1868 642 1972 700 est,
2018 631 2451 701 supplantatoris
2496 631 2903 689 transcenderit
2953 630 3212 701 gradum,
3242 633 3311 687 ab
3364 634 3458 692 illa

1869 724 2224 779 continentiae
2265 724 2653 781 colluctatione
2699 740 2763 780 ac
2807 724 3245 794 supplantatione
3291 727 3457 782 vitio-

1869 830 2012 885 rum,
2044 815 2424 886 obstupel’acto
2455 815 2677 871 femoris
2720 831 2910 884 nervo,
2938 817 3008 872 ad
3048 817 3269 874 Israelis
3298 818 3462 874 meri-

1873 918 1984 963 tum
2034 919 2293 980 perpetua
2325 908 2505 964 cordis
2556 910 2859 966 directione
2903 912 3254 968 conscendet.
3283 912 3453 981 Quem

1873 1001 2123 1057 ordinem
2151 1003 2315 1058 etiam
2347 1004 2545 1058 beatus
2576 1003 2744 1058 David
2770 1003 2843 1059 ita
2887 1004 3123 1075 Spiritus
3154 1007 3330 1061 sancti
3363 1021 3457 1060 va-

1876 1092 2195 1148 ticinatione
2239 1092 2510 1159 distinxit,
2544 1094 2597 1148 in
2641 1094 2833 1165 primis
2888 1095 3160 1165 inquiens,
3191 1095 3359 1149 Notus
3403 1096 3461 1149 in

1874 1182 2068 1239 Iudaea
2096 1185 2260 1253 Deus,
2296 1185 2348 1240 id
2374 1194 2473 1253 est,
2510 1186 2565 1240 in
2596 1186 2778 1240 anima
2803 1184 3124 1256 quze'adbuc
3144 1187 3243 1242 sub
3266 1200 3465 1256 pecca-

1877 1288 2058 1334 torum
2089 1278 2441 1334 confessione
2473 1279 2762 1345 retinetur,
2792 1278 2978 1334 Judaea
3005 1280 3151 1334 enim
3186 1278 3464 1335 confessio

1880 1370 2273 1440 interpretatur
2307 1388 2322 1425 :
2353 1370 2408 1425 in
2456 1370 2620 1426 Israel
2670 1379 2873 1437 autem,
2904 1370 2958 1425 id
3017 1379 3121 1436 est,
3147 1372 3201 1424 in
3245 1385 3314 1425 eo
3366 1369 3461 1439 qui

1879 1463 2030 1518 videt
2060 1463 2253 1530 Deum,
2285 1463 2398 1518 sive
2430 1462 2511 1534 (ut
2541 1462 2758 1532 quidam
2787 1459 3240 1531 interpretantur)
3270 1460 3464 1516 rectis-

1881 1554 2051 1609 simus
2080 1555 2177 1609 Dei
2203 1565 2310 1619 est,
2342 1570 2452 1609 non
2485 1555 2661 1610 solum
2685 1562 2869 1619 notus,
2891 1553 2989 1608 sed
3017 1552 3177 1607 etiam
3205 1566 3463 1621 magnum

1881 1656 1964 1703 est
2007 1662 2205 1702 nomen
2249 1646 2391 1717 ejus.
2425 1646 2635 1702 Deinde
2680 1647 2747 1701 ad
2792 1645 3106 1701 sublimiora
3133 1658 3233 1699 nos
3265 1658 3463 1714 provo-

1882 1755 2035 1808 cans,
2080 1755 2146 1796 ac
2182 1739 2373 1795 volens
2403 1738 2568 1794 etiam
2617 1740 2796 1795 locum
2838 1740 3016 1809 ipsum
3057 1752 3165 1808 quo
3203 1736 3467 1791 Dominus

193 1826 305 1889 nis,
345 1823 442 1878 sed
468 1825 640 1878 solam
670 1824 855 1879 sativae
882 1826 1246 1894 generationis
1285 1826 1476 1883 deesse
1502 1828 1775 1883 virtutem.
1808 1841 1855 1900 Β
1884 1834 2207 1903 delectatur,
2241 1833 2530 1889 ostendere
2563 1850 2576 1887 :
2605 1831 2672 1887 Et
2700 1837 2869 1904 [actus
2898 1840 2997 1901 est,
3031 1832 3228 1903 inquit,
3255 1831 3309 1884 in
3337 1844 3466 1899 pace

194 1914 352 1970 Unde
382 1915 725 1969 manifestum
751 1922 836 1970 est
864 1930 933 1971 ne
959 1916 1077 1970 illos
1103 1916 1317 1986 quidem
1364 1918 1407 1972 si
1438 1917 1505 1972 ad
1537 1918 1679 1975 hanc
1708 1919 1777 1974 ad

193 2023 355 2077 quam
379 2022 480 2062 nos
512 2008 738 2062 nitimur
758 2008 1083 2073 castitatem,
1114 2010 1336 2081 cupiunt
1366 2014 1674 2080 pervenire,
1711 2014 1780 2069 ab

190 2099 504 2153 humilitate
534 2110 590 2154 et
615 2100 946 2155 contritione
970 2101 1148 2155 cordis
1192 2102 1275 2155 vel
1300 2102 1645 2159 continentiae
1669 2104 1780 2160 dis-

192 2190 450 2245 trictione
471 2190 674 2246 debere
704 2192 891 2257 laxari,
923 2192 1051 2247 licet
1098 2208 1433 2265 nequaquam
1477 2196 1546 2251 sit
1569 2197 1777 2253 discre-

195 2282 436 2336 dendum
464 2282 673 2337 minore
702 2282 769 2336 ab
793 2283 872 2337 eis
893 2284 1264 2340 castimoniam
1289 2301 1446 2355 posse
1478 2288 1665 2345 labore
1711 2303 1776 2345 ac

194 2375 381 2430 studio
407 2375 814 2445 comprehendi.

816 2468 1042 2527 CAPUT
1080 2471 1171 2526 XI.

194 2564 348 2630 Quod
376 2563 605 2617 multum
631 2563 837 2617 intersit
866 2563 998 2617 inter
1015 2565 1295 2619 castitatem
1319 2574 1367 2619 et
1388 2566 1778 2621 continentiam.

262 2656 637 2724 Quamobrem
667 2654 934 2725 perfectio
964 2657 1235 2711 castitatis
1263 2672 1294 2712 a
1324 2657 1615 2713 laboriosis
1654 2673 1785 2714 con-

196 2748 441 2803 tinentiae
472 2747 800 2803 rudimentis
840 2758 1101 2818 perpetua
1147 2749 1539 2820 tranquillitate
1577 2750 1785 2807 discer-

197 2841 364 2896 nitur.
396 2840 522 2894 Hacc
558 2846 647 2895 est
684 2839 828 2894 enim
866 2856 1012 2895 verte
1050 2842 1453 2896 consummatio
1492 2843 1779 2913 castitatis,

196 2948 320 3003 qua:
352 2948 456 2987 non
489 2932 810 3002 impugnans
837 2933 1072 2988 carnalis
1100 2934 1555 3002 concupiscentiae
1580 2944 1781 3003 motus,

196 3023 299 3078 sed
332 3032 446 3078 toto
476 3023 706 3079 horrore
741 3023 1042 3090 detestans,
1065 3024 1248 3095 jugem
1281 3034 1444 3093 atque
1488 3024 1783 3080 inviolabi-

198 3118 308 3171 lem
351 3116 435 3170 sui
479 3116 677 3170 retinet
702 3119 1014 3187 puritatem,
1045 3116 1075 3155 ι’
1108 3131 1207 3171 nec
1244 3126 1423 3185 potest
1460 3118 1609 3172 aliud
1652 3118 1779 3190 quid

1884 1928 2026 1982 locus
2070 1930 2208 1999 ejus,
2241 1925 2293 1981 id
2335 1935 2439 1991 est,
2475 1940 2582 1980 non
2634 1926 2685 1980 in
2737 1924 2993 1981 conﬂictu
3044 1922 3360 1981 certaminis
3410 1928 3468 1977 et

1882 2020 2265 2075 colluctatione
2304 2019 2577 2087 vitiorum,
2628 2017 2724 2072 sed
2766 2018 2819 2071 in
2858 2017 3198 2073 castimoniae
3239 2028 3373 2085 pace
3410 2022 3469 2069 et

1882 2112 1937 2167 in
1968 2111 2149 2167 cordis
2190 2110 2581 2180 tranquillitate
2627 2117 2903 2178 perpetua.
2936 2109 3090 2163 Hunc
3120 2107 3284 2177 igitur
3313 2105 3467 2175 pacis

1883 2204 2061 2259 locum
2115 2203 2477 2259 exstinctione
2525 2202 2821 2255 carnalium
2880 2200 3192 2269 passionum
3248 2196 3294 2253 si
3346 2196 3469 2266 quis

1884 2298 2144 2354 meruerit
2170 2296 2436 2359 obtinere,
2468 2310 2536 2349 ex
2577 2294 2679 2348 hoc
2707 2307 2925 2362 quoque
2952 2292 3243 2361 proﬁciens
3270 2291 3466 2361 gradu,

1884 2403 1947 2443 ac
1972 2386 1998 2425 ἀ
2026 2388 2155 2443 Sion
2194 2386 2475 2457 spiritalis,
2511 2384 2564 2438 id
2602 2392 2707 2449 est,
2739 2383 2955 2453 specula
2988 2383 3081 2437 Dei
3112 2394 3451 2449 consequen-

1886 2489 1969 2535 ter
1993 2478 2238 2543 eﬁ'ectus,
2270 2476 2375 2532 erit
2416 2476 2580 2531 etiam
2610 2475 2872 2530 habitatio
2900 2474 3037 2544 ejus.
3070 2472 3189 2527 Non
3227 2471 3372 2527 enim
3403 2469 3463 2525 in

1883 2566 2133 2623 conﬂictu
2184 2565 2556 2631 continentiae,
2590 2565 2686 2619 sed
2720 2564 2773 2618 in
2797 2564 2909 2633 jugi
2938 2563 3197 2617 virtutum
3243 2559 3465 2631 specula

1887 2659 2145 2713 Dominus
2187 2666 2584 2722 commoratur,
2613 2656 2705 2712 ubi
2742 2655 2854 2725 jam
2887 2670 2997 2710 non
3044 2651 3313 2717 retundit,
3357 2664 3466 2706 non

1884 2751 2219 2818 comprimit,
2265 2748 2361 2804 sed
2408 2748 2465 2803 in
2508 2757 2826 2818 perpetuum
2880 2745 3144 2816 confregit
3196 2742 3469 2815 potentias

1885 2856 2211 2906 arcuum,ex
2242 2840 2439 2910 quibus
2460 2840 2717 2895 videlicet
2744 2838 3033 2894 adversum
3062 2851 3162 2891 nos
3180 2835 3468 2891 libidinum

1885 2932 2158 3002 quondam
2206 2931 2390 3000 jacula
2449 2930 2824 2999 dirigebantur
2863 2929 3051 2998 ignita.
3083 2926 3290 2981 Videtis
3338 2939 3471 2995 ergo

1886 3024 2009 3093 quia
2039 3021 2183 3077 sicut
2210 3036 2317 3077 non
2348 3028 2433 3076 est
2458 3020 2511 3075 in
2537 3018 2924 3074 colluctatione
2950 3018 3326 3082 continentiae,
3361 3015 3460 3070 sed

1888 3118 1941 3172 in
1973 3115 2241 3172 castitatis
2269 3129 2401 3184 pace
2430 3114 2585 3169 locus
2616 3113 2853 3179 Domini,
2886 3113 2960 3167 ita
2991 3111 3153 3167 etiam
3202 3106 3471 3165 habitatio

196 3222 324 3264 esse
369 3222 531 3278 quam
583 3209 865 3264 sanctitas.
898 3210 1012 3264 Hoc
1052 3219 1234 3264 autem
1285 3208 1398 3279 ﬁet,
1430 3210 1648 3281 quando
1668 3211 1782 3281 jam
1809 3211 1856 3274 ο
1889 3209 2009 3278 ejus
2061 3206 2117 3262 in
2164 3207 2382 3279 specula
2422 3206 2493 3261 sit
2548 3216 2604 3262 et
2666 3205 3131 3276 contemplatione
3188 3205 3469 3260 virtutum.

195 3298 458 3354 desinens
480 3312 608 3353 caro
637 3298 902 3353 adversus
930 3298 1180 3368 spiritum
1210 3300 1614 3367 concupiscere,
1642 3300 1787 3356 desi-

196 3390 368 3445 deriis
400 3392 514 3459 ejus
543 3390 835 3461 virtutique
865 3392 1226 3459 consenserit,
1253 3393 1631 3463 cmperintque
1679 3395 1786 3451 sibi

200 3484 437 3538 invicem
490 3498 620 3554 pace
671 3483 983 3538 ﬁrmissima
1047 3484 1334 3552 ftederari,
1391 3494 1445 3541 et
1483 3488 1783 3543 secundum

200 3575 602 3645 psalmographi
652 3575 981 3630 sententiam
1032 3575 1402 3632 habitaverint
1470 3576 1669 3633 fratres
1729 3580 1783 3634 in

202 3683 366 3720 unum
399 3666 569 3738 (Ptol.
609 3668 850 3734 cxxxn),
879 3667 1028 3721 illam
1071 3670 1453 3739 repromissam
1492 3684 1521 3722 a
1552 3669 1780 3725 Domino

202 3758 596 3814 beatitudinem
627 3758 971 3828 possidentes
1002 3759 1068 3814 de
1095 3776 1197 3829 qua
1224 3760 1299 3814 ait
1332 3779 1345 3814 :
1378 3760 1439 3815 Si
1469 3759 1571 3813 duo
1600 3777 1664 3814 ea;
1693 3776 1782 3813 vo-

201 3851 280 3905 bis
309 3851 653 3906 consenserint
684 3866 840 3919 super
868 3860 1082 3918 terram,
1104 3852 1168 3906 de
1181 3852 1322 3905 omni
1340 3866 1783 3919 requamcumque

1890 3303 2046 3361 Unde
2076 3317 2184 3358 non
2208 3303 2483 3359 immerito
2512 3310 2683 3372 portae
2707 3302 2835 3357 Sion
2867 3301 3079 3357 cunctis
3110 3297 3476 3355 tabernaculis

1888 3394 2054 3450 Jacob
2104 3395 2510 3463 praeferuntur:
2547 3393 2734 3466 Diligit
2791 3394 2936 3450 enim
2983 3392 3241 3447 Dominus
3297 3401 3474 3462 portas

1891 3488 2019 3543 Sion
2062 3502 2217 3557 super
2252 3488 2426 3540 omnia
2458 3485 2784 3539 tabernacula
2830 3483 2993 3540 Iacob
3026 3483 3201 3553 (Psal.
3230 3480 3473 3552 nxxxvr).

1888 3577 2043 3646 Quod
2101 3586 2279 3632 autem
2330 3592 2429 3645 per
2469 3577 2570 3628 hoc
2614 3575 2986 3629 inevitabilem
3038 3588 3160 3629 esse
3216 3586 3468 3626 commo-

1889 3671 2093 3722 tionem
2131 3667 2316 3721 carnis
2356 3665 2618 3726 asseritis,
2651 3664 2793 3732 quod
2850 3665 3005 3717 urina
3060 3676 3182 3715 cum
3230 3661 3469 3715 vesicam

1885 3760 1999 3829 jugi
2054 3757 2407 3812 instillatione
2448 3755 2761 3824 repleverit,
2791 3756 2973 3824 quieta
3026 3753 3189 3807 ctiam
3247 3751 3475 3807 suscitet

1892 3849 2157 3912 membra,
2188 3847 2317 3901 licet
2360 3844 2505 3900 veris
2540 3845 2899 3902 sectatoribus
2941 3842 3190 3915 puritatis
3238 3844 3306 3898 ad
3336 3842 3477 3900 obti-

1279 4008 1533 4065 ALARDI
1573 4007 1807 4064 GAZIEI
1843 4003 2407 4063 COMMENTARIUS.

199 4128 273 4181 sit
300 4124 495 4249 integri
532 4130 587 4177 et
614 4121 769 4177 liberi
797 4122 1023 4191 arbitrii,
1056 4132 1113 4180 et
1137 4122 1345 4192 judicii,
1375 4122 1422 4176 si
1449 4122 1774 4186 consentiat,

202 4214 311 4249 non
345 4197 409 4248 ha
453 4204 510 4249 et
533 4207 639 4249 auo
672 4204 992 4249 excusetur:
1022 4194 1297 4249 dormiens
1329 4209 1477 4249 vero.
1511 4209 1633 4247 cum
1666 4208 1773 4247 non

202 4214 311 4250 non
345 4194 510 4249 habet
533 4207 639 4261 quo
672 4204 992 4260 excusetur;
1022 4194 1297 4250 dormiens
1329 4209 1477 4258 vero,
1511 4209 1633 4247 cum
1666 4208 1773 4247 non

203 4267 403 4321 habeat
434 4266 663 4318 liberum
688 4265 911 4319 rationis
938 4282 1116 4332 usum,
1135 4280 1234 4319 nec
1247 4265 1554 4320 consentire
1578 4272 1773 4332 potest,

206 4352 311 4390 nec
340 4335 647 4400 dissentire,
680 4336 901 4402 proinde
943 4352 1044 4391 nec
1076 4338 1209 4390 bene
1255 4351 1414 4405 agere
1471 4349 1569 4389 nec
1617 4334 1775 4388 male.

204 4406 279 4459 Et
306 4407 423 4460 ideo
463 4406 601 4476 quod
627 4407 731 4475 agit
763 4406 1041 4466 dormiens.
1066 4424 1167 4460 non
1197 4407 1483 4477 imputatur
1503 4407 1548 4459 ei
1579 4406 1645 4458 ad
1666 4405 1778 4457 cul—

206 4494 349 4544 pam,
374 4478 507 4530 sicut
539 4492 626 4531 nec
654 4477 783 4529 illud
811 4477 948 4546 quod
972 4479 1080 4547 agit
1113 4478 1340 4546 furiosus
1376 4485 1468 4528 aut
1491 4492 1685 4538 amens,
1707 4477 1783 4547 ait

204 4549 527 4603 S.Thomas
562 4548 618 4618 (ι
646 4565 725 4618 ρ.,
756 4545 905 4615 (1.8,
928 4545 1029 4601 ατί.
1061 4545 1279 4618 εςίω,
1318 4564 1370 4616 q.
1401 4548 1527 4618 715i,
1569 4557 1670 4599 art.

206 4619 345 4673 llinc
366 4620 432 4672 D.
449 4615 681 4686 Prosper
707 4618 801 4672 lib.
822 4633 878 4670 ιιι
900 4618 969 4673 de
986 4618 1106 4672 Vita
1130 4615 1557 4685 Contemplativa
1584 4631 1704 4681 cap.
1721 4615 1783 4670 6:

206 4689 382 4750 Mens,
405 4689 601 4760 inquit,
629 4687 918 4760 absentibus
949 4690 1250 4760 plerumque
1284 4687 1592 4760 imaginibus
1624 4686 1790 4760 delec-

205 4770 376 4821 tatur,
407 4756 590 4830 affecta
606 4759 909 4830 carnaliter,
945 4756 1000 4813 ut
1029 4760 1191 4813 nimia
1210 4756 1435 4813 sordida:
1462 4756 1788 4830 cogitationis

204 4829 499 4901 intentione,
520 4826 712 4901 delusa,
741 4845 839 4882 non
864 4830 1230 4901 sibiiimagines
1263 4826 1543 4901 corporum
1561 4831 1791 4901 videatur

205 4899 522 4965 mnplerari,
548 4900 637 4950 sed
689 4915 924 4965 corpora.
952 4898 1105 4953 Hinc
1141 4910 1214 4954 est
1259 4900 1396 4969 quod
1426 4898 1516 4952 ille
1550 4898 1789 4969 corporis

205 4972 408 5038 ﬁamus,
437 4969 526 5038 qui
564 4969 621 5037 ﬁt
664 4969 714 5022 in
767 4970 1130 5024 dormientibus
1170 4968 1279 5024 sine
1327 4969 1499 5038 culpa,
1531 4968 1791 5021 interdum

206 5041 541 5113 rigilantibus
581 5042 853 5113 contingat
877 5057 937 5094 ea
979 5042 1153 5113 culpa.
1188 5042 1346 5113 Aliud
1386 5041 1525 5113 enim
1548 5049 1619 5113 est
1649 5038 1788 5108 quod

208 5112 261 5161 in
287 5111 569 5164 dormiente
596 5111 676 5179 ﬁt,
706 5109 853 5163 aliud
884 5114 1022 5181 quod
1054 5109 1271 5181 uigilans
1302 5112 1445 5181 facit.
1480 5109 1558 5162 lbi
1580 5121 1793 5161 natura-

208 5181 327 5232 liter
353 5181 875 5253 plenitndorlmmoris
906 5182 1201 5253 expellitur,
1228 5182 1311 5234 hic
1344 5182 1790 5253 turpiteruconcu-

207 5252 801 5323 piscentiagpublicatur.
822 5251 940 5323 ASed
971 5249 1076 5306 luet:
1098 5252 1503 5323 concupiscentia
1532 5249 1639 5323 illis
1667 5250 1796 5323 vigi-

207 5318 437 5376 lantibus
460 5318 598 5374 hunc
630 5322 769 5374 elicit
799 5321 1023 5389 ﬂuxum,
1046 5322 1225 5387 quibus
1257 5318 1345 5391 per
1373 5320 1508 5389 [teda
1536 5318 1795 5390 colloquia

204 5392 480 5445 sordidum
508 5394 840 5463 commorerit
860 5394 1159 5463 appetitum,
1190 5400 1296 5463 etc.

285 5471 312 5499 ⁸
366 5464 439 5516 De
493 5462 848 5527 Spadonibm,
896 5457 1017 5516 sive
1064 5457 1345 5524 eunuchis,
1397 5461 1515 5513 fuse
1574 5457 1794 5514 disserit

210 5534 276 5586 D.
314 5533 546 5586 Basilius
578 5532 673 5586 lib.
704 5533 770 5586 de
806 5533 941 5586 Vera
974 5532 1310 5598 Virginitate,
1347 5531 1436 5583 ubi
1468 5529 1586 5581 illos
1617 5544 1792 5583 cunu-

204 5609 349 5657 clms
377 5605 597 5656 damnat
624 5603 714 5671 qui
740 5603 953 5657 tuendae
986 5601 1249 5656 castitatis
1271 5599 1669 5671 causaseipsos
1697 5614 1795 5671 ex-

206 5683 525 5737 secuerunt,
562 5681 616 5725 ut
645 5669 940 5741 Origenes:
966 5672 1309 5739 ostenditque
1367 5669 1673 5741 liujusmodi
1696 5669 1795 5741 ho-

207 5744 393 5796 mines
420 5752 706 5808 castratos,
725 5739 850 5797 licet
869 5742 937 5796 ad
967 5742 1167 5794 coitum
1200 5742 1481 5802 inhabiles,
1507 5739 1796 5804 majoribus

211 5812 449 5880 luxuriae
482 5813 717 5877 stimulis
746 5813 940 5887 agitari
981 5822 1047 5865 ac
1075 5814 1368 5885 perurgeri,
1402 5821 1561 5879 atque
1593 5810 1642 5862 in
1678 5809 1798 5871 libi-

1883 4119 2062 4175 dinem
2086 4118 2298 4174 caateris
2320 4118 2605 4189 proniores
2627 4132 2768 4173 esse.
2793 4117 2862 4172 Et
2878 4117 2941 4171 D.
2958 4117 3319 4186 Hieronymus
3344 4114 3439 4189 lib.
3458 4132 3476 4170 ι

1886 4192 1938 4244 in
1991 4187 2335 4247 Jovinianum
2367 4207 2380 4246 :
2414 4189 2479 4244 In
2512 4191 2735 4259 longam,
2767 4190 2961 4259 inquit,
2996 4203 3325 4259 securumque
3355 4187 3477 4259 libi-

1884 4263 2061 4317 dinem
2080 4271 2309 4332 exsectus
2326 4262 2507 4332 spado.
2535 4256 2739 4326 Quibus
2761 4256 3025 4315 consonat
3052 4258 3143 4312 illa
3165 4256 3473 4332 Salomonis

1886 4334 2157 4403 sententia
2191 4350 2205 4388 :
2240 4331 2422 4400 Spado
2449 4332 2787 4403 complectens
2812 4331 3079 4403 virginem,
3125 4338 3174 4403 et
3187 4331 3472 4403 suspirans

1887 4402 2071 4474 (Prov.
2094 4404 2244 4473 xxx),
2263 4404 2386 4471 quia
2411 4402 2667 4456 nimirum
2694 4400 3130 4474 nequit‘explere
3163 4400 3475 4464 libidinem,

1809 4515 1864 4574 Β
1888 4472 1943 4528 et
1971 4476 2114 4544 quod
2146 4472 2402 4528 ardenter
2428 4473 2631 4541 appetit
2668 4487 2837 4538 Opere
2862 4472 3157 4540 complere.

1956 4544 1984 4581 b
2023 4546 2197 4581 Fti-nn
2230 4544 2352 4581 nlihi
2379 4543 2496 4581 (Lib
2544 4558 2595 4581 ul
2632 4541 2739 4581 Ine!
2782 4558 2877 4581 nnn
2920 4542 3050 4581 Ιὲίρι
3076 4539 3157 4581 Ilii

2021 4546 2198 4598 Etiam
2230 4544 2353 4597 alibi
2379 4537 2517 4613 (Lib.
2544 4558 2596 4597 v1
2626 4537 2759 4596 Inst.
2782 4558 2897 4613 cap.
2920 4537 3050 4613 ls'et
3076 4539 3164 4606 16)
3194 4537 3473 4613 contendit

1888 4612 2180 4668 Cassianus
2210 4610 2519 4668 castitatem
2546 4613 2613 4667 ab
2641 4610 2902 4681 Aposto'lo
2933 4611 3271 4680 designatam
3299 4610 3474 4664 nomi-

1890 4700 1957 4738 ne
2006 4684 2455 4738 sanctiﬁcationis
2504 4694 2558 4737 et
2602 4680 2996 4739 sanctimoniae.
3043 4680 3339 4736 l'l‘liessal.
3371 4695 3466 4735 tv:

1890 4754 2021 4809 Haec
2044 4764 2116 4808 est
2145 4753 2382 4807 voluntas
2408 4752 2507 4806 Dei
2536 4752 2881 4822 sanctiﬁcatio
2902 4762 3092 4808 vestra.
3120 4752 3185 4806 Et
3208 4752 3272 4806 ad
3303 4751 3469 4807 Hebr.

1890 4840 1965 4880 xu
1997 4844 2010 4879 :
2042 4823 2232 4878 Pacem
2253 4824 2519 4878 sectamini
2548 4840 2666 4877 cum
2694 4825 2931 4879 omnibus
2969 4840 3017 4878 et
3053 4824 3469 4885 sanctimoniam,

1890 4897 2002 4949 sine
2030 4912 2131 4963 qua
2159 4910 2305 4948 nemo
2334 4893 2523 4947 videbit
2549 4893 2734 4947 Deum.

1965 4977 1985 5004 ι
2017 4962 2095 5020 De
2119 4976 2352 5032 utraque
2382 4963 2810 5031 nomenclatura,
2836 4962 3003 5018 Jacob
3034 4973 3089 5018 et
3108 4962 3347 5029 Israelis,
3380 4962 3475 5016 de-

1892 5051 1996 5106 que
2025 5034 2373 5106 intellectuali
2407 5035 2522 5106 sive
2553 5034 2875 5106 intelligibili
2906 5034 3096 5101 Jacob,
3132 5036 3344 5106 egimus
3364 5032 3473 5086 alio

1893 5102 2033 5163 loco.
2068 5105 2202 5161 Vide
2233 5106 2388 5172 plura
2413 5104 2507 5159 lib.
2541 5120 2617 5159 vn
2646 5106 2712 5160 de
2742 5105 3008 5160 lncarnat.
3042 5120 3162 5173 cap.
3196 5102 3251 5157 9.

1963 5175 1992 5214 ἀ
2025 5177 2096 5230 Ita
2128 5186 2180 5231 et
2203 5169 2267 5230 D.
2312 5175 2668 5246 Hieronymus
2708 5169 3216 5246 interpretatur'ep.
3248 5170 3318 5225 29
3355 5186 3367 5221 :
3404 5169 3475 5223 In

1851 5265 1859 5275 ‘
1895 5248 2047 5313 Sion,
2071 5247 2124 5299 id
2154 5256 2246 5313 est,
2280 5246 2334 5299 in
2370 5243 2602 5315 specula,
2628 5249 2680 5300 in
2707 5243 3039 5315 sttblimitate,
3061 5243 3356 5315 dogmatum
3404 5251 3481 5293 at-

1893 5335 1991 5384 que
2014 5312 2279 5385 virtutum,
2304 5317 2355 5369 in
2378 5312 2555 5369 anima
2578 5321 2845 5369 crementis.
2884 5316 2940 5368 Et
2975 5314 3100 5368 alibi
3132 5312 3327 5385 EVSiou,
3367 5327 3479 5377 qut."

1894 5382 2520 5456 interpretatur'specula,
2552 5404 2608 5439 eo
2645 5388 2780 5456 quod
2822 5384 2873 5434 in
2914 5397 3084 5456 tt_tottte
3125 5384 3229 5456 sita
3268 5382 3481 5456 sit,_ar.r

1896 5449 2107 5514 vocatur
2132 5475 2144 5510 :
2176 5449 2375 5527 reliqua
2405 5465 2573 5509 autem
2595 5449 2741 5527 urbis
2770 5469 2890 5527 pars
2919 5449 3211 5527 Jerusalem
3259 5451 3478 5527 dicitur,

1896 5546 2010 5600 qua:
2037 5529 2178 5598 prius
2198 5522 2557 5600 appellabatur
2581 5523 2741 5600 Jebat
2762 5523 3030 5600 et‘Salem.
3048 5524 3134 5600 _De
3156 5524 3298 5600 Sion.
3317 5522 3478 5600 spiri-

1899 5590 1992 5655 tali
2021 5590 2189 5654 multa
2220 5590 2429 5652 erudite
2472 5604 2529 5650 et
2559 5595 2768 5663 prolixe
2814 5595 2996 5648 Petrus-
3047 5592 3370 5663 Berchnrius
3406 5590 3476 5663 in

1899 5685 1998 5725 suo
2033 5668 2223 5723 morali
2253 5661 2606 5729 Dictionario,
2636 5665 2725 5718 ubi
2760 5667 2898 5718 inter
2921 5662 3025 5716 alia
3066 5661 3367 5730 signiﬁcata
3405 5661 3475 5711 in-

1900 5749 2230 5812 terpretatur
2258 5737 2387 5793 Sion
2416 5735 2759 5811 religionem,
2793 5736 2904 5788 sive
2931 5735 3261 5811 religiosum.
