4054 6186
737 304 780 332 0'
819 313 836 323 ν

187 349 298 417 895'

1235 356 1578 415 COLLA'I'IO
1616 353 1734 414 XII.
1764 361 1836 402 -‘-

2412 259 2539 311 ’τις

1860 355 1951 413 DE
1987 355 2400 414 CASTI'I‘ATE‘.
2818 355 2820 358 ’
3361 365 3466 428 391

191 470 304 537 bat,
329 471 398 526 ita
423 469 739 540 refriguisse
761 468 1185 540 persenseritmt
1202 483 1271 524 ne
1298 470 1528 539 simplici
1552 467 1770 538 quidem
1799 471 1852 530 Α
1875 467 2082 522 iiariter
2103 465 2347 522 exerceri
2389 479 2544 521 mens
2569 475 2882 524 sanctorum
2899 471 3139 529 omnium
3170 476 3462 530 momentis

189 577 250 619 se
270 562 526 633 corporis
546 571 702 617 motu
731 563 932 617 Sentiat
947 560 1196 618 incitari?
1222 560 1501 629 Quomodo
1525 575 1636 616 non
1667 561 1771 617 vir-

87 658 91 662 ’
189 663 362 711 tutem
407 653 624 709 Datnini
650 653 1036 709 eauti-emiscat
1074 652 1323 723 quisque,
1353 668 1477 708 cum
1521 653 1770 709 homines

186 747 462 819 quondam
498 746 649 802 diros
679 755 848 817 atque
893 746 1230 802 truculentos
1263 746 1359 815 qui
1382 745 1457 800 ad
1495 751 1767 802 summum

190 838 492 894 iracundiai
526 837 770 894 furorem
816 838 980 894 etiam
1028 836 1400 892 [timidissimis
1428 835 1766 893 subditorum

186 930 538 988 irritabantu'r
561 931 866 1002 obsequiis,
892 930 964 986 ad
1004 935 1207 985 tantam
1255 930 1519 986 transisse
1567 929 1767 986 viderit

184 1022 483 1086 lenitatem,
519 1031 710 1076 utnon
749 1022 924 1076 solum
965 1022 1128 1076 nullis
1169 1023 1280 1090 jam
1323 1023 1766 1078 commoveantur

184 1116 420 1186 injuriis,
450 1113 548 1172 Sed
576 1117 740 1171 etiam
759 1126 890 1171 'cum
933 1115 1096 1172 illatae
1141 1117 1362 1183 fuerint;
1400 1117 1609 1171 summa
1651 1132 1766 1172 ma-

181 1209 534 1279 gnanimitate
561 1208 973 1279 eon’gaudeant?
1013 1209 1144 1277 Quis
1173 1210 1332 1280 plane
1384 1207 1489 1264 nan
1537 1211 1763 1266 miretur

182 1309 346 1370 opera
373 1301 489 1368 Dei,
520 1313 586 1356 ac
617 1307 730 1355 toto
755 1301 1064 1370 proclamet
1109 1300 1306 1356 affectu
1337 1318 1350 1354 :
1387 1302 1523 1368 Quia
1550 1319 1644 1372 ego
1673 1318 1761 1356 co-

180 1395 332 1464 gnovi
363 1394 502 1464 quod
520 1389 739 1465 magnas
767 1401 844 1448 est
873 1393 1124 1448 Dominus
1149 1393 1330 1464 '(Psal.
1357 1395 1603 1464 enim);
1636 1408 1758 1451 cum

177 1486 262 1541 vel
292 1497 372 1550 se,
405 1486 489 1541 vel
517 1487 681 1542 alium
716 1489 1032 1557 quempiam
1063 1503 1136 1544 "ex
1179 1489 1530 1557 rapacissimo
1562 1488 1762 1543 libera-

175 1577 301 1648 lem,
327 1585 394 1636 ex
421 1580 654 1651 prodigo
681 1582 1080 1648 cominentem,
1112 1593 1177 1638 ex
1210 1583 1444 1652 superbo
1473 1583 1757 1650 humilem,

173 1687 240 1729 ex
275 1673 508 1729 delicato
539 1688 602 1729 ac
643 1681 833 1731 tenero
872 1675 1176 1745 squalidum
1219 1675 1599 1746 hlrshtumque
1629 1691 1754 1746 per-

172 1770 435 1836 spexerit,
462 1775 518 1822 et
544 1777 839 1839 egeSIatem
868 1779 1033 1840 atque
1064 1774 1371 1841 angustiam
1404 1773 1754 1840 praesentium

1874 561 2104 632 singulis
2125 563 2384 626 intuetur,
2401 559 2546 616 illam
2565 561 2842 617 ctelestem
2855 562 2882 600 δ
2899 564 3229 622 inlusionem
3258 568 3460 624 laetitiae

1872 624 2154 725 spiritalis;
2183 671 2288 726 qua
2318 624 2566 724 dejectus
2597 655 2807 712 animus
2831 656 3092 727 insperati
3134 661 3314 729 gaudii
3342 663 3456 719 ala-

1869 749 2064 806 critate
2091 749 2398 805 sustollitur
2423 749 2492 804 ad
2537 747 2662 804 illos
2702 749 2917 819 ignotas
2954 752 3134 807 cordis
3161 769 3444 826 excessus,

1870 851 1926 897 et
1955 852 2064 898 tam
2089 841 2383 899 ineii‘abilia
2405 851 2566 914 quam
2603 842 2843 898 inaudita
2886 845 3083 900 solatia
3108 847 3452 919 gaudiorum,
3477 842 3482 863 τ

1871 932 2062 1002 quibus
2089 941 2493 1004 nunnumquam
2520 934 2872 1003 ignavissimo
2901 944 3125 1004 stupore
3153 945 3452 1007 torpentes,

1867 1024 1934 1078 ad
1964 1027 2268 1081 orationem
2301 1026 2782 1091 ferventissimam,
2813 1027 2960 1082 velut
2984 1028 3054 1083 de
3081 1042 3277 1084 somno
3322 1044 3452 1098 pro-

1866 1115 2190 1173 fundissimo
2235 1119 2591 1182 suscitamur;
2626 1119 2749 1182 hoc,
2787 1117 3033 1189 inquam,
3064 1127 3149 1176 est
3197 1121 3449 1190 gaudium

1865 1207 1934 1262 de
1959 1224 2065 1278 quo
2085 1209 2146 1262 Β.
2188 1208 2501 1278 Apostolus,
2536 1210 2686 1275 Quod
2716 1212 2918 1278 oculus,
2940 1212 3136 1282 inquit,
3160 1229 3263 1267 non
3296 1215 3444 1280 vidit,

1865 1315 1954 1352 nec
1979 1301 2120 1354 auris
2147 1301 2364 1368 audivit,
2387 1318 2477 1355 nec
2501 1303 2553 1356 in
2575 1317 2662 1355 cor
2685 1301 2907 1356 hominis
2927 1305 3209 1375 ascendit(l
3226 1303 3344 1359 Cor.
3364 1307 3445 1374 Il),

1863 1390 1982 1459 ejus
1999 1391 2207 1446 scilicet
2230 1393 2320 1462 qui
2349 1393 2577 1448 terrenis
2604 1395 2745 1448 vitiis
2765 1393 3047 1450 hebetatus
3072 1395 3250 1451 adhuc
3277 1397 3441 1453 homo

1861 1493 1946 1538 est
1971 1491 2028 1539 et
2065 1484 2315 1541 humanis
2347 1486 2572 1541 inhaeret
2618 1486 2919 1552 aiiectibus,
2949 1487 3193 1557 nihilque
3222 1487 3291 1542 de
3319 1489 3438 1545 istis

1860 1573 1954 1630 Dei
2008 1577 2319 1632 muneribus
2363 1578 2608 1632 intuetur
2664 1579 2904 1650 Denique
2946 1578 3090 1634 idem
3143 1579 3434 1649 Apostolus

1859 1676 1966 1723 tam
1996 1668 2064 1723 de
2091 1681 2151 1724 se
2176 1683 2336 1738 quam
2365 1669 2432 1725 de
2458 1670 2731 1726 similibus
2761 1671 2991 1741 sihi,qui
3018 1671 3129 1740 jam
3150 1673 3217 1726 de
3249 1672 3441 1726 imma-

1858 1775 1925 1815 na
1947 1763 2362 1817 conversatione
2383 1762 2769 1825 discesserant,
2791 1763 3024 1832 subjecit
3050 1762 3438 1831 dicens,Nobis

169 1863 355 1916 rerum
389 1862 552 1916 etiam
582 1863 889 1919 voluntarie
910 1864 1313 1935 perferentem?
1336 1865 1440 1920 ista
1467 1874 1592 1921 sunt
1623 1880 1750 1935 pro-
1782 1857 1831 1918 B
1855 1862 2024 1907 ααιθπι
2039 1854 2272 1908 "velum
2298 1853 2437 1908 De”
2461 1865 2557 1924 ρετ
2583 1853 2843 1926 Spiritum
2875 1869 3050 1909 suum-

165 1951 314 2010 fecto
352 1956 487 2010 mira
528 1971 693 2028 opera
717 1956 841 2024 Dei,
865 1971 983 2028 qua:
1019 1958 1366 2027 peculiariter
1394 1957 1575 2012 anima
1619 1959 1753 2013 Pro-

165 2047 346 2119 pheta:
388 2049 754 2123 si‘miliumqtie
797 2052 915 2122 ejus
982 2048 1224 2108 mitificae
1280 2053 1752 2122 contemplationis

161 2145 364 2200 intuitu
394 2147 692 2216 stupefacta
721 2147 1021 2218 cognoscit.
1048 2145 1153 2204 Ista
1193 2145 1320 2203 Sunt
1354 2147 1596 2220 prodigia
1627 2147 1749 2220 qua:

159 2231 347 2307 pusuit
396 2238 562 2309 super
611 2237 832 2308 terrain,
863 2239 984 2312 (inte
1024 2237 1165 2296 idem
1202 2239 1470 2312 propheta
1493 2241 1747 2297 conside“:

160 2335 319 2399 rans,
355 2331 423 2385 'a‘d
451 2331 861 2388 admirationem
890 2327 1080 2389 eorum
1125 2331 1346 2390 cunctos
1389 2334 1617 2405 populos
1653 2332 1748 2389 ad-

157 2433 343 2491 vocat,
367 2425 553 2483 dicens
583 2447 596 2482 :
631 2423 807 2484 Venite
831 2441 876 2486 et
903 2417 1067 2485 videte
1098 2429 1255 2502 Opera
1282 2427 1404 2499 Dei,
1439 2448 1552 2502 qute
1576 2423 1747 2503 posuit

156 2517 401 2589 pradigia
447 2521 598 2587 super
633 2530 844 2592 terram,
876 2524 1112 2594 auferens
1156 2523 1288 2579 bella
1326 2525 1483 2596 us‘que
1526 2515 1591 2578 ad
1618 2523 1748 2593 ﬁnes

157 2619 330 2675 tet-rte,
363 2617 539 2666 arcum
577 2625 817 2684 conteret,
859 2625 908 2670 et
954 2611 1238 2690 confringet
1284 2617 1451 2684 arma,
1507 2624 1554 2671 et
1601 2623 1745 2670 scuta

153 2699 416 2756 comburet
457 2705 563 2777 igni
591 2703 762 2777 (Psal.
801 2707 947 2777 xcv).
982 2709 1133 2776 Quod
1166 2707 1311 2763 enim
1363 2707 1534 2779 majus
1566 2705 1746 2778 putest

151 2805 284 2849 esse
309 2785 638 2868 prodigium,
666 2791 826 2870 quam
855 2795 955 2855 's'ub'
996 2807 1277 2856 momento
1303 2799 1628 2856 brevissimo
1673 2811 1748 2856 ex

149 2890 523 2956 rapacissimis
553 2893 856 2960 publicanis
887 2895 1168 2962 apostolos
1200 2895 1339 2960 fieri,
1373 2910 1441 2948 ex
1486 2908 1744 2962 persecu-

148 2981 370 3036 toribus
397 2984 714 3040 truculentis
739 2984 1126 3055 praedicatores
1155 2987 1430 3056 Evangelii
1461 2985 1745 3055 patientis-

142 3073 326 3129 simo‘s
354 3073 532 3142 reddi,
564 3076 640 3130 ita
668 3085 726 3131 ut
753 3091 875 3133 eam
896 3089 1055 3147 quam
1085 3078 1552 3149 persequebantur
1582 3077 1741 3134 fidem

142 3165 317 3223 etiam
389 3167 655 3226 effusione
704 3169 789 3226 sui
849 3171 1130 3242 sanguinis
1179 3172 1586 3244 propagareut?
1635 3170 1741 3226 Ista

2436 1963 2664 2022 CAPUT
2703 1966 2842 2021 XIII.

1856 2053 2007 2120 Quod
2055 2055 2155 2109 soli
2200 2057 2292 2125 qui
2334 2049 2663 2140 eapériuntur
2697 2055 2988 2140 agnoscant
3031 2067 3054 2097 ο
3106 2059 3438 2117 dulcedinem

2505 2137 2781 2184 castitatis.

1919 2220 1977 2276 in
2008 2220 2092 2275 his
2121 2220 2288 2290 igitur
2307 2221 2568 2276 omnibus
2597 2232 2804 2292 quanto
2827 2237 2981 2279 mens
3002 2223 3068 2278 ad
3093 2224 3435 2282 subtiliorem

1848 2332 2144 2402 profecerit
2191 2333 2483 2402 puritatem
2515 2378 2530 2403 ,
2589 2342 2744 2390 tanto
2792 2335 3086 2391 sublimius
3137 2336 3438 2393 intuebitur

1850 2423 2062 2491 Deum,
2111 2432 2170 2480 et
2218 2425 2592 2480 admirationis
2647 2426 2786 2481 intra
2841 2428 3196 2496 semetipsum
3252 2429 3436 2498 potius

1848 2518 2032 2587 capiet
2079 2517 2447 2586 incrementa,
2501 2515 2662 2589 quam
2703 2519 2958 2589 loquendi
2987 2519 3298 2576 facultatem
3341 2528 3438 2575 aut

1847 2605 2156 2665 sermonem
2188 2611 2518 2666 narrationis
2547 2610 2812 2667 inveniet.
2837 2611 2910 2668 Ut
2936 2611 3080 2667 enim
3103 2611 3209 2666 vim
3234 2611 3436 2667 laititite

1846 2700 2004 2771 hujus
2057 2703 2373 2770 ineXpertus
2415 2711 2596 2759 mente
2644 2713 2751 2757 non
2796 2703 2939 2758 valet
2985 2703 3308 2774 percipere,
3359 2704 3433 2759 ita

1846 2794 2120 2863 explicare
2143 2809 2396 2851 sermone
2419 2811 2524 2852 non
2547 2797 2750 2852 valebit
2771 2807 3057 2867 expertus;
3083 2807 3358 2868 tamquam
3385 2799 3431 2854 si

1845 2889 1971 2960 quis
2000 2889 2341 2945 dulcedinem
2385 2891 2560 2944 mellis
2599 2891 2649 2944 ei
2677 2893 2768 2960 qui
2799 2906 3096 2960 numquam
3140 2891 3432 2962 quidquam

1846 2965 2002 3037 dulce
2024 2981 2340 3051 gustaverit,
2367 2982 2859 3062 velitsermonibus
2885 2998 3164 3050 enarrare,
3189 2983 3435 3054 profecto

1846 3090 1950 3131 nec
1992 3076 2082 3131 ille
2127 3077 2340 3145 saporis
2370 3076 2518 3132 illius
2563 3078 2882 3133 suavitatem
2924 3092 3089 3148 quam
3136 3093 3430 3148 numquam

1845 3171 1942 3223 ore
1982 3169 2225 3238 percepit
2270 3169 2490 3224 auribus
2542 3170 2755 3239 capiet.
2786 3183 2892 3226 nec
2945 3170 3039 3225 ille
3090 3170 3431 3229 dulcedinem

142 3269 280 3316 sunt
304 3274 472 3330 opera
504 3261 602 3318 Dei
630 3279 748 3333 quia
777 3277 837 3319 se
867 3263 1112 3334 quotidie
1140 3243 1246 3322 una
1275 3280 1397 3321 cum
1426 3265 1588 3321 Patre
1615 3254 1737 3335 ope-
1765 3243 1810 3308 (ἶ
1840 3276 2000 3340 quam
2039 3257 2226 3332 gustus
2255 3263 2530 3331 voluptate
2560 3255 2813 3348 cognovit
2843 3261 3029 3318 verbis
3056 3257 3262 3333 pulerit
3292 3263 3432 3319 indi-

141 3357 262 3412 rari
306 3354 477 3410 Filius
524 3365 880 3426 protestetur,
909 3357 1097 3414 dicens
1130 3377 1143 3412 :
1176 3356 1339 3413 Pater
1383 3377 1527 3414 meus
1579 3376 1740 3430 usque

142 3447 307 3500 hodie
327 3455 590 3517 aperatur,
616 3458 664 3502 et
693 3466 784 3522 ego
812 3466 995 3520 operor
1025 3447 1206 3523 (Joan.
1231 3450 1307 3523 v).
1344 3453 1420 3507 De
1452 3451 1571 3508 istis
1600 3453 1735 3523 ope-

143 3539 308 3596 ribus
335 3539 431 3596 Dei
468 3541 657 3597 beatus
706 3541 876 3598 David
917 3544 971 3598 in
1012 3544 1206 3612 spiritu
1246 3559 1486 3600 canens:
1517 3543 1736 3600 Benedi-

141 3645 286 3700 ctus,
315 3636 510 3706 inquit,
538 3635 790 3691 Dominus
811 3637 952 3693 Deus
978 3636 1171 3708 Israel,
1199 3640 1286 3710 qui
1313 3641 1439 3707 facit
1478 3641 1738 3695 mirabilia

140 3745 337 3797 magna
371 3729 512 3782 solus
539 3727 660 3801 (Ps.
695 3725 868 3801 Lxxt).
903 3729 980 3786 De
1006 3730 1126 3786 istis
1156 3709 1216 3787 et
1245 3709 1413 3786 Ainos
1447 3731 1732 3801 propheta,

143 3819 255 3886 Qui
279 3823 424 3890 facit,
449 3821 643 3891 inquit,
674 3822 846 3876 omnia
867 3833 918 3877 et
941 3832 966 3859 ⁸
989 3824 1234 3877 convertit
1267 3840 1326 3877 ea
1352 3834 1400 3876 et
1428 3833 1733 3877 transmutat

138 3913 200 3966 in
213 3915 517 3967 matutinam
531 3913 763 3969 umbram
783 3915 960 3969 martis
981 3914 1180 3985 (Amos.
1196 3915 1274 3984 ν).
1303 3913 1431 3969 Ilico
1451 3925 1523 3968 est
1541 3929 1734 3984 nempe

137 4003 431 4060 immutatio
457 4003 682 4062 dextera?
705 4005 914 4062 Επεὶ)ιεὶ
944 4003 967 4080 (
982 4005 1127 4062 Psal.
1164 4006 1382 4079 Lxxvr).
1415 4007 1488 4062 De
1519 4006 1621 4061 hac
1645 4014 1732 4061 sa-

136 4098 303 4153 lutari
331 4087 652 4166 operatione
682 4099 781 4156 Dei
837 4088 956 4156 orat
985 4099 1259 4172 Propheta
1301 4099 1615 4167 Dominum,
1649 4099 1731 4154 di-

135 4205 277 4246 cens
309 4209 321 4243 :
351 4189 636 4261 Conﬁ'rma,
662 4190 823 4260 Deus,
844 4191 944 4247 hoc
979 4193 1119 4264 quod
1149 4201 1387 4264 cperatus
1418 4208 1470 4246 es
1493 4192 1550 4246 in
1580 4190 1726 4244 nobis

135 4283 321 4354 (Psal.
336 4281 523 4354 van).
542 4284 607 4339 Et
632 4289 687 4338 ut
713 4284 1124 4354 praetermittam
1148 4285 1265 4339 illas
1286 4292 1533 4340 secretas
1562 4290 1723 4353 atque

133 4375 488 4434 absconditas
516 4375 952 4449 dispensationes
993 4377 1112 4446 Dei,
1136 4391 1271 4448 quas
1298 4377 1442 4432 intra
1469 4391 1530 4432 se
1557 4391 1722 4446 pecu-

1841 3367 1968 3409 care
2002 3374 2015 3410 :
2043 3355 2138 3409 sed
2173 3356 2387 3426 propria
2422 3364 2628 3411 tantum
2661 3357 2937 3426 agnitione
2964 3359 3244 3415 suavitatis
3277 3359 3432 3416 illec-

1841 3453 1965 3508 tus,
2016 3455 2239 3502 necesse
2285 3457 2368 3502 est
2399 3455 2458 3502 ut
2492 3450 2700 3518 experti
2757 3450 2971 3519 saporis
3029 3450 3425 3520 jucunditatcm

1837 3539 1980 3593 intra
2010 3540 2358 3608 semetipsum
2385 3537 2732 3597 solummddo
2764 3541 2955 3596 tacitus
2981 3542 3303 3598 admiretur.
3347 3542 3427 3598 Ita

1841 3633 2004 3702 igitur
2034 3635 2283 3704 quisquis
2315 3636 2368 3688 in
2401 3633 2548 3689 hunc
2595 3650 2754 3703 queui
2790 3635 3138 3704 praediximus
3170 3635 3430 3692 virtutum

1843 3734 2039 3780 statum
2069 3726 2329 3780 meruerit
2354 3726 2672 3794 pervenire,
2706 3726 2823 3780 haec
2849 3727 3031 3780 omnia
3063 3741 3189 3796 quae
3216 3727 3270 3780 in
3316 3727 3430 3781 suis

1842 3815 2104 3888 peculiari
2126 3799 2298 3888 gratia
2328 3817 2590 3872 DominUs
2617 3821 2877 3887 operatur
2909 3818 3068 3872 tacita
3100 3825 3280 3873 meme
3311 3827 3430 3887 per-

1839 3909 2098 3976 lustrans,
2133 3895 2436 3980 iiorumque
2462 3905 2703 3965 omnium
2726 3910 2958 3966 attonita
2990 3911 3431 3970 consideratione

1837 4004 2167 4072 ﬂammatus,
2207 4006 2331 4061 cum
2360 4005 2553 4060 intimo
2575 4005 2761 4061 cardis
2791 4006 3120 4063 exclamabit
3160 4007 3356 4064 aﬂ'ectu
3411 4025 3426 4062 :

1838 4094 1980 4152 Mira
2006 4096 2166 4167 opera
2195 4099 2305 4166 tua,
2336 4095 2498 4165 Deus,
2530 4097 2578 4152 et
2598 4098 2774 4153 animo
2804 4095 2920 4155 mea
2956 4099 3223 4172 cognoscet
3271 4101 3429 4156 n'iinis

1833 4185 2008 4262 (Psal.
2042 4185 2325 4263 cxxxvin).
2359 4189 2502 4248 Istud
2547 4208 2680 4263 ergo
2716 4203 2801 4250 est
2841 4181 3086 4250 mirabile
3117 4189 3251 4264 Opas
3293 4194 3424 4264 Dei,

1833 4283 2104 4339 hominem
2129 4297 2383 4340 carneum
2405 4327 2420 4352 ,
2467 4285 2716 4341 carnales
2745 4285 2972 4341 aii'ectus
3002 4285 3056 4340 in
3082 4301 3248 4342 carne
3273 4289 3420 4358 posi-

1832 4388 1946 4432 tum
1986 4377 2261 4448 respuisse
2285 4420 2299 4446 ,
2332 4388 2386 4435 et
2431 4377 2486 4434 in
2520 4385 2672 4434 tanta
2703 4392 2886 4434 rerum
2923 4384 3084 4448 atque
3114 4380 3426 4436 incursuum

1222 4541 1477 4596 ALARDl
1519 4523 1752 4595 eam
1789 4517 2337 4597 COMMENTARIUS

213 4667 246 4729 ιν
266 4651 492 4729 Vulgata
517 4657 695 4712 versio
725 4649 1146 4729 :Convertentem
1182 4657 1246 4729 i‘n_
1276 4672 1425 4710 mane
1456 4653 1719 4726 tenebras,

129 4741 179 4787 et
212 4728 349 4782 diem
381 4727 962 4798 innottem‘mutantem
994 4728 1171 4798 (Amos
1200 4727 1291 4798 ν).⁸
1324 4789 1332 4798 ,

205 4800 234 4838 b
271 4799 354 4880 De,
375 4787 587 4880 quae.
639 4793 953 4872 Bernardus
975 4787 1036 4870 in
1051 4787 1248 4880 [verba
1266 4787 1535 4880 Aposttili
1547 4815 1559 4880 ξ
1585 4795 1647 4880 ,Ν
1657 4815 1722 4852 on

1827 4657 2160 4808 {Fifiliexhl‘avg
2168 4699 2309 4808 ἐπειί
2320 4731 2445 4787 tatis
2472 4733 2753 4808 dulcedine
2775 4734 3179 4808 etjnc'unditate
3192 4736 3423 4808 egregie

1833 4799 1891 4875 S_.
1915 4799 2149 4875 Ephrem
2175 4797 2363 4875 Syrus,
2391 4807 2544 4875 quasi
2571 4807 2621 4859 in
2644 4807 2760 4875 ejus
2788 4797 3150 4862 admiratione
3172 4797 3382 4861 deiixiis
3409 4827 3423 4863 :

129 4881 210 4954 est
239 4859 452 4951 regnum
476 4859 572 4924 Dei
611 4884 724 4954 esca
773 4878 817 4922 et
841 4859 1001 4942 putus
1045 4859 1223 4954 (fiam.
1268 4859 1420 4954 uti),~
1430 4867 1681 4954 scribens
1709 4886 1721 4920 ε
1753 4877 1808 4936 1)
1902 4859 2110 4954 castitas
2130 4915 2142 4939 ,
2177 4859 2470 4954 inquitfln
2493 4890 2646 4954 serm:
2675 4859 3240 4954 defoslitate),mater
3268 4859 3427 4954 dites;

130 4937 365 5006 Loquar,
399 4937 492 5006 ait,
523 4939 660 5010 quod
683 4937 921 5011 expertus
945 4937 1103 5011 nouit,
1145 4937 1438 5011 inexpertus
1480 4937 1723 5011 ignorat;

130 5013 391 5067 Animalis
420 5007 553 5064 enim
574 5010 726 5064 homo
746 5007 859 5078 non
891 5007 1106 5078 percipit
1139 5023 1218 5070 ea,
1237 5009 1350 5079 qua:
1371 5007 1724 5078 suntis'pirittls’

131 5083 237 5154 Dei
284 5082 327 5154 (ι
358 5081 478 5136 Cor.
521 5083 603 5154 ιι).
655 5069 926 5151 Numquid
971 5069 1074 5154 no'n
1120 5069 1419 5154 plerumque
1464 5069 1731 5154 orantibus

131 5148 482 5206 nobis'omnia
516 5148 762 5206 uiscerum
796 5148 1158 5203 saccutiuntur
1191 5148 1389 5201 occulta
1432 5151 1500 5202 ad
1531 5159 1722 5202 mento.

131 5224 268 5276 riam
298 5227 476 5293 gaudii
509 5225 650 5277 illius
677 5222 812 5289 quod
840 5229 912 5274 est
932 5217 1336 5293 in_Jerusalent,
1372 5235 1721 5293 qumqsursum

132 5300 233 5358 est,
261 5287 372 5362 quis
422 5303 495 5348 est
547 5287 708 5364 mater
741 5302 918 5346 nostra
949 5289 1099 5364 ,(Gal.
1131 5287 1240 5364 tv);
1266 5297 1328 5364 et
1372 5287 1722 5364 lacrgmarum

130 5359 469 5436 undaLvultus
511 5363 870 5436 meditantium
897 5359 1216 5436 perfundit?
1255 5361 1319 5416 Si
1358 5359 1548 5436 oblitus
1577 5359 1720 5430 [itero

133 5435 232 5497 tui,
262 5433 576 5499 Jerusalem,
610 5433 852 5487 oblivioni
876 5431 1025 5487 detur
1051 5435 1258 5488 dextera
1283 5450 1392 5486 mea
1409 5449 1428 5497 ;
1455 5431 1719 5488 ad‘lttzrea‘t

97 5539 105 5576 ε
130 5503 319 5576 lingua
347 5522 455 5557 mea
485 5505 718 5576 faucibus
748 5505 888 5572 meis,
923 5506 968 5558 si
991 5522 1090 5558 non
1115 5503 1387 5558 meminero
1420 5507 1527 5570 tui;
1554 5506 1720 5576 sinon

475 5556 769 5648 .Ierusalem
794 5579 846 5630 in
875 5556 1130 5647 ,printipio
1162 5556 1522 5648 lwtitieeimete’
1541 5575 1716 5648 (Psal.

130 5644 322 5715 eux).
362 5644 489 5715 Vere
515 5647 569 5700 in
595 5647 848 5714 principio
875 5644 1068 5702 laetitite
1090 5687 1106 5712 ,
1131 5648 1250 5713 quia
1277 5647 1398 5714 finis
1427 5644 1719 5714 illic'repo-

130 5649 322 5715 eux).
364 5649 489 5700 Vere
515 5649 569 5700 in
595 5649 848 5714 principio
875 5649 1068 5702 laetitite
1090 5687 1106 5712 ,
1131 5649 1250 5713 quia
1277 5649 1398 5714 ﬁnis
1427 5649 1534 5700 illic
1569 5663 1716 5714 repo-

81 5649 268 5790 situs
297 5725 385 5769 est.
407 5714 734 5790 Principium
751 5717 927 5790 gaudii
950 5716 1117 5781 illius,
1146 5721 1280 5787 quod
1308 5718 1390 5790 hic
1411 5718 1716 5790 quandoque

66 5817 100 5867 τε
131 5788 382 5867 sentimus
412 5830 426 5853 ,
480 5789 631 5867 stilla
679 5788 782 5867 est,
834 5791 1034 5867 guttula
1073 5798 1190 5867 est,
1231 5788 1575 5867 dem/lumine
1621 5789 1714 5867 illo

78 5857 95 5904 λ’
136 5859 446 5916 descendens
477 5902 493 5932 ,
541 5861 692 5929 cujus
740 5857 958 5929 impetus
1011 5857 1240 5926 lwtiﬁcat
1296 5857 1563 5914 Civitatem
1615 5857 1712 5910 Dei

1833 4943 2029 5014 tionis,
2049 4943 2097 4993 et
2122 4944 2370 5014 angelicae
2391 4943 2512 4999 vitae
2545 4949 2716 5000 ratio!
2746 4947 2792 5002 0
2818 4943 3062 5012 castitas,
3090 4965 3206 5014 quia
3229 4949 3424 4999 mttizdo

1832 5017 1885 5065 es
1907 5013 2080 5089 corde,
2100 5013 2149 5089 et
2171 5014 2314 5066 «falci
2336 5025 2561 5089 gutture,
2579 5017 2842 5089 hilarique
2855 5029 3064 5089 aspectu
3080 5013 3109 5089 l
3125 5019 3169 5071 0
3191 5019 3421 5082 castitas,

1832 5037 1885 5065 ea
1907 5037 2080 5077 curus,
2104 5037 2147 5066 ει
2171 5037 2310 5066 ttutc‘t
2336 5037 2561 5083 gutture,
2588 5037 2842 5089 "narique
2855 5037 2912 5072 as
2953 5037 3064 5071 ecm
3080 5037 3098 5070 .'
3125 5037 3169 5071 U
3191 5037 3421 5082 casnms,

1829 5097 1946 5152 qua:
1974 5083 2204 5137 homines
2230 5084 2428 5154 angelis
2448 5088 2641 5142 similes
2661 5090 2835 5142 reddis
2859 5090 2879 5141 !
2907 5037 3212 5148 genetiuis,
3241 5095 3422 5154 portus

1831 5155 2141 5226 tranquillus
2176 5155 2229 5207 in
2267 5171 2465 5211 summa
2510 5173 2635 5226 pace
2664 5176 2724 5212 ac
2769 5160 3042 5213 securitate
3082 5157 3429 5210 constitutus!

1834 5220 2113 5295 Orcastitas
2133 5266 2148 5294 ,
2180 5241 2294 5295 qua:
2321 5242 2410 5279 cor
2446 5220 2752 5294 possidentis
2776 5240 2824 5282 te
2852 5227 3118 5295 lati/leas,
3151 5234 3198 5277 et
3235 5227 3425 5280 anima:

1828 5293 1900 5347 ad
1934 5295 2154 5371 ctelestia
2194 5293 2314 5371 'a‘las‘
2354 5293 2634 5371 adjungz-‘s!
2664 5299 2708 5352 0
2737 5293 2988 5371 castitas,
3010 5296 3424 5371 quaaAspirituale

1827 5366 2078 5438 gaudium
2106 5369 2278 5432 paris,
2328 5377 2375 5421 et
2403 5366 2670 5422 maerorem
2714 5367 2922 5438 aufers!
3021 5368 3254 5438 castitas,
3309 5381 3425 5434 qum

1827 5437 2096 5507 passiones
2124 5438 2343 5501 minui‘s,
2377 5450 2426 5490 et
2456 5441 2685 5491 animum
2721 5455 2753 5489 a
2785 5436 3260 5507 perturbationibus
3288 5438 3421 5489 libe-

1827 5507 1946 5561 ras!
1970 5507 2013 5560 0
2035 5509 2262 5564 castitas.
2289 5523 2469 5560 currus
2496 5508 2780 5577 spiritualis
2804 5511 3148 5575 possessorem
3189 5516 3333 5559 tuum
3368 5509 3420 5560 in

1824 5577 2042 5631 sublime
2069 5577 2319 5630 evehens!
2342 5577 2387 5629 0
2416 5580 2648 5638 castitas,
2677 5592 2794 5643 qua:
2810 5589 2943 5628 rosea
2972 5578 3140 5630 instar
3167 5578 3220 5630 in
3247 5579 3421 5631 medio

1823 5649 2033 5713 animat,
2079 5657 2125 5700 et
2181 5661 2391 5716 corpore
2440 5647 2749 5715 efﬂorescis,
2782 5653 2830 5698 et
2872 5646 3084 5700 domum
3131 5651 3418 5702 universam

1822 5719 2113 5844 fragrantia
2133 5716 2326 5782 replesl
2349 5716 2474 5770 Haec
2497 5725 2550 5769 et
2566 5717 2668 5770 alia
2693 5725 2915 5772 sanctus
2959 5719 3062 5774 iste
3082 5729 3138 5775 et
3161 5721 3416 5789 antiquus

1867 5802 2003 5844 ater.
2033 5787 2298 5843 castitatis
2324 5786 2616 5844 dulcedine.
2629 5800 2682 5844 ei
2710 5788 3075 5844 oblectatione
3095 5805 3235 5844 bene
3262 5801 3412 5844 extra

1867 5786 2003 5852 ater,
2033 5787 2298 5843 castitatis
2324 5786 2616 5850 dulcedine.
2629 5800 2682 5848 et
2710 5788 3075 5850 nlnectatioue
3095 5805 3235 5863 pene
3262 5786 3412 5848 extra

1819 5873 1880 5914 se
1905 5867 2107 5926 raptus.
3086 5873 3090 5877 ·
