4054 6186
641 272 748 330 895

641 482 749 539 lem
782 482 835 538 in
864 484 1013 539 omni
1038 484 1395 539 accidentium
1429 484 1826 553 permutatione
1863 485 2082 541 durare.
2112 484 2227 554 Qua

640 578 840 632 virtute
868 576 1119 631 fundatus
1148 586 1173 613 ἰ
1198 590 1361 631 senex
1392 576 1634 646 quidam,
1664 592 1786 632 eum
1819 577 1959 648 apud
1987 578 2222 633 Alexan-

640 670 813 725 driam
844 669 1015 724 turbis
1037 668 1335 723 inﬁdelium
1369 669 1750 737 circumfusus,
1776 685 1886 725 non
1910 670 2085 725 solum
2113 684 2228 725 ma-

642 763 885 831 ledictis,
930 778 1114 817 verum
1141 764 1303 817 etiam
1332 764 1669 835 gravissimis
1715 765 2104 834 impellentium
2135 782 2227 821 ur-

640 859 859 920 geretur
888 851 1127 921 injuriis,
1160 853 1316 923 eique
1344 868 1372 907 a
1403 854 1861 910 subsannantibus
1918 856 2220 912 diceretur:

639 943 777 1007 Quid
809 943 1055 998 miraculi
1102 943 1353 1000 Christus
1396 954 1598 1013 vester,
1628 961 1790 1017 quem
1820 949 2026 1015 colitis,
2054 948 2227 1003 fecit?

640 1034 729 1088 ille
757 1034 950 1105 inquit,
978 1035 1050 1092 Ut
1079 1035 1163 1091 bis
1191 1052 1256 1092 ac
1302 1038 1620 1107 majoribus,
1664 1041 1709 1094 si
1759 1040 2083 1107 intuleritis,
2118 1055 2225 1097 non

640 1143 861 1184 movear
891 1144 991 1185 nec
1018 1129 1261 1185 oﬂ'endar
1283 1130 1514 1201 injuriis.

1227 1243 1453 1301 CAPUT
1495 1243 1630 1301 XIV.

641 1333 986 1407 Interrogatio
1008 1337 1071 1410 de
1100 1337 1433 1410 observantia
1454 1337 1563 1410 [ΑΙ.
1598 1338 1945 1410 continentia]
1978 1340 2225 1410 qualitate

744 1417 793 1460 et
823 1408 1064 1476 temporis
1090 1408 1239 1462 modo
1267 1410 1323 1462 in
1350 1408 1473 1478 quoi
1488 1410 1696 1463 castitas
1724 1411 1901 1479 perﬁci
1931 1408 2112 1482 possit.

710 1498 1012 1554 Germanus
1046 1518 1059 1554 :
1087 1500 1351 1568 Quoniam
1380 1516 1479 1556 nos
1504 1502 1793 1557 admiratio
1836 1517 1939 1557 nou
1973 1503 2222 1560 humana:

639 1590 832 1661 hujus,
892 1607 1067 1663 neque
1117 1601 1382 1660 terrena,
1438 1594 1530 1650 sed
1586 1596 1743 1665 plane
1787 1596 2026 1652 caelestis
2060 1607 2222 1668 atque

636 1686 890 1757 angelicae
924 1687 1222 1754 castitatis,
1272 1688 1344 1742 ita
1375 1688 1554 1743 subito
1582 1698 1803 1759 stupore
1831 1689 2075 1746 confudit
2101 1732 2115 1756 ,
2162 1700 2222 1747 ut

1699 272 1978 331 JOANNIS
2016 273 2331 332 CASSIANI
2364 276 2854 337 COLLATIONES.

645 390 908 447 varietate
937 407 1102 448 unum
1126 402 1311 449 tenere
1340 392 1749 459 animistatum,
1782 402 1946 463 atque
1973 393 2225 450 immobi-
2250 398 2303 455 Λ

2936 396 3163 456 CAPUT
3200 399 3315 456 XV.

2332 488 2637 558 Responsio,
2678 491 2818 545 intra
2846 490 2981 559 quod
3009 499 3203 563 tempus
3240 499 3450 547 castitas
3501 495 3669 565 possit
3694 500 3907 565 acquiri.

2400 580 2718 637 Chaeremon
2749 598 2762 635 :
2800 580 3168 638 Temerarium
3200 584 3333 639 satis
3361 592 3446 640 est
3470 599 3637 656 super
3667 600 3910 647 consum-

2330 676 2566 731 matione
2592 676 2753 746 hujus
2773 676 2842 732 de
2870 692 2976 746 qua
3019 677 3289 747 loquimur
3312 679 3580 735 castitatis
3602 722 3618 747 ,
3669 681 3727 737 in
3767 692 3908 741 tanta

2330 767 2632 835 praesertim
2674 768 2754 822 vel
2803 767 3137 838 voluptatum
3187 768 3502 825 diversitate
3542 772 3630 827 vel
3680 772 3909 842 virium,

2329 866 2528 913 certam
2554 859 2815 928 temporis
2844 859 3072 915 definire
3102 874 3408 916 mensuram
3428 902 3442 928 ,
3473 878 3595 934 qua:
3615 879 3727 922 non
3763 867 3911 926 facile

2327 949 2486 1005 etiam
2536 950 2590 1005 in
2638 950 2754 1006 istis
2801 952 3169 1007 materialibus
3224 953 3429 1008 artibus
3481 970 3545 1011 ac
3592 956 3935 1017 visibilibus'

2328 1040 2629 1111 disciplinis
2668 1040 2904 1097 discerni
2935 1049 3117 1113 potest
3149 1060 3161 1095 :
3211 1043 3510 1100 secundum
3549 1039 3943 1134 intentionem}

2329 1147 2560 1203 namque
2582 1134 2745 1188 animi
2771 1142 2933 1205 atque
2962 1134 3162 1205 ingenii
3190 1134 3510 1205 qualitatem
3529 1178 3543 1202 ,
3574 1152 3807 1198 necesse
3834 1154 3912 1200 est

2227 1238 2233 1245 '
2328 1237 2421 1279 eas
2446 1224 2518 1279 ab
2566 1239 2888 1295 unoquoque
2937 1226 3023 1281 vel
3050 1226 3283 1282 celerius
3323 1228 3410 1282 vel
3461 1228 3668 1286 tardius
3718 1248 3911 1305 appre-

2328 1314 2519 1382 hendi;
2578 1318 2843 1372 rationem
2874 1325 3054 1373 tamen
3086 1317 3450 1374 observantiae
3475 1360 3491 1385 ,
3537 1330 3594 1377 et
3649 1330 3911 1396 temporis

2326 1409 2568 1476 modum,
2628 1410 2765 1464 intra
2810 1425 2967 1481 quem
3016 1409 3138 1480 ejus
3174 1411 3504 1481 possibilitas
3546 1429 3909 1491 agnoscatur,

2325 1502 2767 1557 constantissime
2813 1516 3097 1572 possumus
3145 1501 3399 1559 delinire.
3442 1505 3700 1578 Quisquis
3746 1510 3913 1581 igitur

2325 1603 2598 1651 extractus
2640 1610 2671 1650 a
2726 1597 2932 1651 cunctis
2990 1595 3522 1654 confabulationibus
3570 1601 3800 1669 otiosis,
3856 1614 3912 1660 et

2325 1687 2684 1743 mortificatus
2722 1687 2792 1743 ab
2821 1688 2970 1743 omni
3013 1689 3093 1743 ira
3122 1703 3185 1743 ac
3214 1689 3584 1749 sollicitudine
3607 1738 3623 1763 ,
3674 1708 3913 1767 curaque

640 1787 905 1833 terrorem
934 1778 1101 1849 magis
1147 1778 1543 1848 desperationis
1594 1779 1900 1848 incuteret,
1952 1797 2111 1851 quam
2150 1782 2218 1838 ad
2246 1780 2294 1841 B
2323 1780 2613 1845 mundana,
2647 1779 2859 1835 duobus
2887 1787 3092 1834 tantum
3122 1777 3151 1817 δ
3180 1782 3495 1848 paximaciis
3519 1782 3624 1855 [Αι.
3652 1800 3909 1854 paxama-

637 1868 993 1936 expetendam
1024 1883 1083 1924 se
1134 1877 1350 1924 nostros
1379 1870 1591 1925 animos
1624 1879 1971 1939 provocaret,
2001 1886 2220 1941 quaesu-

632 1974 755 2015 mus
777 1969 836 2015 ut
868 1976 965 2016 nos
994 1960 1062 2017 de
1106 1963 1469 2019 observantia:
1518 1964 1811 2033 qualitate,
1860 1979 1923 2020 ac
1960 1966 2221 2036 temporis

633 2050 797 2107 modo
826 2068 931 2123 quo
958 2056 1165 2125 acquiri
1219 2057 1306 2111 vel
1361 2055 1547 2126 perfici
1573 2057 1789 2123 valeat,
1831 2058 2075 2113 doctrina
2100 2059 2218 2128 ple-

632 2146 868 2202 nissima:
891 2146 1273 2218 disputationis
1299 2150 1568 2215 instituas,
1598 2159 1866 2219 quatenus
1886 2160 1939 2204 et
1964 2166 2218 2206 consum-

631 2239 765 2292 mari
793 2254 910 2294 eam
961 2256 1121 2309 posse
1144 2242 1461 2310 credamus,
1499 2251 1553 2299 et
1578 2243 1647 2298 ad
1674 2244 2030 2312 expetendam
2060 2244 2213 2300 dein-

628 2346 756 2402 ceps
782 2334 957 2404 spatio
1001 2336 1276 2391 constituti
1327 2338 1586 2404 temporis
1627 2338 1949 2391 animamur.
1997 2338 2206 2394 lncom-

628 2426 1045 2493 prehensibilem
1099 2443 1329 2498 namque
1383 2444 1501 2483 eam
1557 2429 1611 2483 in
1655 2444 1818 2485 carne
1874 2429 1975 2485 hac
2027 2432 2213 2499 positis

624 2520 1022 2587 quodammodo
1044 2520 1376 2590 iudicamus,
1419 2524 1524 2577 nisi
1550 2522 1707 2577 nobis
1734 2523 1869 2579 ordo
1890 2524 2109 2593 quidam
2149 2540 2213 2580 ac

628 2612 709 2665 via
766 2628 869 2682 qua
921 2614 988 2668 ad
1043 2613 1189 2668 illam
1242 2616 1420 2671 valeat
1475 2616 1748 2685 perveniri
1797 2625 1945 2673 certa
2004 2618 2214 2674 ratione

624 2702 907 2770 pandatur.

2322 1870 2440 1944 ciis]
2468 1871 2630 1928 fuerit
2669 1872 2978 1939 quotidiana
3005 1871 3305 1929 refectione
3343 1883 3647 1941 contentus,
3677 1888 3734 1935 et
3752 1894 3907 1948 aqua

2322 1964 2571 2019 satietate
2620 1964 2899 2018 subtracta
2926 2004 2942 2030 ,
2990 1964 3227 2033 quietem
3281 1966 3461 2021 somni
3488 1968 3642 2022 trium
3672 1970 3792 2025 sive
3824 1972 3910 2041 (ut

2320 2055 2408 2110 alii
2437 2055 2765 2127 statuerunt)
2793 2064 3024 2123 quatuor
3062 2055 3320 2110 horarum
3352 2059 3530 2127 spatio
3575 2060 3907 2129 terminarit,

2319 2163 2419 2205 nec
2471 2156 2648 2202 tamen
2690 2147 2935 2202 laborum
2966 2156 3059 2201 aut
3087 2148 3440 2205 continentiae
3468 2150 3625 2221 hujus
3670 2152 3907 2218 merito,

2320 2240 2414 2296 sed
2452 2239 2803 2294 miseratione
2830 2239 3045 2294 Domini
3090 2254 3211 2295 eam
3243 2256 3303 2296 se
3336 2242 3633 2299 crediderit
3678 2244 3906 2315 adeptu-

2316 2347 2435 2387 rum
2478 2330 2624 2402 (quia
2666 2330 2783 2385 sine
2811 2330 2910 2385 hac
2940 2330 3047 2385 ﬁde
3090 2345 3225 2385 vana
3255 2340 3339 2387 est
3363 2334 3541 2389 omnis
3568 2334 3789 2391 humani
3819 2341 3902 2391 la-

2313 2424 2463 2481 boris
2500 2422 2776 2493 intentio),
2828 2437 2932 2478 non
2974 2423 3203 2493 amplius
3228 2437 3384 2492 quam
3418 2434 3441 2462 ο
3469 2439 3567 2480 sex
3618 2431 3903 2483 menStbus

2316 2518 2706 2590 perfectionem
2755 2516 2913 2572 istius
2943 2517 3460 2588 non~impossibilem
3491 2518 3596 2573 sibi
3640 2532 3767 2574 esse
3794 2536 3907 2575 co-

2315 2621 2557 2684 gnoscet.
2612 2610 2849 2668 Evidens
2878 2622 3053 2666 tamen
3089 2620 3169 2667 est
3194 2609 3300 2680 jam
3336 2610 3597 2680 proxima:
3638 2611 3904 2680 puritatis

2318 2709 2573 2765 indicium
2592 2748 2607 2773 ,
2641 2706 2887 2778 incipere
2916 2721 3034 2762 eam
3065 2706 3134 2762 de
3165 2706 3366 2777 proprii
3390 2705 3597 2761 laboris
3624 2705 3899 2762 industria

1685 2868 1943 2926 ALARDI
1980 2870 2217 2927 GAZAZI
2253 2868 2824 2927 COMMENTARIUS.

702 3004 868 3074 lQuis
900 3007 1061 3063 fuerit
1105 3022 1271 3063 senex
1305 3008 1429 3074 iste,
1464 3007 1702 3062 nondum
1732 3014 2070 3075 compertum
2103 3008 2199 3061 ha-

624 3078 743 3149 heo.
785 3078 992 3133 Similia
1032 3088 1210 3134 autem
1260 3079 1713 3149 apophthegmata
1746 3078 1812 3132 de
1842 3078 2095 3146 patientia
2143 3079 2200 3133 in

620 3148 864 3202 adversis
896 3150 1205 3215 retinenda,
1239 3150 1401 3205 etiam
1451 3150 1591 3218 apud
1618 3149 1862 3203 ethnicos
1907 3150 2201 3215 scriptores

621 3218 869 3291 leguntur
892 3218 1088 3287 (Laert.
1113 3221 1202 3276 lib.
1219 3237 1291 3289 vl,
1311 3220 1513 3274 xElian.
1540 3220 1627 3273 lib.
1658 3236 1709 3274 Ix
1735 3221 1799 3272 de
1824 3218 1985 3273 Varia
2010 3220 2197 3291 Hist.);

622 3290 860 3361 Dionysii
888 3294 1125 3361 tyranni,
1155 3293 1268 3361 qui,
1298 3308 1463 3356 regno
1491 3292 1698 3361 pulsus,
1725 3300 1941 3359 rogatus
1968 3293 2095 3358 quid
2124 3293 2197 3346 illi

618 3360 770 3415 Plato
790 3372 843 3415 et
873 3360 1226 3431 philosophia:
1247 3364 1478 3417 studium
1498 3360 1803 3430 profuisset
1838 3380 1848 3414 :
1886 3361 1953 3416 Ut
1982 3372 2193 3429 tantam,

617 3432 813 3501 inquit,
842 3433 1062 3500 fortuna
1091 3436 1427 3488 mutationem
1465 3449 1607 3503 aquo
1637 3433 1809 3485 animo
1841 3434 2023 3500 feram.
2074 3433 2199 3487 Dio--

618 3504 805 3569 genis,
840 3505 927 3573 qui
960 3509 1302 3573 percontanti
1330 3505 1539 3559 cuidam
1574 3504 1697 3572 quid
1734 3505 1862 3556 lucri
1892 3514 2105 3570 caperet
2126 3519 2192 3557 ex

618 3575 958 3643 philosophia
989 3592 1004 3631 :
1042 3574 1111 3630 Ut
1138 3575 1292 3641 nihil,
1327 3576 1521 3644 inquit,
1546 3576 1713 3640 aliud,
1748 3584 1882 3628 certe
1900 3573 2017 3637 hoc,
2058 3573 2195 3643 quod

615 3646 683 3699 ad
699 3663 895 3700 omnem
914 3647 1175 3715 fortunam
1200 3658 1411 3715 paratus
1427 3662 1561 3701 sum.
1583 3646 1820 3713 Denique
1835 3644 2197 3715 adolescentis

618 3714 922 3787 cujusdam,
943 3718 1009 3771 de
1036 3734 1141 3787 quo
1163 3714 1409 3773 Elianus
1430 3719 1511 3771 his
1530 3717 1748 3769 verbis:
1773 3714 2197 3769 Adolescenlulus

615 3787 825 3852 quidam
850 3786 1113 3842 Eretricus
1142 3788 1369 3842 Zenonis
1409 3788 1636 3841 scholam
1661 3827 1675 3851 ,
1727 3788 2013 3839 litterarum
2041 3802 2198 3839 causa

618 3857 770 3924 longo
798 3868 1021 3930 tempore
1049 3864 1473 3930 frequentaverat.
1500 3859 1776 3930 Reversum
1807 3869 1950 3925 pater
1975 3861 2197 3910 interro-

616 3930 752 3998 gavit
777 3929 1026 3998 quidnam
1054 3929 1323 3997 sapientia
1352 3929 1634 3982 didicisset.
1672 3929 1771 3993 Qui
1794 3944 1908 3980 cum
1930 3945 1985 3980 se
2015 3937 2200 3981 osten-

615 4015 793 4053 surum
823 4000 1068 4072 dixisset,
1111 4002 1407 4072 indignatus
1435 4009 1597 4068 pater,
1632 3999 1839 4072 verbera
1864 3999 1963 4068 ipsi
1984 4000 2193 4072 inﬂixit.

617 4072 681 4142 At
704 4072 793 4124 ille
812 4071 1035 4125 modeste
1052 4069 1401 4142 patienterque
1421 4075 1585 4141 ferens
1614 4087 1630 4125 :
1654 4069 1771 4123 Hoc
1793 4070 1983 4142 ipsum,
2009 4069 2192 4142 inquit,

616 4140 795 4206 didici,
820 4150 871 4192 ut
893 4142 1025 4194 iram
1053 4138 1218 4211 patris
1238 4138 1499 4196 moderate
1522 4142 1702 4211 feram.
1740 4142 1861 4194 Haec
1894 4140 1987 4191 illi.
2025 4138 2195 4211 Porro

618 4211 831 4281 sirapud
871 4211 1119 4281 ethnicos
1168 4222 1370 4266 tantum
1402 4210 1573 4281 potuit
1614 4227 1746 4264 vana
1788 4211 1875 4265 illa
1904 4217 1974 4281 et
2018 4210 2193 4281 fucata

618 4280 993 4349 philosophia;
1026 4291 1279 4360 quantum
1307 4279 1446 4360 apud
1468 4282 1815 4360 Christianos
1834 4280 2014 4360 valere
2033 4279 2195 4360 debet

618 4348 741 4404 vera
774 4362 828 4405 et
857 4348 1163 4422 evangelica
1193 4348 1392 4407 Christi
1421 4353 1681 4420 sapientia
1706 4394 1719 4411 .
1766 4350 2001 4422 dicentis
2030 4366 2042 4402 :
2093 4348 2196 4422 Be-

618 4423 832 4477 nedicite
858 4419 1266 4493 persequentibus
1297 4433 1345 4479 et
1377 4419 1802 4479 calumniantibus
1830 4436 1958 4493 vos;
1986 4419 2192 4493 benedi-

616 4495 734 4558 cite,
780 4502 826 4547 et
856 4490 1021 4548 nolite
1043 4494 1346 4550 maledicere
1388 4495 1568 4562 (Matt.
1604 4494 1679 4562 v),
1714 4502 1819 4547 etc.
1869 4491 1929 4562 Si
1975 4492 2099 4562 tanti
2121 4490 2193 4543 vi-

620 4574 756 4619 trum
777 4606 791 4629 ,
821 4567 894 4618 ait
924 4565 984 4618 Β.
1016 4566 1376 4637 Hieronymus
1398 4561 1600 4637 (Epist.
1636 4561 1721 4637 _'10
1750 4563 1819 4615 ad
1860 4561 2190 4631 Paulinum),

615 4638 796 4707 quanti
827 4635 1248 4705 pretiosissimum
1276 4635 1607 4707 margaritum
1625 4635 1647 4688 !

2226 3324 2270 3386 C

2385 3018 2407 3046 ο
2432 3007 2725 3078 Dionysius
2770 3005 2947 3073 :infra
2968 3021 3306 3078 se:r_menses.
3336 3007 3509 3064 Locus
3533 3008 3654 3075 iste,
3690 3009 3776 3065 ubi
3802 3026 3885 3067 se-

2310 3090 2512 3133 mestre
2552 3076 2784 3146 spatium
2834 3076 3208 3145 praescribitur
3237 3080 3466 3134 castitati
3507 3080 3885 3149 acquirendae,

2308 3151 2523 3204 videtur
2543 3163 2700 3217 egere
2723 3162 2953 3217 censura
2977 3162 3095 3216 quae
3114 3158 3292 3203 exstat
3307 3149 3358 3203 in
3380 3149 3497 3205 Vita
3518 3152 3575 3204 P.
3601 3152 3888 3209 Baltasaris

2310 3221 2532 3291 Alvarez
2555 3216 2982 3291 societatisilesu
3020 3217 3269 3291 religiosi
3318 3237 3491 3290 nuper
3513 3221 3686 3287 edita,
3718 3238 3889 3291 eaque

2310 3289 2392 3342 his
2421 3288 2614 3362 verbis
2637 3286 2789 3362 (cap.
2816 3287 2907 3357 42)
2942 3303 2956 3341 :
3008 3285 3150 3362 Non:
3175 3299 3376 3362 oportet
3396 3285 3738 3362 'prascribere
3782 3285 3889 3349 Deo

2302 3370 2499 3428 tempus
2522 3358 2872 3428 visitationum
2893 3366 2938 3409 et
2968 3358 3440 3428 misericordiarum
3462 3380 3694 3417 suarum.
3722 3364 3893 3428 Quare

2300 3425 2535 3497 suspecta
2548 3442 2626 3506 res
2652 3442 2759 3480 esse
2778 3425 2944 3506 debet,
2965 3426 3138 3506 siquis
3167 3430 3459 3506 generalem
3481 3434 3715 3499 aliquam
3738 3425 3894 3506 regu-

2299 3495 2400 3553 lani
2426 3497 2729 3558 constituat,
2755 3496 2893 3563 quod
2917 3495 3107 3547 scilicet
3131 3498 3216 3563 qui
3245 3498 3396 3549 talem
3425 3516 3516 3551 aut
3543 3495 3698 3555 talem
3727 3495 3891 3560 adhi—

2299 3569 2460 3623 buerit
2476 3567 2790 3637 diligentiam
2805 3581 2893 3636 per
2916 3574 3163 3618 totannos
3190 3576 3276 3618 aut
3303 3583 3517 3635 menses,
3533 3573 3690 3624 talem
3709 3592 3745 3626 a
3776 3576 3898 3632 Deo

2300 3643 2522 3711 favorem
2541 3649 2630 3711 aut
2657 3637 2855 3691 virtutis
2869 3638 3083 3711 g_radum
3106 3637 3171 3690 sit
3199 3648 3578 3711 consecuturus.
3612 3639 3678 3694 In
3696 3659 3810 3706 qua
3850 3666 3903 3703 re

2299 3706 2363 3765 ab
2376 3710 2631 3779 aliquibus
2658 3718 2862 3781 notatur
2875 3706 3178 3781 Cassianus,
3205 3707 3342 3781 quod
3366 3711 3739 3781 prascripserit
3761 3727 3899 3771 tem-

2302 3800 2397 3855 pus
2418 3781 2713 3855 aliquodad
2736 3778 2979 3855 castitatis
3007 3778 3712 3855 perfectionemobtinendam
3727 3787 3775 3838 ei
3796 3791 3899 3855 qui

2303 3848 2563 3907 adhiberet
2590 3851 2884 3922 diligentias
2921 3848 3128 3922 abiipso
3156 3849 3224 3901 ibi
3264 3850 3535 3904 indicatus.
3586 3852 3701 3905 Hoc
3747 3848 3893 3911 enim

2304 3941 2407 3978 non
2434 3937 2537 3977 tam
2563 3921 2792 3977 consistit
2838 3921 2891 3973 in
2912 3921 3195 3994 industria,
3227 3930 3451 3994 arteAuut
3483 3931 3737 3994 tempore,
3770 3943 3893 3981 cum

2301 3997 2367 4047 sit
2418 4012 2546 4062 opus
2589 3996 2770 4066 gratia
2793 4000 2882 4043 aut
2925 3990 3203 4066 peculiaris
3246 3990 3745 4066 Dei‘provide‘ntia,
3796 4001 3893 4066 qui

2306 4061 2576 4130 unicuique
2591 4061 2777 4115 dividit
2802 4072 2951 4126 prout
2978 4061 3082 4114 vult
3127 4072 3174 4115 et
3203 4062 3407 4125 quando
3431 4064 3558 4116 vult.
3587 4064 3757 4129 Quare
3783 4061 3889 4121 vir-

2299 4136 2422 4187 tutis
2453 4134 2748 4187 exercitium
2776 4129 3141 4205 incipientibus
3166 4132 3447 4205 plurimum
3472 4136 3628 4205 refert
3670 4139 3889 4193 ordina-

2299 4205 2431 4257 riam
2457 4206 2728 4276 tritumque
2764 4203 3123 4276 viamAtenere,
3156 4213 3203 4276 et
3244 4204 3495 4276 ferventer
3520 4203 3786 4276 coaperari
3823 4226 3890 4263 ea:

2299 4288 2440 4355 parte
2459 4290 2563 4355 sua
2594 4270 2872 4354 ordinaria
2899 4270 2993 4350 Dei
3022 4270 3297 4355 directiqni
3332 4270 3622 4355 eaq-ralia,
3658 4284 3887 4355 remotis

2297 4342 2669 4416 impedimentis
2696 4352 2740 4396 et
2765 4343 3081 4416 prascriptis
3110 4342 3291 4397 mediis
3315 4342 3558 4400 adhibitis
3579 4388 3592 4411 ,
3632 4350 3889 4416 depositis

2297 4418 2432 4467 curis
2460 4426 2508 4468 et
2533 4413 2878 4467 anxietatibus
2925 4415 3247 4482 profectuum
3271 4431 3361 4483 per
3392 4417 3500 4471 vias
3523 4413 3892 4474 extraordina-

2298 4489 2437 4551 rias;
2484 4502 2610 4553 quos
2660 4484 2920 4553 profectus
2970 4484 3151 4537 merito
3190 4487 3503 4540 committent
3547 4490 3892 4553 providentia

2299 4555 2418 4624 Dei,
2455 4567 2508 4610 ut
2538 4573 2631 4626 pro
2660 4571 2756 4608 suo
2785 4554 2933 4628 libita
2964 4555 3152 4628 dirigat
3175 4572 3235 4609 ac
3274 4557 3516 4625 disponat
3551 4559 3685 4628 quod
3714 4564 3890 4628 magis

2300 4629 2564 4696 expediet;
2591 4642 2738 4680 suam
2777 4626 2985 4679 interim
3004 4627 3275 4680 stationem
3307 4644 3408 4681 non
3436 4626 3754 4696 deserentes,
3788 4626 3890 4687 do-

686 4706 711 4746 b
742 4697 836 4763 ιη’
869 4710 1193 4776 paxamaciis
1213 4753 1227 4776 ,
1273 4697 1409 4763 sive'
1423 4704 1738 4777 paximaeiis
1759 4743 1779 4777 ε
1808 4703 1942 4777 alias
1960 4776 1965 4777 γ
1982 4700 2194 4777 abunde
2220 4704 2274 4762 D
2298 4715 2388 4777 nec
2410 4699 2629 4777 audiant
2653 4713 2671 4751 :
2695 4697 2888 4764 Amice,
2913 4697 3391 4777 ascend_e_superius
3414 4698 3723 4777 (Luc._1tv).
3754 4703 3887 4761 Haec

617 4773 969 4851 tractavimus
996 4778 1133 4851 (Lib.
1165 4773 1223 4834 tv
1255 4773 1456 4851 Inst.
1486 4776 1581 4842 14;
1606 4775 1725 4829 coll.
1754 4774 1809 4839 9,
1836 4792 1883 4827 c.
1912 4774 1970 4827 11
2001 4783 2047 4827 et
2077 4773 2189 4843 19).
2256 4812 2264 4820 .

619 4849 770 4925 [Jude
794 4848 1014 4925 constat
1033 4851 1391 4919 paximacium
1424 4848 1588 4925 fuisse
1615 4862 1834 4925 parvum
1848 4859 2073 4925 panem.
2092 4859 2193 4925 sex

616 4915 1048 4997 fere‘unciarumi
1066 4930 1430 4997 statutumque
1444 4919 1659 4974 modum
1677 4916 2003 4997 quotidiana:
2025 4915 2195 4968 refec-

615 4993 907 5065 tionis,seu
932 4992 1322 5065 quotidianam,
1347 5001 1405 5045 ut
1432 4997 1648 5065 vocant,
1676 4992 1989 5065 portionem.
2007 4999 2194 5065 mona-

612 5065 729 5136 chis
758 5064 974 5133 Aigypti
998 5064 1162 5117 fuisse
1191 5062 1297 5116 duo
1337 5060 1635 5131 paximacia
1666 5070 1765 5136 ,_ttt
1796 5059 1879 5136 hic
1920 5059 2081 5136 etiam
2114 5059 2193 5108 in-

613 5135 797 5190 nuitur
832 5129 1003 5208 “aqua
1053 5143 1231 5187 tamen
1282 5129 1533 5208 mensura
1581 5129 1938 5208 perfectiores
1992 5129 2191 5208 quique

614 5205 834 5259 minime
865 5198 949 5258 us'i
993 5212 1153 5279 sunt,
1187 5204 1436 5279 parciore
1485 5201 1655 5255 multo
1704 5199 1971 5279 c0uten_ti,
1998 5208 2073 5279 _ut
2116 5198 2192 5279 Ade

614 5276 914 5343 Hilarioue,
945 5269 1213 5336 Antonio,
1247 5275 1475 5342 aliisque
1516 5281 1701 5325 notum
1744 5280 1845 5343 est.
1879 5269 2075 5325 Suidas
2112 5275 2192 5320 ta-

611 5362 734 5401 men
761 5339 1107 5419 hanc'vocetn
1132 5345 1309 5413 potius
1332 5339 1581 5419 Latinam
1604 5355 1762 5409 quam
1786 5339 2188 5419 Graecaquesse,

610 5425 664 5471 et
710 5433 902 5485 panem
935 5416 1020 5471 bis
1047 5407 1260 5471 coctum
1300 5416 1607 5483 significare
1624 5407 2085 5485 '_conleu_(lit_,‘sic
2106 5407 2193 5485 ρει

610 5475 972 5563 ἱΙΙοέοινὶὺεηβ
992 5504 1021 5563 _:
1052 5485 1337 5563 παξαμάςρ
1351 5475 1581 5563 Vden-epos
1620 5481 1804 5559 ἄρτος,
1834 5480 1944 5559 id???
1972 5475 2024 5530 δέ
2064 5477 2193 5563 λέξις

610 5567 895 5629 Ῥωμαῖκῆς
956 5559 1004 5613 id
1044 5550 1151 5623 est,
1193 5550 1619 5629 'paxinias.'sive
1654 5550 2059 5622 'paxatnaciutn,
2109 5550 2193 5603 vel

612 5628 987 5704 paxamadiutu
1017 5629 1234 5704 ,_pa_nis
1287 5637 1369 5704 est
1426 5628 1503 5681 his
1526 5636 1714 5704 coctus
1763 5643 1774 5675 :
1824 5634 2191 5704 est'vero-vox

611 5698 873 5763 Romana,
910 5699 1024 5751 sive
1052 5698 1257 5752 Latina.
1291 5697 1363 5747 De
1395 5696 1726 5764 paxamaciis
1758 5696 1999 5764 meminit
2030 5696 2191 5747 etiam

612 5777 833 5822 sanctus
860 5762 1098 5837 Ephrem
1127 5770 1178 5822 in
1213 5762 1438 5822 tractatu
1469 5768 1535 5823 de
1566 5766 1759 5820 virtute
1788 5778 1906 5834 cap.
1936 5762 2019 5821 10.

2298 4769 2405 4841 ibi;
2437 4768 2490 4822 in
2521 4768 2718 4841 quibus
2754 4778 3030 4841 spectasse
3060 4768 3272 4841 videtur
3304 4770 3506 4841 auctor
3534 4772 3627 4826 ille
3656 4768 3885 4841 gravem

2297 4839 2445 4914 illam
2459 4847 2529 4914 Aet
2550 4837 2967 4914 increpatorium
2991 4838 3288 4914 oralionem
3303 4839 3488 4894 .ludith
3511 4837 3743 4908 (ludiin.
3762 4850 3885 4914 rm)

2297 4912 2363 4965 ad
2392 4909 2671 4981 principes
2687 4915 2759 4981 iet
2784 4908 3040 4981 populum
3070 4908 3501 4981 Bethuﬁliensem,
3535 4914 3626 4981 qui
3662 4908 3884 4970 eertum

2297 4978 2718 5052 tempusauxilii
2738 4977 2942 5052 ferendi
2976 4979 3084 5052 Deo
3111 4980 3507 5048 quodammodo
3532 4977 3888 5052 praescripse-

2295 5049 2419 5107 rant
2450 5070 2460 5104 :
2500 5050 2665 5124 Quod
2694 5058 2767 5103 est
2795 5049 2892 5124 hoc
2921 5051 3154 5124 verbum,
3185 5052 3238 5103 in
3264 5069 3362 5118 quo
3384 5049 3637 5107 consensit
3690 5049 3851 5111 Ozias
3871 5104 3889 5124 ,

2294 5133 2348 5175 ut
2371 5124 2540 5176 tradat
2570 5122 2824 5174 civitatem
2845 5120 3067 5189 Assyriis
3084 5166 3133 5193 ,μ
3146 5123 3188 5175 si
3218 5125 3353 5175 intra
3383 5124 3609 5193 quinque
3639 5126 3746 5181 dies
3782 5120 3887 5182 non

2298 5195 2488 5264 venerit
2519 5192 2652 5246 vobis
2682 5193 3047 5264 adjutorium?
3094 5191 3155 5244 Et
3176 5194 3264 5263 qui
3286 5194 3407 5247 estis
3444 5191 3531 5248 ros
3558 5199 3648 5264 qui
3674 5203 3887 5251 tentati:

2299 5263 2617 5335 Dominum?
2643 5279 2744 5335 non
2775 5273 2847 5314 est
2884 5262 2986 5335 iste
3010 5277 3171 5315 sermo
3197 5265 3284 5331 qui
3312 5262 3720 5321 misericordiam
3753 5286 3851 5335 pro

2296 5345 2455 5400 vocet,
2489 5334 2578 5388 sed
2608 5333 2776 5400 potius
2808 5332 2893 5399 qui
2922 5332 3051 5384 iram
3079 5336 3256 5387 excitet
3282 5346 3327 5388 et
3354 5340 3576 5401 furorem
3606 5332 3880 5393 accendat.

2301 5404 2557 5459 Posuistis
2586 5420 2673 5457 vos
2700 5414 2893 5462 tempus
2935 5404 3275 5457 miserationis
3320 5402 3530 5460 Domini
3562 5416 3608 5461 et
3652 5410 3704 5461 in
3732 5411 3881 5462 arbi-

2300 5477 2453 5529 trium
2484 5485 2736 5552 __v_estrum_
2778 5473 2911 5552 diem
2966 5474 3300 5552 constituistis
3332 5477 3397 5537 ei.
3432 5487 3544 5552 etc.
3570 5473 3879 5552 Retineufl:|

2300 5548 2458 5616 igitur
2484 5546 2570 5599 illa
2589 5543 2828 5616 ejusdem
2851 5542 3222 5616 Charemouis
3244 5551 3511 5601 sententia
3538 5550 3687 5603 initio
3711 5550 3741 5604 h
3756 5542 3885 5610 "ius

2298 5612 2416 5684 cap.
2448 5612 2653 5685 prolata
2698 5630 2713 5670 :
2744 5612 3088 5685 Temerarium
3115 5631 3220 5669 esse
3248 5634 3402 5685 super
3440 5621 3887 5673 consummatione

2297 5684 2542 5745 castitatis
2567 5694 2757 5740 certam
2782 5684 3018 5755 temporis
3042 5685 3254 5754 deﬁnire
3279 5684 3593 5757 mensuram,
3621 5703 3731 5748 etc.
