4048 6198
108 227 234 286 897

1062 226 1404 285 COLLA'I‘IO
1461 225 1603 283 XIII.
1633 256 1705 271 —
1729 223 1819 284 DE
1862 220 2343 284 PROTECTIONE
2380 226 2511 283 DEI.

3333 250 3457 312 898

110 356 236 395 non
262 354 517 411 sperare.
540 342 600 399 Si
624 342 767 398 enim
788 341 900 398 vim
914 342 1166 397 versiculi
1188 341 1335 395 illius
1355 340 1729 409 unusquisque
1753 345 1809 400 Α
1832 353 1975 405 mus,
1998 343 2052 393 in
2082 354 2244 393 unum
2273 338 2449 394 omnia
2472 352 2591 407 quae
2611 336 2831 408 copiose
2852 342 3202 413 sparsimque
3231 351 3443 422 digesta

110 433 174 487 in
212 434 458 488 veritate
497 436 816 504 conceperit
863 453 875 488 :

110 526 374 592 domum,
390 526 445 579 in
456 541 652 579 vanum
668 526 902 580 laborant
917 529 1003 595 qui
1020 526 1274 595 adiﬁcant
1285 540 1396 578 eam
1414 521 1585 597 (Rsal.
1604 526 1726 593 xu),

109 617 388 686 sequitur
433 627 492 672 ut
531 633 634 674 nec
656 618 723 674 de
752 620 1000 689 puritatis
1026 632 1137 673 sua:
1176 617 1383 671 meritis
1416 616 1725 682 extollatur,

108 712 454 782 intelligens
480 727 603 767 eam
647 727 706 767 se
737 728 843 767 non
884 726 980 767 sua
1026 711 1337 781 diligentia,
1365 709 1459 764 sed
1509 709 1727 764 Domini

110 800 525 857 misericordia
555 812 936 868 consecutum;
985 818 1082 859 nec
1130 810 1317 857 contra
1361 801 1501 856 alios
1532 800 1729 855 immiti

926 433 1045 489 Nisi
1098 434 1349 488 Dominus
1397 434 1732 500 aediﬁcaverit

1832 442 1958 487 sunt
2012 434 2352 504 colligentes,
2387 433 2503 487 hazc
2552 441 2634 488 est
2671 436 3066 490 consummatio
3118 443 3381 501 castitatis
3409 493 3432 517 ,

1832 534 1892 579 ut
1922 528 2232 596 vigilantem
2286 527 2603 582 monachum
2653 528 2943 584 oblectatio
2988 529 3232 589 libidinis
3272 541 3424 595 nulla

1830 619 2187 689 perstringat,
2221 629 2278 673 ut
2328 621 2692 689 quiescentem
2748 623 3079 678 somniorum
3130 641 3238 681 non
3276 629 3436 687 fallat

1831 710 2010 765 illusio
2038 727 2054 775 ;
2098 712 2191 766 sed
2219 727 2342 767 cum
2392 712 2677 768 dormienti
2704 722 2907 769 tantum
2937 730 3031 783 per
3057 719 3247 787 sopitae
3274 736 3429 777 men-

1832 802 1900 856 tis
1928 801 2190 857 incuriam
2218 806 2511 859 commotio
2551 806 2728 860 carnis
2784 806 3118 876 obrepserit,
3170 814 3433 881 quemad-

114 894 327 965 rigore
367 903 653 950 moveatur
679 937 694 960 ,
739 897 913 950 sciens
935 895 1217 950 humanam
1245 895 1378 951 nihil
1411 908 1532 951 esse
1562 893 1731 950 virtu-

111 995 269 1058 tem,
307 988 355 1044 si
386 1002 508 1044 eam
529 989 699 1045 virtus
726 987 902 1044 divina
933 1003 1039 1043 non
1065 987 1281 1058 juverit.

1831 892 2052 948 modum
2084 895 2204 950 sine
2234 896 2340 950 ulla
2391 897 2693 952 titillatione
2730 900 3021 968 voluptatis
3056 904 3285 958 excitata
3312 915 3426 972 est,

1828 987 1904 1043 ita
1952 987 2115 1043 etiam
2175 990 2292 1043 sine
2348 990 2457 1044 ullo
2505 991 2715 1059 pruritu
2753 992 2999 1061 corporis
3053 998 3422 1065 conquiescat.

1833 1079 1962 1135 Haec
1989 1082 2056 1137 de
2078 1082 2342 1137 castitatis
2388 1084 2520 1148 line,
2544 1093 2802 1153 quantum
2832 1087 3135 1154 potuimus,
3165 1104 3268 1145 non
3299 1105 3426 1145 ver-‘-

749 1143 976 1198 CAPUT
1004 1143 1145 1198 XVI-
1830 1174 1945 1241 bis,
1975 1175 2069 1230 sed
2094 1174 2122 1213 δ
2146 1175 2479 1245 experientia
2506 1143 2870 1246 magistrante
2921 1143 3258 1247 digessimus.
3291 1143 3425 1249 Quae

211 1258 295 1312 De
353 1258 454 1329 ﬁne
488 1274 547 1312 ac
614 1258 836 1314 τεηιεάίο
889 1259 1217 1381 βξᾳέιρνεηάω
1294 1269 1342 1313 et
1384 1259 1731 1315 custodienda
1832 1266 2005 1323 Iiceta
2025 1268 2308 1323 desidiosis
2324 1284 2389 1324 ac
2420 1269 2812 1339 negligentibus
2830 1272 3423 1345 arbitrerimpossibilia

798 1346 885 1384 σαι
911 1346 928 1381 ι
952 1347 982 1383 a
1010 1347 1068 1384 18.
1832 1359 2057 1384 suum--.
2086 1360 2364 1384 :--.s:--...s-
2434 1370 2607 1384 ---μη
2637 1370 2812 1384 μη..--
2869 1377 2979 1384 ---__
3011 1378 3032 1384 -
3075 1374 3151 1384 -.η
3172 1367 3237 1384 λε-
3258 1367 3318 1384 se,
3365 1383 3376 1384 γ

1832 1359 2061 1415 forsitan
2081 1360 2399 1428 iudicanda,
2428 1370 2609 1416 certus
2637 1370 2816 1416 tamen
2867 1377 2983 1416 sum
3008 1378 3037 1416 a
3072 1367 3328 1421 studiosis
3359 1383 3422 1422 ac

1833 1453 2163 1523 spiritalibus
2197 1455 2328 1509 viris
2354 1456 2699 1524 agnoscenda
2746 1459 2950 1525 pariter
3000 1473 3063 1514 ac
3118 1461 3420 1529 probanda.

118 1532 425 1587 nicationis
454 1533 583 1587 totis
615 1532 829 1587 viribus
880 1532 1167 1587 desudanti
1201 1543 1228 1571 ι
1258 1534 1477 1589 victoria
1508 1535 1732 1604 singula-
1832 1544 2066 1600 Tantum
2110 1561 2338 1616 namque
2363 1548 2505 1603 inter
2532 1548 2803 1603 hominem
2849 1550 3015 1605 distat
3041 1560 3095 1606 et
3123 1553 3421 1623 hominem,

118 1622 207 1678 ris
234 1623 422 1687 ϐεινίῘθ
444 1623 644 1677 ῐιιθτίιο
670 1625 995 1678 εοηλῐυεευῖ
1015 1624 1308 1680 remedium
1339 1640 1445 1681 ηοη
1474 1640 1690 1695 sperare
1714 1645 1727 1680 τ
1833 1648 2093 1708 quantum
2116 1648 2169 1694 et
2199 1640 2291 1693 illa
2313 1640 2364 1694 in
2390 1640 2590 1710 quibus
2637 1643 2800 1696 animi
2831 1658 3018 1698 eorum
3052 1645 3220 1699 tendit
3247 1622 3422 1702 inten-

116 1726 257 1780 qua:
288 1712 424 1768 fides
447 1714 576 1768 licet
601 1713 777 1767 facilis
800 1728 863 1768 ac
890 1715 1049 1783 plana
1078 1716 1326 1771 omnibus
1347 1718 1623 1783 videatur,
1651 1728 1730 1773 ta-
1759 1743 1804 1801 Β
1834 1731 1909 1784 uo
1937 1731 2003 1785 ab
2047 1731 2278 1787 invicem
2310 1732 2685 1801 disparantur,
2743 1733 2793 1788 id
2845 1743 2928 1790 es;
2952 1776 2967 1800 ,
3000 1736 3083 1791 νει
3104 1738 3299 1792 emtum
3354 1740 3423 1794 ab

202 1441 441 1497 Proinde
469 1442 758 1513 unicuique
778 1451 1023 1498 nostrum
1051 1444 1313 1499 adversus
1351 1445 1597 1514 spiritum
1628 1444 1732 1500 for-

118 1818 264 1857 men
306 1814 416 1857 tam
451 1802 671 1859 difficile
705 1804 771 1859 ab
797 1804 1179 1875 incipientibus
1206 1824 1362 1877 quam
1395 1810 1562 1878 ipsius
1604 1826 1725 1865 cas-

119 1895 313 1949 titatis
336 1896 597 1965 perfectio
616 1897 940 1966 possidetur.
968 1898 1100 1954 Nam
1122 1914 1240 1955 cum
1264 1902 1341 1957 eis
1363 1904 1443 1959 vel
1465 1904 1723 1973 particula

122 1988 392 2057 puritatis
422 1988 690 2055 arriserit,
722 1992 977 2046 continuo
1012 1992 1065 2046 in
1114 1994 1458 2049 conscientiae
1499 2010 1610 2050 sua:
1638 2012 1725 2052 se-

124 2079 306 2134 cretis
347 2080 583 2135 elatione
626 2081 856 2150 quadam
912 2083 1177 2140 subtiliter
1226 2087 1479 2142 illabente
1509 2088 1726 2144 sibimet

123 2172 516 2241 blandiuntur,
574 2174 961 2243 credentesque
1009 2192 1125 2231 eam
1180 2193 1239 2233 se
1282 2179 1574 2250 diligentiae
1614 2196 1724 2237 suae

124 2264 323 2319 studio
347 2274 679 2329 consecutos,
720 2281 936 2321 necesse
960 2276 1043 2321 est
1071 2279 1124 2322 ut
1155 2284 1390 2339 superno
1420 2271 1510 2326 illo
1532 2274 1726 2340 pressi-

127 2356 233 2411 dio
266 2357 541 2424 paululum
564 2356 843 2425 denudati,
875 2359 1077 2414 tamdiu
1104 2362 1232 2429 illis,
1261 2379 1395 2433 quas
1416 2365 1593 2419 divina
1622 2365 1731 2420 vir-

129 2457 225 2502 tus
252 2448 617 2514 exstinxerat,
670 2451 1010 2518 passionibus
1033 2455 1439 2522 opprimantur,
1472 2459 1729 2527 quamdiu

128 2540 475 2610 experientia
502 2541 735 2598 docente
764 2555 1091 2611 cognoscant
1131 2561 1190 2602 se
1220 2548 1428 2604 viribus
1459 2560 1619 2620 atque
1642 2554 1726 2607 in-

130 2633 341 2689 dustria
372 2649 464 2689 sua
495 2634 752 2705 puritatis
774 2637 973 2691 bonum
1021 2638 1266 2696 obtinere
1309 2657 1415 2697 non
1446 2657 1627 2712 posse.
1659 2644 1729 2699 Et

131 2734 191 2784 ut
223 2728 632 2797 disputationem
662 2738 901 2784 nostram
928 2730 994 2786 de
1021 2731 1124 2787 fine
1156 2736 1480 2803 plenissimae
1508 2739 1726 2795 castita-

134 2820 208 2875 tis
229 2819 391 2890 longa‘
416 2821 790 2878 lucubratione
824 2823 1127 2879 confectam
1168 2826 1407 2884 breviter
1433 2833 1723 2889 concluda-

1833 1822 2073 1893 inferno,
2104 1822 2186 1877 vel
2215 1822 2463 1879 Christus
2482 1839 2512 1877 a
2544 1824 2744 1893 Belial,
2777 1826 3069 1881 secundum
3097 1830 3422 1885 sententiam

1838 1914 2052 1968 Domini
2084 1914 2409 1981 Salvatoris,
2440 1914 2501 1970 Si
2522 1917 2635 1985 quis
2663 1918 2788 1969 mihi
2818 1919 3101 1985 ministrat,
3137 1936 3216 1974 me
3234 1938 3423 1992 sequa-

1834 2018 1956 2073 tur;
1993 2016 2048 2061 et
2076 2009 2162 2061 ubi
2189 2024 2279 2078 ego
2300 2025 2413 2062 sum
2433 2049 2448 2075 ,
2480 2009 2589 2061 illic
2613 2019 2658 2062 et
2687 2011 2922 2065 minister
2949 2028 3091 2066 meus
3116 2014 3222 2066 erit
3246 2013 3425 2083 (Joan.

1834 2097 1955 2165 xu).
1987 2097 2054 2150 Et
2078 2096 2270 2151 iterum
2297 2114 2311 2150 :
2349 2096 2445 2151 Ubi
2470 2109 2543 2151 est
2569 2099 2838 2153 thesaurus
2864 2111 3001 2166 tuus,
3032 2101 3103 2153 ibi
3132 2104 3230 2157 erit
3261 2114 3308 2157 et
3337 2121 3426 2159 cor

1834 2196 1979 2242 tuum
2007 2190 2222 2258 (Matth.
2250 2191 2348 2259 v1).
2394 2189 2682 2259 [lucusque
2737 2190 2927 2245 beatus
2975 2191 3298 2249 Chaeremon
3352 2196 3426 2251 de

1832 2284 2101 2339 castitatis
2176 2282 2511 2353 perfectione
2579 2283 2874 2349 disseruit,
2940 2286 3425 2358 admirabilemque

1835 2372 2140 2428 doctrinam
2153 2373 2551 2428 sublimissimae
2569 2374 2815 2442 puritatis
2832 2374 2921 2427 tali
2935 2388 3184 2431 sermone
3201 2380 3423 2433 conclu-

1832 2465 1937 2533 sit,
1973 2465 2205 2520 suadens
2255 2464 2590 2534 stupentibus
2643 2472 2805 2534 atque
2859 2466 3030 2520 anxiis
3084 2467 3271 2533 nobis,
3330 2477 3421 2537 ut,

1836 2556 1960 2624 quia
2019 2559 2128 2628 jam
2180 2558 2353 2613 noctis
2422 2573 2547 2628 pars
2614 2559 2786 2627 major
2852 2558 3169 2628 efﬂuxerat,
3224 2561 3419 2617 tradita

1833 2652 2000 2722 quieti
2032 2651 2299 2720 paululum
2331 2650 2572 2706 membra
2631 2651 2865 2706 naturali
2908 2653 3123 2722 soporis
3168 2654 3290 2708 cibo
3315 2656 3426 2711 mi-

1833 2744 1979 2798 nime
2003 2742 2371 2797 fraudaremus
2389 2784 2404 2807 ,
2438 2756 2507 2795 ne
2537 2742 2795 2810 languens
2824 2750 3043 2810 torpore
3068 2746 3311 2814 corporis
3339 2749 3425 2802 sui

1832 2838 1994 2893 etiam
2035 2851 2187 2891 mens
2212 2836 2453 2905 vigorem
2483 2845 2682 2889 sanctae
2714 2834 3030 2892 intentionis
3051 2838 3340 2893 amitteret.

1200 2936 1457 2992 ALARDI
1494 2939 1730 2997 GAZ/EI
1763 2942 2327 2999 COMMENTARIUS.

277 3024 367 3081 Sic
417 3024 676 3106 Serapion
731 3040 945 3107 quoque
1000 3028 1294 3107 collatione
1333 3032 1518 3107 quinta
1542 3074 1565 3107 ,_
1606 3049 1731 3089 cum
1760 3037 1808 3102 C
1842 3035 1961 3091 Nisi
1984 3035 2244 3090 Dominus
2266 3036 2475 3088 domum
2496 3034 2665 3087 carnis
2688 3032 2952 3107 deteverit,
2982 3035 3291 3107 domumque
3310 3040 3425 3091 ani-

135 3095 368 3168 digisset
386 3095 812 3168 tentationumet
828 3098 1293 3168 impugnationum
1316 3095 1728 3160 eistinctionem

137 3184 170 3221 a
199 3166 642 3242 Deospecialiter
667 3176 720 3221 et
738 3167 936 3242 jugiter
962 3166 1310 3242 poscendam,
1338 3172 1555 3242 subjicit
1579 3193 1590 3227 :
1613 3174 1727 3230 Im-

136 3236 379 3315 possibile
416 3254 638 3308 namque
666 3238 830 3315 estde
876 3240 1103 3315 qualibet
1140 3243 1378 3315 passione
1411 3236 1727 3315 triumphum

136 3309 436 3380 quempiam
473 3309 775 3379 promereri,
808 3311 1110 3380 priusquam
1137 3309 1448 3369 intellexerit
1470 3309 1729 3373 industria

135 3381 218 3459 vel
245 3377 421 3431 labore
457 3377 654 3459 proprii
680 3377 975 3459 certaminis
998 3391 1153 3459 sem‘et
1172 3383 1400 3459 oblinere
1428 3403 1529 3440 non
1558 3406 1725 3459 posse.

136 3447 413 3503 Climacus
455 3448 637 3505 itidem
684 3449 776 3504 ubi
805 3465 964 3520 supra
1002 3467 1017 3507 :
1081 3452 1182 3519 Qui
1207 3471 1303 3508 sua
1330 3447 1587 3513 industria
1611 3476 1727 3514 car-

138 3535 252 3574 nem
277 3536 428 3572 suam
454 3519 654 3576 vincere
678 3521 757 3574 vel
773 3519 1032 3577 debellare
1064 3524 1194 3590 vult,
1243 3526 1297 3579 in
1335 3544 1525 3582 vanum
1546 3532 1725 3585 currit.

1837 3124 1933 3161 ma:
1953 3108 2303 3176 wdiﬁcaverit,
2332 3109 2525 3177 frustra
2551 3107 2806 3177 quispiam
2852 3104 3001 3158 illam
3049 3104 3332 3177 ieiunando
3362 3127 3425 3163 ac

1837 3175 2096 3249 vigilando
2124 3175 2382 3232 destruere
2409 3176 2589 3249 nititur
2619 3191 2636 3229 :
2664 3175 2807 3244 Oﬂ'er
2848 3186 2964 3230 ante
3013 3175 3187 3233 oculos
3221 3179 3425 3235 Domini

1834 3247 2008 3303 carnis
2030 3250 2317 3303 naturalem
2351 3247 2724 3315 inﬁrmitatem,
2759 3256 2807 3302 et
2826 3257 2967 3301 tuam
2997 3250 3294 3303 humiliatus
3328 3253 3425 3303 im-

1836 3321 2161 3375 becillitatem
2185 3334 2490 3392 agnoscens,
2519 3334 2730 3388 prorsus
2743 3320 2991 3390 suscipies
3008 3321 3061 3374 in
3089 3321 3286 3375 intimis
3312 3337 3423 3377 cas-

1835 3393 1998 3445 titatis
2027 3394 2240 3445 donum.

1904 3462 1932 3501 ιι
1969 3464 2041 3517 Ita
2072 3465 2233 3518 etiam
2264 3461 2389 3516 alibi
2420 3458 2633 3533 (collat.
2675 3460 2763 3533 IO,
2792 3459 2919 3531 Cap.
2943 3462 3001 3533 ri)
3033 3462 3205 3517 dixit:
3252 3460 3398 3533 Magi

1832 3536 2115 3587 strantibus
2142 3533 2409 3600 a/fectibus
2431 3532 2507 3583 vel
2533 3531 2795 3596 e/fectibus
2824 3532 3032 3586 eruditi.

662 3749 1173 3857 θοιιΑ
1190 3753 1361 3859 TI
1371 3761 1466 3862 0
1542 3755 1728 3860 ΒΕ

1834 3753 2175 3858 ΤΙ.Μ.Α
2260 3748 2569 3859 TER
2587 3746 2906 3863 ΤΙΑ,

1146 3913 1300 3989 Quae
1333 3919 1429 3978 est
1463 3916 1650 3977 tertia
1686 3917 1935 3978 abbatis
1960 3913 2416 3984 Chmremonis,

1430 4036 1514 4089 DE
1538 4035 1978 4089 PROTECTIONE
2002 4035 2126 4086 DEI.

661 4277 886 4336 CAPUT
907 4277 1193 4335 PRIMUM.

216 4377 349 4433 Cum
383 4383 411 4412 ι
440 4373 505 4428 ad
538 4372 779 4444 synaxitu
820 4373 1135 4428 matutinam
1163 4379 1415 4440 percepto
1454 4368 1728 4439 paululum

139 4482 339 4538 sopore
381 4474 710 4531 remeantes,
741 4480 925 4522 senem
975 4464 1358 4535 reperirenius,
1408 4463 1612 4533 ingenti
1638 4462 1733 4517 ab-

1834 4276 1933 4332 bas
1962 4275 2266 4333 Germanus
2310 4280 2565 4349 scrupulo
2612 4280 2961 4351 movebatur,
3005 4284 3146 4353 quod
3186 4288 3238 4343 in
3283 4305 3419 4361 prta.

1838 4368 1992 4423 terita
2016 4368 2400 4440 diSputatione,
2448 4372 2602 4442 cujus
2656 4373 2827 4429 virtus
2876 4390 3144 4433 summum
3197 4381 3416 4439 deside-

1839 4463 1976 4517 rium
2007 4462 2295 4533 incognita:
2316 4463 2468 4547 nobis
2499 4466 2761 4522 castitatis
2793 4466 3081 4538 infuderat,
3100 4469 3126 4508 δ
3147 4474 3306 4531 unius
3325 4477 3421 4531 ad-

1212 4600 1463 4658 ALARDI
1500 4599 1733 4657 GAZEI
1769 4596 2315 4655 COMMENTARIUS

226 4709 251 4737 α
271 4697 325 4752 ld
355 4706 459 4759 est,
505 4696 571 4750 ad
622 4708 941 4752 conventum
984 4696 1354 4766 matutinum,
1392 4693 1446 4748 in
1495 4708 1600 4766 quo
1621 4690 1731 4746 offi-
1758 4693 1812 4753 D
1845 4761 1859 4766 _
1885 4688 1935 4766 _b
1965 4691 2135 4756 Quam
2162 4690 2411 4766 superius
2447 4691 2663 4766 (Cellat.
2687 4692 2777 4765 12)
2825 4694 2945 4750 aliis
2969 4704 3130 4766 atque
3149 4698 3272 4756 aliis
3298 4718 3419 4759 ver-

144 4771 293 4827 cium
318 4767 557 4821 divinum
588 4770 758 4836 primo
783 4767 1165 4837 persolvebant
1191 4785 1203 4820 :
1253 4765 1394 4821 unde
1424 4765 1731 4837 orationum

146 4850 201 4895 et
232 4840 557 4907 psalmorum
589 4836 985 4893 solemnitatem
1016 4848 1171 4893 vocat
1199 4839 1250 4891 in
1286 4838 1393 4892 fine
1424 4836 1583 4905 hujus
1610 4848 1726 4902 cap.

147 4909 441 4986 Deindede
476 4908 643 4963 rebus
703 4909 915 4986 divinis
968 4918 1023 4963 et
1070 4908 1437 4986 Spiritualibus
1485 4909 1625 4986 inter
1669 4919 1734 4986 se

148 4981 451 5036 tractabant
489 4988 545 5034 et
591 4980 989 5035 conferebant:
1039 4976 1182 5034 unde
1207 4980 1524 5035 collationes
1575 4976 1733 5029 dictae

149 5051 457 5121 huiusmodi
485 5065 813 5121 congressus
852 5060 904 5104 et
947 5060 1265 5113 conventus,
1293 5061 1349 5103 ut
1372 5051 1504 5121 alias
1530 5046 1730 5100 dictum

149 5120 250 5177 est.
281 5121 335 5175 Id
360 5130 505 5190 patet
533 5131 643 5175 tum
692 5135 759 5175 ex
792 5120 875 5175 Itis
902 5121 1276 5176 collationibus
1306 5120 1580 5189 plerisque
1613 5131 1732 5183 quae

152 5193 691 5269 matutinotempore,
711 5190 812 5245 hoc
833 5200 939 5253 est.
971 5202 1093 5269 post
1129 5192 1367 5269 quietem
1413 5199 1728 5269 nocturnam

154 5262 350 5339 babitai
372 5263 726 5339 referuntur;
757 5272 866 5316 tum
895 5262 1194 5339 e_x__chu|a
1220 5261 1616 5339 >S._Pachomii,_
1635 5272 1728 5311 cu-

150 5335 234 5409 jus
252 5334 893 5409 articulus‘septimuscx
924 5332 1230 5409 Hieronymi
1252 5332 1731 5409 _int_erpretatione

151 5400 229 5461 sic
251 5405 410 5460 habet
442 5424 455 5458 :
483 5400 637 5481 Mone
657 5420 746 5472 per
768 5404 1008 5481 singulas
1038 5400 1215 5456 domos
1236 5403 1394 5481 finitis
1420 5400 1731 5481 orationibus

150 5493 250 5531 non
273 5478 446 5529 statim
468 5475 533 5528 ad
562 5471 681 5528 suas
703 5471 1223 5537 cellas'revertentur,
1253 5473 1343 5526 sed
1364 5471 1622 5538 conferent
1648 5471 1732 5523 in-

150 5557 225 5602 ter
239 5564 292 5621 se
313 5562 431 5617 qua:
443 5546 1050 5621 prmpositosjudierint
1084 5545 1420 5613 disputantes,
1451 5549 1496 5593 et
1517 5549 1635 5621 tunc

152 5609 352 5672 trabun't
375 5609 563 5670 cubilia
590 5633 704 5669 sua.
742 5615 1036 5684 Disputatio
1063 5609 1230 5668 autent
1251 5630 1281 5666 α
1320 5610 1607 5683 prwpositis
1635 5609 1732 5666 do-

156 5704 356 5748 morum
373 5702 469 5755 per
496 5688 729 5756 singulas
759 5685 1107 5753 hebdomadas
1135 5686 1283 5742 tertio
1305 5684 1416 5756 ﬁet,
1449 5691 1555 5741 etc.

1789 5599 1803 5617 ⁸
1836 5557 2005 5617 posse.

1845 4761 1927 4815 bis
1958 4776 2062 4815 non
2095 4761 2261 4816 semel
2290 4763 2577 4830 expressit.
2608 4764 2739 4831 Cap.
2759 4761 2835 4821 ’15
2868 4785 2881 4821 :
2916 4767 2977 4821 Si
2998 4761 3129 4822 enim
3160 4773 3260 4826 vim
3285 4775 3423 4830 illius

1839 4832 2073 4907 versiculi
2106 4833 2460 4907 unusquisque
2484 4835 2537 4887 in
2567 4836 2776 4907 veritate
2807 4840 3136 4907 conceperit:
3163 4842 3283 4899 Nisi
3313 4846 3424 4901 Do-

1838 4903 2009 4985 minus
2036 4902 2365 4985 tediﬁcatveijt
2388 4904 2623 4985 domum,
2646 4905 2701 4959 in
2730 4923 2919 4985 vanum
2940 4902 3306 4968 laboraverunt
3325 4919 3415 4985 qui

1839 4972 2096 5056 mdiﬁcant
2124 4972 2441 5056 eant_(.Psal-.
2468 4974 2660 5056 clxxv);
2690 4979 2947 5056 .sequitur
2977 4988 3030 5031 ut
3067 4998 3160 5036 nec
3186 4986 3250 5038 de
3278 4972 3424 5056 puri-

1839 5044 1960 5117 tatis
1989 5058 2096 5117 sua:
2126 5044 2656 5117 meritis_extollatur;
2684 5044 2969 5117 intelligens
2998 5066 3111 5103 eam
3139 5069 3192 5105 se
3211 5044 3313 5107 non
3333 5074 3425 5109 sua

1839 5114 2127 5190 diligentia,
2180 5116 2267 5167 sed
2316 5113 2534 5190 _Dom_i_ni
2554 5113 2904 5190 misericordia
2932 5130 3277 5190 consecutum,
3315 5136 3422 5180 etc.

1838 5186 1904 5266 Et
1934 5198 2053 5266 cap:
2090 5186 2391 5266 sequenti:
2432 5185 2720 5266 Unicuique
2774 5196 3005 5266 nostrum
3028 5185 3274 5266 adversus
3314 5199 3423 5266 spi-

1835 5258 1993 5309 ritum
2025 5256 2386 5326 fornicationis
2409 5258 2525 5311 totis
2554 5258 2745 5311 viribus
2773 5258 3045 5311 desudanti
3081 5263 3296 5318 victoria
3316 5256 3420 5319 sin-

1834 5327 2127 5407 gulariiest
2164 5326 2244 5407 _de
2271 5328 2449 5407 merito
2497 5338 2718 5407 conatus
2741 5329 2821 5381 sui
2852 5330 3127 5384 remedium
3175 5350 3276 5387 non
3307 5353 3422 5407 spe-

1835 5395 1971 5452 rare.
2006 5397 2073 5451 Et
2102 5395 2284 5469 infra:
2318 5396 2651 5469 Experientia
2684 5399 2897 5451 docente
2935 5412 3249 5468 cognoscunt
3270 5395 3427 5461 se'vi-

1834 5470 1975 5523 ribus
2001 5477 2154 5538 atque
2176 5468 2433 5522 industria
2461 5484 2557 5522 sua
2587 5469 2827 5538 puritatis
2858 5468 3045 5522 bonum
3073 5473 3296 5529 obtinere
3322 5494 3423 5531 nou

2089 5541 2206 5614 ujus
2238 5543 2741 5614 porro_sententia3_
2769 5538 3005 5614 adiectio
3036 5540 3090 5614 in
3143 5548 3426 5614 superiore

1837 5610 2129 5689 collatione
2184 5610 2355 5689 facta,
2408 5610 2534 5689 hul_c
2562 5610 3422 5689 collationi‘occasionem'dedit,

1835 5697 1998 5757 quam
2028 5680 2096 5740 de
2126 5679 2464 5756 proiectione
2483 5680 2581 5739 Dei
2603 5680 2806 5755 placuit
2830 5680 3051 5739 Auctori
3078 5683 3378 5751 inscribere
3404 5679 3425 5755 Ξ
