4048 6198
582 316 687 380 903

1640 304 1918 365 JOANNIS
1956 297 2277 361 CASSlANl
2317 292 2811 358 COLLATIONES.

3801 290 3877 343 9t)
3891 296 3914 346 ι

584 439 672 492 dat
699 450 868 491 semen
898 429 1189 495 seminanti,
1209 444 1254 483 ei
1285 440 1471 496 panem
1499 436 1567 476 aa
1593 420 2003 475 manducandum
2035 432 2169 490 prce-
2197 424 2253 484 Α
2275 426 2538 469 summam
2560 407 2897 465 castimonia:
2936 404 3248 475 puritatem,
3276 400 3489 475 proprii
3530 392 3765 459 laboris
3826 393 3917 446 in-

585 531 759 596 stabit,
793 537 838 582 et
863 521 1227 597 multiplicabit
1269 535 1437 574 semen
1466 523 1712 578 vestrum,
1745 523 1792 567 et
1815 527 2037 567 crescere
2082 512 2165 581 fa-

586 626 685 680 ciet
706 624 907 694 fructus
948 608 1715 683 iustititevesterlCor.1x).
1744 606 1994 661 Nostrum
2039 618 2170 660 vero

587 727 690 783 est,
716 724 777 770 ut
801 710 1042 783 quotidie
1081 704 1442 761 attrahentem
1486 715 1585 756 nos
1612 699 1836 771 gratiam
1872 698 1964 753 Dei
1992 696 2171 751 humi-

589 811 715 865 liter
741 806 1152 873 subsequamur,
1184 798 1270 873 vel
1314 803 1463 851 certe
1493 794 1625 849 dura
1658 792 1865 849 cervice
1905 800 1958 847 et
2003 789 2170 845 incir-

496 945 507 961 .
588 898 862 965 cumcisis,
894 903 953 949 ut
980 892 1242 961 scriptum
1266 896 1349 943 est
1372 888 1568 959 (Actor.
1594 884 1714 955 vn),
1745 883 1966 939 auribus
1996 881 2171 936 eidem

593 989 929 1051 resistentes,
964 1000 1058 1054 per
1106 981 1399 1038 Jeremiam
1429 992 1731 1033 mereamur
1757 975 1967 1041 audire,
2001 971 2175 1026 Num—

589 1081 715 1152 quid
740 1079 827 1149 qui
848 1077 987 1131 cadit
1010 1091 1113 1128 non
1134 1080 1387 1142 resurget,
1415 1080 1505 1123 aut
1525 1070 1612 1139 qui
1639 1083 1844 1121 aversus
1872 1074 1945 1118 est
1967 1079 2068 1117 non
2093 1078 2174 1116 re-

589 1182 811 1229 vertetur
833 1169 1045 1242 (Jerem.
1076 1181 1169 1220 vui
1188 1165 1243 1235 )‘l
1272 1164 1449 1231 Quare
1478 1176 1606 1231 ergo
1636 1173 1860 1213 aversus
1897 1166 1978 1213 est
2004 1170 2177 1227 popu-

592 1267 674 1321 lus
699 1266 800 1319 iste
828 1263 878 1316 in
910 1259 1211 1317 Jerusalem
1243 1257 1528 1312 aversione
1574 1250 1957 1308 contentiosa?
2012 1247 2174 1302 lndu-

591 1364 845 1413 raverunt
869 1354 1106 1410 cervices
1132 1365 1283 1415 suas,
1314 1348 1605 1404 noluerunt
1633 1344 1853 1401 reverti.

1198 1459 1425 1516 CAPUT
1484 1457 1573 1512 IV.

632 1561 891 1634 Objectio,
916 1554 1349 1634 quemadmodum
1374 1550 1806 1634 gentilesfbsque
1830 1557 2000 1618 gratia
2024 1544 2141 1607 Dei,

930 1620 1288 1681 castimoniam
1310 1620 1549 1677 habuisse
1569 1620 1830 1673 dicantur.

674 1724 976 1780 Germanus
1006 1738 1019 1771 :
1052 1717 1186 1771 lluic
1224 1714 1431 1777 sensui,
1463 1714 1616 1781 cujus
1661 1712 1832 1780 pietas
1886 1709 2113 1777 abrupte
2150 1719 2182 1759 a

2270 505 2470 561 dustria
2498 501 2805 573 possedisse
2840 496 3126 553 dicantur?

2909 629 3138 687 CAPUT
3181 629 3242 685 V.

2344 751 2630 825 Responsio
2655 753 2720 804 de
2742 749 3169 821 philosOphorum
3195 745 3513 816 imaginaria
3541 744 3821 800 castitate.

2344 890 2662 945 Chaeremon
2690 906 2703 940 :
2729 886 2954 942 Gratum
2983 884 3112 939 mihi
3143 893 3249 949 est,
3305 883 3450 954 quod
3488 882 3622 938 dum
3664 899 3889 939 summo

2275 979 2633 1051 agnoscendae
2680 975 2922 1032 veritatis
2975 990 3162 1031 amore
3193 974 3568 1040 flammamini,
3623 975 3888 1044 quaedam

2276 1072 2441 1126 etiam
2478 1070 2657 1138 inepta
2685 1067 3013 1138 pr0ponitis,
3043 1082 3273 1135 quorum
3322 1065 3635 1135 obiectione
3682 1066 3893 1131 proba-

2277 1163 2405 1231 tior,
2435 1172 2595 1232 atque
2653 1161 2756 1233 (ut
2808 1161 2880 1215 ita
2912 1156 3183 1229 dixerim)
3228 1158 3563 1227 exploratior
3587 1158 3892 1213 catholicae

2280 1254 2403 1309 fidei
2436 1255 2607 1308 virtus
2641 1259 2922 1322 appareat.
2949 1250 3087 1318 Quis
3127 1251 3327 1305 etenim
3359 1250 3580 1319 sapiens
3609 1261 3719 1305 tam
3756 1267 3894 1307 con-

2281 1347 2461 1401 trariis
2492 1342 2956 1414 propositionibus
2987 1350 3253 1407 uteretur,
3289 1352 3347 1395 ut
3388 1342 3673 1396 cmlestem
3718 1346 3893 1398 casti

2289 1437 2493 1493 moniae
2520 1437 2830 1506 puritatem,
2881 1448 3044 1505 quam
3085 1432 3337 1488 hesterna
3380 1431 3468 1487 die
3513 1449 3618 1488 nec
3662 1449 3763 1503 per
3796 1436 3889 1489 Dei

2283 1532 2509 1603 gratiam
2551 1528 2860 1584 mortalium
2891 1527 3144 1596 cuiquam
3191 1525 3523 1580 asserebatis
3558 1540 3711 1595 posse
3741 1540 3885 1580 con-

2284 1622 2437 1688 ferri,
2484 1636 2627 1676 nunc
2677 1618 2921 1675 eamdem
2954 1617 3116 1673 etiam
3172 1632 3201 1671 a
3248 1617 3540 1686 gentilibus
3584 1617 3889 1673 crederetis

2284 1716 2485 1769 virtute
2540 1712 2757 1783 propria
2810 1711 2980 1766 fuisse
3021 1710 3367 1780 possessam?
3418 1708 3528 1764 Sed
3582 1712 3710 1780 quia
3770 1712 3890 1766 διες

598 1816 754 1870 nobis
782 1829 893 1868 non
927 1819 1105 1880 potest
1133 1805 1453 1876 improbari,
1487 1803 1617 1859 illud
1649 1803 1865 1858 videtur
1891 1801 2178 1866 obsistere,
2213 1805 2261 1865 Β
2287 1805 2633 1877 explorandae
2664 1803 3020 1874 proculdubio
3051 1803 3135 1872 (ut
3162 1801 3366 1857 dictum
3394 1801 3501 1873 est)
3531 1802 3717 1856 studio
3743 1803 3887 1857 γετί-

599 1916 623 1944 α
652 1905 791 1974 quod
820 1903 886 1956 ad
908 1900 1334 1956 destructionem
1365 1894 1524 1951 liberi
1552 1893 1758 1947 arbitrii
1800 1890 1990 1946 tendit.
2048 1889 2182 1944 Nam

602 2013 726 2052 cum
778 1994 974 2049 multos
1020 1990 1321 2062 gentilium,
1379 1988 1467 2058 qui
1518 1987 1703 2055 utique
1733 1984 1900 2039 divini
1929 1982 2183 2052 adjutorii

598 2088 827 2161 gratiam
858 2100 964 2140 non
994 2092 1294 2145 merentur,
1330 2096 1438 2134 non
1465 2078 1640 2132 solum
1674 2075 1996 2145 frugalitatis
2025 2084 2187 2142 atque

598 2179 895 2251 patientiae,
925 2175 1043 2243 sed,
1079 2174 1222 2244 quod
1252 2172 1422 2242 magis
1464 2170 1656 2224 mirum
1684 2177 1786 2234 est,
1818 2168 1986 2221 etiam
2028 2166 2189 2220 casti-

600 2274 728 2331 tatis
752 2269 1035 2325 videamus
1057 2267 1265 2337 fulgere
1293 2262 1601 2326 virtutibus,
1627 2258 1898 2331 quomodo
1921 2258 2189 2327 captivato

601 2369 790 2423 liberte
818 2363 1114 2420 voluntatis
1160 2358 1406 2424 arbitrio,
1440 2356 1534 2411 Dei
1564 2368 1789 2409 munere
1838 2351 2049 2407 collata:
2077 2349 2188 2405 illis

601 2458 892 2516 credenda:
921 2464 1048 2510 sunt
1073 2498 1087 2522 ,
1121 2467 1241 2506 cum
1269 2450 1454 2519 utique
1485 2445 1774 2501 mundanae
1803 2443 2081 2513 sapientia:
2103 2457 2189 2497 se-

601 2563 862 2615 ctatores,
893 2564 1001 2605 non
1028 2546 1202 2601 solum
1248 2543 1341 2597 Dei
1387 2542 1635 2610 gratiam,
1669 2538 1764 2593 sed
1814 2538 1990 2606 ipsum
2023 2537 2187 2591 etiam

602 2659 790 2700 verum
822 2642 990 2695 Deum
1016 2636 1228 2707 penitus
1255 2634 1585 2700 ignorantes,
1616 2638 1872 2699 quantum
1923 2629 2007 2683 vel
2047 2630 2190 2685 serie

601 2734 873 2801 lectionis,
926 2730 1013 2785 vel
1061 2724 1415 2798 quorumdam
1473 2722 1763 2778 traditione
1814 2724 2186 2793 cognovimus,

2292 1899 2417 1953 tatis
2445 1896 2739 1967 opponitis,
2771 1894 2899 1964 quid
2918 1894 2987 1950 de
3008 1893 3095 1949 his
3111 1902 3413 1957 teneamus,
3449 1892 3741 1949 advertite.
3774 1894 3885 1949 Pri~

2290 2007 2435 2046 mum
2464 1989 2491 2029 ι»
2522 1988 2878 2060 pliil0$0phos
2899 2002 3235 2058 nequaquam
3258 1987 3593 2042 credendum
3612 1998 3695 2043 est
3724 1988 3887 2042 talem

2291 2083 2456 2137 animi
2478 2083 2805 2146 castitatem,
2838 2080 3017 2151 qualis
3040 2096 3067 2132 a
3098 2079 3254 2133 nobis
3285 2080 3543 2149 exigitur,
3567 2090 3878 2133 assecutos:

2291 2176 2489 2245 quibus
2518 2174 2838 2244 injungitur,
2869 2182 2929 2228 ut
2975 2187 3081 2227 non
3113 2174 3289 2227 solum
3341 2172 3640 2236 fornicatio,
3690 2173 3785 2227 sed
3812 2187 3887 2227 ne

2292 2266 2638 2321 immunditia
2677 2265 2895 2335 quidem
2922 2265 3229 2320 nominetur
3261 2265 3315 2318 in
3343 2264 3522 2320 nobis.
3572 2265 3888 2320 Habuerunt

2293 2369 2475 2415 autem
2507 2359 2583 2414 illi
2611 2358 2901 2429 quamdam
2936 2368 2957 2396 ο
2991 2355 3199 2435 μερίδα,
3233 2357 3285 2411 id
3336 2366 3449 2423 est,
3486 2357 3885 2425 portiunculam

2297 2452 2580 2517 castitatis,
2616 2449 2667 2505 id
2697 2459 2799 2517 est,
2833 2448 3218 2504 abstinentiam
3271 2450 3465 2515 carnis,
3513 2458 3569 2503 ut
3609 2458 3820 2503 tantum
3853 2463 3884 2502 ι

2294 2543 2439 2598 coitu
2468 2542 2746 2597 libidinem
2774 2550 3135 2597 coercerent:
3188 2542 3320 2596 hanc
3368 2550 3547 2594 autem
3595 2541 3879 2595 internam

2297 2636 2517 2701 mentis,
2544 2635 2837 2705 perfectam
2868 2650 2931 2689 ac
2961 2644 3268 2705 perpetuam
3286 2633 3521 2701 corporis
3545 2634 3873 2702 puritatem,

2293 2743 2399 2781 non
2429 2727 2602 2782 dicam
2652 2741 2818 2797 opere
2848 2728 3066 2799 assequi
3092 2744 3107 2794 ;
3140 2726 3237 2782 sed
3267 2741 3361 2781 nec
3389 2723 3625 2795 cogitare
3668 2739 3879 2795 potue-

1689 2859 1946 2916 ALARDI
1984 2859 2221 2916 GAZABI
2260 2862 2824 2920 COMMENTARIUS.

678 2977 705 3004 ι
738 2963 904 3019 Vetus
933 2958 1201 3016 cantilena
1251 2969 1345 3010 seu
1376 2954 1709 3024 querimonia
1752 2952 2183 3022 Pelagianorum,

606 3046 667 3095 ut
694 3036 827 3090 alias
855 3034 1053 3087 dictum
1077 3039 1180 3092 est,
1211 3027 1379 3096 posita
1411 3026 1596 3095 gratim
1619 3025 1969 3096 necessitate,
2016 3026 2187 3096 everti

606 3094 669 3165 ac
693 3106 896 3162 destrui
924 3102 1152 3155 liberum
1183 3094 1744 3151 hominis'arbitrium.
1786 3094 1991 3165 Quibus
2031 3111 2062 3149 e
2108 3095 2190 3148 di-

606 3164 765 3233 verso
808 3170 1153 3241 respondent,
1185 3168 1379 3241 Patres
1418 3182 1515 3241 per
1546 3167 1769 3241 gratiam
1826 3179 1930 3241 non
1963 3164 2187 3241 destrui,

608 3249 704 3305 sed
735 3234 915 3314 potius
934 3242 1114 3314 perlici
1144 3238 1377 3292 liberum
1405 3234 1689 3314 arbitrium
1721 3253 1743 3314 :_
1786 3234 1912 3314 quia
1937 3234 2079 3304 quod
2119 3250 2189 3314 e_x

608 3336 666 3374 se
688 3305 877 3372 etsuis
906 3305 1108 3366 viribus
1158 3323 1262 3362 non
1308 3316 1502 3374 potest,
1530 3321 1624 3373 per
1654 3305 1746 3358 Dei
1782 3306 2005 3374 gratiam
2049 3305 2190 3359 acci-

612 3362 1033 3459 “pit”titwpvossit.~
1050 3362 1124 3435 lita
1160 3380 1227 3459 Ι).ἒ
1250 3362 1876 3459 l_lieronyniusdn‘epist.
1918 3375 1984 3458 ad
2012 3376 2189 3459 Ctesi-
2217 3362 2263 3424 C

612 3444 871 3530 phonterjt
900 3454 1159 3530 adversus
1191 3444 1627 3530 Pelagianosnad
1673 3444 1801 3530 illud
1848 3446 2192 3530 asiotnna‘Pe:

612 3516 736 3597 lagii
764 3545 777 3581 :
814 3526 872 3581 Si
896 3523 1109 3597 alterius
1141 3535 1234 3587 ope
1263 3517 1503 3597 indigeo.
1537 3516 1946 3597 libertasnimmc
1970 3517 2192 3569 destrui-

611 3584 695 3653 tuii
724 3596 957 3662 arbitrii;
986 3584 1264 3660 eleganter
1293 3589 1362 3641 ita
1382 3584 1686 3662 respondet
1698 3603 1712 3640 :
1746 3584 1888 3640 Velle
1912 3596 1957 3640 et
1986 3603 2191 3662 currere

611 3686 781 3725 meum
807 3676 900 3732 est,
939 3656 1027 3719 sed
1058 3656 1226 3731 ipsum
1255 3674 1422 3732 meum
1450 3659 1559 3711 sine
1585 3656 1686 3732 Dei
1723 3673 1935 3732 semper
1968 3658 2190 3732 auxilio,

611 3759 711 3795 non
742 3740 835 3793 erit
866 3728 1053 3790 meum.
1079 3728 1153 3786 Et
1184 3729 1466 3799 Augustin.
1514 3729 1670 3794 epist.
1706 3728 1801 3783 89:
1837 3728 2092 3783 Voluntas
2122 3729 2189 3782 li-

612 3813 729 3865 bera
760 3818 900 3863 tanta
929 3805 1133 3861 liberior
1161 3810 1351 3873 quanto
1381 3801 1555 3853 sanior
1568 3815 1595 3873 :7
1616 3810 1757 3853 tanto
1799 3811 1969 3873 autem
2003 3800 2192 3873 sanior

611 3879 1024 3953 quanto_divinaz
1054 3870 1421 3953 misericordia:
1468 3871 2090 3953 gratiasquesubjectior.
2128 3870 2195 3924 Et

613 3941 749 4005 i'nfra
776 3950 1048 4004 :Liberum
1080 3944 1349 3997 arbitrium
1376 3958 1475 3993 non
1507 3942 1632 4013 ideo
1645 3941 1862 4013 tollitur.
1885 3941 2013 4011 quia
2038 3945 2194 4013 jupa-

614 4033 696 4076 tur
719 4039 737 4075 :
764 4022 850 4075 sed
863 4021 978 4074 ideo
1003 4019 1239 4088 juvatur,
1272 4014 1391 4080 quia
1411 4028 1513 4064 non
1528 4012 1760 4088 tollitur.
1797 4010 2060 4088 Quiqenim
2084 4010 2193 4088 Deo

615 4094 738 4146 dicit
766 4111 776 4144 :
804 4081 1028 4161 Adjutor
1056 4100 1197 4161 meus
1226 4094 1385 4161 esto,.
1415 4082 1709 4161 conﬂictum
1729 4098 1781 4161 se
1826 4081 1952 4161 velle
1982 4083 2196 4148 implere

612 4164 750 4233 quod
762 4152 964 4233 jussit;
1004 4156 1091 4212 sed
1122 4155 1185 4233 ab
1217 4154 1385 4233 coqui
1418 4152 1953 4233 jussitmdjutorium‘
1991 4166 2196 4233 poscere

614 4219 669 4303 ut
698 4219 877 4303 poEsit.
910 4219 1059 4303 Idem
1082 4225 1241 4303 epist.
1284 4219 1387 4301 105:
1404 4219 1433 4273 ς’
1454 4219 1605 4303 Quod
1636 4219 1834 4303 putant_
1857 4221 2051 4303 auferri
2099 4221 2196 4301 sibi

614 4291 829 4354 liberum
878 4291 1168 4358 arbitrium,
1198 4296 1241 4345 si
1265 4308 1353 4346 nec
1371 4292 1538 4357 ipsam
1550 4292 1733 4343 bonam
1753 4292 2067 4345 voluntatem
2083 4291 2196 4346 sine

614 4370 875 4441 adjutorio
904 4368 996 4419 Dei
1027 4365 1278 4441 hominem
1307 4361 1489 4414 habere
1515 4362 1882 4441 consenserint,
1911 4362 2197 4441 non_intel_-

616 4431 779 4511 lig'unt
811 4455 910 4492 non
942 4452 995 4511 se
1026 4435 1233 4511 ﬁrmare
1256 4432 1538 4511 humanum
1566 4432 1855 4511 arbitrium,
1886 4434 1974 4486 sed
2014 4431 2197 4511 impel-

616 4503 742 4574 le're,
767 4519 822 4563 ut
843 4526 931 4577 per
952 4503 1128 4577 inania
1153 4508 1365 4577 feratur.
1397 4518 1496 4554 non
1520 4503 1573 4554 in
1602 4504 1823 4577 Domino
1849 4512 2115 4577 tamquam
2144 4504 2198 4577 in

617 4572 759 4649 petra
786 4572 958 4649 stabili
983 4572 1280 4649 collocetur.
1306 4573 1687 4649 Prosper.cap.
1706 4572 1774 4649 58
1800 4572 2058 4649 adverSus
2074 4572 2199 4628 Col-

616 4645 862 4707 latorem:
898 4646 1019 4702 Non
1045 4645 1313 4700 conturbat
1337 4661 1425 4716 nos
1455 4646 1855 4711 superbientium
1882 4647 2055 4714 inepta
2076 4662 2200 4716 que-

2290 2958 2458 3026 qualis
2478 2957 2707 3028 corporis
2729 2966 2879 3025 atque
2910 2958 3152 3010 vitiorum
3172 2966 3338 3028 potest
3355 2973 3463 3028 esse
3486 2972 3631 3010 mens
3656 2958 3878 3020 domina,

2291 3029 2394 3099 veri
2424 3029 2521 3081 Dei
2548 3026 2736 3093 nescia,
2760 3043 2859 3099 nec
2890 3031 3002 3099 ejus
3034 3026 3250 3097 imperio
3280 3026 3595 3099 subjugata,
3622 3029 3714 3099 sed
3751 3028 3883 3099 vitio-

2291 3098 2506 3153 sissimis
2523 3098 2841 3151 da’monibus
2865 3096 3305 3165 corrumpentibus
3322 3096 3648 3167 prostituta?
3664 3096 3884 3151 Promde

2292 3172 2498 3223 virtutes
2529 3186 2657 3237 quas
2683 3169 2777 3222 sibi
2810 3168 2990 3221 habere
3019 3168 3239 3239 videtur,
3265 3185 3355 3239 per
3375 3185 3506 3236 quas
3534 3171 3754 3235 imperat
3777 3184 3879 3220 cor-

2293 3243 2403 3311 pori
2436 3251 2480 3293 et
2511 3241 2671 3311 vitiis,
2697 3240 2763 3292 ad
2782 3238 3041 3311 quodlibet
3070 3238 3462 3311 adipiscendum
3492 3240 3572 3292 vel
3598 3241 3880 3302 tenendum,

2294 3308 2396 3364 nisi
2438 3311 2506 3363 ad
2535 3308 2701 3361 Deum
2746 3308 3019 3376 retulerit,
3046 3310 3199 3361 etiam
3242 3310 3357 3379 ipsa
3386 3311 3511 3363 vitia
3558 3320 3680 3363 sunt
3725 3310 3885 3378 potius

2294 3396 2447 3448 quam
2476 3383 2705 3434 virtutes.
2740 3378 2879 3432 Nam
2903 3381 3015 3433 licet
3042 3396 3073 3431 a
3098 3379 3403 3448 quibusdam
3434 3391 3555 3433 tunc
3576 3397 3712 3433 vero:
3730 3390 3779 3431 et
3803 3379 3886 3433 ho-

2294 3461 2452 3506 nestae
2477 3460 2718 3517 putentur
2739 3467 2846 3503 esse
2867 3454 3095 3517 virtutes,
3119 3466 3234 3502 cum
3257 3450 3326 3503 ad
3348 3452 3546 3518 seipsas
3569 3451 3877 3520 referuntur,

2294 3538 2387 3575 nec
2415 3532 2624 3591 propter
2655 3522 3166 3592 aliudqexpetuntur,
3210 3521 3365 3574 etiam
3414 3530 3537 3574 tunc
3584 3523 3779 3591 inﬂatae
3824 3536 3881 3572 ac

2293 3590 2528 3661 superba:
2555 3601 2695 3659 sunt,
2723 3600 2770 3644 et
2798 3590 2917 3643 ideo
2946 3608 3047 3644 non
3071 3591 3299 3661 virtutes,
3331 3592 3421 3644 sed
3444 3592 3577 3661 vitia
3595 3590 3883 3659 judicanda

2294 3659 2434 3718 sunt.
2467 3663 2609 3717 ldem
2640 3662 2733 3717 lib.
2760 3676 2812 3732 tv
2832 3660 3379 3716 adversusJulianum
3404 3659 3559 3732 (Cap.
3583 3662 3663 3731 tu)
3684 3679 3696 3713 :
3721 3661 3881 3726 Absit,

2295 3734 2490 3804 inquit,
2515 3743 2567 3787 ut
2588 3732 2651 3786 sit
2672 3735 2735 3804 in
2758 3730 2931 3797 aliquo
2961 3748 3078 3785 vera
3099 3733 3278 3804 virtus,
3303 3730 3714 3804 nisi'sitjustus.
3748 3731 3885 3785 Absit

2295 3800 2465 3858 autem
2495 3812 2549 3857 ut
2570 3804 2632 3857 sit
2658 3803 2830 3871 justus
2858 3819 2993 3865 vere,
3017 3802 3115 3856 nisi
3135 3803 3269 3856 vivat
3306 3819 3369 3855 ex
3396 3800 3729 3868 [ideJJustus
3758 3804 3882 3855 enim

2296 3891 2361 3955 ea;
2385 3875 2489 3944 fide
2517 3873 2632 3955 vivit
2664 3873 2840 3955 (Rom.
2869 3874 2933 3955 t).
2969 3873 3095 3955 Quis
3126 3888 3293 3955 porro.
3321 3889 3501 3955 eorum
3526 3874 3627 3955 qui,
3653 3890 3707 3926 se
3739 3872 3880 3955 Chri-

2295 3943 2489 3999 stianos
2519 3943 2689 3997 haberi
2717 3943 2918 4009 volunt,
2946 3944 3047 3997 nisi
3073 3944 3171 3995 soli
3198 3943 3494 4013 Pelagiani,
3514 3946 3721 4014 justum
3745 3944 3882 3997 dixe-

2295 4017 2362 4096 rit
2392 4016 2673 4096 infidelem,
2700 4014 3128 4096 justumndigcerit
3173 4015 3423 4096 impium;
3448 4017 3661 4096 justum

2297 4081 2502 4156 diabolo
2549 4081 2929 4156 mancipatum?
2970 4085 3037 4137 sit
3083 4085 3196 4138 licet
3222 4081 3323 4156 ille
3355 4081 3653 4156 Fabricius,
3680 4085 3745 4138 sit
3766 4086 3877 4156 licet

2298 4155 2515 4221 Fabius,
2536 4158 2599 4211 sit
2628 4153 2740 4208 licet
2770 4153 3052 4222 Scipio.sit
3077 4156 3188 4208 licet
3212 4154 3582 4225 Regulus,etc.
3611 4155 3678 4209 Et
3702 4153 3833 4207 infra
3859 4170 3874 4211 :

2298 4228 2441 4280 Absit
2472 4235 2527 4281 ut
2577 4226 2784 4279 virtutes
2832 4240 2963 4279 verat
3010 4226 3247 4289 cuiquam
3290 4228 3549 4291 serviant,
3591 4227 3689 4280 nisi
3726 4225 3801 4278 illi
3830 4235 3877 4280 et

2297 4309 2503 4369 propter
2534 4295 2680 4349 illum
2709 4297 2792 4369 cui
2813 4296 3069 4369 dicimus;
3088 4294 3227 4349 Deus
3250 4295 3515 4361 virtutum,
3537 4305 3877 4369 convertenos

2299 4365 2470 4433 (Psal.
2504 4370 2707 4431 Lxxtx).
2745 4365 2978 4419 Proinde
3004 4367 3248 4431 virtutes,
3277 4382 3390 4434 qua:
3417 4367 3715 4420 carnalibus
3750 4366 3877 4420 delc-

2298 4437 2600 4491 ctotionibus
2624 4478 2637 4499 ,
2666 4437 2744 4491 vel
2783 4436 3062 4506 quibusque
3108 4436 3387 4490 commodis
3433 4446 3481 4491 et
3522 4438 3876 4490 emolumentis

2301 4509 2664 4579 temporalibus
2694 4509 2937 4579 serviunt,
2973 4522 3105 4560 verae
3132 4523 3341 4578 prorsus
3364 4524 3464 4561 esse
3495 4522 3594 4557 non
3638 4516 3873 4575 possunt.

2303 4577 2430 4643 om
2451 4589 2619 4632 autem
2652 4577 2784 4632 nulli
2816 4579 2886 4631 rei
2902 4579 3087 4631 servire
3105 4579 3305 4642 volunt,
3328 4594 3409 4630 nec
3430 4579 3549 4643 ipsa:
3575 4590 3707 4627 verte
3729 4586 3872 4630 sunt.

2310 4650 2462 4703 Verte
2480 4651 2670 4719 quippe
2697 4650 2901 4702 virtutes
2927 4648 3032 4702 Deo
3059 4650 3283 4719 serviunt
3304 4649 3359 4701 in
3390 4646 3689 4719 hominibus,
3720 4663 3752 4699 a
3777 4662 3874 4715 quo

616 4723 859 4796 rimonia,
893 4737 991 4796 quo
1034 4718 1247 4796 liberum
1276 4715 1541 4768 arbitrium
1580 4717 2121 4796 causant_ur_au_ferri;
2152 4717 2197 4770 si
2225 4736 2277 4796 D
2301 4715 2556 4796 donantur
2580 4715 2891 4796 hominibus.
2924 4719 3048 4796 Haec
3078 4717 3145 4775 de
3175 4720 3470 4796 virtutibus
3496 4719 3548 4771 in
3571 4717 3875 4771 universum

617 4805 664 4848 et
694 4792 970 4863 principia,
1002 4798 1049 4863 e_t
1074 4788 1351 4863 profectus,
1387 4789 1837 4863 et-perseveranlia
1861 4790 1919 4863 in
1950 4787 2091 4863 bonis
2112 4805 2198 4863 us-

617 4857 713 4935 que
736 4864 787 4915 in
808 4862 983 4935 ﬁnem,
1016 4858 1103 4911 Dei
1132 4857 1271 4935 dona
1289 4873 1406 4935 esse
1426 4858 1695 4935 dicantur:
1717 4860 1956 4927 quoniam
1969 4857 2202 4935 Dpitula-

622 4927 1021 4988 iioncs'divinaa
1069 4929 1257 4999 gratis:
1310 4927 1676 4982 stabilimenta
1732 4941 1857 4983 sunt
1903 4928 2201 4984 voluntatis

622 5008 890 5059 humanae.

693 5075 718 5113 δ
750 5075 900 5142 Quod
933 5073 998 5127 de
1025 5071 1270 5126 castitate
1303 5069 1389 5123 hic
1419 5068 1646 5142 dicitur,
1696 5068 1751 5122 id
1799 5070 2102 5142 generatim
2133 5068 2203 5124 de

620 5140 909 5200 virtutibus
940 5142 1236 5197 moralibus
1263 5140 1456 5194 astruit
1500 5140 1562 5193 D.
1610 5141 1961 5209 Augustinus,
2003 5141 2201 5194 nullam

621 5220 671 5272 in
707 5215 1061 5286 philosophis,
1094 5228 1156 5267 ac
1182 5212 1395 5286 caeteris
1421 5211 1733 5286 gentilibus,
1757 5225 1852 5263 seu
1872 5211 2194 5286 inﬁdelibus,

620 5280 964 5359 quantumvis
998 5302 1024 5336 a
1055 5286 1254 5359 virtute
1301 5280 1614 5359 celebratis,
1645 5295 1845 5359 veram
1875 5282 2121 5359 absolute
2148 5288 2203 5335 et

621 5349 837 5427 proprie
856 5358 1048 5409 dictam
1077 5353 1243 5427 fuisse
1262 5352 1552 5427 virtutem,
1571 5349 1666 5405 sed
1692 5360 1784 5403 aut
1806 5353 2203 5427 simulatamket

619 5420 1019 5490 adumbratam,
1051 5434 1141 5477 aut
1173 5423 1472 5477 inchoatam
1523 5424 1803 5475 dumtaxat
1845 5431 1897 5475 et
1948 5420 2201 5491 imperfe-

618 5511 783 5553 ctam.
812 5498 904 5553 Sic
941 5499 1081 5548 enim
1114 5494 1188 5547 ait
1219 5494 1291 5546 lib
1340 5508 1424 5546 xu
1456 5492 1523 5546 de
1552 5491 1782 5545 Civitnte
1811 5491 1903 5544 Dei
1931 5506 2052 5558 cap.
2084 5492 2197 5545 25:

624 5570 915 5636 Quamlibet
946 5566 1178 5619 videatur
1203 5564 1403 5615 animus
1433 5563 1669 5636 corpori,
1693 5572 1741 5615 et
1764 5561 1897 5614 ratio
1923 5562 2057 5636 vitiis
2073 5559 2203 5636 lau-

620 5630 858 5693 ddbiliter
886 5639 1161 5703 imperare,
1185 5636 1227 5687 si
1256 5644 1419 5686 tamen
1450 5630 1557 5683 Deo
1586 5633 1805 5703 animus,
1839 5640 1884 5682 et
1905 5632 2040 5683 ratio
2065 5633 2193 5702 ipsa,

618 5725 720 5762 non
746 5711 918 5768 servit,
949 5701 1077 5757 sicut
1104 5705 1201 5757 sibi
1228 5704 1546 5773 serviendum
1575 5718 1680 5754 esse
1710 5701 1847 5755 Deus
1870 5703 1975 5769 ipse
2012 5701 2202 5773 prlece-

620 5780 715 5849 pit,
748 5776 891 5828 nullo
919 5775 1070 5827 modo
1116 5774 1319 5840 corpori
1364 5772 1596 5841 vitiisque
1624 5781 1756 5823 recte
1786 5770 2025 5839 imperat.
2063 5770 2205 5828 Nam

2304 4790 2368 4846 D.
2402 4792 2750 4858 Augustinus.
2786 4790 2953 4844 Porro
3001 4790 3067 4843 de
3115 4791 3443 4844 continentia
3490 4803 3588 4843 seu
3635 4792 3872 4843 castitate

2304 4860 2578 4929 speciatim
2625 4861 2767 4914 idem
2809 4860 2970 4915 docet
2996 4860 3184 4916 eodem
3235 4861 3375 4923 loco,
3430 4861 3571 4915 inter
3618 4859 3723 4913 alia
3749 4859 3875 4912 scri-

2304 4932 2435 4986 bens
2467 4947 2479 4983 :
2526 4929 2585 4985 Si
2615 4947 2791 5002 veram
2822 4932 3081 5002 justitiam
3106 4948 3209 4984 non
3234 4930 3421 4982 habent
3458 4930 3627 5001 impii,
3660 4929 3874 5001 profecto

2304 5019 2395 5055 nec
2420 5001 2552 5053 alias
2577 5001 2785 5055 virtutes
2814 5001 3022 5054 comites
3047 5004 3155 5074 ejus
3194 5010 3240 5074 et
3267 5002 3465 5074 socias;
3501 5002 3623 5074 quia
3638 5017 3757 5074 cum
3781 5017 3874 5074 non

2305 5074 2373 5126 ad
2400 5087 2547 5125 suum
2581 5074 2868 5142 referuntur
2896 5069 3155 5126 auctorem
3185 5072 3320 5125 dona
3350 5069 3470 5136 Dei,
3500 5069 3599 5142 hoc
3629 5073 3742 5139 ipso
3764 5073 3875 5123 mali

2307 5144 2385 5196 his
2414 5150 2611 5213 utentes
2637 5139 2923 5212 efﬁciuntur
2944 5143 3153 5213 injusti;
3181 5152 3228 5196 et
3270 5144 3313 5195 si
3340 5158 3472 5211 quas
3502 5139 3719 5201 habent.
3742 5157 3874 5194 veras

2310 5230 2409 5267 non
2434 5212 2649 5280 habent,
2682 5230 2741 5265 ac
2769 5228 2857 5279 per
2896 5212 3001 5267 hoc
3035 5230 3131 5267 nec
3164 5212 3477 5267 continentia
3508 5213 3613 5265 sive
3644 5212 3874 5282 pudicitia

2307 5298 2427 5337 vera
2460 5292 2537 5337 est
2558 5283 2625 5335 im
2635 5284 2851 5351 piorum.

2384 5364 2405 5391 ε
2433 5354 2717 5432 piacOttitts
2762 5353 2892 5432 legit
2920 5358 3144 5432 μερικὴν,
3298 5352 3748 5432 θείηῃπιίξιιετη,
3776 5352 3875 5406 sive

2309 5424 2594 5499 partitam,
2641 5426 2753 5477 sive
2780 5423 3169 5499 imperfectam.
3198 5424 3307 5499 Est.
3332 5424 3486 5499 enim
3536 5425 3710 5499 μέρις,
3736 5436 3874 5499 pars,

2350 5494 2606 5558 articula;
2654 5492 2872 5566 μερικήξ
2908 5495 3124 5566 partita,
3181 5492 3494 5566 dimidiata,
3537 5492 3874 5566 imperfecta.

2309 5508 2606 5619 garttcuta;
2654 5508 2856 5616 psfmn.
2899 5508 3124 5618 partita,
3181 5508 3494 5562 atmtotata,
3554 5508 3874 5564 tmpertecta.

2357 5565 2405 5618 ic
2435 5566 2659 5631 exponit
2687 5580 2713 5616 a
2740 5567 2852 5617 thas
2932 5577 3136 5618 oannes
3182 5563 3362 5617 collat.
3396 5563 3464 5619 l9
3498 5578 3619 5633 cap.
3665 5562 3699 5617 9
3732 5580 3745 5616 :
3784 5560 3876 5615 Sed

2306 5634 2430 5698 hac,
2462 5636 2629 5703 inquit
2648 5678 2684 5710 ,_
2711 5642 2886 5710 μερυςή
2909 5676 2921 5699 ,
2954 5634 3011 5686 id
3035 5644 3143 5710 est,_
3174 5651 3273 5710 non
3302 5634 3358 5710 in
3396 5634 3633 5687 omnibus
3661 5646 3873 5686 consum-

2308 5717 2446 5758 mata
2475 5705 2737 5777 perfectio,
2762 5705 2850 5758 sed
2881 5720 2998 5773 pars
3026 5705 3351 5774 perfectionis
3381 5710 3476 5762 est.
