4048 6198
628 324 725 381 907

1672 312 1962 369 JOANNIS
1997 307 2315 369 CASSIANI
2350 302 2846 364 COLLATIONES.

3831 301 3934 358 903

629 433 878 507 pertinei,
906 448 1000 502 per
1017 446 1075 487 se
1097 431 1290 495 solam,
1307 430 1359 484 id
1377 438 1476 496 est,
1507 428 1624 483 sine
1643 428 1912 498 adjutorio
1938 427 2034 483 Dei
2057 440 2219 496 posse
2250 435 2296 495 Α
2323 422 2617 496 peragendi
2644 430 2848 476 nostra:
2871 417 3115 489 subjacet
3139 417 3441 489 potestati?
3468 416 3612 474 Nam
3638 429 3831 487 neque
3852 435 3932 475 re-

629 528 910 598 perlicere,
943 533 967 569 ο
998 526 1050 579 in
1084 524 1233 579 nullo
1260 523 1421 579 modo
1451 534 1628 578 tamen
1654 522 1956 578 evidentius
1978 535 2137 591 quam
2167 519 2218 573 in

630 618 988 688 acquisitione
1027 625 1190 686 atque
1220 614 1469 671 custodia
1501 615 1765 671 castitatis
1794 610 2123 669 ostenditur.
2152 609 2223 666 Ut

629 713 772 770 enim
804 712 1066 781 tantisper
1094 710 1161 767 de
1186 709 1511 781 integritatis
1541 709 1658 779 ejus
1683 708 2005 764 difﬁcultate
2035 706 2222 775 dispu-

632 806 766 862 tatio
807 802 1107 871 differatur,
1142 802 1209 859 de
1236 801 1611 859 instrumentis
1653 800 1771 871 ejus
1804 799 2046 856 breviter
2076 798 2220 852 inte-

630 897 734 953 rim
764 895 1124 966 disputemus.
1167 896 1298 964 Quis
1347 894 1672 965 praevaleat,
1726 908 1944 963 qumso,
1974 890 2223 963 quamvis

630 990 850 1046 fervens
876 989 1095 1059 spiritu,
1136 989 1221 1044 vel
1261 988 1574 1059 squalorem
1603 987 1940 1055 solitudinis,
1984 986 2068 1041 vei
2095 983 2223 1039 sicci

635 1083 811 1155 panis,
858 1096 968 1137 non
996 1080 1193 1149 dicam,
1228 1080 1597 1151 quotidianam
1637 1079 1893 1144 esuriem,
1926 1077 2020 1133 sed
2049 1077 2223 1147 ipsam

631 1173 997 1240 saturitatem,
1045 1173 1189 1229 nulla
1244 1171 1528 1228 hominum
1568 1172 1730 1227 laude
1782 1169 2063 1237 suﬁ‘ultus,
2114 1170 2226 1223 suis

633 1266 839 1324 viribus
868 1264 1187 1322 sustinere?
1233 1264 1355 1336 quis
1384 1280 1541 1337 aquae
1589 1274 1907 1336 perpetuam
1938 1264 2081 1320 sitim
2110 1262 2227 1319 sine

635 1358 857 1415 Domini
905 1359 1285 1414 consolatione
1315 1358 1585 1415 tolerare?
1618 1359 1880 1429 illumque
1910 1358 2123 1413 dulcem
2165 1370 2229 1411 ac

634 1451 1019 1509 delectabilem
1046 1452 1369 1507 matutinum
1416 1466 1672 1523 soporem
1704 1450 1956 1506 humanis
1994 1448 2227 1505 fraudari

633 1547 828 1612 oculis,
857 1554 910 1601 et
935 1542 963 1582 δ
992 1544 1130 1600 intra
1165 1544 1431 1599 terminos
1460 1544 1717 1600 horarum
1748 1552 1981 1614 quatuor
2011 1556 2226 1598 omnem

635 1639 830 1710 quietis
855 1637 1206 1694 refectionem
1230 1637 1344 1709 jugi
1360 1641 1533 1711 possit
1563 1639 1681 1709 iege
1704 1638 2074 1695 concludere?
2096 1636 2229 1704 Quis

634 1734 1034 1790 indesinentem
1074 1731 1329 1786 lectionis
1358 1733 1709 1788 instantiam?
1741 1735 1860 1803 quis
1892 1734 2229 1788 irremissam

2326 518 2583 574 motionis
2627 514 2947 582 silentium,
2997 528 3097 568 nec
3145 511 3519 568 districtiones
3568 510 3925 581 ieiuniorum.

2323 625 2423 666 nec
2444 607 2695 664 lectionis
2720 605 3063 674 instantiam,
3088 604 3183 661 illo
3202 605 3362 661 etiam
3385 613 3648 675 tempore
3676 620 3795 676 quo
3820 621 3927 675 pos-

2323 718 2535 773 sumus,
2569 717 2671 773 pro
2700 709 2891 757 nostro
2916 700 3144 757 arbitrio
3169 709 3534 767 retentamus,
3564 698 3668 754 sed
3712 698 3929 771 quibus-

2325 797 2451 852 dam
2481 795 2893 851 occurrentibus
2919 795 3120 863 causis,
3145 794 3309 850 etiam
3337 793 3656 849 invitissimi
3680 795 3930 866 frequen-

2328 901 2409 947 ter
2457 889 2789 947 retrahimur
2833 904 2863 943 a
2912 889 3237 945 salutaribus
3265 888 3557 956 institutis,
3594 888 3675 944 ita
3726 899 3828 951 ut,
3858 892 3929 943 rei

2326 987 2451 1057 loci,
2480 986 2571 1042 vel
2600 986 2860 1055 temporis
2884 986 3097 1055 copiam
3127 984 3183 1039 in
3212 999 3323 1054 quo
3354 983 3470 1039 haec
3501 997 3783 1040 exercere
3823 1000 3929 1055 pos-

2327 1078 2522 1145 simus,
2557 1093 2784 1135 necesse
2837 1078 2907 1133 sit
2959 1092 3062 1132 nos
3116 1092 3148 1132 a
3199 1075 3432 1131 Domino
3462 1075 3783 1146 deprecari,
3842 1092 3929 1131 nec

2323 1169 2583 1227 sufﬁcere
2635 1169 2792 1224 nobis
2827 1168 2881 1224 id
2924 1169 3069 1240 quod
3110 1183 3402 1239 possumus
3438 1176 3651 1223 certum
3692 1177 3805 1235 est,
3840 1170 3931 1223 nisi

2329 1265 2491 1321 etiam
2539 1265 2920 1336 opportunitas
2968 1262 3258 1335 peragendi
3310 1278 3375 1319 ea
3405 1279 3527 1333 quae
3559 1263 3722 1319 nobis
3757 1265 3933 1334 utique

2330 1356 2609 1426 possibilia
2640 1365 2802 1424 sunt,
2833 1372 2863 1411 a
2895 1357 3125 1412 Domino
3169 1356 3441 1412 tribuatur
3466 1397 3481 1422 ,
3533 1356 3602 1411 de
3649 1358 3854 1426 quibus
3887 1368 3932 1413 et

2330 1449 2650 1519 Apostolus,
2685 1448 2943 1517 Quoniam
2972 1448 3249 1516 voluimus,
3285 1448 3485 1518 inquit,
3516 1450 3691 1503 venire
3729 1450 3812 1501 ad
3856 1467 3933 1503 res

2332 1552 2379 1598 et
2408 1544 2561 1598 semel
2581 1552 2627 1597 et
2652 1542 2877 1611 iterum,
2923 1551 2971 1597 et
3015 1543 3276 1615 impedivit
3318 1558 3413 1596 nos
3441 1542 3737 1614 Satanas(l
3774 1542 3931 1598 Thes.

2330 1636 2436 1708 ιι);
2476 1637 2547 1691 ita
2579 1646 2638 1692 ut
2668 1651 3076 1707 nonnumquam
3110 1651 3209 1693 nos
3255 1637 3420 1692 etiam
3465 1637 3678 1693 utiliter
3704 1636 3775 1692 ab
3821 1638 3932 1694 istis

2333 1730 2671 1801 spiritalibus
2700 1728 3001 1786 sentiamus
3022 1729 3216 1785 studiis
3242 1731 3481 1795 avocari,
3511 1740 3567 1785 ut
3586 1731 3715 1786 dum
3746 1731 3933 1787 nolen-

636 1828 819 1897 operis
849 1825 1226 1892 sedulitatem,
1260 1825 1469 1880 nullum
1499 1828 1786 1897 praesentis
1814 1826 1951 1881 lucri
1984 1840 2233 1881 commo-
2262 1838 2311 1907 Β
2337 1824 2484 1880 tibus
2529 1825 2687 1881 nobis
2719 1825 3133 1894 interrumpitur
3161 1824 3335 1879 nostri
3378 1839 3572 1880 cursus
3604 1828 3859 1889 intentio,
3883 1838 3932 1881 et

636 1918 763 1973 dum
794 1925 1052 1986 captans,
1102 1916 1309 1986 absque
1359 1916 1457 1971 Dei
1494 1916 1666 1986 gratia
1716 1920 1934 1988 explere
1963 1915 2232 1971 sufﬁciat?

637 2010 768 2078 Quae
795 2009 977 2065 omnia
1019 2009 1159 2064 sicut
1188 2008 1489 2065 desiderari
1519 2023 1549 2064 a
1597 2009 1753 2065 nobis
1780 2008 1983 2081 jugiter
2027 2010 2233 2081 absque

637 2102 825 2157 divina
870 2100 1230 2170 inspiratione
1272 2116 1379 2157 non
1411 2101 1772 2171 possuntpita
1802 2116 1873 2157 ne
1900 2102 2091 2171 perﬁci
2116 2101 2236 2173 qui-

638 2197 762 2254 dem
800 2196 919 2254 sine
948 2196 1069 2267 ejus
1096 2195 1299 2252 auxilio
1338 2196 1619 2263 ullatenus
1659 2203 1885 2268 queunt.
1934 2196 1998 2252 Et
2027 2205 2088 2255 ut
2117 2195 2234 2252 haec

639 2291 832 2348 eadem
860 2305 970 2347 non
1000 2291 1178 2347 solum
1212 2290 1443 2362 probata
1483 2290 1644 2347 nobis
1689 2291 2043 2363 experientiae
2074 2290 2237 2346 disci-

638 2386 810 2457 plina,
843 2384 940 2445 sed
968 2386 1131 2442 etiam
1161 2384 1328 2442 certis
1360 2384 1578 2441 indiciis
1610 2393 1667 2441 et
1694 2384 2026 2456 argumentis
2055 2383 2233 2439 mani-

639 2479 867 2537 festiora
891 2479 1202 2545 reddamus,
1237 2494 1418 2537 nonne
1453 2481 1507 2534 in
1539 2480 1726 2537 multis
1756 2495 1875 2550 quae
1906 2479 2110 2534 utiliter
2141 2493 2237 2551 op-

641 2581 817 2635 tamus
845 2571 1097 2649 implere,
1119 2585 1243 2633 cum
1266 2570 1521 2628 desiderii
1554 2572 1747 2642 plenus
1776 2571 1940 2631 ardor
1962 2585 2024 2628 ac
2048 2570 2239 2633 volun-

642 2672 725 2727 tas
755 2663 995 2734 perfecta
1024 2679 1134 2720 non
1164 2664 1330 2731 desit,
1356 2665 1705 2735 interpellans
1738 2681 2088 2738 quaecumque
2130 2666 2238 2722 fra—

640 2756 822 2827 gilitas
854 2764 1032 2811 cassat
1059 2766 1185 2812 vota
1235 2766 1535 2829 concepta,
1585 2773 1685 2817 nec
1731 2760 2012 2831 proposito
2052 2769 2236 2815 nostro

640 2850 849 2913 assistit
874 2851 1125 2919 effectus.
1146 2850 1252 2915 nisi
1280 2852 1451 2915 virtus
1483 2852 1805 2923 perﬁciendi
1834 2853 2049 2915 Domini
2078 2854 2240 2917 fuerit

639 2944 992 3007 miseratione
1019 2946 1241 3013 donata,
1272 2946 1347 3005 ita
1377 2956 1436 3002 ut
1465 2962 1590 3003 cum
1620 2948 1691 3003 sit
1724 2948 2008 3023 innumera
2054 2948 2240 3004 multi-

642 3038 774 3095 tudo
796 3038 1009 3094 illorum
1039 3042 1129 3110 qui
1157 3041 1394 3097 ﬁdeliter
1420 3041 1679 3097 virtutum
1702 3044 1895 3109 studiis
1925 3044 2237 3100 desiderent

639 3130 928 3198 inhaerere,
960 3146 1222 3193 summam
1254 3143 1436 3191 tamen
1472 3149 1660 3195 eorum
1690 3136 1783 3206 qui
1825 3136 1941 3197 haec
1968 3136 2237 3206 perﬁcere

2337 1917 2641 1973 inﬁrmitati
2691 1919 2873 1975 carnis
2921 1917 3067 1974 aliud
3115 1918 3447 1987 relaxamus,
3483 1914 3646 1974 etiam
3676 1921 3829 1975 inviti
3872 1921 3932 1975 ad

2338 2011 2630 2067 salutarem
2676 2012 3140 2084 perseverantiam
3180 2027 3547 2067 reservemur.
3579 2013 3651 2067 De
3676 2029 3780 2083 qua
3822 2014 3933 2067 dis-

2338 2105 2660 2176 pensatione
2702 2106 2822 2173 Dei,
2874 2105 3056 2161 simile
3103 2104 3309 2175 aliquid
3355 2104 3545 2161 beatus
3589 2104 3931 2175 Apostolus:

2340 2197 2561 2269 Propter
2588 2200 2744 2271 quod,
2772 2200 2968 2268 inquit,
2995 2208 3070 2252 ter
3088 2196 3367 2253 Dominum
3395 2200 3587 2270 rogavi,
3619 2208 3674 2253 ut
3698 2199 3931 2254 discede-

2340 2300 2415 2353 ret
2443 2308 2476 2343 a
2506 2308 2623 2359 me;
2647 2300 2697 2345 et
2724 2292 2853 2353 dixit
2890 2292 3017 2345 nti/ti
3040 2308 3056 2344 :
3088 2292 3289 2361 Sufﬁcit
3330 2292 3420 2346 tibi
3446 2294 3613 2366 gratia
3639 2309 3787 2361 mea;
3816 2312 3930 2348 nam

2340 2386 2500 2443 virtus
2527 2388 2581 2441 in
2603 2388 2902 2456 inﬁrmitate
2933 2387 3201 2457 perﬁcitur
3226 2387 3435 2458 (IlCor.
3461 2386 3581 2458 stt).
3608 2387 3675 2445 Et
3699 2390 3931 2444 iterum:

2344 2476 2487 2544 Quid
2511 2483 2647 2532 enim
2675 2496 2879 2535 oremus
2896 2521 2910 2547 ,
2934 2482 3222 2537 secundum
3250 2480 3381 2553 quod
3408 2489 3603 2551 oportet
3622 2523 3636 2547 ,
3670 2483 3934 2537 nescimus

2342 2570 2531 2643 (Rom.
2556 2573 2697 2644 Vili).

2956 2666 3186 2729 CAPUT
3215 2667 3321 2726 VII.

2344 2758 2422 2814 De
2448 2758 2728 2830 principati
2746 2761 3015 2831 proposito
3042 2761 3162 2828 Dei,
3192 2772 3237 2817 et
3266 2760 3578 2835 providentia
3604 2763 3928 2833 quotidiana.

2414 2851 2760 2929 Propositum
2792 2868 3025 2923 namque
3057 2854 3172 2923 Dei,
3189 2870 3297 2927 quo
3321 2869 3424 2910 non
3447 2854 3514 2911 ob
3533 2853 3638 2909 hoc
3660 2853 3926 2911 hominem

2342 2942 2553 3007 fecerat
2571 2954 2629 3007 ut
2656 2946 2881 3015 periret,
2914 2947 3009 3009 sed
3038 2957 3097 3004 ut
3123 2948 3177 3003 in
3211 2959 3535 3019 perpetuum
3563 2950 3793 3019 viveret,
3824 2966 3924 3006 ma-

2343 3046 2438 3094 net
2477 3038 2778 3101 immobile.
2820 3037 2989 3110 Cujus
3016 3041 3321 3113 benignitas
3343 3054 3365 3083 ε
3394 3058 3519 3101 cum
3548 3042 3710 3098 bona:
3750 3043 3925 3097 votum

2342 3133 2474 3203 tatis
2492 3132 2544 3203 in
2576 3132 2732 3194 nobis
2755 3134 3309 3209 quantulumcumque
3330 3137 3621 3192 scintillam
3653 3136 3924 3193 emicuisse

639 3226 727 3283 vel
749 3225 984 3283 tolerare
1006 3227 1360 3296 praevaleant,
1388 3228 1636 3283 invenias
1665 3229 1943 3286 raritatem
1973 3247 1986 3282 :
2011 3240 2070 3285 ut
2098 3246 2236 3301 pm-
2264 3234 2313 3300 ο
2345 3229 2708 3298 perspexerit,
2740 3228 2825 3285 vel
2855 3245 3017 3300 quam
3060 3230 3178 3300 ipse
3209 3240 3487 3302 tamquam
3530 3232 3598 3288 de
3625 3232 3761 3289 dura
3785 3232 3925 3287 silice

640 3321 935 3376 termittam
979 3320 1125 3391 quod
1157 3336 1226 3378 ne
1256 3329 1381 3379 tunc
1410 3323 1650 3392 quidem,
1677 3338 1802 3378 cum
1835 3324 2057 3379 omnino
2088 3325 2233 3380 nulla

642 3427 743 3471 nos
768 3423 918 3477 arcet
946 3412 1234 3477 inﬁrmitas
1254 3454 1269 3480 ,
1294 3413 1524 3477 facultas
1554 3413 1807 3473 universa
1836 3430 1957 3486 quae
1984 3416 2235 3477 volumus

2344 3324 2517 3380 nostri
2541 3325 2725 3381 cordis
2750 3325 3075 3392 excusserit,
3105 3325 3363 3383 confovet
3390 3341 3512 3383 eam
3537 3336 3593 3383 et
3617 3327 3925 3392 exsuscitat,

2342 3432 2547 3489 suaque
2574 3419 2927 3491 inspiratione
2948 3419 3238 3490 confortat,
3259 3416 3285 3458 δ
3311 3421 3487 3479 t'oletts
3511 3437 3687 3476 omnes
3704 3420 3927 3475 homines

1708 3531 1968 3591 ALARDI
2007 3532 2237 3589 GAZ/El
2273 3532 2850 3594 COMMENTARIUS.

640 3652 707 3707 ad
731 3648 1195 3721 iustiﬁcationem,
1222 3648 1450 3721 gratiam
1477 3655 1533 3721 e_t
1558 3647 1786 3721 salutem
1809 3650 2229 3717 promerendam

641 3718 941 3792 pertineat;
973 3728 1030 3777 at
1057 3718 1359 3792 nonposse
1390 3718 1523 3792 illud
1553 3720 1840 3792 perficere,
1872 3728 1926 3775 et
1954 3721 2020 3774 ad
2051 3722 2229 3790 perfe-

640 3791 834 3850 ctionis
865 3793 1024 3849 ﬁnem
1057 3791 1374 3862 perducere,
1421 3791 1540 3846 sine
1566 3791 1787 3860 speciali
1817 3800 1871 3846 et
1901 3802 2229 3861 supernatu-

641 3866 743 3923 rali
769 3866 969 3921 auxilio
989 3864 1105 3919 Dei.
1137 3867 1204 3918 At
1233 3862 1497 3918 catholica
1518 3862 1719 3917 veritas
1744 3863 1901 3917 docet
1921 3879 2026 3918 non
2052 3865 2227 3918 solum

641 3951 1008 4007 progressum,
1036 3934 1423 4000 perfectionem
1446 3944 1499 3987 et
1523 3934 2045 4007 consummationem
2070 3937 2231 3989 virtu-

642 4004 766 4065 tum
777 4015 832 4062 et
858 4008 1125 4065 honorum
1155 4020 1411 4072 onerum,
1446 4004 1543 4057 sed
1579 4015 1632 4058 et
1662 4004 1839 4073 ipsum
1869 4005 2080 4059 initium
2099 4049 2113 4069 ,
2149 4007 2232 4061 in-

642 4079 1006 4138 choationem.
1032 4076 1386 4139 desiderium,
1412 4074 1592 4136 ﬁdem,
1615 4077 1939 4139 orationem,
1974 4076 2069 4131 Dei
2088 4078 2230 4131 dona

643 4164 785 4215 esse,
818 4159 872 4203 et
898 4164 927 4202 a
958 4146 1055 4202 Dei
1079 4147 1247 4216 gratia
1275 4147 1529 4215 pendere.
1562 4143 1739 4212 Atque
1772 4145 1827 4216 in
1856 4145 1958 4199 hoc
1981 4156 2093 4201 tota
2120 4147 2231 4203 fere

642 4218 890 4275 consistit
915 4215 1286 4273 controversia
1308 4217 1372 4270 D.
1398 4215 1648 4283 Prosperi
1675 4224 1729 4269 et
1749 4215 1977 4270 aliorum
2006 4216 2230 4273 Patrum

644 4289 907 4343 adversus
932 4286 1248 4341 Cassianum
1290 4294 1517 4356 ejusque
1554 4287 1730 4356 socios
1773 4285 2003 4344 clericos
2043 4288 2232 4343 Massi-

644 4357 1013 4483 lienfes,bquae
1052 4356 1108 4410 in
1150 4354 1443 4427 progressu
1478 4354 1638 4425 hujus
1674 4356 1977 4413 collationis
2016 4360 2231 4428 plenius

645 4443 751 4483 exn
775 4442 854 4482 tea
895 4440 1018 4483 itur.

645 4440 1018 4496 espttcanttur.

715 4508 742 4538 ι
774 4498 914 4555 idem
953 4497 1221 4567 superiori
1258 4499 1440 4555 collat.
1468 4514 1587 4569 cap.
1619 4500 1824 4568 penult.
1857 4509 1912 4556 et
1954 4502 2073 4569 uit.,
2100 4504 2231 4559 alibi

643 4570 843 4639 saepius
866 4570 1211 4627 inculcatum.

714 4639 742 4679 ι)
782 4640 896 4697 Hoc
930 4643 1075 4697 enim
1112 4642 1255 4697 inter
1288 4642 1394 4697 alia
1433 4641 1697 4710 perfectae
1737 4653 1791 4699 et
1838 4656 2229 4701 consummatae

643 4714 913 4769 castitatis
957 4714 1337 4781 comparandae
1380 4713 1557 4769 media
1602 4715 1715 4769 sive
1746 4716 2103 4773 instrumenta
2142 4734 2231 4772 re-

640 4785 854 4841 censuit
902 4784 1231 4856 prmeedenti
1274 4786 1456 4845 colles.
1489 4802 1503 4840 :
1536 4786 1597 4841 Si
1623 4788 1842 4856 quietem
1869 4789 2034 4843 somni
2072 4790 2231 4843 trium

640 4856 851 4930 sive_(ut
875 4854 967 4930 alii
996 4856 1313 4930 statuerunt).
1335 4854 1829 4930 quatuorﬁérarum
1857 4862 2021 4930 spatio
2049 4862 2230 4915 termi—

2334 3650 2531 3724 volebot
2569 3654 2709 3724 circa
2741 3668 2888 3711 mane
2919 3661 3125 3724 prapter
3178 3661 3378 3708 naturae
3427 3653 3771 3724 necessitatem
3807 3656 3923 3709 dor-

2334 3723 2492 3796 mire.
2510 3723 2713 3796 dicebat
2744 3739 2959 3785 somno:
2996 3723 3143 3791 Veni,
3176 3740 3315 3781 serve
3343 3723 3515 3787 male;
3546 3736 3593 3779 et
3619 3728 3923 3796 surripiebat

2334 3793 2633 3867 pauxillum
2672 3796 2836 3867 somni
2878 3796 3124 3867 sedendo,
3167 3806 3214 3851 et
3260 3797 3741 3867 staftiszurgebat.
3763 3793 3922 3853 Plura

2334 3866 2583 3937 exempla
2612 3866 2777 3923 habes
2801 3866 2942 3936 apud
2966 3867 3267 3922 Palladium
3293 3866 3396 3937 (In
3421 3865 3626 3921 Hister.
3653 3867 3920 3931 Lausiaca)

2336 3934 2389 3991 in
2421 3936 2604 4011 Moyse
2626 3934 2907 4011 Ethiope,
2922 3938 3193 4011 Macario,
3221 3934 3442 4011 θιγὰιίῑε,
3473 3938 3608 3995 Vide
3638 3940 3921 3996 Turrecre-

2337 4008 2538 4064 malum
2572 4010 2626 4062 itt
2667 4025 2787 4077 cap.
2822 4008 2892 4061 25
2922 4010 3141 4080 Regulae
3173 4009 3230 4065 D.
3264 4009 3578 4077 Benedic“,
3609 4010 3698 4067 ubi
3741 4020 3920 4067 contra

2336 4079 2707 4137 somnolenlos
2731 4079 3024 4137 monachus
3058 4081 3185 4149 agit.

2413 4158 2435 4187 ε
2468 4149 2561 4204 Hic
2584 4152 2799 4208 demum
2820 4152 3007 4221 incipit
3032 4155 3234 4209 Auctor
3252 4152 3467 4220 aperire
3486 4164 3721 4211 mentem
3745 4168 3916 4221 suam,

2337 4226 2394 4275 et
2428 4223 2631 4294 erroris
2672 4223 2907 4287 initium,
2940 4222 3083 4292 quod
3111 4224 3361 4294 sequenti
3392 4225 3578 4294 capite
3604 4226 3800 4285 clarius
3828 4241 3917 4280 ex-

2337 4292 2509 4367 ponit.
2541 4292 2709 4360 Quam
2738 4294 3005 4367 enimihic
3036 4292 3349 4367 scintillam,
3390 4292 3501 4351 illic
3527 4305 3707 4353 ortum
3734 4314 3915 4367 quem-

2338 4359 2462 4417 dam
2479 4363 2632 4419 bonze
2648 4366 3127 4429 voluntatisvocat,
3145 4366 3237 4420 ubi
3256 4366 3323 4421 de
3336 4365 3439 4423 hoc
3454 4367 3615 4426 latius
3634 4359 3916 4429 agendum.

2411 4429 2439 4470 ἀ
2468 4433 2491 4490 l
2519 4434 2719 4508 Timot.
2764 4452 2799 4493 tt
2836 4454 2849 4489 :
2882 4436 3067 4491 Coram
3114 4437 3390 4493 Saluatore
3429 4449 3604 4493 nostra
3654 4429 3789 4503 beo,
3838 4440 3920 4508 qui

2337 4521 2511 4560 omnes
2539 4505 2768 4563 homines
2798 4509 2903 4563 vult
2928 4509 3098 4563 salvos
3126 4510 3265 4577 ﬁeri,
3296 4518 3342 4562 et
3363 4510 3427 4563 ad
3447 4508 3759 4578 agnitionem
3788 4505 3920 4567 veri-

2339 4578 2458 4630 tatis
2487 4583 2679 4633 vcnire.
2705 4578 2872 4647 Cuius
2895 4584 3180 4635 sententiae
3202 4582 3349 4634 varia
3376 4588 3453 4633 est
3479 4578 3772 4648 expositio.
3798 4579 3921 4635 Tri-

2338 4648 2529 4716 plicem
2558 4663 2623 4705 ex
2652 4649 2898 4720 Patribus
2940 4650 3096 4705 affert
3129 4650 3186 4706 S.
3218 4652 3451 4707 Thomas
3498 4650 3545 4715 (ι
3577 4660 3715 4720 part.
3746 4666 3794 4720 (ι.
3828 4652 3915 4717 '59,

2338 4728 2440 4793 art,
2480 4720 2534 4790 ὃ)
2579 4738 2591 4773 :
2640 4719 2808 4785 Illud,
2858 4723 3048 4793 inquit,
3092 4723 3297 4777 verbum
3330 4719 3587 4792 Apostoli,
3615 4719 3918 4792 quod’Deus

2337 4790 2901 4863 vultomnesihomines
2927 4792 3102 4849 salvos
3129 4793 3264 4861 ﬁeri,
3297 4790 3430 4858 etc},
3459 4790 3635 4863 potest
3657 4793 3917 4860 tripliciter

2335 4860 2581 4933 intelligi.
2619 4862 2733 4917 Uno
2761 4863 2942 4931 modo,
2970 4872 3025 4917 ut
3054 4860 3488 4919 sit'acconmtoda
3528 4863 3815 4921 distributio
3844 4879 3917 4917 se-

1482 4926 1984 5023 illos‘auachoretas
2012 4942 2079 5015 et
2105 4947 2225 5023 nio-
2250 4960 2306 5023 Β
2333 4926 2563 5023 fundunt
2606 4934 2739 5015 hunc
2777 4926 2985 5023 sensum
3014 4950 3033 4991 ε
3065 4934 3201 5023 Deus
3249 4934 3357 5017 vult
3390 4935 3565 5023 salt-qs
3748 4948 3919 5023 omnes

639 4998 861 5065 nacltos,
894 4997 1146 5066 perfectae
1188 5000 1448 5054 castitatis
1476 5008 1775 5065 amatores,
1819 5016 1924 5055 non
1973 5005 2074 5058 nisi
2110 5014 2224 5060 tres

638 5080 933 5142 quatuorve
952 5068 1122 5142 horas
1151 5084 1347 5142 somno
1384 5080 1435 5125 et
1466 5071 1631 5142 quieti
1671 5075 2027 5129 concessisse.
2065 5075 2221 5142 Quod

2334 5005 2563 5058 homines
2614 5006 2699 5074 qui
2747 5005 3037 5061 salvantur.
3094 5006 3215 5061 Non
3263 5008 3389 5074 quia
3437 5005 3614 5061 nullus
3665 5007 3813 5060 homo
3856 5005 3919 5057 sit

2330 5092 2480 5146 quem
2508 5078 2710 5130 salvum
2739 5078 2853 5143 ﬁeri
2882 5094 2982 5132 non
3014 5076 3129 5131 velit
3148 5116 3162 5137 ,
3193 5076 3282 5133 sed
3300 5078 3424 5145 quia
3449 5077 3629 5133 ultus
3660 5076 3830 5146 salvus
3856 5078 3917 5128 sit

634 5139 797 5217 etiam
827 5154 893 5217 ex
1213 5142 1376 5217 libris
1426 5139 1685 5217 lnStitut._
1695 5144 1937 5217 secundo
1963 5154 2017 5200 et
2063 5139 2229 5201 tertio
2332 5139 2617 5217 quentnon
2642 5139 2759 5202 velit
2789 5150 2987 5204 saluum
3011 5148 3146 5216 ﬁeri,
3175 5157 3228 5201 ut
3260 5139 3385 5201 dicit
3416 5148 3735 5216 Augustinus
3765 5143 3911 5215 (Lib.

635 5208 793 5263 datur
839 5212 1082 5283 intelligi,
1134 5212 1227 5283 ubi
1273 5212 1470 5267 dicitur
1520 5227 1629 5267 non
1675 5212 1893 5270 licuisse
1938 5218 2220 5273 monachis

634 5288 760 5347 post
805 5282 1131 5337 nocturnum
1173 5282 1405 5339 ofﬁcium
1457 5292 1512 5338 et
1556 5284 1766 5339 Laudes
1814 5288 2105 5344 matutinas
2152 5288 2225 5343 at!

630 5365 881 5424 somnum
914 5355 1140 5419 reverti;
1166 5354 1260 5410 sed
1288 5355 1460 5409 noctis
1487 5355 1761 5410 residuum
1780 5358 2031 5424 orationi,
2056 5360 2225 5413 medi-

632 5423 844 5503 tationi,
877 5424 967 5503 vei
981 5425 1453 5503 priori-“manuum
1474 5426 1667 5503 _ab_eis
1698 5427 1863 5484 fuisse
1915 5432 2225 5498 impensum

632 5490 784 5572 (Lib.
811 5509 848 5547 li
871 5511 917 5547 ε.
946 5490 1099 5572 idet
1129 5497 1220 5551 lib.
1252 5514 1307 5552 tn
1345 5516 1391 5553 c.
1426 5497 1512 5567 5).
1558 5497 1734 5572 Fuere
1763 5510 1941 5554 autem
1971 5490 2225 5555 nonnulli

628 5566 720 5629 qui
751 5579 852 5618 nec
896 5566 1055 5620 unius
1088 5568 1235 5623 horae
1263 5566 1494 5638 Spatium
1536 5570 1640 5625 sibi
1665 5570 1731 5623 ad
1760 5586 2005 5624 somnum
2038 5572 2218 5625 indul-

627 5644 819 5713 gerent
847 5640 1043 5713 :__unde_
1064 5639 1447 5713 ἀκιξίμητοιέιι
1483 5649 1575 5713 (δεδιΔ
1598 5642 1902 5713 insomnes,
1936 5641 2085 5697 dicti.
2138 5642 2225 5698 De

627 5704 1115 5782 quibusEvagrius
1145 5704 1683 5782 Histor.'Eceiesiast.
1715 5712 1806 5782 lib.
1836 5704 1896 5765 ut
1920 5728 2040 5782 cap.
2068 5714 2135 5769 19
2158 5724 2217 5768 et

626 5770 932 5859 Abbati
966 5770 1251 5859 Eme-nius,
1282 5790 1339 5859 ut
1367 5792 1449 5835 est
1476 5782 1528 5834 in
1574 5781 1709 5859 Vitis
1731 5780 1951 5859 fatrum
1988 5770 2017 5859 ’(
2038 5784 2151 5839 Lib.
2182 5800 2221 5841 v

627 5837 803 5894 libello
822 5843 856 5899 4
878 5859 1022 5906 novt:
1041 5837 1323 5919 editionis),
1339 5858 1444 5907 tota
1471 5858 1616 5905 nocte
1640 5849 1880 5918 vigilabat
1893 5871 1912 5918 ;
1942 5837 1987 5910 et
2002 5837 2218 5925 quando

2244 5955 2302 5975 (τ’.

2271 6032 2297 6052 ἡ

2327 5216 2349 5272 ι
2378 5219 2440 5271 de
2470 5216 2777 5273 Prwdatin.
2815 5220 3056 5275 Senator.
3087 5234 3135 5271 ε.
3163 5220 3243 5287 8).
3274 5218 3518 5275 Secundo
3543 5228 3705 5287 potest
3730 5218 3914 5272 intelli-

2330 5290 2405 5362 gi,
2448 5297 2503 5343 ut
2549 5290 2638 5357 ﬁat
2684 5289 2975 5345 distributio
3019 5306 3113 5360 pro
3142 5288 3413 5358 generibus
3438 5289 3911 5362 singulorunknou

2330 5357 2428 5427 pro
2472 5361 2689 5432 singulis
2730 5376 2992 5430 generum,
3020 5357 3306 5432 secundum
3331 5362 3472 5415 hunc
3500 5357 3714 5415 sensum
3736 5375 3755 5414 ι
3784 5357 3912 5413 Deus

2328 5432 2438 5486 vult
2478 5432 2539 5486 de
2560 5431 2799 5501 quolibet
2833 5442 2971 5489 statu
3007 5431 3273 5487 hominum
3303 5432 3471 5487 salvas
3500 5432 3640 5499 ﬁeri,
3676 5444 3839 5487 mares
3869 5435 3909 5481 et

2331 5504 2569 5571 feminas,
2590 5503 2811 5560 Judwos
2834 5510 2881 5555 et
2908 5502 3141 5571 gentiles,
3175 5518 3359 5570 parvos
3389 5512 3436 5557 et
3458 5518 3696 5571 magnos.
3721 5516 3821 5571 non
3841 5510 3913 5552 ως

2330 5570 2443 5628 men
2465 5591 2635 5628 omnes
2651 5575 2713 5629 de
2726 5570 2943 5641 singulis
2958 5572 3193 5629 statibus.
3210 5572 3410 5633 Tertio,
3424 5570 3709 5629 secundum
3723 5570 3910 5641 Dama.

2328 5661 2537 5698 scenam
2568 5646 2703 5716 (Lib.
2733 5661 2768 5699 li
2798 5640 2861 5697 de
2894 5644 3022 5697 Fide
3050 5660 3091 5695 ε.
3126 5643 3540 5714 9),intelligitur
3566 5643 3627 5716 de
3655 5640 3913 5716 voluntate

2326 5712 2679 5779 antecedente,
2708 5732 2809 5769 non
2832 5716 2895 5768 de
2908 5716 3172 5768 voluntate
3184 5712 3535 5785 consequente.
3555 5712 3687 5779 Qua:
3712 5712 3908 5785 quidem

2327 5787 2589 5840 distinctio
2621 5804 2723 5841 non
2764 5786 3012 5857 accipitur
3035 5800 3100 5839 ea
3126 5794 3273 5857 parte
3296 5780 3580 5857 voluntatis
3610 5780 3823 5857 diuina,
3862 5780 3911 5831 in

2326 5874 2430 5924 qua
2453 5858 2582 5911 nihil
2603 5867 2675 5912 est
2702 5859 2844 5927 prius
2862 5852 2943 5914 vel
2964 5852 3235 5928 posterius,
3249 5857 3344 5914 sed
3364 5874 3431 5917 ea:
3452 5854 3599 5930 parte
3618 5852 3910 5914 omni.
