4048 6198
197 349 307 405 909

1140 337 1479 402 COLLATIO
1514 337 1656 398 xm.
1683 369 1752 386 ..-
1773 321 1865 401 »ε
1903 315 2388 403 recreemur:
2424 333 2558 402 nat.

3403 367 3507 427 910

198 467 376 521 salvos
397 455 605 532 βιῶσι
625 463 696 519 ad
710 462 1022 537 agnitionem
1039 463 1270 518 veritatis
1288 463 1456 517 venire
1479 459 1540 534 (ι
1563 460 1793 520 Timotlt.
1824 467 1875 526 Α
1904 469 2013 530 tur,
2046 463 2120 520 ita
2147 463 2423 535 Scriptura
2460 448 2694 520 testante
2720 477 2737 521 :
2772 442 2908 532 Quia
2947 463 3086 521 Deus
3125 479 3346 526 mortem
3392 493 3494 535 non

201 559 293 629 ιι).
330 559 470 625 Quia
496 573 603 612 non
648 566 752 626 est,
798 555 992 628 inquit,
1037 557 1272 612 voluntas
1312 565 1431 610 ante
1473 553 1687 612 Patrem
1715 573 1799 612 ve-

206 661 377 705 strum
403 651 496 721 qui
515 651 572 705 in
596 650 736 706 eatis
777 659 871 715 est,
899 659 954 704 ut
993 657 1168 719 pereat
1194 666 1326 705 unus
1355 665 1418 703 ea:
1457 649 1658 718 pusillis
1687 648 1800 704 istis

203 743 226 815 (
256 742 452 798 Matth.
497 743 690 810 xvm).
731 745 795 799 Et
821 743 1016 799 iterum
1046 761 1058 796 :
1090 741 1213 797 Non
1240 743 1374 810 vult,
1417 742 1616 812 inquit,
1657 742 1799 798 Deus

207 841 386 909 perire
412 840 668 906 animum,
699 841 788 896 sed
820 849 1059 896 retractat
1087 842 1322 914 cogitans
1350 839 1522 914 [l.ips.
1552 840 1608 894 in
1629 855 1797 908 marg.

205 941 518 990 retractans
544 932 774 1005 cogitat]
800 950 864 988 ne
885 933 1084 1005 penitus
1126 941 1304 1006 pereat
1343 934 1431 1003 qui
1458 933 1690 1003 abjectus
1727 936 1802 985 est

209 1023 231 1096 (
252 1024 295 1080 li
328 1025 457 1097 Reg.
491 1040 582 1081 χιν
600 1026 640 1095 ).
682 1023 858 1080 Verax
905 1041 1136 1096 namque
1165 1033 1250 1083 est
1285 1033 1341 1081 et
1390 1039 1497 1080 non
1544 1021 1804 1080 mentitur

211 1117 388 1184 Deus,
429 1131 553 1173 cum
597 1116 952 1174 obtestatione
979 1118 1252 1175 deﬁniens
1294 1135 1307 1171 :
1357 1115 1486 1170 Vivo
1514 1131 1638 1187 ego,
1679 1114 1804 1168 dicit

214 1209 481 1263 Dominus
503 1206 660 1275 Deus,
681 1210 802 1276 quia
827 1211 950 1265 nolo
971 1222 1184 1266 mortem
1205 1210 1373 1282 impii,
1402 1209 1492 1264 sed
1521 1217 1578 1262 ut
1599 1223 1805 1263 conver-

219 1310 364 1356 tatur
385 1319 416 1355 α
447 1302 525 1356 via
552 1319 644 1356 sua
673 1312 720 1357 et
746 1304 879 1357 vivat
907 1303 925 1373 (
952 1302 1141 1358 Ezech.
1175 1318 1344 1358 χχχιιι
1367 1301 1409 1372 ).
1435 1301 1540 1368 Qui
1570 1300 1720 1357 enim
1746 1309 1816 1356 ιιι.

217 1404 404 1466 pereat
435 1411 568 1451 unus
595 1412 665 1451 ex
709 1396 924 1466 pusillis
953 1411 1060 1451 non
1096 1394 1263 1450 habet
1288 1394 1643 1459 voluntatem,
1669 1407 1808 1464 quo-

215 1487 377 1546 modo
403 1488 527 1546 sine
561 1489 768 1559 ingenti
795 1487 1086 1557 sacrilegio
1114 1486 1386 1557 putandus
1414 1495 1522 1556 est,
1553 1500 1660 1542 non
1687 1485 1808 1541 uni-

208 1581 505 1636 versaliter
534 1595 750 1647 omnes,
779 1580 880 1635 sed
906 1578 1170 1649 quosdam
1199 1579 1388 1636 salvos
1405 1579 1520 1635 ﬁeri
1543 1579 1683 1636 velle
1713 1593 1811 1650 pro

207 1672 498 1728 omnibus?
521 1681 548 1709 ⁸·
578 1673 722 1743 Ergo
755 1670 1081 1743 quicumque
1110 1681 1378 1743 pereunt,
1431 1681 1618 1728 contra
1660 1672 1812 1728 illius

214 1777 446 1836 pereunt
486 1765 854 1832 voluntatem,
901 1766 975 1821 ita
1026 1781 1092 1822 eo
1141 1777 1331 1823 contra
1379 1780 1810 1838 unumquemque

1899 556 2043 625 fecit,
2074 572 2166 610 nec
2201 557 2392 630 gaudet
2434 556 2490 610 in
2538 557 2825 628 perditione
2851 559 3082 614 vivorum
3112 559 3389 633 (Sapient.
3413 568 3483 638 ι).

1897 644 1967 702 Et
1987 645 2113 702 inde
2141 655 2226 702 est
2255 646 2397 717 quod
2425 647 2747 718 plerumque
2773 649 2900 705 dum
2927 666 3024 719 pro
3040 651 3194 708 nobis
3214 661 3487 714 contraria

1898 737 2274 807 postulamus,
2321 739 2408 794 vel
2454 740 2662 797 tardius
2691 743 2775 798 vel
2807 757 3144 815 nequaquam
3178 758 3362 804 nostra
3392 767 3487 806 ex-

1899 828 2114 885 auditur
2164 829 2372 898 oratio;
2422 839 2478 886 et
2514 847 2730 902 rursus,
2779 851 2841 890 ea
2889 851 3009 906 quae
3055 841 3324 897 credimus
3361 859 3486 900 esse

1901 922 2192 989 contraria,
2234 923 2461 991 utiliter,
2495 934 2555 981 ut
2585 926 3003 998 benignissimus
3029 934 3294 1002 medicus,
3324 939 3484 993 etiam

1902 1011 2246 1070 invitissimis
2276 1015 2536 1072 Dominus
2566 1017 2774 1076 inferre
2803 1021 3084 1093 dignatur;
3124 1040 3186 1082 ac
3217 1044 3489 1084 nonnum-

1904 1121 2067 1178 quam
2125 1109 2459 1179 perniciosas
2509 1111 2900 1182 dispositiones
2956 1127 3171 1173 nostras
3228 1120 3486 1176 lethaies-

1904 1214 2012 1270 que
2070 1208 2298 1257 conatus
2363 1203 2432 1258 ab
2479 1202 2676 1260 ell'ectu
2743 1206 3052 1265 detestabili
3123 1213 3362 1269 retardat
3427 1231 3490 1272 ac

1907 1301 2166 1358 revocat;
2214 1307 2282 1349 ac
2332 1305 2687 1365 properantes
2733 1297 2800 1352 ad
2855 1310 3086 1358 mortem
3145 1305 3376 1360 retrahit
3422 1307 3492 1362 ad

1906 1382 2135 1442 salutem
2161 1425 2176 1453 ,
2237 1393 2293 1441 et
2357 1385 2426 1442 de
2477 1385 2677 1443 interni
2738 1387 2986 1448 faucibus
3044 1394 3280 1452 extrahit
3339 1396 3493 1468 igno-

1907 1485 2110 1536 tam“.

2497 1550 2724 1610 CAPUT
2763 1553 2900 1610 Vill.

2191 1643 2271 1700 De
2297 1647 2469 1718 gratia
2495 1645 2625 1718 Dei,
2657 1657 2705 1703 et
2734 1650 2936 1704 arbitrii
2962 1649 3209 1709 libertate.

1982 1759 2153 1826 Qunam
2191 1776 2380 1817 curam
2405 1773 2566 1833 atque
2601 1765 2996 1834 providentiam
3025 1769 3167 1825 circa
3197 1785 3298 1828 nos
3335 1784 3487 1830 suam

218 1870 412 1913 eorum
435 1855 675 1926 quotidie
705 1857 1078 1925 proclamante
1108 1875 1120 1911 :
1151 1859 1512 1914 Convertimini
1537 1876 1568 1913 a
1594 1861 1688 1914 viis
1726 1875 1812 1913 ve.
1838 1845 1888 1908 Β
1913 1852 2015 1908 sub
2063 1854 2234 1924 ﬁgura
2286 1856 2586 1911 meretricis
2631 1856 2928 1915 Jerusalem
2976 1870 3032 1916 et
3085 1865 3387 1932 perniciosa
3428 1867 3498 1922 ad

217 1949 341 2002 stris
356 1948 616 2020 pessimis,
631 1957 678 2002 et
702 1964 858 2018 quare
877 1949 1185 2022 moriemini,
1202 1951 1383 2006 domus
1399 1949 1566 2006 Israel
1581 1951 1740 2023 (Ibid.
1752 1952 1808 2022 )‘l

221 2037 292 2095 Et
322 2039 520 2094 itemm
555 2057 568 2092 :
602 2039 818 2108 Quoties
835 2040 974 2094 volui
992 2057 1302 2114 congregare
1330 2043 1468 2111 ﬁlios
1495 2051 1648 2111 tuos,
1680 2044 1812 2098 sicut

221 2132 426 2204 gallina
453 2143 734 2204 congregat
763 2135 936 2206 pullos
954 2150 1082 2188 suos
1094 2134 1192 2188 sub
1217 2136 1335 2189 alas
1359 2151 1503 2203 suos,
1526 2143 1576 2188 et
1602 2135 1813 2190 noluisti

221 2223 456 2294 (Matth.
491 2225 644 2295 χχιιι)
661 2225 691 2278 ?‘
715 2223 784 2278 Et
808 2241 970 2295 quare
989 2266 1005 2292 ,
1031 2225 1235 2296 inquit,
1262 2242 1469 2281 aversus
1492 2234 1565 2280 est
1593 2227 1816 2298 populus

221 2315 324 2370 iste
350 2315 404 2368 in
425 2313 738 2383 Jerusalem,
771 2319 1032 2371 aversione
1053 2318 1404 2374 contentiosa?
1432 2317 1820 2374 Induraverunt

224 2408 388 2478 [acies
411 2406 580 2479 [Lips.
609 2407 667 2461 in
687 2424 849 2478 marg.
876 2406 1310 2480 cervices].suas,
1337 2409 1619 2465 noluerunt
1640 2409 1819 2464 reverti

222 2500 436 2574 (larem.
462 2501 598 2573 νιιι).
630 2501 659 2541 δ
688 2501 896 2558 Praesto
917 2513 1003 2559 est
1025 2518 1158 2574 ergo
1197 2503 1440 2576 quotidie
1467 2503 1671 2560 Christi
1697 2517 1818 2574 gra—

224 2594 320 2661 tia,
349 2610 472 2664 qua:
497 2593 624 2649 dum
653 2596 762 2648 vult
791 2611 966 2650 omnes
1007 2595 1242 2651 homines
1289 2597 1459 2652 saltos
1507 2596 1648 2667 ﬁeri,
1671 2604 1720 2650 et
1751 2595 1820 2650 ad

226 2686 538 2757 agnitionem
561 2686 790 2740 veritatis
819 2688 1009 2754 venire,
1045 2697 1270 2745 cunctos
1295 2689 1506 2759 absque
1531 2688 1643 2743 ulla:
1663 2701 1823 2744 exce-

229 2778 414 2848 ptione
442 2786 738 2845 convocat,
789 2777 1015 2834 dicens:
1070 2780 1247 2834 Venite
1285 2781 1354 2834 ad
1381 2796 1490 2847 me,
1533 2797 1706 2836 omnes
1735 2780 1824 2849 qui

232 2870 482 2925 laboratis
505 2879 554 2926 et
573 2872 775 2925 onerati
790 2872 929 2938 estis,
946 2879 993 2926 et
1021 2888 1113 2942 ego
1134 2873 1360 2942 reﬁciam
1380 2889 1466 2926 vos
1487 2871 1705 2944 (Matth.
1724 2873 1823 2942 χι).

232 2963 294 3022 Si
326 2973 506 3020 autem
528 2979 632 3021 non
663 2980 856 3022 omnes
882 2965 1292 3031 universaliter,
1320 2965 1418 3022 sed
1442 2966 1703 3036 quosdam
1727 2965 1825 3021 ad-

231 3065 421 3122 vocat,
454 3057 698 3128 sequitur
728 3065 789 3112 ut
811 3073 911 3113 nec
933 3071 1134 3114 omnes
1153 3059 1263 3112 sint
1289 3059 1519 3123 onerati,
1553 3059 1644 3112 vel
1669 3058 1830 3128 origi-

230 3149 352 3204 nali
376 3149 462 3204 vel
492 3149 688 3205 actuali
718 3158 944 3218 peccato
964 3192 979 3217 ,
1013 3165 1114 3206 nec
1143 3165 1270 3208 vera
1301 3152 1371 3205 sit
1406 3151 1498 3208 illa
1525 3151 1824 3208 sententia:

1910 1945 2183 2002 idolorum
2225 1948 2430 2004 cultum
2484 1950 2765 2007 alacritate
2819 1953 3114 2022 tendentis,
3160 1971 3256 2025 per
3300 1957 3497 2014 Oscam

1911 2039 2232 2110 prophetam.
2268 2056 2449 2098 sermo
2490 2042 2708 2098 divinus
2747 2043 3025 2114 eleganter
3067 2049 3358 2117 expressit.
3404 2049 3498 2104 Di-

1914 2140 2071 2185 conte
2116 2144 2352 2200 namque
2383 2145 2444 2186 ea
2479 2148 2492 2182 :
2531 2131 2728 2186 Vadam
2767 2144 2882 2202 post
2919 2144 3170 2190 amatores
3210 2155 3370 2208 meos,
3410 2141 3500 2208 qui

1914 2223 2042 2278 dant
2061 2239 2218 2294 panes
2240 2222 2386 2290 mihi,
2417 2230 2466 2276 et
2485 2238 2647 2291 aquas
2669 2239 2826 2289 meas,
2855 2225 3028 2278 lanam
3050 2242 3235 2292 meam,
3263 2237 3310 2281 et
3336 2229 3498 2285 linum

1916 2333 2110 2381 nteant,
2137 2317 2305 2372 oleum
2333 2331 2528 2379 meum,
2554 2324 2603 2370 et
2641 2323 2820 2386 potum
2849 2331 3042 2383 vtem,
3078 2319 3380 2384 respondit,
3413 2334 3501 2375 sa-

1920 2406 2016 2461 luti
2045 2406 2185 2476 ejus,
2218 2419 2323 2462 nou
2354 2407 2643 2474 voluntati,
2678 2405 2967 2461 consulens
2996 2405 3174 2462 divina
3204 2407 3446 2477 dignatio
3479 2426 3496 2468 :

1919 2497 2052 2553 Ecce
2080 2515 2172 2570 ego
2198 2500 2394 2570 sepiam
2422 2498 2558 2554 viam
2595 2502 2708 2572 ejus
2737 2499 2920 2569 spinis,
2952 2509 3000 2554 et
3027 2500 3224 2570 sepiam
3247 2516 3359 2553 eam
3385 2516 3501 2554 ma-

1919 2593 2076 2658 ceria,
2120 2601 2170 2647 et
2199 2596 2407 2648 semitas
2449 2608 2572 2647 suas
2608 2609 2710 2647 non
2738 2593 2985 2658 inveniet,
3012 2601 3060 2648 et
3088 2602 3324 2663 sequetur
3353 2611 3501 2648 ama-

1922 2694 2056 2740 tores
2099 2703 2238 2752 suos,
2267 2697 2315 2740 et
2339 2703 2442 2741 non
2470 2688 2850 2758 apprehendat;
2879 2696 2930 2741 et
2953 2695 3144 2758 quaeret
3169 2704 3275 2758 eas,
3305 2705 3394 2744 nec
3421 2691 3505 2745 in-

1924 2779 2089 2831 veniet
2111 2778 2250 2844 illos,
2270 2788 2314 2831 et
2336 2778 2510 2833 dicet:
2538 2779 2785 2834 Revertar
2808 2779 2878 2832 ad
2903 2780 3069 2833 virum
3093 2797 3258 2835 meum
3284 2783 3506 2850 priorem

1925 2869 2046 2941 quia
2071 2869 2195 2923 bene
2221 2871 2348 2923 mihi
2370 2879 2482 2925 erat
2503 2880 2623 2926 tunc
2641 2872 2804 2942 magis
2821 2887 2974 2942 quam
2991 2889 3128 2928 nunc
3153 2883 3228 2929 est
3249 2874 3395 2945 (Ose.
3422 2876 3506 2948 tt).

1928 2961 2007 3015 Ac
2048 2975 2236 3015 rursus
2277 2962 2650 3018 contumaciae
2698 2971 2911 3017 nostras
2950 2973 3112 3035 atque
3142 2976 3506 3035 contemptus,

1927 3054 2124 3125 quibus
2152 3071 2274 3111 eum
2303 3054 2371 3111 ad
2400 3056 2662 3113 salutares
2694 3057 3007 3114 invitantem
3039 3073 3298 3116 recursus
3319 3059 3512 3118 rebelli

1929 3148 2124 3219 spiritu
2150 3148 2524 3221 dedignamur,
2555 3151 2644 3206 tali
2674 3153 3082 3222 comparatione
3106 3153 3366 3210 describit
3396 3170 3408 3205 :
3443 3152 3513 3206 Et

237 3240 426 3296 Omnes
452 3243 588 3298 enim
616 3215 1037 3315 peccaverunt-et
1059 3253 1208 3317 egent
1236 3245 1404 3317 gloria
1428 3242 1558 3312 Dei,
1592 3261 1694 3301 nec
1736 3262 1826 3316 per
1853 3215 1901 3288 θ
1932 3215 2066 3310 dias,
2109 3215 2308 3315 inquit,
2339 3215 2553 3299 Patrem
2578 3245 2782 3300 vocabis
2801 3215 2919 3312 -me,
2961 3257 3012 3302 et
3044 3255 3160 3319 post
3197 3263 3276 3301 me
3312 3245 3515 3318 ingredi

231 3349 414 3388 omnes
431 3332 662 3390 tramittas
686 3351 826 3389 mors
850 3337 1187 3404 pertransisse
1214 3337 1463 3393 credatur
1495 3336 1678 3410 (Rom.
1709 3337 1821 3410 ιιι).

232 3425 306 3481 Et
333 3425 388 3480 in
414 3433 620 3482 tantum
644 3442 835 3484 omnes
865 3429 956 3499 qui
983 3437 1232 3498 pereunt,
1262 3438 1450 3486 contra
1481 3430 1572 3486 Dei
1596 3439 1824 3502 pereunt

232 3518 592 3588 voluntatem.
620 3533 685 3584 ut
700 3536 803 3579 nec
832 3521 1006 3592 ipsam
1030 3531 1258 3581 mortem
1289 3523 1434 3580 Deus
1460 3525 1654 3580 iecisse
1675 3525 1819 3580 dicao

1933 3352 2035 3390 non
2061 3337 2303 3392 cessabis.
2337 3337 2443 3393 Sed
2469 3339 2725 3410 quomodo
2762 3339 2806 3393 si
2846 3347 3134 3394 contemnat
3162 3340 3343 3393 mulier
3372 3354 3516 3392 ama-

1931 3437 2094 3483 torem
2125 3445 2299 3494 suum,
2333 3430 2405 3482 sic
2430 3431 2736 3502 contempsit
2766 3445 2844 3482 me
2871 3433 3056 3491 domus
3083 3428 3276 3496 Israel,
3309 3430 3380 3483 ait
3407 3427 3517 3483 Do-

1928 3525 2097 3577 minus
2122 3521 2335 3590 (Jerem.
2368 3520 2471 3591 tu)t
2495 3519 2641 3576 Satis
2661 3535 2920 3590 congruo,
2944 3521 3198 3590 quoniam
3220 3519 3518 3576 Jerusalem

1295 3686 1560 3742 ALARD!
1596 3685 1832 3742 GAZEI
1869 3681 2442 3742 COMMENTARIUS.

236 3802 368 3861 Haec
380 3803 439 3876 S.
460 3802 716 3869 Thomas,
741 3803 1030 3876 explicans
1049 3804 1246 3860 deinde
1264 3805 1514 3876 pluribus
1541 3802 1828 3876 qnaedica-

239 3885 330 3930 tur
351 3875 594 3930 voluntas
613 3873 960 3946 antecedens,
985 3892 1104 3946 qum
1125 3873 1491 3943 consequens;
1518 3889 1638 3942 quae
1658 3873 1830 3930 lector

239 3946 382 4015 apud
409 3946 584 4015 ipsum
617 3945 875 4013 requirat.
911 3945 1080 4000 Porro
1113 3947 1428 4002 Damasceni
1469 3946 1734 4004 sententia
1763 3945 1832 4001 de

239 4017 524 4088 voluntate
549 4015 645 4070 Dei
662 4015 1026 4088 antecedente
1049 4026 1104 4073 et
1126 4026 1496 4088 consequente
1525 4015 1605 4069 sic
1620 4015 1828 4088 (habet:

243 4086 528 4143 Sciendum
555 4096 628 4139 est
653 4085 816 4140 Deum
838 4090 1188 4142 antecedenter
1209 4085 1332 4143 velle
1356 4104 1532 4142 omnes
1547 4087 1760 4150 salvari,
1783 4095 1834 4142 ct

243 4175 402 4228 regno
429 4157 592 4228 ipsius
615 4155 787 4227 potiri.
831 4156 952 4229 Non
979 4161 1111 4212 enim
1142 4160 1210 4212 ad
1240 4157 1555 4229 punitndum
1595 4159 1835 4226 formavit

243 4227 373 4293 nos;
395 4227 506 4295 sed,
541 4236 798 4294 tamquam
824 4227 1002 4293 bonus,
1034 4230 1100 4282 ad
1127 4227 1498 4284 sucebonitatis
1519 4230 1834 4283 communio-

244 4314 365 4352 nem
381 4315 399 4362 ;
410 4309 699 4367 peccatores
725 4310 890 4358 autem
907 4299 1010 4353 vult
1034 4301 1237 4368 punire,
1254 4312 1510 4370 tamquam
1529 4303 1722 4371 justus.
1739 4299 1838 4354 Di-

243 4372 380 4422 citur
420 4385 541 4441 ergo
563 4371 703 4440 prior
731 4372 968 4425 voluntas
995 4372 1320 4435 antecedens,
1364 4381 1412 4425 et
1440 4372 1841 4438 beneplacitum,

245 4439 549 4514 quam‘in'se
558 4439 793 4514 concepit
808 4459 826 4514 ς
847 4443 1023 4514 altera,
1037 4459 1147 4496 vero
1171 4459 1489 4514 consequens
1502 4451 1546 4494 et
1556 4443 1842 4514 permissio

246 4525 312 4565 ex
334 4511 476 4564 nobis
500 4511 723 4566 causam
741 4513 951 4568 habens.
983 4513 1108 4568 Haec
1138 4511 1516 4570 Datnascenus.
1555 4512 1838 4568 Voluntate

247 4581 430 4648 itaque
453 4585 816 4637 antecedente
841 4584 962 4637 vult
989 4586 1128 4638 Deus
1148 4598 1334 4641 omnes
1358 4586 1534 4640 salvus
1566 4582 1703 4653 fieri,
1730 4583 1840 4638 hoc

248 4661 358 4725 est,
387 4661 644 4718 quantum
670 4654 724 4725 in
754 4667 813 4707 se
845 4668 947 4725 est,
981 4666 1039 4710 et
1066 4671 1136 4709 ex
1165 4666 1314 4725 parte
1349 4670 1468 4720 sua,
1495 4655 1624 4725 quia.
1643 4671 1843 4710 omnes

247 4720 320 4796 ad
364 4732 621 4775 aeternam
669 4722 1054 4796 beatitudinem
1094 4720 1354 4791 condidit,
1393 4736 1450 4782 et
1484 4720 1842 4796 congruentia

247 4790 323 4845 ad
364 4804 484 4845 eam
531 4795 960 4862 consequendam
1008 4796 1187 4852 media
1222 4790 1472 4853 omnibus
1514 4790 1748 4852 ins'tituit
1780 4806 1847 4852 et»

249 4871 498 4937 praestat.
541 4860 832 4937 V_oluntate_
858 4875 1039 4937 autem
1082 4877 1454 4937 consequente
1483 4878 1542 4922 et
1568 4867 1833 4937 absoluta,

250 4931 372 5008 vult
410 4932 700 5000 unicuique
742 4935 970 4990 reddere
995 4936 1144 5006 juxta
1175 4931 1338 5008 opera
1379 4953 1504 5003 sua,
1529 4931 1832 5008 praemium,

251 5002 499 5077 inquam,
524 5017 606 5057 aut
640 5019 876 5077 pmna‘m,
911 5002 1360 5075 qnémadmodnm
1386 5002 1766 5077 lexmquitatis
1782 5018 1850 5062 et-

251 5073 478 5148 justitia:
505 5076 756 5148 postulat.
787 5074 905 5130 Non
923 5073 1086 5148 '_enim
1116 5081 1422 5136 misericors
1450 5073 1655 5134 tantum
1695 5093 1836 5148 prae-

255 5143 486 5214 dicatur,
513 5144 608 5200 sed
636 5157 686 5200 et
702 5147 882 5214 justus
912 5144 1184 5203 Dominus.

332 5221 358 5288 fl
392 5213 504 5268 Non
537 5213 733 5288 contra
763 5217 1094 5273 voluntatem
1134 5218 1454 5280 absolutam,
1497 5233 1614 5288 qua:
1641 5217 1839 5275 dicitur

257 5281 507 5338 voluntas
536 5285 884 5358 bycueplaciti,
914 5288 982 5342 de
1002 5305 1104 5358 qna
1131 5290 1329 5345 dictum
1352 5299 1461 5344 est:
1485 5281 1670 5344 Omnia
1694 5306 1838 5358 quin.

257 5369 472 5430 cumque
493 5357 655 5430 soluit
685 5355 955 5430 Dominus,
992 5355 1107 5429 fecit
1139 5362 1191 5413 in
1212 5361 1336 5414 caelo
1363 5368 1410 5412 et
1434 5359 1488 5413 in
1508 5369 1644 5430 terra
1665 5355 1836 5430 (Psal.

257 5424 526 5503 unum»)?
556 5427 654 5493 Et,
699 5425 962 5503 Voluntati
990 5424 1104 5503 ejus
1132 5434 1240 5503 quis
1277 5430 1465 5484 resistit
1497 5424 1690 5503 (Romi
1715 5432 1840 5500 ts)?

259 5494 362 5568 sed
411 5494 596 5550 centra
641 5498 966 5557 voluntatem
1006 5494 1442 5564 antecedentem,
1493 5494 1593 5568 qua
1642 5494 1836 5559 dicitur

261 5563 410 5621 Deus
441 5567 592 5641 velle;
617 5583 810 5641 omnes
843 5572 1089 5627 homines
1121 5574 1292 5626 silll'OS
1326 5563 1460 5636 ﬁeri,
1493 5563 1750 5641 quantum
1785 5575 1838 5629 in

261 5647 334 5713 se_
364 5645 463 5700 est,
503 5639 628 5713 quia
660 5640 929 5696 neminem
972 5644 1193 5713 impedit
1227 5658 1257 5697 a
1287 5644 1481 5707 salute,
1512 5639 1610 5699 sed
1649 5659 1838 5700 omnes

262 5702 339 5760 ad
351 5718 483 5784 eam
503 5702 690 5784 invitat
711 5720 765 5784 et
795 5702 1069 5784 provocat,
1095 5725 1149 5768 ut
1169 5714 1368 5768 dictum
1394 5702 1510 5781 est;
1538 5715 1623 5770 vel
1651 5725 1835 5770 contra

265 5775 610 5855 voluntatem
634 5775 944 5855 s_igni,"quia
966 5775 1109 5841 Deus
1130 5795 1476 5855 praeceptaet
1494 5775 1716 5843 consilia
1737 5800 1844 5841 sua

263 5846 471 5918 quibus
501 5849 568 5904 ad
594 5846 1067 5908 salutetu'instruit
1102 5846 1155 5909 εὶ
1193 5846 1402 5922 inviiat,
1433 5857 1680 5913 omnibus
1711 5871 1836 5927 pro-

1935 3800 2132 3872 posuit.
2164 3799 2425 3853 Voluntas
2461 3797 2614 3852 enim‘
2637 3798 2774 3867 signi
2805 3797 3000 3854 dicitur
3027 3799 3245 3871 signum:
3268 3801 3516 3861 volunta-

1937 3871 2004 3928 tis
2034 3871 2175 3940 ejus,
2207 3879 2275 3941 ut,
2292 3877 2424 3941 sunt
2448 3877 2718 3941 praecepta
2747 3877 2803 3941 et
2830 3871 3054 3927 consilia
3084 3890 3096 3926 :
3126 3875 3265 3928 sicut
3289 3874 3519 3932 dicimus

1938 3939 2146 3998 litteras
2200 3939 2457 4010 principis
2510 3939 2644 3998 esse
2676 3940 3003 3997 voluntatem
3056 3943 3245 4013 ipsius,
3304 3947 3357 3999 id
3414 3956 3518 4014 est,

1937 4015 2151 4084 signum
2185 4015 2497 4067 voluntatis.

2013 4084 2040 4124 ιι
2065 4086 2206 4140 Sunt
2233 4086 2348 4140 hmc
2379 4085 2552 4153 primo
2577 4085 2784 4140 intuitu
2804 4084 2889 4153 pia
2917 4093 2972 4140 et
2995 4085 3279 4152 catholica,
3313 4087 3521 4145 valent-

1939 4174 2044 4228 que
2074 4157 2140 4211 ad
2168 4156 2778 4228 probandomomnibus
2806 4156 3114 4228 hominibus
3144 4172 3242 4226 pro
3274 4168 3522 4227 tempore

1940 4227 1995 4287 et
2032 4229 2152 4284 loco
2192 4228 2308 4282 dari
2343 4228 2620 4283 sufﬁciens
2643 4227 2910 4300 (auxilium
2939 4232 3149 4299 gratiae,
3192 4246 3298 4300 quo
3327 4232 3522 4286 salvari

1942 4302 2172 4368 possint,
2210 4298 2958 4371 secundumﬂprobabiliorem
2989 4298 3364 4371 theologorum
3398 4319 3524 4359 sen-

1941 4373 2184 4443 tentiam.
2209 4370 2427 4443 (Verum
2476 4370 2676 4438 aliquid
2717 4370 2848 4424 latet
2890 4370 3228 4443 inrecessu,
3267 4374 3410 4443 quod
3454 4374 3521 4428 ad

1946 4441 2400 4512 Pelaginnisrnum
2442 4450 2665 4512 spectat,
2710 4450 2773 4494 ιιι·
2805 4455 2873 4495 ex
2917 4441 3076 4512 dictis
3110 4441 3298 4510 colligi
3321 4454 3517 4512 potest.

1945 4511 2220 4566 Sententia
2241 4511 2511 4582 siquidem,
2535 4511 2940 4582 Pelagianorum
2971 4511 3094 4576 fuit,
3124 4521 3177 4566 et
3213 4528 3400 4568 eorum
3429 4517 3521 4582 qui

1947 4581 2250 4651 Pelagianis
2291 4583 2350 4636 in
2382 4581 2550 4637 Gallia
2590 4583 2800 4636 occulte
2837 4581 3110 4646 favebant,
3157 4586 3384 4652 gratiam
3427 4581 3520 4640 Dei

1941 4656 2191 4709 erunibus
2238 4653 2546 4724 hominibus
2581 4665 2820 4724 paratam
2868 4667 3012 4719 esse,
3052 4654 3218 4710 modo
3257 4656 3363 4724 ipsi
3401 4671 3522 4711 eam

1940 4734 2125 4794 petere
2161 4733 2220 4798 et
2249 4723 2498 4798 occipere
2523 4723 2689 4798 velint
2715 4741 2736 4798 _:
2773 4739 2930 4798 posse
2955 4735 3136 4781 autem
3165 4723 3524 4798 unumquem—

1940 4810 2140 4868 que.le
2173 4795 2378 4868 viribus
2418 4794 2577 4868 liberi
2612 4795 2842 4861 arbitrii,
2876 4798 2994 4852 sine
3040 4799 3140 4853 alia
3184 4794 3524 4868 gratia—prte-

1941 4866 2194 4920 veniente
2235 4865 2404 4934 ipsam
2445 4865 2669 4932 gratiam
2714 4877 2990 4935 expetere,
3042 4865 3312 4934 invocare,
3364 4865 3522 4924 exci—

1942 4952 2092 5005 pere.
2123 4937 2194 4991 At
2214 4935 2479 4990 sententia
2502 4935 2900 4990 catholicorum
2928 4946 3032 5002 est,
3061 4941 3332 4994 neminem
3363 4953 3524 5006 posse

1944 5017 2151 5075 petere,
2200 5008 2468 5069 invocare,
2517 5006 2682 5060 immo
2725 5021 2794 5061 ne
2837 5009 3073 5076 cogitare
3123 5011 3360 5076 quidem,
3416 5009 3530 5062 nisi-

1944 5076 2307 5147 praiveniente
2332 5078 2424 5132 Dei
2447 5077 2628 5146 gratia
2646 5076 3046 5147 adpetendum,
3078 5079 3416 5147 pulsandum,
3443 5080 3527 5132 in~

1943 5148 2254 5202 Vocandum’
2285 5148 2555 5203 excitetur
2583 5159 2640 5203 et
2668 5162 2982 5205 moneatur:
3034 5148 3256 5217 proinde
3297 5153 3524 5218 gratiam

1944 5218 2048 5274 Dei
2079 5229 2140 5274 et
2178 5221 2474 5274 tactioan
2515 5219 2750 5288 Spiritus
2790 5220 2958 5275 sancti
3004 5221 3306 5288 praevenire
3342 5220 3524 5273 omnia

1944 5290 2234 5358 desideria,
2274 5305 2489 5344 omnem
2527 5291 2922 5346 invocationem
2965 5299 3228 5345 nostram.
3268 5291 3426 5355 Quod
3471 5293 3522 5343 in

1946 5363 2180 5418 concilio
2233 5361 2560 5416 Arausicauo
2609 5362 2886 5415 deﬁnitum
2937 5363 3164 5414 habetur
3213 5360 3293 5414 his
3342 5361 3524 5414 verbis

1947 5431 2098 5503 (Can.
2123 5432 2206 5506 5):
2227 5432 2305 5514 ‘Si:
2322 5433 2432 5514 quis
2457 5432 3019 5513 invocationehnmana
3041 5432 3261 5514 gratium
3283 5431 3386 5482 Dei
3401 5431 3529 5511 dicit

1945 5521 2093 5573 posse
2121 5503 2361 5575 conferri,
2393 5519 2494 5555 non
2522 5512 2692 5556 autem
2719 5507 2883 5575 ipsum
2919 5503 3140 5575 gratiam
3171 5503 3422 5575 facerent
3447 5504 3532 5553 in-

1945 5571 2152 5630 vocetur
2177 5571 2378 5628 a'nobis
2395 5589 2414 5636 ;
2443 5571 2744 5644 contradicit
2771 5573 2795 5625 Ι
2804 5571 2926 5627 unite
2945 5574 3235 5644 prophetat,
3285 5573 3360 5624 vel
3389 5571 3528 5634 Apo-

1944 5647 2078 5700 stolo
2117 5647 2252 5699 idem
2280 5645 2464 5698 dicenti
2497 5661 2514 5698 :
2547 5643 2793 5698 Inventus
2837 5643 2953 5700 sum
2992 5663 3024 5698 a
3050 5661 3150 5698 non
3187 5645 3528 5712 quwrentibus

1946 5732 2056 5781 me;
2076 5716 2247 5786 palam
2273 5717 2492 5788 apparui
2514 5715 2594 5771 his
2617 5717 2704 5786 qui
2725 5734 2802 5773 me
2821 5734 2924 5774 non
2943 5714 3328 5786 interrogabant
3347 5713 3537 5788 (lsaiat‘

1946 5802 2071 5856 va,
2104 5788 2253 5844 Rom.
2283 5790 2360 5858 χ).
