4048 6198
591 383 692 444 9H

1648 372 1931 430 JOANNIS
1969 371 2283 431 CASSIANI
2320 369 2815 429 COLLATIONES.

3765 367 3865 426 913

589 494 854 552 adultera:
903 492 1308 560 comparaverat
1353 499 1383 539 a
1433 498 1532 541 suo
1578 486 1803 555 conjuge
1844 484 2165 552 discedenti,
2194 486 2248 549 Α
2272 484 2525 540 feminam
2561 481 2853 552 diligentis,
2891 477 2983 550 qui
3014 485 3215 550 quanto
3252 476 3424 549 magis
3464 476 3665 548 negligi
3696 491 3760 534 se
3791 480 3854 534 ab

588 600 828 642 amorem
856 596 1069 653 quoque
1108 593 1170 633 ac
1201 576 1654 648 perseverantiam
1683 576 2031 647 benignitatis
2058 591 2169 631 sua:

588 678 707 735 viro
730 676 821 748 qui
848 692 877 731 a
905 675 1101 729 femina
1128 671 1415 736 deseritur,
1441 671 1789 741 comparavit.
1820 670 1997 725 Pietas
2025 670 2165 725 enim

588 789 653 830 ac
680 771 895 828 dilectio
934 768 1053 835 Dei,
1098 782 1218 838 qua:
1258 766 1403 821 circa
1431 764 1721 820 humanum
1752 780 1921 834 genus
1951 778 2167 832 semper

587 864 939 935 impenditur,
968 876 1033 917 eo
1059 859 1201 928 quod
1230 858 1392 913 nullis
1416 858 1489 913 ita
1519 859 1763 912 vincatur
1791 857 2022 926 injuriis,
2051 862 2110 908 ut
2134 868 2165 909 a

587 972 716 1013 cura
741 964 944 1009 nostrae
970 951 1162 1005 salutis
1191 948 1470 1015 abscedat,
1502 955 1557 1002 et
1585 944 1981 1016 quodammodo
2003 958 2166 1013 supe-

584 1059 702 1105 rata
738 1044 1111 1117 iniquitatibus
1142 1043 1341 1097 nostris
1372 1055 1402 1094 a
1434 1039 1715 1109 principali
1756 1052 1855 1092 suo
1892 1036 2167 1105 preposito

584 1151 886 1205 revocetur,
919 1136 1089 1207 magis
1119 1134 1337 1205 proprie
1365 1133 1595 1203 exprimi
1627 1131 1728 1185 alia
1762 1128 2170 1200 comparatione

585 1251 690 1291 non
719 1232 911 1305 potuit,
949 1244 1107 1301 quam
1144 1228 1392 1297 exemplo
1435 1226 1535 1280 viri
1566 1222 1949 1280 ardentissimo
1984 1234 2171 1276 amore

2275 592 2338 633 ea
2366 576 2618 641 senserit,
2655 584 2804 628 tanto
2833 572 3257 629 vehementioris
3290 571 3432 627 circa
3469 586 3589 627 eam
3630 572 3737 627 zeli
3772 588 3860 629 ar-

2277 669 2409 724 dore
2449 668 2775 722 ﬂammatur.
2820 666 2989 722 Adest
3030 666 3189 736 igitur
3223 664 3659 735 inseparabiliter
3704 667 3859 723 nobis

2276 776 2487 831 semper
2508 760 2690 815 divina
2715 760 2999 829 protectio,
3022 766 3277 828 tantaque
3296 768 3379 813 est
3402 772 3529 829 erga
3555 768 3859 815 creaturam

2274 869 2423 910 suam
2456 854 2627 923 pietas
2653 852 2948 916 Creatoris,
2980 859 3041 904 ut
3070 866 3177 907 non
3197 850 3372 905 solum
3398 853 3691 907 comitetur
3714 868 3858 923 eam,

2274 946 2368 1003 sed
2396 946 2557 1002 etiam
2588 944 2861 1014 praecedat
2882 943 2993 1014 jugi
3021 942 3379 1012 providentia.
3407 943 3578 1009 Quam
3602 956 3859 1014 expertus

2269 1038 2539 1108 Propheta
2586 1037 2815 1092 Domino
2858 1036 3199 1106 apertissime
3243 1034 3552 1101 conﬁtetur,
3603 1036 3793 1093 dicens
3845 1056 3857 1089 :

2271 1127 2412 1182 Dcus
2458 1144 2625 1193 meus,
2671 1125 3027 1180 misericordia
3073 1128 3186 1196 ejus
3230 1127 3503 1196 praeveniet
3550 1143 3630 1180 me
3678 1126 3855 1195 (Psal.

2272 1217 2443 1290 Lvnt).
2482 1228 2507 1256 ει
2538 1218 2639 1285 Qui
2685 1232 2807 1273 cum
2847 1216 2900 1271 in
2950 1216 3109 1272 nobis
3152 1226 3330 1272 ortum
3366 1217 3657 1287 quemdam
3701 1219 3856 1275 bona:

1661 1359 1918 1417 ALARDI
1957 1354 2191 1414 GAZrEl
2227 1351 2788 1411 COMMENTARIUS.

657 1502 683 1529 ιι
716 1490 812 1545 llic
839 1496 920 1542 est
948 1484 1084 1553 lapis
1111 1478 1445 1554 offensionis,
1477 1485 1533 1531 et
1568 1483 1721 1545 petra
1749 1470 2165 1554 scandralikpri-

584 1578 725 1627 mus,
750 1563 988 1628 inquam,
1005 1545 1068 1607 'et
1096 1552 1395 1628 prtecipuus
1418 1549 1619 1628 lapsus,
1642 1545 2164 1628 regnor-Cassiani:

585 1611 841 1703 ﬁliiﬁlii;
882 1611 1020 1703 ipse,
1064 1611 1173 1703 tum
1204 1611 1316 1703 alii.
1351 1611 1657 1703 presbyteri
1699 1615 2074 1703 Massilienses.
2099 1611 2167 1703 ab

584 1682 811 1773 i‘p—soput
837 1682 1112 1773 creditur,
1131 1682 1670 1773 imbtttipdoctr'inarln
1796 1682 2074 1766 Augustini
2099 1684 2166 1773 de

583 1757 753 1843 gratia
783 1768 1038 1843 adversus
1076 1761 1394 1841 Pelagianos
1432 1757 1821 1826 promulgatam
1854 1757 2166 1843 imptltgnafe

583 1824 647 1897 Si:
685 1824 1083 1908 reprehendere
1112 1824 1349 1900 aggressi
1371 1824 1532 1908 sunt,
1575 1824 2069 1908 magnumquenhac
2096 1824 2162 1877 de

583 1894 1051 1966 causa'dissidium
1077 1911 1125 1954 et
1147 1894 1546 1955 contentionem
1578 1898 1630 1949 in
1663 1896 1902 1949 Ecclesia
1930 1894 2161 1966 Gallica-

584 1965 653 2036 na
684 1979 1004 2033 excitarunt.
1040 1970 1189 2037 Quod
1214 1981 1273 2024 ut
1293 1969 1494 2023 clarius
1523 1975 1577 2020 et
1604 1966 1940 2037 commodius
1965 1965 2163 2037 intelli-

582 2034 761 2121 gatur,
797 2061 925 2121 c_um_
949 2059 1022 2121 ex
1051 2034 1152 2121 bis
1183 2048 1302 2120 tota.
1322 2039 1543 2121 reliquie
1562 2036 1880 2121 .collationis
1921 2034 2077 2121 hujus
2107 2044 2160 2121 et

582 2105 959 2188 disputationis
988 2109 1341 2188 intelligentia
1366 2105 1689 2176 dependeat,
1719 2121 1896 2188 operae
1927 2105 2159 2188 pretium

583 2177 714 2248 duxi
756 2196 882 2243 ante
919 2185 1099 2239 omnia
1144 2177 1332 2249 paucis
1372 2192 1643 2249 exponere
1687 2192 1789 2245 qua
1834 2177 1900 2230 de
1928 2192 1987 2229 re
2021 2177 2162 2229 inter

583 2248 1216 2332 AugustinttmuejugtIiIC
1263 2248 1555 2332 (Πεεῖριξιοδ
1606 2261 1671 2300 επ
1726 2262 1843 2332 Em},
1883 2254 2161 2332 parteff‘

581 2315 922 2391 Cassianum,
951 2315 1333 2383 Massilienses,
1366 2315 1699 2391 cteterosque
1730 2316 1912 2373 Gallos
1942 2332 2007 2371 ex
2034 2315 2155 2380 alia,

582 2404 802 2458 suborta
825 2388 986 2454 luerit
1006 2394 1074 2449 de
1096 2391 1416 2447 necessitate
1436 2391 1625 2458 gratia:
1645 2388 1869 2457 ejusque
1890 2401 2158 2442 concursu

582 2488 705 2527 cum
742 2472 914 2526 libero
954 2464 1176 2519 arbitrio
1202 2461 1489 2515 dissensio.
1533 2458 1588 2513 In
1630 2458 1729 2511 hac
1759 2459 1918 2526 igitur
1946 2469 2161 2511 contro-

582 2543 759 2597 versia
790 2548 973 2594 contra
1006 2535 1145 2587 duos
1176 2545 1386 2583 errores
1417 2529 1669 2596 pugnavit
1704 2529 1763 2579 D.
1805 2527 2154 2595 Augustinus.

581 2612 820 2667 Primum
850 2615 1036 2661 contra
1076 2600 1350 2669 Pelagium
1397 2610 1451 2651 et
1490 2600 1804 2669 leestium
1852 2598 2154 2669 haereticos,

582 2684 673 2751 qui
715 2681 782 2733 de
826 2676 996 2748 gratia
1034 2674 1154 2751 haec
1201 2667 1642 2751 asserebant,__l°_
1682 2667 2157 2751 pas-sebominem

581 2737 715 2806 solis
758 2737 962 2803 naiurre
1000 2742 1221 2807 viribus,
1270 2741 1386 2794 sola
1431 2738 1683 2793 facultate
1722 2737 1877 2791 liberi
1922 2738 2155 2805 arbitrii,

582 2823 786 2889 absque
810 2815 1020 2889 auxilio
1040 2812 1299 2889 specialia
1321 2825 1415 2889 seu
1452 2811 1621 2889 gratia
1658 2808 1746 2889 Dei
1777 2810 2155 2887 przeveniente,

583 2902 637 2946 et
659 2879 866 2945 in'terna
896 2879 1151 2949 motione,
1183 2879 1527 2943 excitatione,
1559 2880 1935 2946 illustratione,
1968 2893 2160 2933 conse-

581 2962 673 3024 gui
720 2960 916 3014 donum
961 2955 1083 3009 ﬁdei
1123 2962 1174 3006 et
1216 2952 1442 3024 gratiam
1478 2949 1898 3024 justiticationis,
1942 2962 2160 3004 servare

572 3012 748 3085 “tam
766 3012 960 3095 legem,
976 3012 1323 3093 perseverare
1339 3012 1610 3089 iniustitia
1626 3035 1795 3095 usque
1818 3012 1891 3095 ad
1905 3030 2155 3095 mortem,

579 3099 636 3159 ἐ..
684 3089 902 3154 tandem
950 3089 1112 3148 vitam
1158 3102 1413 3147 aeternam
1458 3089 1780 3159 promereri;
1826 3090 1885 3142 2°
1932 3089 2159 3158 gratiam

581 3165 785 3228 Christi
826 3165 1111 3238 specialem
1152 3161 1522 3238 tantummodo
1554 3161 1905 3238 _ut_ilem.esse
1945 3161 2009 3214 ad
2044 3160 2159 3215 huic

2272 1469 2595 1525 sentiebant.
2631 1469 2828 1524 Verum
2861 1468 2964 1525 hoc
2988 1467 3257 1524 addebant
3281 1484 3588 1539 erroneum,
3616 1480 3669 1529 et
3697 1491 3727 1529 a
3751 1491 3850 1532 ve-

2271 1542 2433 1613 ritate
2473 1541 2730 1613 alienum,
2777 1555 2936 1609 posse
2973 1539 3105 1613 oriri
3131 1556 3192 1593 ex
3224 1540 3379 1613 nobis
3423 1542 3573 1597 initia
3608 1547 3845 1613 quaedam

2271 1609 2532 1685 bonarum
2566 1612 2898 1685 voluntatum
2922 1619 2979 1665 et
2999 1610 3281 1665 aﬂ‘ectuum
3312 1609 3653 1685 absqueulla
3683 1620 3849 1685 gratia

2270 1681 2469 1735 Christi
2514 1682 2744 1736 interius
2794 1690 3074 1746 movente;
3121 1697 3345 1750 quorum
3402 1683 3599 1738 intuitu
3655 1681 3849 1743 deinde

2269 1751 2445 1826 gratia
2480 1753 2569 1806 Dei
2604 1752 2758 1806 nobis
2784 1751 3213 1826 conferreturad
3233 1754 3642 1826 promovendos
3669 1756 3849 1826 hujus.

2271 1820 2414 1876 modi
2444 1832 2671 1877 conatus
2699 1831 2754 1877 et
2784 1823 2867 1891 pia
2901 1820 3188 1894 desideria.
3226 1821 3545 1894 sentiebant
3574 1820 3754 1894 itaque
3782 1830 3849 1883 li-

2190 1875 2240 1936 B
2266 1875 2470 1948 berum'
2490 1875 2796 1965 arbitrinm'
2821 1875 2960 1947 satis
2981 1875 3118 1965 suis
3163 1875 3375 1948 man;
3389 1875 3847 1965 “sasge“’q‘..32iéis

2264 1979 2399 2033 opus
2441 1965 2641 2019 bonum
2680 1964 2954 2026 inchoare,
2986 1964 3260 2017 voluntate
3299 1964 3513 2031 saltem,
3549 1964 3746 2022 conatu
3784 1985 3847 2024 ac

2263 2035 2557 2107 desiderio,
2591 2050 2659 2107 ac
2683 2050 2778 2103 per
2810 2037 2910 2107 hoc
2938 2033 3275 2107 desiderium
3300 2035 3591 2104 impetrare
3612 2040 3843 2107 gratiam

2264 2104 2329 2158 ad
2374 2105 2781 2173 perliciendum.
2827 2105 2986 2174 idque
3025 2118 3117 2171 per
3155 2104 3374 2174 modum
3416 2109 3587 2162 meriti
3611 2104 3675 2162 de
3703 2124 3840 2163 con-

2262 2189 2395 2244 gruo
2423 2194 2433 2227 :
2469 2176 2607 2230 sicut
2631 2175 2803 2230 oratio
2834 2173 3027 2229 exilide
3056 2173 3290 2242 profecta
3323 2176 3493 2244 (juxta
3522 2182 3841 2234 sententiam

2264 2246 2574 2318 augustini)
2605 2247 2743 2300 valet
2768 2245 2833 2299 ad
2862 2246 3086 2314 gratiam
3109 2244 3517 2318 justilicationis
3548 2250 3843 2318 impetran—

2264 2314 2411 2386 dam,
2443 2314 2673 2386 eamque
2704 2329 2941 2371 meretur
2979 2331 3045 2369 ex
3084 2329 3344 2385 congruo.
3384 2314 3843 2376 Proinde'merito

2263 2385 2596 2460 dicebantur:
2629 2388 2870 2460 isti_non
2917 2386 3207 2460 Pelagiani,
3237 2386 3341 2460 sed
3371 2387 3795 2460 Semipelagiani
3826 2409 3841 2445 :

2261 2458 2391 2529 quia
2415 2456 2813 2529 cumPelagius
2844 2470 3018 2529 neque
3047 2456 3112 2508 ad
3148 2456 3535 2529 inchoandum,
3561 2456 3746 2529 neque
3772 2461 3842 2516 ad

2262 2526 2648 2594 perliciendum
2678 2540 2812 2593 opus
2851 2527 3047 2581 bonum
3083 2528 3303 2595 gratiam
3341 2526 3432 2580 Dei
3466 2526 3836 2585 necessariam

2261 2598 2610 2665 prmdictiret,
2664 2598 2741 2652 illi
2796 2598 3028 2664 priorem
3085 2607 3285 2664 partem
3331 2597 3832 2665 amplectebantur,

2264 2669 2616 2737 posteriorem
2649 2668 2983 2736 rejiciebant,
3031 2675 3296 2736 tamquam
3340 2681 3635 2729 erroneam,
3666 2680 3837 2737 atque

2262 2736 2334 2791 ita
2358 2737 2532 2793 solum
2563 2738 2779 2792 dimidia
2806 2753 2872 2793 ex
2904 2748 3055 2805 parte
3082 2753 3207 2793 cum
3240 2739 3327 2792 illo
3364 2739 3414 2791 in
3445 2736 3843 2807 quaestionede

2263 2808 2588 2878 necessitate
2618 2812 2804 2878 gratia:
2834 2808 3159 2862 sentiebant.
3191 2808 3267 2862 Ex
3300 2808 3400 2863 hoc
3424 2819 3602 2863 autem
3625 2826 3837 2878 errore,

2262 2888 2320 2931 ut
2347 2877 2481 2932 falso
2508 2877 2935 2950 fundamentoet
2963 2879 3101 2950 male
3123 2879 3395 2950 principio
3421 2879 3679 2950 admisso,
3710 2898 3842 2936 con-

2262 2961 2496 3017 sequens
2519 2949 2620 3003 fuit
2645 2965 2740 3005 eos
2767 2949 2929 3002 multa
2960 2948 3064 3020 alia
3088 2948 3319 3003 absurda
3348 2961 3401 3005 et
3423 2948 3690 3020 paradoxa
3717 2952 3840 3007 huic

2261 3029 2625 3074 consentanea
2662 3031 2717 3076 et
2754 3019 3087 3090 consectaria
3129 3020 3435 3084 admittere,
3473 3034 3598 3090 puta
3632 3023 3840 3078 initium

2262 3090 2452 3161 salutis
2477 3106 2545 3145 ex
2578 3092 2732 3145 nobis
2759 3105 2899 3156 esse,
2931 3089 3156 3160 gratiam
3188 3090 3282 3145 Dei
3312 3107 3434 3146 esse
3462 3089 3840 3161 pedissequam

2262 3160 2550 3235 voluntatis
2575 3172 2792 3235 nostrae,
2825 3162 3073 3235 humanae
3097 3160 3420 3235 obedienti‘a
3442 3160 3842 3235 subjungi'gra-

584 3242 781 3296 melius
804 3230 871 3293 et'
889 3235 1098 3291 facilius
1120 3232 1495 3306 praestandam
1515 3230 1827 3306 obtinenda,
1857 3246 1960 3283 non
1980 3243 2156 3306 autem
2183 3243 2232 3306 ο
2263 3232 2353 3285 tiae
2376 3232 2720 3306 adjutorium,
2748 3232 2947 3306 nostris
2974 3233 3221 3306 precibus
3245 3232 3471 3302 gratiam
3495 3230 3588 3289 Dei
3615 3230 3842 3291 subinde

583 3312 829 3365 absolute
879 3304 1268 3367 necessariam;
1315 3301 1371 3355 5°
1421 3301 1561 3355 hanc
1602 3303 1824 3369 gratiam
1867 3305 2159 3357 secundum

584 3379 777 3436 merita
808 3386 1011 3439 nostra,
1043 3373 1092 3426 id
1122 3382 1225 3434 est,
1249 3386 1410 3439 opera
1432 3388 1497 3425 ex
1523 3371 1751 3438 propriis
1774 3371 1980 3425 viribus
2002 3375 2158 3439 facta,

585 3452 739 3505 nobis
766 3447 976 3513 donari,
1009 3446 1167 3513 idque
1193 3458 1262 3496 ex
1291 3443 1557 3510 condigno
1587 3452 1641 3495 et
1670 3456 1733 3494 ex
1762 3442 1985 3513 justitia.
2014 3443 2160 3498 Con-

583 3531 667 3576 tra
692 3524 787 3575 hos
814 3512 1027 3575 errores
1054 3512 1295 3583 probavit
1328 3516 1391 3566 D.
1425 3513 1747 3581 Augustinus
1776 3521 1829 3565 et
1855 3513 1943 3565 alii
1974 3512 2159 3569 Patres

582 3592 745 3647 fidem
786 3587 1146 3645 Christianam
1190 3598 1312 3639 esse
1350 3584 1548 3637 donum
1596 3583 1688 3636 Dei
1729 3585 2155 3651 supernaturale,

583 3678 684 3717 nec
714 3677 871 3731 posse
901 3658 1171 3731 hominem
1214 3653 1805 3731 credere,_justilicari_,_
1837 3655 2005 3731 legent
2038 3671 2157 3731 ser-

582 3724 730 3798 vare,
767 3741 823 3786 et
856 3730 1079 3784 salutem
1116 3726 1395 3793 consequi,
1434 3725 1551 3777 sine
1590 3725 1807 3792 speciali
1839 3724 1928 3778 Dei
1959 3726 2157 3781 auxilio

584 3814 638 3859 et
669 3803 839 3871 gratia
865 3798 1242 3871 prmveniente.
1274 3800 1564 3871 comitante
1593 3804 1647 3849 et
1676 3806 2019 3871 cooperante.
2053 3798 2154 3852 Se-

582 3867 760 3928 cundo
787 3867 1075 3935 disputavit
1100 3868 1427 3935 Augustinus
1470 3874 1656 3919 contra
1695 3867 1857 3918 alium
1890 3883 2152 3933 errorem,

582 3959 767 4000 eorum
796 3942 1005 3995 scilicet
1038 3938 1126 4007 qui
1161 3954 1189 3989 a
1221 3938 1280 3989 Ι).
1309 3935 1576 4003 Prospero
1598 3947 1652 3989 et
1680 3936 1880 3990 Hilario
1908 3938 2157 3993 dicuntur

579 4016 825 4082 reliquiae
854 4011 1282 4082 Pelagianorum,
1311 4015 1365 4060 et
1385 4008 1551 4082 vulgo
1576 4007 1993 4082 Semipelagiani
2021 4026 2157 4063 nun-

580 4076 934 4154 cupaliantur:
977 4076 1039 4154 lli
1070 4078 1239 4154 fuere,
1273 4086 1332 4129 ut
1366 4076 1565 4154 dictum
1607 4086 1709 4141 est,
1754 4077 1935 4154 clerici
1966 4082 2152 4154 Massi-

577 4147 780 4211 lienses
811 4155 862 4206 in
892 4151 1063 4206 Gallia
1092 4147 1446 4218 Narbonensi,
1486 4149 1626 4199 inter
1666 4161 1804 4213 quos
1843 4147 2149 4218 Cassianus,

581 4242 702 4280 cum
755 4239 785 4276 e
836 4222 1117 4275 Palmsttna
1169 4217 1455 4270 Massiliam
1504 4220 1931 4279 coannigrasset,
1983 4229 2039 4270 ut
2083 4234 2148 4273 ex

581 4292 860 4348 Gcnnadio
906 4298 960 4344 et
1004 4287 1303 4359 Trithetnio
1347 4286 1627 4341 retulimus
1669 4285 1757 4352 (In
1803 4289 2145 4359 praefatione),

581 4374 880 4428 magnaque
914 4357 1230 4428 eruditionis
1270 4355 1408 4408 fama
1446 4368 1500 4410 et
1535 4367 1850 4428 auctoritate
1901 4355 2149 4425 polleret,

581 4425 742 4499 huius
772 4425 1027 4483 doctrina:
1060 4425 1582 4499 praecipuusauctor
1613 4427 1903 4499 ferebatur,
1939 4440 1995 4481 ut
2020 4445 2152 4484 con-

580 4494 689 4558 stat
720 4513 829 4555 tum
854 4515 917 4552 ex
947 4498 1189 4562 epistolis
1224 4494 1408 4548 Hilarii
1438 4511 1487 4549 et
1519 4498 1768 4563 l’rosperi
1799 4498 1864 4550 ad
1896 4500 2150 4564 Arminii-

578 4590 707 4627 num
725 4571 899 4642 ('l‘om_.
920 4566 1294 4642 νυμφίῳ),
1316 4577 1425 4619 ιιιιη
1448 4568 1727 4642 ex_eo_dem
1758 4568 2022 4636 Prospero
2046 4571 2149 4625 ini-

579 4646 655 4697 tio
680 4637 801 4696 libti
822 4640 1076 4693 adversus
1101 4637 1445 4701 Collatorem,
1476 4638 1561 4690 ubi
1583 4638 1892 4691 Cassianum
1921 4653 2110 4695 notans
2134 4662 2146 4697 :

583 4713 772 4771 Unius.
806 4712 994 4777 inquit,
1026 4708 1344 4775 potissimum
1370 4708 1710 4774 deﬁnitiones,
1735 4725 1884 4779 quem
1915 4728 2013 4764 non
2048 4714 2150 4767 du-

577 4785 717 4838 bium
734 4792 805 4837 est
823 4780 927 4834 illis
942 4779 1171 4832 omnibus
1183 4779 1235 4830 in
1258 4786 1557 4831 sanctarum
1574 4779 1963 4846 Scripturarum
1977 4784 2149 4837 studio

577 4862 845 4925 praestare,
869 4852 1302 4925 referemus,_etc.
1323 4847 1481 4919 (Vide
1505 4850 1642 4925 infra
1670 4861 1782 4919 post
1804 4850 1892 4925 liti.
1925 4852 1991 4905 D.
2017 4852 2151 4925 Pro—

574 4919 757 4995 speri).
802 4924 1006 4995 Horum
1044 4919 1362 4995 opinionem
1375 4923 1546 4995 secuti
1574 4933 1698 4973 sunt
1723 4922 1875 4975 multi
1904 4937 2001 4990 per
2025 4924 2148 4979 Gal-

574 4990 1003 5063 liam'episcopi,
1049 4992 1290 5063 adhqnos
1325 4990 1646 5063 Caelestinus
1689 5006 1821 5060 papa
1865 4995 2143 5061 epistolam

570 5060 809 5135 scripsit,
842 5081 942 5129 qua
976 5060 1381 5117 Massiliensium
1406 5062 1691 5135 audaciam
1702 5060 2058 5135 icompeScuit,
2088 5076 2140 5121 et

570 5132 852 5205 Augustini
886 5134 1185 5189 doctrinam
1217 5132 1623 5205 comprobavit,
1649 5132 1713 5205 Hi
1745 5135 1902 5205 igitur
1926 5151 2133 5202 omnes,

568 5202 756 5275 utpote
781 5207 880 5260 viri
912 5206 1145 5269 alioquin
1177 5202 1425 5275 catholici
1450 5215 1500 5256 et
1532 5203 1788 5273 religiosi,
1819 5216 2002 5260 contra
2037 5207 2136 5260 Pe-

566 5272 766 5347 lagium
790 5277 1011 5346 gratiam
1027 5274 1239 5347 Christi
1272 5272 1596 5347 fatebantur,
1630 5290 1734 5327 non
1767 5277 1937 5330 solum
1964 5288 2137 5332 exter-

566 5344 650 5405 11άῖ
678 5344 1092 5417 ρι’ξὲίῖἱεθιιιιηίε,
1118 5359 1299 5417 verum
1328 5349 1486 5398 etiam
1517 5344 1741 5417 internae
1773 5348 2137 5414 inspirationis

564 5427 621 5475 et
650 5415 1043 5479 illustrationis,
1079 5431 1184 5469 non
1216 5415 1389 5469 solum
1423 5417 1625 5476 utilem,
1654 5416 1747 5470 sed
1779 5421 2133 5473 necessariam

563 5504 687 5545 esse
715 5492 781 5543 ad
798 5488 1257 5557 jus-ilicationein,
1291 5488 1771 5553 persevcrantiam,
1804 5497 1857 5543 et
1887 5491 2132 5543 meritum

563 5560 688 5615 vita:
718 5570 963 5623 internae;
996 5573 1099 5627 qua
1132 5558 1231 5610 nisi
1259 5557 1643 5626 adjtivarentur
1677 5571 1902 5613 conatus
1940 5561 2129 5625 nostri,

561 5645 669 5685 non
711 5631 871 5684 modo
910 5630 1129 5682 difticile
1176 5639 1637 5698 consequerentur
1670 5630 1811 5698 quod
1851 5630 2130 5684 contendi-

561 5715 703 5763 mus,
738 5711 794 5753 ut
821 5699 1069 5754 volebant
1098 5698 1386 5765 Pelagiani,
1424 5715 1610 5753 verum
1642 5701 1800 5754 etiam
1836 5702 1970 5755 irriti
2010 5717 2130 5755 om-

559 5769 690 5821 nino
730 5779 910 5821 essent
950 5778 1003 5820 et
1060 5767 1244 5820 inanes
1289 5771 1354 5822 ad
1396 5769 1829 5836 justtﬁcationem
1874 5782 1929 5825 et
1966 5776 2127 5826 vitam

559 5843 819 5899 aeternam
859 5836 1289 5903 promerendam.
1330 5840 1396 5893 Et
1432 5842 1690 5895 hactenus
1728 5842 1943 5909 quidem
1984 5854 2129 5900 recte

2178 4614 2230 4674 D

2264 3304 2568 3370 praweniri,
2612 3317 2768 3371 posse
2808 3302 3078 3357 hominem
3116 3302 3247 3357 solis
3284 3313 3488 3359 natum
3528 3307 3733 3361 viribus
3772 3307 3838 3361 ad

2264 3374 2626 3445 recipiendam
2658 3374 2886 3443 gratiam
2926 3373 3105 3445 aliquo
3142 3376 3301 3429 modo
3337 3390 3396 3429 se
3429 3391 3754 3445 praeparare.
3787 3388 3839 3433 et

2265 3443 2348 3514 bis
2397 3445 2614 3509 similia,
2655 3460 2774 3514 qua:
2823 3454 2933 3498 tota
2978 3444 3184 3513 reliqua
3226 3443 3585 3513 disputatione
3628 3448 3696 3502 ab
3737 3448 3836 3503 hoc

2263 3512 2383 3568 loco
2409 3529 2578 3583 usque
2609 3512 2685 3569 ad
2713 3516 2869 3569 linem
2902 3515 3057 3585 hujus
3093 3512 3398 3571 Collationis
3424 3533 3454 3571 a
3483 3516 3837 3575 Chaeremone

2264 3589 2543 3639 traduntur
2567 3597 2628 3660 _et
2661 3600 2689 3639 a
2723 3585 2794 3660 D.
2830 3586 3097 3660 Prospero
3124 3588 3362 3660 graviter
3396 3597 3453 3643 et
3479 3602 3631 3643 acute
3661 3591 3837 3660 impu-

2259 3665 2510 3724 gnantur.
2567 3656 2644 3711 Ex
2690 3657 2883 3723 quibus
2924 3659 3086 3711 etiam
3129 3657 3343 3712 elicitur
3384 3660 3521 3713 ratio
3560 3674 3651 3714 cur
3697 3656 3836 3716 hanc

2259 3727 2599 3781 collationem
2649 3743 2753 3779 non
2793 3728 3109 3795 simpliciter
3151 3727 3218 3782 de
3256 3729 3425 3796 gratia
3473 3730 3599 3792 Dei,
3638 3730 3733 3785 sed
3775 3733 3837 3785 de

2258 3799 2571 3867 protectione
2600 3797 2691 3851 Dei
2714 3798 3005 3852 Cassianus
3027 3798 3382 3865 inscripserit,
3414 3804 3657 3856 sentiens
3681 3804 3835 3855 nimi-

2260 3882 2376 3921 rum
2400 3869 2625 3935 gratiam
2662 3870 2753 3923 Dei
2782 3885 2885 3923 non
2910 3868 3224 3938 simpliciter
3244 3884 3365 3925 esse
3385 3873 3747 3926 necessariam
3768 3874 3835 3925 ad

2257 3939 2599 4012 excitandum
2630 3949 2726 4012 aut
2754 3939 3115 3994 inchoandum
3145 3940 3197 4012 in
3229 3940 3383 3994 nobis
3411 3941 3607 3996 bonum
3642 3957 3836 4012 propo-

2257 4009 2441 4075 situm,
2475 4011 2566 4066 sed
2592 4011 2658 4064 ad
2693 4012 3103 4079 protegendum,
3132 4011 3182 4064 id
3204 4022 3306 4075 est,
3332 4009 3759 4068 conservandum
3780 4022 3836 4068 et

2256 4082 2703 4146 promovendum.
2733 4082 2824 4136 His
2847 4082 2915 4134 ita
2938 4081 3007 4136 de
3027 4096 3184 4135 causa
3200 4082 3440 4136 Cassiani
3463 4093 3518 4138 et
3536 4084 3835 4137 Massilien-

2254 4150 2392 4202 sium
2416 4152 2709 4215 generatim
2729 4155 3062 4221 praenotatis,
3092 4162 3257 4206 reSIat
3285 4164 3339 4205 ut
3356 4156 3517 4207 verba
3542 4164 3714 4208 textus
3736 4170 3833 4207 su-

2256 4223 2434 4293 perius
2464 4222 2689 4289 allegata
2719 4223 3081 4287 expendamus
3107 4234 3159 4277 et
3190 4238 3608 4291 prosequamur;
3637 4224 3835 4293 quibus

2254 4292 2481 4357 primum
2505 4294 2758 4359 supponit
2784 4295 3029 4355 collator,
3052 4294 3190 4362 quod
3218 4297 3462 4362 superius
3490 4292 3832 4362 annOtatum,

2252 4362 2510 4431 quoddam
2547 4364 2768 4424 initium,
2799 4380 2888 4417 seu
2917 4374 3083 4415 ortum
3108 4364 3251 4417 bona:
3278 4366 3555 4418 voluntatis
3593 4382 3657 4420 ea:
3686 4366 3832 4421 nobis

2252 4431 2436 4504 absque
2468 4433 2561 4485 Dei
2585 4434 2842 4501 adiutorio
2870 4433 3089 4486 subinde
3110 4450 3375 4504 emergere,
3407 4436 3505 4504 hoc
3530 4444 3635 4498 est,
3669 4450 3834 4504 posse

2252 4500 2523 4557 hominem
2565 4520 2632 4558 ex
2670 4506 2802 4557 solis
2833 4515 3037 4558 naturas
3062 4500 3267 4559 viribus
3299 4503 3489 4571 aliquid
3517 4505 3647 4556 boni
3669 4500 3829 4561 'velle

2254 4580 2347 4625 aut
2391 4584 2647 4642 Cogitare.
2701 4574 2853 4641 Quod
2899 4576 3115 4642 quidem
3162 4584 3409 4644 repugnat
3457 4573 3686 4644 primum
3740 4574 3825 4631 illi

2254 4646 2532 4716 sententiae
2553 4646 2852 4716 catholicae,
2880 4660 3036 4707 quam
3068 4642 3557 4713 ipseniet‘sunerius
3584 4642 3739 4715 (Cap.
3767 4645 3826 4716 3)

2254 4714 2420 4785 veluti
2439 4729 2533 4782 pro
2551 4715 2897 4770 fundamento
2915 4717 3077 4768 totius
3094 4717 3467 4785 disputationis
3486 4714 3761 4784 posuerat,
3776 4714 3830 4772 et

2250 4783 2540 4853 Scriptura:
2563 4786 2871 4839 testimonio
2900 4783 3243 4840 conﬁrmarat
3266 4786 3451 4840 dicens
3473 4783 3630 4839 {Non
3658 4788 3827 4841 solum

2249 4866 2476 4915 actuum.
2509 4872 2682 4909 verum
2718 4859 2870 4909 etiam
2913 4858 3279 4928 cogitationum
3314 4858 3565 4909 bonarum
3606 4873 3671 4910 ea:
3718 4855 3825 4911 Deo

2249 4940 2355 4979 esse
2387 4928 2712 4997 principium,
2745 4928 2832 4995 qui
2860 4928 3007 4980 nobis
3045 4937 3091 4979 et
3136 4931 3285 4978 initia
3320 4938 3511 4980 sancta:
3549 4928 3825 4981 voluntatis

2247 4996 2488 5063 inspirat,
2520 5006 2567 5049 et
2596 4998 2829 5049 virtutem
2856 5006 3002 5063 atque
3035 4996 3471 5066 opportunitatem
3497 5013 3675 5067 eorum
3711 5014 3826 5067 qui:

2248 5077 2382 5120 recte
2407 5069 2643 5131 cupimus
2672 5068 2794 5137 (vel
2825 5070 3085 5135 coepimus
3118 5074 3132 5129 )
3162 5068 3458 5137 peragendi.
3502 5066 3667 5119 Omne
3693 5066 3824 5120 enim

2245 5136 2425 5190 datum
2451 5138 2659 5199 bonum,
2685 5146 2731 5190 et
2761 5154 2908 5191 omne
2932 5138 3125 5191 donum
3158 5136 3439 5205 perfectum
3460 5138 3727 5190 desursum
3751 5146 3826 5190 est

2244 5206 2396 5279 (Jac.
2428 5213 2501 5272 ι),
2532 5218 2637 5263 etc.
2672 5208 2841 5274 Quam
2877 5209 3040 5279 ipsius
3067 5206 3431 5279 deﬁnitionem
3455 5207 3745 5279 aliquoties
3776 5209 3828 5262 ei

2243 5280 2424 5345 objicit
2443 5279 2501 5334 S.
2518 5279 2768 5347 Prosper,
2791 5289 2952 5345 atque
2976 5278 3099 5331 hinc
3124 5278 3353 5332 levitatis
3380 5288 3436 5331 et
3453 5278 3829 5332 inconstantia:

2241 5363 2366 5403 eum
2400 5351 2691 5417 redarguit,
2724 5355 2894 5418 utqui
2927 5349 3027 5403 sibi
3062 5351 3177 5415 ipse
3207 5347 3627 5412 contradixerit;
3659 5356 3713 5401 et
3735 5349 3827 5415 qui

2242 5427 2411 5473 totum
2457 5423 2642 5489 gratia:
2688 5429 2843 5473 antea
2883 5420 3163 5483 tribuerat,
3213 5419 3374 5471 modo
3407 5428 3613 5489 partem
3656 5418 3828 5471 libero

2241 5490 2449 5545 deferst
2486 5489 2730 5544 arbitrio.
2764 5490 3014 5545 Secundo
3052 5501 3309 5558 repugnat
3342 5488 3649 5543 manifestis
3679 5489 3827 5558 scri-

2238 5570 2408 5629 pturae
2439 5562 2779 5624 testimoniis,
2808 5575 3037 5628 quorum
3070 5555 3339 5628 praecipua
3371 5573 3497 5614 sunt
3530 5558 3643 5611 haec
3669 5576 3680 5609 :
3710 5555 3828 5611 Ne-

2236 5648 2319 5704 mo
2344 5642 2505 5704 potest
2535 5633 2703 5685 venire
2729 5631 2796 5683 ad
2825 5647 2923 5704 me,
2958 5631 3057 5684 nisi
3082 5629 3240 5704 Pater
3268 5647 3419 5704 meus
3439 5630 3655 5682 traxerit
3681 5645 3825 5704 eum.

2233 5698 2387 5757 Joan.
2422 5720 2490 5758 vt.
2524 5704 2649 5757 Sine
2675 5719 2752 5755 me
2781 5700 2915 5754 nihil
2938 5702 3143 5769 potestis
3172 5701 3361 5768 facere.
3390 5700 3549 5755 Jozin.
3582 5714 3663 5752 ιιι.
3698 5698 3826 5753 Non

2232 5789 2409 5827 sumus
2442 5774 2735 5843 sufﬁcientes
2768 5774 2990 5843 cogitare
3026 5770 3226 5840 aliquid
3260 5787 3325 5843 ea:
3359 5771 3823 5843 nobis,_tgrtquarn

2230 5860 2296 5899 ea:
2320 5846 2483 5912 nobis,
2501 5838 2606 5898 "sed
2629 5838 2925 5914 sufﬁcientia
2950 5838 3125 5897 nostra
3150 5856 3216 5895 ea:
3244 5838 3355 5895 Deo
3380 5849 3471 5898 est.
3502 5839 3549 5895 ll
3578 5838 3701 5895 Cor.
3732 5854 3817 5897 ut.
