4048 6198
473 246 577 303 915
1534 230 1818 289 JOANNIS
1857 228 2073 289 CASS“

2208 226 2705 289 COLLATIDNES.
3675 241 3808 300 ,κ

471 355 928 435 quemadmodum
961 353 1221 409 Dominus
1250 351 1561 421 petentibus
1590 352 1813 421 tribuat,
1842 367 1874 407 ιι
1906 368 2058 423 quaa-
2086 354 2145 417 Α
2167 349 2297 415 Deo,
2320 358 2367 404 et
2388 349 2817 421 appropinquabit
2838 350 2975 407 vobis
3002 351 3191 425 (Psal.
3214 352 3318 428 tt)?
3339 354 3411 414 Et
3441 359 3591 429 quod
3634 360 3795 423 alibi

471 457 719 513 rentibus
747 448 1088 511 inveniatur,
1115 446 1433 515 aperiatque
1463 446 1801 515 pulsantibus
1835 444 2061 515 (Matth.
2172 445 2323 508 dicit,
2352 442 2520 499 Nemo
2550 447 2686 499 venit
2707 446 2777 498 ad
2809 462 2908 515 me,
2952 449 3050 502 nisi
3075 446 3239 504 Pater
3264 452 3355 520 qui
3381 453 3522 506 misit
3546 470 3660 520 me,
3697 467 3792 511 οι.

474 547 699 619 vu);et
719 556 906 600 rursus
929 541 1232 597 inveniatur
1261 554 1427 595 anon
1455 540 1822 611 quaerentibus
1850 553 1933 601 se,
1964 553 2066 609 pa—
2172 538 2385 593 traxerit
2434 555 2549 593 eum
2596 538 2788 606 (Joan.
2844 542 2983 609 v1)?
3024 541 3162 610 Quid
3213 544 3284 599 sit
3332 546 3480 615 quod
3530 546 3783 619 dicitur,

475 644 580 696 iam
608 644 869 707 appareat
899 634 1038 688 inter
1062 635 1186 689 illos
1214 634 1304 703 qui
1336 648 1458 688 eum
1490 648 1598 688 non
1628 633 2064 701 interrogabant,
2176 644 2197 670 ο
2230 634 2412 687 Rectos
2453 648 2632 686 cursus
2676 632 2758 702 fac
2788 634 3003 705 pedibus
3048 637 3175 703 tuis,
3205 647 3253 692 et
3291 639 3399 693 vias
3438 648 3560 696 tuas
3599 644 3786 716 dirige

475 743 530 788 et
559 740 667 785 tota
704 730 792 783 die
823 728 1092 797 expandat
1134 742 1323 781 manus
1370 742 1495 781 suas
1536 729 1603 782 ad
1652 728 1905 797 populum
1957 742 2064 782 non
2173 724 2346 792 (Psal.
2376 724 2467 795 v);
2498 734 2551 780 et
2582 724 2709 793 quid
2740 725 2809 781 sit
2840 727 2982 797 quod
3020 728 3253 784 dicimus
3281 742 3534 801 orantes,
3584 736 3777 809 Dirige

474 822 788 878 credentem
820 819 924 875 sibi
950 829 1005 874 et
1042 818 1505 877 contradicentem
1533 816 1681 888 (Isa.
1724 834 1852 883 ων,
1905 817 2062 872 Rom.
2169 818 2226 871 in
2251 827 2524 885 conspectu
2548 826 2639 872 tuo
2663 819 2797 873 viam
2827 836 3013 875 meam.
3040 820 3129 885 Et,
3159 821 3362 893 Perﬁce
3389 843 3599 896 gressus
3630 847 3778 887 meo;

472 937 509 975 ι
535 920 577 991 ),
611 919 928 975 resistentes
970 930 1032 971 ac
1060 916 1220 987 longe
1259 917 1465 986 positos
1506 923 1687 978 vocet,
1738 915 1937 971 invitos
1985 922 2068 969 at-

475 1013 657 1069 trahat
700 1011 765 1065 ad
814 1010 1079 1075 salutem,
1132 1023 1357 1079 peccare
1404 1008 1745 1077 cupientibus
1787 1005 2067 1076 explenda

478 1106 691 1174 cepiam
713 1103 999 1159 subtrahat
1025 1101 1336 1171 voluntatis,
1364 1101 1429 1157 ad
1455 1101 1747 1173 nequitiam
1775 1114 2070 1171 properan-

478 1198 622 1253 tibus
639 1195 907 1265 benignus
927 1196 1173 1250 obsistat.
1194 1191 1327 1251 ⁸ευί
1345 1203 1519 1250 autem
1543 1193 1701 1250 facile
1723 1202 1923 1264 pateat,
1943 1207 2073 1263 quo.

480 1291 643 1347 modo
670 1291 859 1345 salutis
879 1304 1084 1345 summa
1106 1297 1294 1344 nostro
1317 1289 1585 1344 tribuatur
1607 1290 1853 1355 arbitrio,
1874 1288 1942 1344 de
1962 1305 2071 1359 quo

481 1384 681 1441 dicitur
712 1404 724 1437 :
764 1384 823 1440 Si
852 1383 1117 1439 volueritis
1150 1390 1196 1437 et
1222 1383 1495 1437 audieritis
1522 1400 1618 1450 me,
1646 1399 1760 1453 qua:
1790 1384 1920 1437 bona
1949 1390 2073 1437 sunt

484 1489 631 1534 terra
656 1476 1031 1533 manducabitis
1058 1474 1359 1545 (Isaiam);
1390 1485 1446 1532 et
1469 1477 1741 1547 quomodo
1768 1494 1871 1532 non
1898 1476 2074 1532 volen-

482 1575 548 1626 tis
575 1588 737 1640 neque
765 1573 1038 1636 currentis,
1069 1572 1158 1625 sed
1185 1572 1470 1627 miserentis
1494 1574 1560 1627 sit
1594 1573 1687 1627 Dei
1720 1572 1740 1643 (
1765 1572 1917 1627 Rom.
1946 1574 2072 1644 ix)?

482 1665 509 1707 1‘
542 1666 683 1734 Quid
730 1666 890 1723 etiam
934 1667 1004 1722 sit
1033 1665 1188 1732 illud,
1235 1666 1376 1736 quod
1408 1665 1549 1721 Deus
1589 1668 1764 1722 reddet
1798 1668 2074 1735 unicuique

2172 915 2227 969 in
2249 914 2441 969 semitis
2468 915 2594 981 tuis,
2619 926 2676 969 ut
2706 932 2807 971 non
2850 926 3149 973 moveantur
3182 920 3394 991 vestigia
3432 926 3589 993 πιθα(
3618 923 3772 981 Psal.

2172 1007 2311 1075 xvi).
2340 1006 2478 1071 Quid
2506 1007 2667 1061 etiam
2697 1008 2767 1061 sit
2797 1008 2940 1077 quod
2964 1008 3159 1064 iterum
3190 1024 3625 1083 commonemur,
3657 1014 3773 1069 Fa-

2173 1101 2272 1154 cite
2299 1102 2438 1156 vobis
2461 1118 2548 1155 cor
2575 1118 2759 1156 novum
2784 1110 2832 1157 et
2860 1104 3099 1172 spiritum
3128 1121 3313 1159 novum
3336 1105 3559 1169 (Ezech.
3586 1111 3767 1179 mu);

2173 1202 2230 1249 et
2256 1195 2383 1265 quid
2402 1196 2477 1251 sit
2501 1196 2635 1252 illud
2659 1197 2801 1266 quod
2831 1198 3251 1268 repromittitur,
3287 1200 3435 1255 Dabo
3460 1203 3533 1255 eis
3561 1220 3653 1259 cor
3673 1221 3769 1260 no.

2173 1305 2313 1353 vum,
2344 1298 2392 1343 et
2430 1290 2665 1361 spiritum
2695 1306 2881 1345 novum
2910 1291 3133 1345 tribuam
3160 1293 3217 1347 in
3248 1294 3527 1349 visceribus
3565 1314 3764 1367 eorum,

2176 1390 2221 1436 et
2247 1384 2479 1453 auferam
2518 1400 2605 1437 cor
2630 1385 2891 1454 lapideum
2917 1386 2979 1439 de
3005 1403 3159 1441 carne
3194 1405 3393 1453 eorum,
3433 1398 3485 1444 et
3526 1392 3655 1446 dabo
3694 1394 3767 1448 eis

2176 1494 2265 1531 cor
2301 1494 2562 1543 corneum,
2593 1486 2651 1533 ut
2679 1479 2732 1532 in
2765 1480 3032 1551 prmceptis
3076 1482 3200 1535 meis
3227 1482 3521 1553 ambulent,
3551 1494 3599 1539 et
3613 1486 3760 1557 judi-

2175 1572 2257 1625 cia
2283 1587 2396 1625 mea
2425 1572 2713 1626 custodiant
2741 1570 2965 1643 (Ezech.
3008 1572 3139 1642 Il)?
3172 1573 3313 1639 Quid
3352 1576 3421 1629 sit
3448 1577 3593 1648 quod
3634 1593 3763 1647 prte-

2176 1664 2321 1735 cepit
2352 1663 2609 1719 Dominus
2641 1664 2827 1720 dicens
2862 1681 2874 1717 :
2911 1664 3054 1719 Lava
3074 1682 3105 1718 a
3138 1665 3339 1720 malitia
3368 1684 3456 1722 cor
3484 1679 3651 1739 tuum,
3678 1666 3766 1725 Je-

483 1761 759 1817 secundum
786 1774 941 1829 apera
968 1760 1085 1829 ejus
1115 1758 1293 1828 (Rom.
1323 1757 1435 1830 xx),
1458 1768 1531 1825 et,
1563 1759 1707 1813 Deus
1738 1767 1810 1813 est
1834 1760 1925 1830 qui
1946 1776 2069 1828 ope-
2099 1760 2150 1823 B
2175 1758 2421 1823 rusalem,
2451 1767 2508 1811 ut
2538 1757 2682 1812 salva
2723 1758 2818 1827 ﬁas
2848 1754 3076 1826 (Jerem.
3114 1755 3237 1830 tv)?
3264 1768 3323 1814 et
3350 1758 3482 1829 quid
3518 1760 3590 1814 sit
3627 1761 3766 1832 quod

482 1865 629 1907 ratur
669 1855 723 1907 in
766 1852 904 1905 vobis
933 1860 979 1905 et
1004 1849 1132 1905 velle
1161 1860 1207 1905 et
1237 1852 1478 1921 perﬁcere
1522 1868 1615 1917 pro
1646 1852 1779 1905 bona
1808 1851 2071 1905 voluntate

487 1945 720 2016 (Philip.
752 1946 842 2017 ιι),
878 1954 954 2013 et,
984 1945 1081 1997 hoc
1107 1961 1208 1998 non
1237 1961 1301 1998 ex
1325 1944 1485 2009 vobis,
1514 1946 1603 1997 sed
1635 1942 1728 1997 Dei
1755 1944 1942 1997 donum
1969 1951 2067 2011 est,

483 2055 588 2092 non
623 2055 687 2095 es;
729 2039 988 2109 operibus,
1038 2047 1095 2092 ut
1125 2055 1187 2092 ne
1222 2039 1336 2108 quis
1378 2038 1625 2107 glarietur
1669 2036 1903 2107 (Ephes.
1950 2037 2068 2104 tt)?

482 2132 620 2198 Quid
674 2133 743 2187 sit
788 2131 953 2187 etiam
1011 2132 1140 2188 illud
1189 2131 1331 2203 quod
1378 2132 1575 2187 dicitur
1604 2149 1617 2186 :
1651 2131 2069 2201 ApprOpinquate

2179 1850 2295 1918 ipse
2322 1848 2591 1919 Propheta
2624 1863 2651 1901 a
2681 1848 2911 1903 Domino
2938 1849 3195 1918 postulat,
3234 1848 3446 1915 dicens,
3495 1849 3597 1905 Cor
3626 1868 3769 1905 murt-

2180 1944 2306 1998 dum
2333 1958 2452 1996 crea
2478 1944 2531 1996 in
2560 1959 2659 2007 me,
2688 1942 2862 1997 Deus?
2892 1942 2961 1998 Et
2981 1943 3176 1999 iterum
3205 1961 3218 1996 :
3248 1941 3468 1999 Lavabis
3491 1961 3593 2010 me,
3614 1955 3660 1999 et
3681 1963 3767 2000 su-

2179 2054 2269 2107 per
2297 2036 2462 2090 nivem
2484 2036 2760 2090 dealbabor
2790 2033 2975 2106 (Psal.
3010 2035 3101 2105 1.).
3131 2034 3273 2103 Quid
3302 2037 3375 2091 sit
3401 2036 3545 2108 quod
3574 2037 3636 2092 ad
3665 2053 3760 2093 nos

2178 2130 2396 2200 dicitur,
2430 2127 2457 2167 ά
2492 2129 2793 2184 Illuminate
2820 2130 2960 2185 vobis
3005 2128 3174 2184 lumen
3210 2130 3440 2184 scientiis
3468 2129 3625 2201 (Ore.
3666 2130 3758 2201 ι).

1549 2307 1807 2365 ALABDI
1847 2306 2085 2366 Chl/EI
2121 2308 2690 2367 COMllENTARIUS.

485 2428 784 2485 definitioni
816 2428 994 2484 simile
1032 2430 1306 2483 decretum
1352 2425 1582 2482 habetur
1610 2428 1663 2479 in
1694 2426 1926 2481 concilio
1954 2426 2073 2480 Tri-

484 2503 632 2555 dcnt.
662 2501 745 2556 his
766 2502 945 2554 verbis
967 2502 983 2571 (
1003 2501 1144 2555 Sess.
1168 2501 1222 2562 6,
1255 2514 1369 2551 can.
1402 2500 1507 2571 3):
1536 2498 1594 2571 Si
1616 2498 1729 2567 quis
1760 2498 1945 2550 dixerit
1966 2498 2074 2551 sine

485 2575 823 2641 prtevenieute
864 2569 1091 2638 Spiritus
1139 2571 1302 2624 sancti
1349 2569 1723 2641 inspiratione,
1770 2578 1919 2636 atque
1962 2573 2073 2633 eius

485 2639 770 2711 adjutorio,
801 2643 1055 2693 hominem
1087 2643 1313 2705 credere,
1338 2655 1566 2707 sperare,
1596 2639 1830 2711 diligere,
1862 2651 1949 2693 aut
1970 2656 2074 2709 pae-

485 2710 645 2766 nitere
676 2728 843 2778 posse,
892 2713 1021 2764 sicut
1060 2719 1281 2779 Oportet,
1316 2721 1371 2762 ut
1401 2711 1446 2763 ei
1479 2710 1873 2780 justiﬁcationis
1903 2712 2074 2783 gratia

486 2801 577 2837 cou
585 2784 805 2853 feratur,
822 2782 1109 2853 anathema
1130 2782 1216 2853 sit.

560 2851 593 2889 ⁸⁷
623 2852 867 2925 Secunda
893 2852 1126 2922 objectio
1158 2851 1469 2925 Collatoris,
1500 2853 1653 2923 cujus
1685 2855 1956 2925 prmcipua
1987 2853 2067 2907 vis

488 2934 567 2979 est
608 2926 659 2979 in
707 2924 812 2980 illis
854 2926 1033 2980 verbis
1064 2925 1307 2996 Apostoli
1338 2940 1352 2977 :
1382 2924 1500 2996 Non
1528 2935 1600 2978 est
1629 2924 1866 2996 volentis,
1912 2938 2070 2995 neque

488 2996 758 3058 currentis,
793 2999 881 3050 sed
910 2995 1194 3051 miserantis
1226 2995 1320 3049 Dei
1353 2995 1524 3067 (Rom.
1565 2995 1678 3067 ιιι).
1711 2995 1843 3050 Nam
1871 3010 2068 3065 praece-

488 3068 666 3121 dentia
725 3068 858 3121 nihil
902 3078 992 3121 aut
1024 3083 1210 3137 parum
1254 3068 1318 3121 ad
1362 3083 1471 3121 rem
1514 3068 1733 3121 faciunt.
1779 3068 1877 3122 Ubi
1924 3068 2064 3121 enim

487 3138 613 3207 legit
645 3137 905 3202 Collator,
948 3136 1049 3193 nisi
1079 3141 1216 3209 apud
1260 3136 1598 3208 Pelagianos,
1649 3142 1838 3191 salutis
1867 3148 2067 3192 nostra:

488 3226 753 3265 summam
776 3220 960 3265 nostro
984 3211 1149 3263 tribui
1174 3210 1420 3271 arbitrio,
1451 3224 1571 3261 cum
1604 3210 1908 3262 cennlrario
1930 3209 2067 3263 Scri-

490 3290 643 3348 ptura
670 3283 813 3336 dicat
842 3299 855 3336 :
882 3279 1113 3335 Perditio
1150 3289 1240 3334 tua
1266 3296 1329 3333 ex
1365 3253 1432 3341 te’.
1473 3278 1660 3335 Israel.
1691 3296 1753 3332 ex
1790 3296 1868 3332 me
1901 3290 2071 3332 autem
2097 3253 2144 3316 Ο

492 3354 846 3405 tantummodo
882 3355 1021 3405 salus
1052 3351 1210 3422 (Ose.
1239 3349 1404 3421 xm)?
1432 3350 1524 3403 llla
1558 3360 1732 3422 autem
1779 3350 2071 3419 promissio

490 3423 557 3475 de
594 3422 856 3478 fructibus
894 3420 1454 3486 terrm'comedendis,
1488 3420 1613 3489 quid
1650 3421 1712 3472 ad
1755 3423 1980 3490 gratiam
2018 3432 2072 3475 ct

489 3495 717 3547 salutem
769 3495 1011 3564 spectat?
1063 3494 1233 3564 verba
1276 3501 1453 3564 autem
1498 3492 1737 3559 Apostoli
1777 3491 2071 3564 Gregorius

491 3560 858 3620 Nazianzenus
888 3566 1073 3636 (Orat.
1111 3563 1211 3634 51)
1241 3571 1293 3615 et
1333 3563 1755 3636 Chrysostomns
1784 3560 1888 3636 (In
1922 3560 2072 3615 Com-

491 3646 649 3688 ment.
673 3636 691 3705 )
721 3640 790 3690 ita
813 3633 1106 3707 exponunt,
1132 3633 1316 3690 utnon
1345 3635 1415 3686 sit
1440 3633 1607 3687 tSolius
1630 3635 1859 3707 volentis
1879 3644 1928 3688 et
1951 3649 2074 3688 cur-

489 3708 678 3771 rentis,
719 3705 929 3763 scilicet
969 3708 1222 3771 hominis,
1265 3707 1489 3775 gratiam
1522 3714 1575 3759 et
1614 3705 1840 3759 salutem
1881 3719 2073 3758 consc-

490 3779 599 3844 qui,
634 3780 728 3833 sed
763 3781 1067 3835 miserentis
1102 3780 1196 3833 Dei
1220 3794 1232 3831 :
1258 3782 1380 3844 qaia
1413 3775 1660 3829 voluntas
1702 3792 1807 3829 non
1839 3776 2068 3843 sul‘ticit,

490 3846 592 3902 nisi
629 3849 719 3920 Dei
750 3853 919 3918 gratia
965 3852 1288 3920 adjuvetur,
1323 3847 1518 3920 Verum
1560 3847 1675 3901 bmc
1718 3846 1915 3901 solutio
1961 3864 2071 3902 non

492 3918 752 3990 satisfacit
781 3924 840 3975 Ι).
874 3918 1203 3990 Augustino:
1230 3919 1291 3976 Si
1318 3920 1474 3979 enim.
1509 3919 1699 3988 inquit.
1720 3931 1853 3990 recte
1877 3920 2071 3971 dictum

492 4000 564 4041 est
589 4007 605 4042 :
634 3989 757 4043 Non
784 3988 997 4046 volentis
1022 3992 1263 4056 hominis,
1286 3991 1374 4041 sed
1396 3990 1677 4043 miserantis
1705 4002 1775 4041 est
1808 3988 1923 4054 Dei,
1949 3990 2071 4058 quia

490 4060 545 4111 id
568 4061 799 4117 voluntas
817 4063 1036 4116 hominis
1060 4065 1169 4117 sola
1191 4077 1289 4113 non
1313 4062 1627 4127 implet;cur
1650 4075 1751 4111 non
1774 4067 1819 4111 et
1837 4070 2071 4112 econtra-

489 4130 569 4183 rio
592 4144 724 4185 recte
751 4135 937 4187 dicitur
962 4150 980 4187 .'
1016 4131 1137 4187 Non
1170 4126 1447 4185 maerentis
1479 4141 1548 4183 est
1582 4126 1697 4195 Dei,
1745 4130 1832 4182 sed
1858 4129 2074 4183 volentis

491 4210 564 4251 est
595 4202 834 4267 hominis,
863 4207 985 4267 quia
1010 4204 1061 4256 id
1086 4202 1437 4255 misericordia
1472 4198 1565 4252 Dei
1594 4206 1703 4251 sola
1729 4216 1827 4251 non
1859 4200 2071 4267 implet?

489 4272 627 4340 quod
654 4271 823 4325 nullus
850 4268 1171 4327 Christianus
1194 4272 1355 4323 dicere
1381 4270 1605 4323 audebit.
1636 4268 1705 4321 lla
1742 4270 2071 4339 Augustinus

492 4339 750 4406 (Enr/nr.
780 4359 896 4409 cap.
932 4344 1052 4464 52).
1090 4342 1200 4396 Etsi
1227 4341 1367 4393 enim
1401 4339 1453 4393 in
1480 4342 1747 4394 currendo
1768 4349 1822 4392 et
1843 4341 2071 4395 volendo

492 4412 689 4464 divina:
712 4412 1003 4464 miser-icon
1031 4416 1092 4464 im
1115 4412 1403 4464 humanum
1427 4424 1749 4464 eoonerctur
1768 4412 2066 4464 arbitrium.

490 4412 689 4465 divina:
712 4412 1092 4467 misericordiae
1115 4412 1403 4466 humanum
1427 4424 1749 4481 conparetur
1768 4412 2066 4481 arbitrium,

489 4481 618 4553 quia
640 4492 813 4535 tamen
842 4485 952 4553 ipsa
974 4485 1148 4553 gratia
1173 4482 1423 4535 ducatum
1448 4490 1500 4536 et
1524 4486 1875 4553 principatum
1902 4494 2067 4551 tenet,

490 4553 542 4606 id
576 4552 628 4605 in
676 4552 957 4611 causaest
982 4552 1087 4607 ’cur
1129 4568 1234 4608 non
1270 4554 1337 4605 ita
1383 4561 1528 4606 recte
1562 4552 1767 4605 dicatur
1798 4572 1807 4605 :
1839 4553 1954 4608 Non
1988 4566 2072 4613 cst

490 4624 813 4695 miserantis
840 4624 956 4687 Dei.
1004 4626 1098 4679 sed
1134 4624 1365 4681 hominis
1409 4624 1698 4687 currentis,
1744 4626 1881 4678 sicut
1926 4637 2071 4685 recte
2100 4633 2147 4695 ι

490 4694 684 4747 dicitur
719 4712 728 4746 :
766 4694 886 4748 Non
911 4709 982 4750 est
1010 4696 1226 4750 volentis
1258 4696 1499 4757 hominis,
1528 4696 1615 4747 sed
1642 4696 1920 4749 miserentis
1950 4696 2068 4754 Dei.

490 4764 618 4818 Ideo
648 4764 922 4836 subiungit
947 4766 1276 4837 Augustinus
1308 4784 1319 4819 :
1348 4766 1520 4820 Restat
1552 4774 1601 4817 ut
1646 4776 1913 4834 propterea
1942 4779 2073 4823 recte

492 4837 686 4909 dictum
711 4838 1069 4906 intslltgatur:
1096 4838 1213 4890 Non
1239 4838 1474 4909 volentis,
1500 4853 1662 4909 neque
1686 4839 1957 4909 currentis,
1986 4841 2076 4896 sed

490 4908 772 4961 miserantis
795 4919 868 4961 est
898 4909 1011 4973 Dei,
1043 4920 1096 4962 ut
1122 4918 1281 4962 totum
1316 4908 1421 4961 Deo
1444 4907 1611 4974 detur,
1638 4909 1724 4976 qui
1746 4907 1964 4962 hominis
1991 4928 2078 4965 vo-

490 4978 735 5031 luntatem
761 4979 945 5051 bonam
969 4990 1016 5035 et
1047 4990 1304 5048 praeparat
1317 4979 1623 5048 juvandam,
1646 4991 1690 5033 et
1707 4979 1917 5051 adjuvat
1940 4999 2075 5050 pra:-

490 5059 740 5121 paratam.
794 5049 930 5103 Nam
963 5063 1234 5121 utrumque
1280 5052 1463 5118 legitur
1508 5052 1560 5103 in
1592 5049 1790 5121 sanctis
1823 5049 2077 5121 eloquiis:

493 5120 559 5171 Et
607 5122 955 5193 misericordia
991 5125 1097 5193 ejus
1140 5118 1407 5189 prwveuiet
1438 5118 1728 5193 metPsal.
1778 5118 1961 5193 Lvttt').
2006 5121 2075 5176 Et

490 5192 839 5265 misericordia
883 5190 1356 5265 ejus'subsequetur
1387 5192 1487 5265 me(
1512 5190 1705 5245 Psalm.
1750 5190 1929 5265 nu).
1964 5194 2074 5248 No-

490 5262 673 5313 lentem
708 5262 968 5333 prtrvenit,
1016 5272 1068 5317 ut
1112 5264 1266 5330 velit;
1314 5262 1562 5317 volentem
1610 5262 1961 5332 subsequitur,
2011 5282 2074 5320 ne

490 5334 688 5403 frustra
717 5333 852 5387 t'elit.

560 5402 587 5438 δ
630 5402 809 5475 Tertia
857 5406 1106 5475 objectio.
1140 5405 1241 5462 Cui
1274 5405 1430 5460 facile
1478 5404 1859 5474 respondetur,
1899 5406 2070 5461 Deum

489 5474 702 5547 operari
753 5478 801 5529 in
850 5474 1002 5531 nobis
1033 5479 1169 5537 velle
1199 5486 1252 5537 et
1295 5477 1588 5547 perlicere,
1622 5477 1744 5547 quia
1776 5477 1945 5547 gratia
1975 5491 2072 5532 sua

490 5542 614 5597 lactt
648 5552 703 5597 ut
733 5547 960 5617 velimus
982 5588 995 5611 ,
1028 5547 1079 5601 id
1110 5559 1213 5613 est,
1258 5542 1454 5601 bonum
1498 5542 1831 5617 propositum
1875 5546 2072 5601 habea-

489 5627 631 5677 mus,
678 5624 731 5667 et
763 5615 889 5669 illud
922 5633 1283 5677 exsequamur
1309 5638 1321 5674 :
1347 5634 1445 5672 nec
1492 5615 1667 5672 tamen
1700 5616 1900 5671 de~init
1950 5631 2071 5673 esse

488 5695 624 5749 opus
655 5693 920 5752 nostrum,
946 5688 1090 5755 quod
1121 5704 1149 5743 a
1182 5690 1451 5749 voluntate
1484 5697 1664 5751 nostra
1696 5688 2071 5743 consentiente

489 5758 546 5803 et
571 5762 899 5816 cooperante
936 5755 1130 5809 divinae
1155 5759 1341 5827 gratiae
1386 5755 1757 5827 proficiscitur.
1807 5757 1899 5813 Sic
1926 5758 2067 5813 enim

2180 2426 2323 2482 Deus
2350 2430 2674 2497 operaturin
2699 2427 2873 2497 nobis,
2907 2434 2960 2481 ut
2985 2433 3037 2482 et
3055 2439 3154 2482 nos
3175 2441 3385 2497 quoque
3412 2440 3762 2497 cooperemur

2181 2513 2302 2552 cum
2334 2495 2399 2553 eo
2425 2517 2435 2551 :
2486 2498 2718 2553 l’olentes
2751 2495 2979 2565 oramus,
3011 2499 3079 2551 ait
3112 2495 3340 2566 Prosper
3365 2497 3519 2567 (Cap.
3546 2495 3677 2566 38);
3706 2508 3755 2551 ct

2182 2579 2370 2635 tamen,
2418 2568 2563 2623 Misit
2594 2569 2731 2623 Deus
2763 2570 3019 2636 Spiritum
3049 2572 3103 2623 in
3133 2571 3285 2623 corda
3312 2577 3476 2621 nostra
3521 2568 3747 2620 clamitn-

2181 2649 2277 2693 tem
2305 2658 2320 2693 :
2358 2642 2519 2703 Abba,
2554 2640 2709 2695 Pater
2740 2641 3105 2713 (Rom._vttt).
3146 2639 3372 2713 Valentes
3398 2640 3749 2713 loquimur;et

2182 2721 2379 2779 tamen,
2416 2713 2461 2765 si
2491 2715 2629 2782 plum
2658 2723 2729 2765 est
2752 2711 2896 2782 quod
2926 2711 3202 2781 loquimur,
3233 2711 3353 2765 Non
3376 2727 3546 2763 sumus
3569 2726 3660 2762 nos
3690 2712 3756 2763 lo-

2180 2792 2410 2904 Zuentes,
2439 2786 2526 2836 sed
2554 2781 2780 2850 Spiritus
2819 2782 2992 2835 Patris
3022 2785 3202 2847 nostri,
3230 2784 3319 2853 qui
3350 2782 3573 2851 loquitur
3600 2783 3653 2833 in
3678 2797 3757 2833 no-

2212 2856 2254 2904 is
2285 2857 2301 2904 t
2329 2853 2513 2904 Matth.
2545 2854 2626 2904 xl.
2665 2854 2900 2904 Veientes
2935 2869 3206 2904 onerantur
3248 2855 3462 2904 salutem
3504 2862 3754 2904 nostram.

2212 2856 2254 2905 is
2285 2857 2303 2925 (
2329 2853 2513 2906 Matth.
2545 2854 2626 2925 x).
2665 2854 2900 2907 l’olentes
2935 2869 3206 2925 operantur
3231 2855 3462 2925 _salutem
3504 2862 3754 2918 nostram,

2180 2934 2225 2977 et
2254 2923 2419 2977 tamen
2443 2923 2611 2993 ipsum
2641 2925 2764 2978 velle
2790 2934 2941 2993 atque
2961 2923 3183 2991 operari,
3219 2923 3359 2977 Deus
3380 2926 3559 2991 estqui
3585 2940 3757 2992 opera-

2178 3004 2263 3047 tur
2293 2997 2344 3047 in
2374 2997 2517 3049 nobis
2550 2995 2821 3067 (Philipp.
2843 2996 2935 3067 tt).
2975 2995 3213 3049 Volentes
3235 2997 3503 3067 diligimus
3533 2993 3693 3047 Deum
3712 3005 3760 3048 et

2175 3069 2492 3135 proximum,
2518 3065 2565 3120 et
2589 3077 2755 3120 tamen
2778 3065 3000 3120 Charitas
3028 3083 3089 3120 ea:
3114 3067 3217 3120 Deo
3242 3065 3561 3133 est,ﬂdi/7'usa
3581 3068 3633 3119 in
3654 3082 3763 3118 cor-

2178 3138 2328 3190 dibus
2357 3140 2539 3192 nostris
2570 3155 2658 3207 per
2683 3138 2936 3207 Spiritum
2958 3148 3208 3202 sanctum,
3234 3139 3321 3205 qui
3345 3141 3499 3191 datus
3529 3146 3605 3192 est
3631 3137 3759 3192 nobis

2178 3207 2366 3275 (Rom.
2400 3208 2482 3278 v).
2513 3208 2628 3261 Hoc
2667 3211 2729 3263 de
2757 3210 2876 3277 ﬁde,
2912 3210 3005 3262 hoc
3030 3212 3091 3263 de
3120 3208 3391 3262 tolerantia
3442 3210 3755 3277 passionum,

2180 3279 2283 3353 hoc,
2307 3281 2369 3333 de
2407 3282 2659 3347 pudicitia
2702 3282 2987 3353 conjugali.
3031 3283 3124 3353 hoc
3155 3282 3218 3333 de
3248 3280 3564 3333 continentia
3610 3280 3757 3353 virgi-

2174 3350 2320 3417 nali,
2372 3352 2703 3433 omnibusque
2743 3350 3033 3413 virtutibus,
3076 3352 3519 3433 sine-exceptione
3556 3351 3753 3433 proﬁte-

2175 3437 2321 3487 mur;
2352 3423 2485 3489 qnod
2527 3423 2627 3476 nisi
2665 3423 2855 3476 donata
2898 3432 3063 3477 essent
3095 3423 3259 3487 nobis,
3291 3440 3391 3475 non
3422 3423 3759 3475 invenirentur

2174 3492 2229 3543 in
2272 3492 2437 3545 nobis.
2474 3492 2549 3545 Ad
2586 3492 2721 3547 alias
2751 3493 3108 3563 oltjcctiones,
3141 3510 3261 3562 qua:
3294 3501 3617 3560 sequuntur,
3664 3505 3757 3547 una

2176 3573 2255 3636 est
2286 3564 2573 3636 responsio
2602 3566 2848 3636 superius
2887 3564 3125 3636 reddita,
3151 3580 3269 3631 qua:
3298 3574 3354 3618 et
3380 3566 3626 3636 sequenti
3663 3577 3748 3636 ca-

2177 3634 2286 3700 pite
2316 3634 2636 3701 explicatur,
2672 3634 2988 3703 quibusdam
3024 3635 3307 3706 sententiis
3337 3634 3674 3706 comprobari
3702 3641 3755 3685 et

2176 3707 2544 3775 commendari
2596 3717 2781 3775 gratim
2822 3707 3103 3773 auxilium,
3153 3704 3479 3775 quibusdam
3534 3706 3757 3759 liberum

2175 3773 2409 3829 hominis
2441 3773 2753 3840 arbitrium;
2786 3776 3036 3845 quoniam
3087 3773 3381 3845 utrumque
3416 3777 3485 3829 ad
3515 3791 3649 3844 Opus
3675 3775 3760 3829 bo-

2176 3860 2302 3899 num
2338 3850 2644 3901 necessario
2690 3848 3000 3913 requiritur,
3044 3848 3125 3901 sic
3169 3857 3347 3901 tamen
3382 3854 3439 3900 ut
3484 3848 3689 3915 priores
3711 3854 3764 3901 et

2175 3916 2412 3985 potiores
2464 3928 2644 3987 partes
2707 3920 2893 3988 gratia:
2938 3917 3267 3973 deferantur.
3325 3917 3379 3971 Si
3432 3919 3576 3973 enim
3624 3918 3763 3971 solus

2179 3989 2318 4063 Deus
2369 3990 2469 4042 ista
2508 3988 2859 4063 lacet‘ctquaa
2900 3988 2986 4063 hic
3016 3998 3533 4063 cnmruemoratttur,
3577 3990 3764 4063 [rustra

2175 4056 2446 4140 diceretur
2508 4056 2811 4140 hominibus
2845 4056 3318 4140 .:-Appropinquate
3369 4059 3767 4140 Deo;r-dirtgite.

2174 4130 2279 4181 vias
2322 4139 2542 4192 vestras;
2573 4132 2724 4196 facile
2776 4133 2911 4184 vobis
2960 4128 3047 4183 cor
3074 4128 3293 4196 novum;
3324 4128 3679 4183 convertimini
3701 4128 3766 4181 ad

2174 4196 2362 4261 Deum.
2415 4210 2520 4255 etc.
2558 4196 2625 4255 Et
2672 4205 2714 4255 si
2742 4200 2986 4255 homines
3014 4201 3078 4255 ad
3128 4202 3225 4255 ista
3276 4200 3607 4264 sufﬁcerent,
3658 4200 3766 4256 fru-

2174 4278 2283 4343 stra
2329 4271 2600 4343 diceretur
2628 4289 2640 4324 :
2673 4270 2917 4327 Converte
2960 4289 3071 4343 nos,
3105 4270 3243 4343 Deus
3288 4273 3531 4325 salutaris
3577 4284 3766 4329 noster.

2175 4340 2276 4393 Cor
2325 4342 2575 4394 mundum
2613 4358 2729 4396 crea
2760 4344 2811 4396 in
2845 4359 2948 4409 me,
2984 4340 3141 4413 Deus.
3186 4340 3363 4413 Dirige
3398 4343 3449 4397 in
3494 4355 3763 4410 conspectu

2174 4420 2260 4463 tuo
2281 4414 2413 4465 viam
2442 4429 2627 4475 meam,
2659 4413 2981 4483 etc.rltaque
3016 4414 3075 4467 ι).
3110 4412 3565 4483 Prospcrlibrde
3596 4413 3760 4468 Voca-

2174 4484 2317 4536 tione
2346 4484 2583 4551 gentium
2614 4500 2730 4552 cap.
2763 4482 2833 4536 2t;
2866 4504 2876 4536 :
2910 4484 3091 4538 Gratia
3112 4482 3318 4553 quidem
3344 4482 3455 4547 Dei,
3476 4482 3665 4547 inquit,
3702 4484 3755 4538 in

2176 4553 2409 4606 omnibus
2434 4553 2885 4622 iustiﬁcationibus
2916 4557 3269 4625 principaliter
3302 4553 3604 4622 praeminet,
3628 4568 3752 4605 sua-

2177 4625 2344 4676 dendo
2389 4625 2856 4689 exhortatimnbus,
2908 4627 3151 4681 movendo
3198 4626 3472 4694 exentplis,
3524 4625 3756 4679 terrendo

2177 4694 2440 4764 periculis,
2476 4698 2734 4749 incitando
2777 4696 3066 4765 miraculis,
3098 4695 3269 4751 dando
3312 4694 3647 4759 intellectum,
3677 4697 3762 4748 in-

2177 4766 2435 4839 spirando
2452 4768 2747 4839 consilium,
2780 4783 2965 4839 corque
2994 4770 3161 4839 ipsum
3187 4767 3533 4839 illuminanda
3558 4778 3622 4839 Δει
3646 4767 3765 4839 ﬁdei

2180 4834 2531 4901 a/fectionibus
2580 4838 2846 4890 imbuenda
2881 4834 2899 4892 Ξ
2936 4834 3025 4891 sed
3069 4840 3219 4893 etiam
3266 4837 3500 4893 voluntas
3548 4835 3765 4891 hominis

2179 4906 2507 4981 subjungitur
2535 4908 2581 4961 ei
2606 4924 2717 4981 qua:
2748 4910 2815 4961 ad
2856 4909 2953 4962 hoc
2988 4910 3348 4981 pratdt'ctisqest
3381 4908 3605 4981 excitata
3634 4924 3765 4978 pra:-

2182 4979 2347 5040 sidiis,
2376 4979 2433 5032 ut
2463 4980 2619 5050 digno
2650 4980 2703 5030 in
2732 4996 2785 5033 se
2806 4992 3104 5048 cooperetur
3127 4979 3289 5049 operi.
3315 4988 3359 5031 et
3386 4979 3603 5045 incipiat
3628 4995 3769 5033 excr-

2185 5065 2296 5123 cere
2324 5051 2392 5103 ad
2412 5054 2655 5123 (meritum
2672 5050 2819 5123 quod
2840 5067 3060 5123 superno
3090 5051 3542 5123 semitte‘conicepit
3569 5050 3635 5102 ad
3656 5059 3768 5101 stu-

2182 5121 2355 5184 dium;
2386 5121 2449 5175 de
2470 5138 2562 5175 sua
2590 5120 2779 5174 habens
2808 5119 3165 5185 mutabilitate,
3196 5121 3239 5173 si
3261 5119 3476 5188 deﬁcit,
3499 5119 3565 5174 de
3593 5130 3771 5189 gratim

2181 5190 2538 5260 opitulatione,
2563 5193 2607 5245 si
2635 5193 2861 5260 proﬁcit.
2904 5193 3031 5256 Qua:
3057 5189 3325 5262 opitulatio
3360 5204 3452 5262 per
3478 5190 3771 5262 innumeros

2181 5259 2381 5328 modos,
2405 5265 2507 5316 sive
2539 5259 2780 5327 occultos,
2813 5263 2916 5316 sive
2940 5259 3257 5331 manifestos,
3284 5259 3520 5313 omnibus
3560 5259 3773 5331 adhibe:

2178 5340 2294 5397 tur;
2317 5342 2365 5387 et
2387 5335 2525 5403 Quod
2541 5351 2571 5385 a
2594 5333 2764 5387 multis
2786 5334 3056 5403 refutatur.
3084 5330 3312 5403 ῖρδοτυηι
3337 5330 3580 5403 ἰξέιυίίίατ
3598 5347 3615 5396 i
3634 5330 3775 5399 9”“

2177 5401 2406 5475 autemid
2431 5405 2602 5459 multis
2631 5401 2933 5475 suscipitur,
2960 5414 3009 5459 et
3046 5401 3227 5472 gratiis
3255 5410 3328 5454 est
3358 5401 3580 5467 divina,
3607 5410 3656 5455 et
3679 5417 3772 5456 vo-

2177 5472 2389 5529 luntatis
2418 5475 2674 5530 humatur.

2256 5555 2277 5583 ο
2313 5545 2532 5614 Vulgata
2572 5545 2736 5618 editio
2763 5562 2784 5618 λεν
2828 5545 3006 5618 Dirige
3044 5542 3249 5599 semitas
3285 5542 3498 5614 pedibus
3536 5544 3676 5611 tuis,
3724 5552 3770 5599 et

2178 5632 2351 5671 omnes
2372 5619 2465 5673 via:
2494 5627 2593 5671 tua:
2622 5615 2956 5671 stabilientur.

2247 5683 2273 5722 ἀ
2312 5686 2441 5759 \‘ide
2472 5688 2609 5742 hanc
2636 5690 2956 5759 sententiam
2978 5686 3155 5745 collat.
3190 5685 3258 5747 ll
3284 5701 3411 5759 cap.
3439 5680 3474 5743 9
3494 5696 3552 5753 et
3583 5686 3654 5749 16
3687 5686 3772 5745 iti-

2176 5758 2299 5813 dem
2329 5757 2542 5813 citatam
2575 5768 2629 5814 et
2659 5756 2999 5812 elucidatam.
