4048 6198
1604 273 1882 331 JOANNIS
1918 272 2231 330 CASSIANI
2267 270 2755 327 COLLATIONES.

558 386 669 469 trii,
687 410 712 440 ι
729 397 918 468 etquia
932 397 1092 452 etiam
1105 392 1498 449 suisinterdum
1515 391 1748 446 m0tibus
1767 390 1927 445 homo
1948 389 2013 442 ad
2027 388 2137 442 vir-
2169 393 2220 450 Α
2243 386 2501 441 bonarum
2532 384 2873 438 voluntatum
2901 380 3120 451 prodire
3144 381 3431 452 principia,
3471 396 3598 453 qua:
3629 389 3849 452 tamen,

556 502 734 549 tutum
762 490 1036 560 appetitus
1057 486 1227 558 possit
1248 484 1487 550 extendi,
1519 498 1734 553 semper
1755 497 1884 537 vero
1908 480 2142 550 indigeat

560 583 825 655 adjuvari.
856 582 969 637 Nec
995 582 1136 636 enim
1179 594 1302 634 cum
1342 578 1569 632 voluerit
1610 577 1731 647 quis
1760 577 1991 631 sanitate
2019 590 2144 645 per-

559 678 783 744 fruitur,
809 684 900 729 aut
917 674 983 729 de
1006 670 1339 742 aegritudinis
1356 669 1544 725 morbo
1562 684 1657 739 pro
1672 668 1881 723 arbitrii
1902 668 1984 722 sui
2000 668 2142 723 desi-

561 770 714 826 derio
735 768 1015 823 liberatur.
1045 763 1183 831 Quid
1204 771 1381 817 autem
1405 762 1629 832 prodest
1649 761 1897 816 sanitatis
1919 761 2144 831 gratiam

563 863 907 931 concupisse,
948 859 1051 913 nisi
1086 857 1341 913 Dominus
1370 858 1461 925 qui
1500 857 1628 911 vita:
1656 856 1829 926 ipsius
1858 869 2013 909 usum
2053 855 2147 909 tri-

563 954 699 1017 buit,
742 952 903 1008 etiam
947 951 1185 1020 vigorem
1230 948 1615 1003 incolumitatis
1660 946 1971 1015 impartiat?
2014 944 2041 983 δ
2078 945 2149 1000 Ut

566 1056 746 1101 autem
777 1043 1077 1100 evidentius
1106 1043 1329 1107 clareat,
1359 1040 1520 1096 etiam
1572 1054 1666 1110 per
1694 1048 1900 1094 natum
1948 1039 2149 1094 bonum

570 1139 712 1210 quod
739 1137 1005 1195 beneﬁcio
1024 1135 1297 1192 Creatoris
1320 1133 1587 1189 indultum
1616 1140 1722 1199 est,
1747 1146 2149 1201 nonnumquam

2243 480 2346 535 nisi
2366 494 2395 533 a
2427 477 2651 532 Domino
2674 475 2996 545 dirigantur,
3023 475 3091 530 ad
3109 476 3640 531 consummationem
3664 478 3851 533 virtu-

2246 580 2359 625 tum
2393 570 2679 640 pervenire
2708 582 2813 621 non
2850 578 3097 636 possunt,
3128 568 3420 635 Apostolus
3450 567 3609 622 te5tis
3643 578 3735 622 est
3768 570 3849 625 di-

2247 676 2377 717 cens
2402 679 2413 714 :
2456 660 2593 714 Velle
2622 660 2826 731 adjacet
2857 658 3001 725 mihi,
3030 659 3271 729 per/icere
3296 668 3469 713 autem
3514 658 3713 713 bonum
3748 678 3848 715 nos

2247 754 2447 809 invenio
2473 753 2492 823 (
2517 752 2668 807 Rom.
2709 752 2840 821 vn).

2874 864 3101 920 CAPUT
3141 864 3209 921 Χ.

2632 999 2710 1053 De
2741 999 2882 1054 liberi
2912 998 3111 1052 arbitrii
3137 999 3456 1067 inﬁrmitate.

2330 1133 2461 1188 Nam
2502 1144 2523 1172 ε
2550 1134 2854 1189 libertatem
2887 1134 3169 1205 Scriptura
3206 1134 3388 1190 divina
3430 1135 3603 1189 nostri
3647 1137 3851 1191 conﬁr—

1637 1260 1892 1330 ALARDI
1931 1271 2161 1328 GAZEI
2198 1271 2768 1331 COMMENTARIUS.

574 1401 817 1455 divinum
871 1414 965 1465 per
994 1397 1230 1466 Spiritus
1276 1395 1447 1450 sancti
1491 1392 1960 1466 illuminationem,
1988 1403 2152 1466 _nunc

575 1472 813 1526 divinam
843 1461 1180 1525 vocationem
1208 1466 1459 1535 appellat.
1490 1464 1693 1518 Dicitur
1715 1462 1858 1535 enim
1885 1461 2149 1535 excitans,

573 1545 697 1612 quia
745 1542 908 1596 veluti
954 1540 1187 1607 fungitur
1237 1531 1458 1612 munere
1495 1534 1785 1612 excitantis-
1822 1531 2153 1611 voluntatem

576 1601 817 1667 nostram
855 1628 883 1664 a
916 1601 1105 1664 somnio
1137 1610 1340 1678 peccati
1372 1616 1465 1678 aut
1502 1604 1870 1678 negligentiae;
1912 1610 1965 1678 et
1993 1601 2155 1678 sicuti

576 1685 835 1737 excitatio
858 1682 916 1733 lit
946 1683 1063 1734 sine
1090 1672 1357 1732 consensu
1389 1672 1728 1734 dormientis,
1760 1676 1836 1727 sic
1857 1673 2016 1725 etiam
2048 1672 2157 1738 agit

577 1755 749 1821 gratia
781 1754 1024 1807 excitans
1046 1751 1161 1803 sine
1194 1754 1373 1821 nostra
1406 1746 1675 1821 libertate.
1702 1742 1854 1798 Unde
1874 1750 1930 1795 et
1958 1757 2158 1809 praeve-

578 1814 735 1877 niens
772 1821 1095 1891 appellatur,
1120 1820 1242 1887 quia
1286 1814 1545 1885 przevenit
1588 1829 1801 1891 omnem
1834 1827 2157 1891 consensum

579 1884 823 1946 nostruni
847 1884 1215 1954 'liberumfet
1245 1884 1495 1953 operans,
1540 1886 1623 1939 vel
1662 1884 1859 1952 potius,
1892 1891 1950 1936 ut
1979 1887 2159 1952 Angu-

578 1967 754 2017 stinns
781 1962 1041 2029 loquitur,
1075 1973 1231 2027 quam
1264 1956 1406 2029 Deus
1434 1958 1484 2008 in
1516 1956 1672 2008 nobis
1704 1954 1821 2029 sine
1848 1954 2000 2007 nobis
2031 1968 2160 2023 cpe-

579 2042 750 2096 ratur,
780 2031 831 2085 id
855 2025 965 2093 est,
1012 2025 1131 2083 sine
1175 2037 1361 2081 nOStro
1392 2028 1563 2081 libero
1594 2034 1647 2079 et
1686 2025 1981 2078 dcliberato
2033 2040 2160 2078 con-

579 2118 765 2157 sensu.
798 2102 984 2156 Gratia
1012 2107 1188 2153 autem
1212 2098 1472 2165 adjuvans
1498 2107 1578 2149 est
1610 2096 1722 2163 ipsa
1752 2096 1931 2147 divina
1959 2110 2159 2160 coope-

577 2174 753 2236 ratio,
797 2171 1054 2236 directio,
1117 2168 1379 2238 protectio
1442 2167 1545 2239 (de
1594 2182 1696 2235 qua
1767 2166 1954 2239 titulus
2007 2166 2162 2232 hujus

582 2242 934 2310 collationis),
988 2236 1183 2311 quibus
1227 2236 1519 2311 juvamur,
1550 2248 1661 2311 tum
1704 2246 1765 2289 ut
1811 2236 2165 2311 eligamuset

583 2314 839 2379 velimus,
873 2306 985 2366 tum
1004 2306 1074 2366 ἰιι
1102 2306 1358 2365 iaciamus
1383 2309 1525 2377 quod
1560 2310 1698 2362 Dens
1723 2306 2163 2379 prsrveniensrin-

585 2378 833 2453 spiravit.
862 2383 1013 2439 Unde
1051 2395 1107 2437 et
1152 2396 1448 2448 cooperans
1477 2391 1530 2433 et
1568 2378 1942 2433 concomitans
1976 2378 2163 2432 eadem

586 2456 917 2517 nominatur,
950 2455 1076 2523 quia
1117 2464 1170 2506 et
1210 2453 1489 2523 nobiscum
1521 2459 1794 2523 operatur,
1835 2458 1889 2501 et
1922 2458 2164 2523 nostrum

585 2540 906 2580 consensum
930 2519 1230 2579 comitatur.
1264 2523 1401 2575 Hinc
1427 2519 1780 2588 Apocalypsis
1807 2534 1860 2570 ιιι
1887 2519 1958 2570 ait
1988 2519 2169 2571 Domi-

586 2612 726 2650 nus:
762 2594 875 2667 Ego
916 2606 1007 2667 Asta
1052 2594 1119 2645 ad
1167 2593 1380 2667 ostium,
1409 2601 1457 2643 et
1485 2587 1672 2667 pulso.
1707 2587 1806 2667 Ubi
1838 2588 2169 2667 signiﬁcatur

587 2668 760 2735 prima
792 2658 962 2732 g'ratia
1004 2664 1339 2735 praeveniens
1363 2671 1419 2735 et
1448 2659 1709 2714 excitans.
1745 2658 1901 2712 Stare
1929 2659 2071 2735 enim
2102 2658 2167 2712 ad

588 2730 864 2789 ostium‘et
894 2730 1107 2802 pulsare
1138 2734 1332 2785 dicitur
1363 2732 1899 2802 Deusperisanctam
1931 2730 2167 2802 inspira-

589 2808 814 2865 tiOnem,
846 2800 909 2858 id
938 2814 1039 2868 est,
1074 2803 1484 2857 illustrationem
1518 2801 1842 2861 intellectus,
1887 2808 1943 2853 et
1978 2800 2170 2853 motio-

589 2890 713 2929 nem
739 2874 1037 2929 voluntatis
1057 2916 1072 2939 ,
1103 2872 1249 2944 quod
1280 2873 1345 2925 ad
1375 2872 1603 2944 gratiam
1634 2870 1962 2925 excitantem
2002 2872 2170 2936 perti-

590 2955 703 3000 net.
738 2944 982 2999 Secunda
1024 2942 1201 2999 autem
1245 2946 1415 3012 gratia
1455 2942 1712 3009 adjuvans
1753 2950 1805 2995 et
1831 2956 2165 3012 conperans,

593 3030 713 3085 qua:
736 3014 847 3083 jam
876 3018 943 3071 ab
973 3032 1038 3070 eo
1067 3011 1267 3082 incipit
1296 3022 1569 3085 momento
1609 3025 1717 3085 quo
1752 3011 1874 3085 _quis
1911 3013 2172 3065 excitatus

592 3081 808 3141 vocanti
848 3100 907 3140 se
933 3087 1045 3140 Deo
1076 3081 1241 3138 libere
1273 3083 1586 3152 respondet,
1623 3082 1705 3135 his
1732 3081 2023 3135 denotatur
2054 3098 2171 3135 ver-

2255 1404 2320 1444 ex
2352 1390 2617 1445 diametro
2639 1400 2941 1461 repugnant
2978 1392 3086 1445 duo
3116 1404 3335 1447 errores
3373 1391 3673 1461 contrarii,
3704 1391 3849 1447 alter

2258 1462 2695 1526 Manichaeorum,
2725 1464 2866 1517 alter
2908 1462 3349 1525 Pelagianorum.
3386 1460 3668 1516 Manichaai
3697 1462 3857 1516 enim"

2260 1532 2489 1602 liberum
2532 1534 2815 1587 arbitrium
2851 1534 2920 1589 de
2957 1534 3135 1587 medio
3176 1533 3456 1593 tollebant,
3500 1547 3635 1602 quos
3680 1531 3845 1587 hodie

2258 1600 2555 1657 Lnthcrani
2593 1613 2649 1658 et
2692 1605 3000 1659 Calvinistte
3029 1613 3367 1673 sequuntur;
3409 1600 3685 1672 Pelagiani
3710 1618 3847 1657 vero

2263 1674 2487 1745 nimium
2520 1674 2871 1745 extollebant,
2889 1683 2945 1729 et
2971 1675 3090 1742 plus
3119 1676 3193 1729 illi
3220 1690 3380 1745 quam
3407 1682 3603 1745 gratiae
3628 1674 3726 1728 Dei
3749 1674 3847 1727 tri-

2261 1744 2516 1798 buebant.
2572 1744 2771 1799 Verum
2820 1746 2937 1800 lucc
2980 1754 3037 1799 ut
3081 1744 3418 1799 commodius
3449 1745 3841 1813 intelligantur,

2263 1825 2386 1870 sunt
2420 1815 2505 1869 hic
2536 1815 2712 1883 aliqua
2761 1816 2993 1871 n0tanda
3022 1836 3032 1869 :
3066 1816 3119 1871 l'
3148 1815 3406 1870 Liberum
3439 1815 3727 1869 arbitrium
3758 1830 3846 1868 se-

2262 1886 2495 1940 cundum
2528 1901 2640 1941 rem
2682 1887 2811 1940 nihil
2843 1886 2986 1941 aliud
3018 1901 3140 1943 esse
3178 1902 3339 1956 quam
3387 1886 3731 1956 voluntatem
3765 1902 3847 1939 ra-

2265 1957 2542 2022 tionalem,
2576 1972 2672 2010 seu
2706 1958 3150 2019 intellectualem,
3181 1955 3433 2027 quamvis
3462 1955 3581 2025 ejus
3608 1956 3761 2011 radix
3789 1965 3846 2010 et

2264 2028 2417 2091 origo
2447 2029 2514 2079 ah
2545 2028 2829 2082 intellectu
2854 2038 2907 2082 et
2950 2027 3186 2096 perfecto
3216 2027 3448 2081 rationis
3486 2042 3583 2079 usu
3612 2027 3844 2080 oriatur.

2270 2096 2419 2152 Unde
2464 2099 2824 2153 communiter
2868 2108 3086 2153 vocatur
3114 2099 3343 2152 liberum
3375 2098 3662 2151 voluntatis
3691 2096 3843 2149 arbi-

2267 2169 2454 2230 trium,
2484 2178 2577 2222 aut
2608 2170 2774 2224 libera
2807 2170 3075 2223 voluntas.
3123 2168 3257 2221 Hinc
3290 2168 3622 2237 Augustinus
3653 2170 3705 2219 in
3737 2167 3848 2220 En-

2266 2238 2498 2293 chiridio
2527 2240 2546 2307 (
2577 2239 2703 2308 Cap.
2734 2239 2862 2309 105)
2889 2257 2902 2292 :
2936 2238 3034 2292 Aut
3062 2238 3320 2302 voluntas,
3352 2237 3545 2309 inquit,
3596 2255 3696 2291 non
3726 2248 3848 2309 est:

2267 2318 2357 2360 aut
2386 2303 2545 2361 libera
2567 2303 2783 2364 dicenda
2810 2303 2906 2364 est.
2938 2309 3005 2364 Et
3035 2310 3400 2364 Damascenus
3426 2303 3566 2378 (Lib.
3592 2309 3693 2364 ide
3716 2303 3848 2361 Fide

2268 2395 2385 2447 cap.
2416 2380 2508 2448 ἓξ)
2536 2380 2725 2434 dellnit
2754 2382 3086 2435 voluntatem
3118 2394 3240 2433 esse
3268 2379 3583 2433 rationalem
3622 2388 3679 2432 et
3717 2378 3849 2432 libe-

2269 2465 2388 2503 rum
2445 2453 2764 2518 appetitum.
2813 2452 2966 2518 Quod
3009 2451 3278 2505 latissime
3319 2450 3551 2503 omnium
3600 2449 3849 2502 declarat

2269 2520 2569 2589 probatque
2614 2522 2673 2574 D.
2705 2523 3010 2576 Bernartius
3042 2523 3184 2576 libro
3214 2522 3281 2576 de
3317 2520 3606 2573 Concordia
3648 2520 3845 2589 gratia:

2272 2599 2325 2644 et
2358 2588 2509 2646 liberi
2542 2592 2771 2646 arbitrii.
2815 2593 2988 2648 Graeci
3020 2592 3235 2647 brevius
3266 2600 3315 2644 et
3342 2589 3723 2658 signiﬁcantius
3752 2588 3841 2640 di-

2272 2674 2398 2733 cunt
2428 2664 2748 2727 αὐτεξούσιον
2769 2706 2781 2727 ,
2822 2664 2965 2733 quod
2998 2675 3080 2717 est
3113 2663 3197 2717 sui
3228 2657 3419 2730 ipsius,
3447 2660 3532 2713 vel
3559 2658 3642 2713 sui
3668 2657 3845 2733 juris,

2274 2732 2476 2786 habere
2508 2730 2855 2800 potestatem,
2884 2750 3209 2803 suarumque
3232 2733 3497 2787 actionum
3522 2744 3647 2803 esse
3670 2730 3846 2803 domi-

2273 2817 2420 2855 num.
2459 2799 2683 2875 ΙΫΙίιιεΙ)ζ
2720 2805 3077 2875 Hieronymus
3109 2799 3205 2858 lib.
3238 2820 3297 2858 ιιι
3327 2803 3581 2856 adversus
3610 2799 3845 2866 Pelagia-

2273 2886 2372 2943 nos
2407 2891 2418 2923 :
2453 2874 2607 2939 Quod
2638 2873 2826 2939 ϐπερὶ,
2869 2873 3074 2943 inquit,
3129 2876 3309 2928 dicunt
3353 2875 3685 2943 αὐτεξούσιον
3707 2910 3721 2933 ,
3759 2886 3849 2923 nos

2273 2940 2491 2996 liberum
2516 2945 2786 2998 arbitrium
2827 2940 3174 3015 appellamus.
3215 2945 3283 2999 Ut
3306 2956 3489 2998 autem
3523 2942 3847 3015 intelligatur

2273 3029 2375 3079 qua
2426 3015 2676 3071 libertate
2727 3011 2939 3070 dicatur
2980 3018 3208 3071 lihermn
3263 3016 3570 3077 arbitrium,
3622 3011 3848 3067 notanda

2274 3084 2512 3156 secundo
2561 3086 2764 3156 duplex
2822 3087 3017 3141 divisio
3049 3086 3331 3141 libertatis.
3376 3084 3641 3156 Dividitur
3683 3085 3850 3156 primo

593 3156 678 3212 bis
706 3172 721 3208 :
764 3156 829 3211 Si
865 3157 978 3226 quis
1020 3156 1270 3226 aperuerit
1294 3152 1784 3226 jauuam,__intrabo
1815 3154 1883 3226 ad
1924 3153 2094 3217 illum,
2127 3163 2173 3226 et
2200 3164 2244 3225 ο
2278 3153 2329 3207 in
2364 3152 2667 3212 libertatein
2702 3170 2929 3221 natura),
2962 3160 3168 3226 gratim,
3192 3168 3249 3211 et
3267 3157 3480 3225 gloria.
3505 3155 3637 3219 Quae
3662 3152 3849 3226 divisio

594 3227 826 3292 cmnabo,
854 3222 958 3280 non
988 3222 1155 3292 solus,
1183 3225 1276 3279 sed
1298 3222 1417 3277 cum
1439 3240 1515 3277 eo.
1548 3222 1784 3286 Utraque
1814 3223 1972 3275 etiam
2000 3224 2171 3291 gratia

596 3297 931 3366 signiﬁcatur
956 3297 1046 3350 illa
1077 3296 1321 3349 oratione
1346 3295 1607 3366 Ecclesia:
1638 3310 1649 3344 :
1683 3292 2171 3366 Actionesnostras,

598 3362 911 3438 quiesumus,
936 3367 1185 3438 Domine,
1205 3365 1485 3438 aspirando
1515 3363 1765 3438 praeueni,
1797 3372 1845 3438 8-C-
1875 3362 2174 3438 adiuuando

598 3431 941 3510 prosequere,
997 3448 1101 3510 etc.
1168 3431 1404 3510 Denique
1454 3432 1754 3510 Concilium
1802 3431 2173 3510 Tridentinnm

601 3501 885 3577 utramque
908 3501 1287 3577 complectitur
1314 3501 1478 3573 (Sess.
1503 3502 1536 3556 6
1566 3520 1680 3573 cap.
1706 3501 1784 3571 6),
1808 3517 1930 3577 cum
1952 3503 2019 3556 de
2043 3519 2179 3571 pra:-

601 3570 884 3649 paratione
932 3579 996 3633 ad
1036 3570 1478 3649 jttstilicationetn
1514 3570 1766 3649 _age'ttsr
1795 3570 2173 3649 Disponuntur,

600 3644 777 3718 inquit
805 3644 1372 3720 (scilicet—peccatores
1400 3644 1717 3720 _adu_|ti)_,_ad
1739 3644 2019 3720 justitiam,
2055 3646 2176 3697 dum

604 3714 821 3775 excitati
841 3722 1015 3774 divina
1039 3714 1230 3790 gratia,
1263 3727 1308 3770 et
1339 3716 1531 3790 adjuti,
1564 3714 1715 3780 ﬁdem
1844 3715 2025 3766 auditu
2052 3731 2176 3768 con-

604 3792 870 3855 eipientes,
904 3802 1008 3847 etc.
1039 3784 1359 3857 'Utramque
1404 3784 1573 3855 igitur
1612 3784 1840 3854 gratiam
1886 3798 2180 3854 agnoscunt

605 3862 858 3917 catholici
899 3861 1257 3918 necessariam
1288 3858 1353 3912 ad
1393 3857 1833 3927 jusnlicationem
1858 3864 1921 3927 (et
1951 3857 2179 3911 salutem

605 3934 1079 4002 consequendam;
1133 3926 1735 4002 neutram’Pelagi‘ani;
1786 3926 2020 4002 priorem
2070 3938 2182 3981 tan-

606 3996 886 4058 tummodo
917 4020 983 4059 ex
1010 3996 1159 4073 parte
1199 3998 1639 4073 Semipelagiaui,
1672 4008 1730 4073 u_t
1761 3996 2027 4073 ex__dictis
2054 4013 2183 4051 con-

605 4083 735 4129 stat.
770 4077 836 4129 Et
862 4066 1121 4130 hactenus
1147 4070 1451 4141 quidemde
1478 4068 1667 4141 gratia.
1701 4066 1975 4141 De_libero
2006 4076 2181 4123 autem

606 4146 856 4210 arbitrio,
888 4146 1097 4199 dicetur
1142 4136 1275 4194 inira
1321 4140 1472 4210 (cap.
1506 4137 1616 4204 10),
1649 4137 1795 4205 quod
1838 4136 1904 4189 ad
1943 4154 2183 4207 praesens

607 4209 911 4270 institutum
953 4216 1083 4268 satis
1113 4225 1236 4267 esse
1274 4209 1565 4263 videbitur.

682 4295 707 4321 α
734 4286 846 4339 Hoc
868 4285 979 4351 jam
1008 4285 1138 4337 satis
1170 4298 1237 4334 ex
1266 4279 1431 4351 dictis
1447 4287 1635 4351 emanet
1671 4276 1984 4351 refutatum,
2018 4289 2069 4333 et
2098 4296 2184 4335 re-

610 4366 809 4423 pugnat
844 4347 1127 4407 manileste
1153 4349 1391 4423 generali
1424 4347 1499 4400 illi
1533 4347 1837 4423 deﬁnitioni
1867 4348 2032 4417 ipsius
2063 4352 2184 4405 Col-

608 4420 801 4478 iatoris
830 4423 981 4495 (Cap.
1008 4425 1083 4491 3),
1113 4437 1215 4488 qua
1244 4420 1446 4495 dictum
1478 4426 1581 4478 est.
1615 4435 1718 4495 non
1746 4420 1919 4471 solum
1945 4430 2179 4495 actuum,

607 4496 705 4551 sed
747 4503 801 4550 et
838 4488 1219 4565 cogitationum
1262 4492 1520 4565 bonarum
1567 4503 1642 4565 ex
1670 4488 1951 4565 Decesse
1976 4488 2184 4565 _priuci—

611 4565 778 4633 pium,
811 4558 950 4634 quo'd
977 4564 1139 4619 etiam
1170 4561 1405 4634 Prosper
1428 4559 1511 4611 hic
1538 4558 1752 4634 ohjicit._
1771 4559 1862 4634 llis
1889 4560 2185 4634 addeprm-

610 4629 982 4690 claram'hanc
1008 4634 1071 4687 D.
1102 4630 1358 4687 Bernardi
1389 4630 1708 4683 sententiam
1735 4629 1872 4700 (Lib.
1897 4632 1960 4685 de
2007 4633 2183 4688 Gratia

611 4716 659 4760 et
690 4706 804 4759 Lib.
840 4704 1030 4774 Arbit.)
1062 4723 1074 4756 :
1100 4704 1333 4774 Conatus
1350 4700 1501 4774 liberi
1522 4702 1719 4753 arbitrii
1749 4710 1795 4774 _et
1819 4703 1950 4754 cassi
1977 4716 2116 4770 sunt,
2140 4708 2184 4759 si

612 4794 714 4830 non
766 4772 1108 4847 adjuventur;
1157 4783 1214 4847 ει
1247 4773 1396 4834 nulli,
1442 4773 1485 4825 si
1513 4787 1611 4824 non
1647 4772 1958 4847 excitentur._
1980 4775 2183 4841 Quibus

612 4849 793 4903 verbis
827 4842 1309 4916 comprehenditur
1346 4851 1574 4910 utraque
1602 4842 1794 4911 gratia,
1837 4844 2087 4900 excitans
2131 4856 2184 4901 ct

611 4919 894 4984 adjuvans,
925 4916 1173 4987 superius
1197 4915 1486 4987 declarata.

680 4989 708 5028 ιι
728 4990 825 5044 Hic
846 4985 1031 5043 rursus
1053 4986 1157 5041 sibi
1180 4986 1518 5051 adversatur,
1547 4998 1803 5054 suamque
1832 4985 1975 5040 illam
2006 5003 2182 5043 asser-

610 5063 817 5117 tionem
860 5060 1091 5115 destruit
1118 5057 1375 5116 Collator,
1426 5056 1770 5124 abutiturque
1815 5057 1993 5111 verbis
2041 5062 2183 5127 Apo-

610 5134 763 5197 stoli;
797 5132 949 5200 quasi
983 5130 1113 5183 illud
1146 5128 1284 5183 velle
1329 5128 1403 5197 (id
1435 5135 1553 5191 est,
1581 5127 1781 5200 bonam
1828 5128 2181 5200 voluntatem)

613 5197 864 5258 habuerit
893 5201 1183 5269 Apostolus
1212 5214 1307 5267 per
1346 5207 1552 5269 natura:
1580 5198 1800 5261 bonum,
1844 5197 1944 5251 hoc
1975 5210 2079 5265 est,
2117 5197 2181 5255 ex

611 5274 841 5327 naturali
886 5268 1162 5335 facultate,
1213 5270 1301 5336 qui
1331 5268 1614 5339 profitetur
1659 5283 1723 5321 cx
1773 5270 1884 5321 Deo
1929 5269 2029 5325 sibi
2064 5285 2184 5325 esse

609 5344 1008 5407 sufﬁcientiam,
1057 5341 1161 5395 hoc
1202 5349 1303 5405 est,
1349 5340 1659 5394 facultatem
1713 5339 1873 5393 etiam
1914 5342 2182 5409 cogitandi

609 5416 903 5469 dumtaxat.

685 5496 706 5523 ε
737 5487 813 5538 De
844 5485 1014 5539 libero
1041 5481 1268 5537 arbitrio
1304 5480 1410 5534 duo
1444 5481 1535 5537 hic
1564 5481 1871 5544 traduntur,
1904 5495 2024 5550 quae
2060 5491 2185 5537 sunt

610 5565 757 5610 certa
789 5555 893 5609 llde
931 5554 1199 5607 tenenda:
1233 5553 1405 5619 primo
1441 5553 1559 5619 ejus
1593 5552 1815 5605 libertas
1846 5551 1897 5604 in
1944 5552 2176 5619 homine,

611 5628 772 5680 etiam
827 5634 947 5692 post
977 5634 1283 5691 peccatum;
1336 5623 1575 5677 secundo
1602 5622 1721 5688 ejus
1748 5619 2052 5685 inllrmitas,
2084 5638 2178 5678 seu

614 5695 974 5756 imbecillitas,
1004 5702 1055 5746 et
1086 5694 1399 5760 impotentia
1430 5709 1494 5746 ex
1534 5703 1754 5761 peccato
1782 5700 2078 5755 contracta,
2111 5696 2177 5747 ad

616 5763 753 5820 bene
780 5764 1134 5829 operandum,
1164 5764 1365 5831 absque
1402 5764 1566 5831 gratia
1598 5762 1717 5815 Dei.
1766 5761 1861 5815 Cui
1915 5763 2177 5818 doctrinm

2276 3234 2361 3279 est
2390 3226 2447 3277 ί).
2474 3226 2731 3281 Bernardi
2755 3230 2875 3283 loco
2896 3224 3058 3281 citato
3084 3247 3095 3279 :
3126 3227 3359 3297 Triplex,
3388 3227 3584 3293 inquit,
3615 3224 3755 3297 nobis
3780 3233 3850 3275 est

2277 3298 2541 3365 proposita
2564 3297 2797 3365 libertas,
2837 3316 2867 3351 a
2899 3307 3125 3365 peccato,
3157 3315 3187 3349 a
3220 3296 3449 3362 miseria,
3477 3314 3507 3347 a
3537 3296 3847 3348 necessitate.

2280 3364 2431 3419 Hanc
2464 3368 2643 3440 ultimo
2671 3370 2780 3421 loco
2811 3364 3030 3440 positam
3060 3368 3271 3422 contulit
3302 3368 3445 3420 nobis
3475 3369 3529 3419 in
3570 3366 3851 3440 conditione

2276 3445 2481 3488 natura.
2518 3436 2583 3490 In
2613 3436 2833 3509 primani
2863 3442 3203 3509 rebrmamur
3232 3455 3265 3490 a
3291 3439 3486 3509 gratia,
3518 3436 3687 3509 inedia
3718 3438 3851 3487 nobis

2279 3518 2563 3560 reservatur
2590 3508 2642 3561 in
2672 3512 2858 3577 patria.
2902 3508 3120 3564 Dicatur
3148 3508 3306 3579 igitur
3336 3510 3501 3577 prima
3537 3508 3737 3579 libertas
3762 3522 3848 3579 na-

2280 3586 2437 3640 turaz,
2470 3574 2693 3652 secunda
2743 3582 2922 3652 gratia;
2946 3623 2960 3645 ,
3010 3574 3302 3633 tertia'vita:
3332 3574 3408 3633 rel
3435 3579 3630 3652 gloria.
3655 3574 3848 3652 _l’rimo

2280 3663 2457 3715 nempe
2493 3650 2543 3701 in
2574 3647 2787 3703 liberam
2828 3650 3140 3705 voluntatem
3171 3666 3232 3702 ac
3266 3647 3612 3703 voluntariam
3647 3647 3847 3699 liberta~

2282 3726 2379 3771 tem
2403 3720 2595 3772 conditi
2619 3738 2791 3773 sumus
2818 3722 3002 3774 nobilis
3034 3722 3127 3774 Dei
3156 3731 3425 3782 creatura;
3451 3719 3674 3773 secundo
3694 3718 3850 3786 refor-

2282 3803 2483 3841 mantur
2509 3792 2559 3841 in
2582 3792 2943 3858 innocentiam,
2968 3809 3093 3846 nova
3116 3792 3167 3845 in
3190 3790 3391 3845 Christo
3418 3801 3689 3852 creatura;
3710 3788 3849 3840 tertio

2280 3859 2617 3934 sltblimamur
2646 3863 2699 3914 in
2726 3864 2963 3930 gloriam,
3008 3866 3233 3934 perfecta
3268 3862 3323 3914 in
3364 3862 3554 3934 spiritu
3601 3869 3845 3934 creatura.

2286 3927 2465 4000 Prima
2513 3947 2634 4000 ergo
2662 3927 2868 3986 libertas
2915 3927 3063 3987 habet
3102 3927 3322 3986 multum
3362 3931 3597 3994 honoris,
3638 3930 3850 3981 secunda

2282 3998 2556 4068 plurimum
2576 3998 2731 4056 etiam
2762 4005 2984 4069 virtutis,
3016 4005 3289 4057 novissima
3309 4004 3575 4056 cumulum
3603 4000 3750 4053 etiam
3770 4002 3849 4067 ju-

2282 4071 2585 4147 cunditatis.
2607 4073 2689 4127 Ea:
2717 4076 2883 4147 prima
2902 4084 3089 4145 quippe
3112 4082 3419 4147 prcstantus
3442 4072 3637 4126 ueteris
3661 4071 3849 4147 anima-

2284 4140 2449 4220 libus;
2482 4143 2535 4220 i_n
2559 4140 2781 4220 se_cunt_ia
2810 4140 3015 4220 carnem
3029 4140 3180 4220 ';_per
3209 4145 3420 4220 tertiani
3442 4154 3655 4220 mortem
3690 4141 3847 4220 subji-

2285 4212 2468 4283 cimus.
2493 4212 2567 4267 lta
2600 4216 2661 4267 D.
2707 4214 3033 4270 Bernardus.
3064 4212 3144 4272 Ex
3171 4214 3366 4283 quibus
3405 4213 3757 4281 intelligimus
3788 4212 3850 4265 li~

2285 4278 2474 4360 herum
2504 4285 2785 4340 arbitrium
2811 4286 2915 4340 dici
2944 4300 3051 4341 non
3074 4302 3102 4339 a
3119 4278 3373 4360 libertate
3392 4278 3607 4360 gratiae;
3635 4296 3753 4351 qua!
3774 4291 3851 4335 est

2288 4349 2508 4431 libertas
2538 4371 2564 4407 a
2593 4367 2830 4423 peccato,
2856 4371 2925 4410 ne
2966 4373 3032 4412 ue
3060 4373 3087 4409 a
3118 4356 3368 4410 libertate
3396 4349 3606 4425 gloria,
3630 4349 3749 4419 qua:
3776 4362 3851 4406 est

2288 4421 2507 4478 libertas
2536 4440 2566 4478 a
2595 4427 2835 4480 miseria.
2868 4372 2961 4480 sed
2993 4442 3021 4480 a
3054 4428 3300 4480 libertate
3331 4436 3554 4480 naturae.
3583 4424 3713 4480 Oua:
3739 4438 3849 4474 rur-

2287 4421 2507 4478 libertas
2536 4440 2566 4478 a
2595 4421 2835 4493 miseria,
2868 4421 2961 4481 sed
2993 4442 3021 4480 a
3054 4428 3300 4481 libertate
3331 4421 3554 4481 naiurze.
3583 4424 3713 4493 Qua:
3732 4438 3849 4493 rur-

2287 4504 2376 4545 sus
2427 4495 2680 4550 dividitur
2732 4500 2783 4551 in
2822 4491 3196 4553 'Iibertatema
3247 4498 3532 4558 coactione.
3577 4502 3631 4546 et
3685 4491 3844 4544 liber-

2214 4534 2262 4593 D
2290 4570 2450 4617 tatem
2493 4580 2520 4618 a
2564 4567 2904 4623 necessitate.
2958 4534 3206 4623 Libertas
3247 4534 3281 4621 it
3332 4536 3600 4621 coactidne
3639 4572 3721 4615 est
3764 4562 3841 4613 vis

2286 4634 2530 4702 quzedam
2587 4654 2687 4707 qua
2738 4639 2987 4692 voluntas
3040 4654 3149 4693 non
3205 4648 3381 4707 potest
3425 4636 3560 4705 cogi.
3606 4632 3845 4707 Libertas

2286 4701 2315 4756 a
2350 4701 2671 4763 necessitate
2723 4718 2806 4764 cst
2857 4724 2959 4779 qua
2988 4701 3236 4765 voluntas
3287 4718 3464 4777 pateat
3497 4701 3574 4761 ex
3614 4701 3847 4779 pluribus

2287 4790 2449 4855 ξεῃιιηι
2481 4779 2756 4848 quodlibet
2780 4773 2979 4855 eligere
3004 4822 3017 4842 ,
3065 4790 3120 4835 et
3147 4773 3347 4855 nullum
3381 4777 3733 4855 necessario.
3775 4773 3847 4827 Ad

2288 4843 2514 4901 libertini
2560 4858 2739 4905 autem
2766 4843 3043 4904 arbitrium
3071 4851 3287 4920 proprie
3316 4850 3553 4917 pertinet
3582 4846 3793 4920 libertas
3820 4857 3847 4897 ι

2288 4920 2631 4985 necessitate,
2667 4931 2725 4973 ut
2751 4923 2951 4975 dictum
2986 4916 3087 4983 est,
3116 4916 3220 4975 non
3255 4916 3474 4974 libertas
3499 4934 3529 4973 a
3558 4916 3845 4971 coactione.

2286 4986 2418 5041 Nam
2464 4990 2625 5061 homo
2661 4993 2865 5061 appetit
2905 4992 3288 5046 beatitudinem
3338 5006 3444 5044 non
3490 4998 3715 5046 coacte;
3757 4998 3846 5061 nec

2285 5068 2463 5113 tamen
2492 5060 2678 5129 libere,
2700 5056 2831 5131 quia
2862 5065 3169 5117 necessario
3200 5081 3211 5115 :
3248 5071 3302 5116 et
3331 5075 3525 5131 pecora
3553 5056 3846 5131 necessario

2286 5141 2544 5197 appetunt
2572 5127 2771 5199 cibum,
2806 5148 2911 5185 non
2938 5143 3151 5196 coacta;
3187 5146 3286 5186 nec
3308 5127 3485 5186 tamen
3511 5131 3702 5185 libere.
3734 5127 3844 5195 quia

2286 5212 2473 5255 carent
2502 5202 2669 5257 libero
2698 5204 2940 5257 arbitrio.
2975 5204 3069 5257 Est
3100 5204 3259 5269 igitur
3298 5204 3407 5255 alia
3456 5202 3679 5269 libertas
3705 5212 3734 5249 a
3758 5211 3842 5250 co-

2286 5272 2519 5337 actione,
2554 5275 2653 5326 alia
2686 5289 2715 5326 a
2742 5276 3077 5327 necessitate.
3108 5268 3293 5341 Neque
3319 5287 3452 5327 vero
3482 5268 3773 5341 requiritur
3796 5275 3845 5319 ut

2286 5345 2357 5399 sit
2380 5344 2625 5398 voluntas
2651 5345 2812 5398 libera
2842 5346 2904 5399 ad
2929 5339 3234 5412 eligendum
3260 5344 3463 5397 bonum
3501 5339 3583 5395 vel
3626 5339 3843 5412 malum;

2290 5430 2411 5468 nam
2445 5416 2746 5481 hujusmodi
2774 5415 2993 5469 libertas
3011 5411 3361 5485 consequitur
3386 5422 3589 5485 tantum
3614 5411 3845 5485 diversos

2286 5493 2458 5539 Status
2481 5485 2636 5540 liberi
2658 5486 2884 5540 arbitrii.
2913 5486 3061 5540 Alias
3085 5481 3225 5540 enim
3252 5486 3397 5539 vires
3422 5483 3613 5537 habuit
3634 5481 3686 5533 in
3714 5485 3844 5533 statu

2286 5557 2627 5619 innocentize,
2660 5556 2795 5609 alias
2820 5556 2873 5609 in
2904 5566 3044 5610 statu
3074 5555 3301 5624 peccati,
3333 5554 3467 5607 alias
3491 5555 3545 5608 in
3570 5561 3710 5606 statu
3731 5562 3844 5624 gra-

2284 5627 2391 5695 tiae,
2424 5637 2474 5680 et
2505 5628 2638 5680 alias
2670 5630 2721 5680 in
2753 5635 2893 5679 statu
2923 5620 3109 5695 gloriae
3133 5643 3145 5678 :
3169 5635 3217 5695 et
3243 5638 3407 5692 posse
3427 5625 3629 5695 eligere
3658 5620 3845 5695 malum

2282 5692 2389 5750 non
2412 5697 2689 5765 perfectio,
2714 5695 2806 5750 sed
2831 5692 3163 5763 imperfectio
3190 5694 3421 5748 dicenda
3443 5704 3526 5750 est
3548 5692 3844 5753 libertatis;

2278 5767 2503 5834 proinde
2532 5784 2636 5823 non
2668 5767 2843 5821 solum
2876 5768 2986 5823 Deo
3016 5782 3119 5822 non
3151 5767 3450 5834 convenit,
3496 5765 3591 5821 sed
3620 5777 3723 5819 nec
3751 5776 3840 5816 an-
