  <div class='ocr_page' id='page_1' title='image "/cluster/home/n/w/nwhite01/storage/ocr_20150623/49/uva.x000827093/468.png"; bbox 0 0 4048 6198; ppageno 0'>
   <div class='ocr_carea' id='block_1_1' title="bbox 181 397 1299 468">
    <p class='ocr_par' dir='ltr' id='par_1_1' title="bbox 181 397 1299 468">
     <span class='ocr_line' id='line_1_1' title="bbox 181 397 1299 468; baseline 0.013 -16"><span class='ocrx_word' id='word_1_1' title='bbox 181 404 298 452; x_wconf 87' lang='lat' dir='ltr'><strong>mat</strong></span> <span class='ocrx_word' id='word_1_2' title='bbox 324 397 559 468; x_wconf 78' lang='lat' dir='ltr'><strong>arbitrii,</strong></span> <span class='ocrx_word' id='word_1_3' title='bbox 604 399 790 458; x_wconf 88' lang='lat' dir='ltr'><strong>dicens</strong></span> <span class='ocrx_word' id='word_1_4' title='bbox 825 422 838 458; x_wconf 89' lang='lat'><strong>:</strong></span> <span class='ocrx_word' id='word_1_5' title='bbox 883 406 1036 462; x_wconf 89' lang='lat' dir='ltr'><strong>Omni</strong></span> <span class='ocrx_word' id='word_1_6' title='bbox 1065 412 1299 466; x_wconf 88' lang='lat' dir='ltr'><strong>custodia</strong></span> 
     </span>
    </p>
   </div>
   <div class='ocr_carea' id='block_1_2' title="bbox 182 486 1764 576">
    <p class='ocr_par' dir='ltr' id='par_1_2' title="bbox 182 486 1764 576">
     <span class='ocr_line' id='line_1_2' title="bbox 182 486 1764 576; baseline 0.017 -36"><span class='ocrx_word' id='word_1_7' title='bbox 182 486 374 560; x_wconf 83' lang='lat' dir='ltr'><strong>(Prov.</strong></span> <span class='ocrx_word' id='word_1_8' title='bbox 409 490 510 562; x_wconf 85' lang='lat' dir='ltr'><strong>tv).</strong></span> <span class='ocrx_word' id='word_1_9' title='bbox 544 490 652 554; x_wconf 86' lang='lat' dir='ltr'><strong>Sed</strong></span> <span class='ocrx_word' id='word_1_10' title='bbox 686 496 1047 556; x_wconf 91' lang='lat' dir='ltr'><strong>inﬁrmitatem</strong></span> <span class='ocrx_word' id='word_1_11' title='bbox 1077 503 1191 572; x_wconf 84' lang='lat' dir='ltr'><strong>ejus</strong></span> <span class='ocrx_word' id='word_1_12' title='bbox 1220 508 1511 576; x_wconf 78' lang='lat' dir='ltr'><strong>Apostolus</strong></span> <span class='ocrx_word' id='word_1_13' title='bbox 1537 511 1764 567; x_wconf 83' lang='lat' dir='ltr'><strong>manife-</strong></span> 
     </span>
    </p>
   </div>
   <div class='ocr_carea' id='block_1_3' title="bbox 182 581 1769 657">
    <p class='ocr_par' dir='ltr' id='par_1_3' title="bbox 182 581 1769 657">
     <span class='ocr_line' id='line_1_3' title="bbox 182 581 1769 657; baseline 0.013 -21"><span class='ocrx_word' id='word_1_14' title='bbox 182 589 294 636; x_wconf 87' lang='lat' dir='ltr'><strong>stat</strong></span> <span class='ocrx_word' id='word_1_15' title='bbox 322 581 511 639; x_wconf 89' lang='lat' dir='ltr'><strong>dicens</strong></span> <span class='ocrx_word' id='word_1_16' title='bbox 541 603 555 638; x_wconf 91' lang='lat'><strong>:</strong></span> <span class='ocrx_word' id='word_1_17' title='bbox 583 584 839 644; x_wconf 76' lang='lat' dir='ltr'><strong>Dominus</strong></span> <span class='ocrx_word' id='word_1_18' title='bbox 865 593 1124 649; x_wconf 74' lang='lat' dir='ltr'><strong>custodiat</strong></span> <span class='ocrx_word' id='word_1_19' title='bbox 1163 599 1325 651; x_wconf 87' lang='lat' dir='ltr'><strong>corda</strong></span> <span class='ocrx_word' id='word_1_20' title='bbox 1354 610 1519 654; x_wconf 81' lang='lat' dir='ltr'><strong>uestra</strong></span> <span class='ocrx_word' id='word_1_21' title='bbox 1543 611 1590 654; x_wconf 93' lang='lat' dir='ltr'><strong>et</strong></span> <span class='ocrx_word' id='word_1_22' title='bbox 1616 603 1769 657; x_wconf 87' lang='lat' dir='ltr'><strong>intel-</strong></span> 
     </span>
    </p>
   </div>
   <div class='ocr_carea' id='block_1_4' title="bbox 181 674 1766 763">
    <p class='ocr_par' dir='ltr' id='par_1_4' title="bbox 181 674 1766 763">
     <span class='ocr_line' id='line_1_4' title="bbox 181 674 1766 763; baseline 0.016 -36"><span class='ocrx_word' id='word_1_23' title='bbox 181 674 434 746; x_wconf 86' lang='lat' dir='ltr'><strong>ligentias</strong></span> <span class='ocrx_word' id='word_1_24' title='bbox 454 688 644 735; x_wconf 86' lang='lat' dir='ltr'><strong>uestras</strong></span> <span class='ocrx_word' id='word_1_25' title='bbox 666 683 722 736; x_wconf 89' lang='lat' dir='ltr'><strong>in</strong></span> <span class='ocrx_word' id='word_1_26' title='bbox 747 681 950 740; x_wconf 79' lang='lat' dir='ltr'><strong>Christo</strong></span> <span class='ocrx_word' id='word_1_27' title='bbox 973 686 1097 742; x_wconf 86' lang='lat' dir='ltr'><strong>Jesu</strong></span> <span class='ocrx_word' id='word_1_28' title='bbox 1126 689 1352 763; x_wconf 88' lang='lat' dir='ltr'><strong>(Philip.</strong></span> <span class='ocrx_word' id='word_1_29' title='bbox 1376 697 1475 762; x_wconf 77' lang='grc' dir='ltr'><strong>ιν).</strong></span> <span class='ocrx_word' id='word_1_30' title='bbox 1505 695 1766 751; x_wconf 76' lang='lat' dir='ltr'><strong>Virtutem</strong></span> 
     </span>
    </p>
   </div>
   <div class='ocr_carea' id='block_1_5' title="bbox 179 765 1766 846">
    <p class='ocr_par' dir='ltr' id='par_1_5' title="bbox 179 765 1766 846">
     <span class='ocr_line' id='line_1_5' title="bbox 179 765 1766 846; baseline 0.011 -24"><span class='ocrx_word' id='word_1_31' title='bbox 179 765 341 824; x_wconf 85' lang='lat' dir='ltr'><strong>liberi</strong></span> <span class='ocrx_word' id='word_1_32' title='bbox 381 771 594 828; x_wconf 86' lang='lat' dir='ltr'><strong>arbitrii</strong></span> <span class='ocrx_word' id='word_1_33' title='bbox 623 773 790 831; x_wconf 82' lang='lat' dir='ltr'><strong>David</strong></span> <span class='ocrx_word' id='word_1_34' title='bbox 818 779 1091 846; x_wconf 86' lang='lat' dir='ltr'><strong>enuntiat,</strong></span> <span class='ocrx_word' id='word_1_35' title='bbox 1121 781 1308 837; x_wconf 91' lang='lat' dir='ltr'><strong>dicens</strong></span> <span class='ocrx_word' id='word_1_36' title='bbox 1336 802 1350 838; x_wconf 89' lang='lat'><strong><em>:</em></strong></span> <span class='ocrx_word' id='word_1_37' title='bbox 1385 784 1651 839; x_wconf 84' lang='lat' dir='ltr'><strong>lnclinavi</strong></span> <span class='ocrx_word' id='word_1_38' title='bbox 1678 804 1766 842; x_wconf 90' lang='lat' dir='ltr'><strong>cor</strong></span> 
     </span>
    </p>
   </div>
   <div class='ocr_carea' id='block_1_6' title="bbox 178 867 1764 952">
    <p class='ocr_par' dir='ltr' id='par_1_6' title="bbox 178 867 1764 952">
     <span class='ocr_line' id='line_1_6' title="bbox 178 867 1764 952; baseline 0.011 -34"><span class='ocrx_word' id='word_1_39' title='bbox 178 880 354 920; x_wconf 87' lang='lat' dir='ltr'><strong>meum</strong></span> <span class='ocrx_word' id='word_1_40' title='bbox 384 867 457 920; x_wconf 90' lang='lat' dir='ltr'><strong>ad</strong></span> <span class='ocrx_word' id='word_1_41' title='bbox 483 869 754 938; x_wconf 77' lang='lat' dir='ltr'><strong>faciendas</strong></span> <span class='ocrx_word' id='word_1_42' title='bbox 777 875 1173 944; x_wconf 84' lang='lat' dir='ltr'><strong>justiﬁcationes</strong></span> <span class='ocrx_word' id='word_1_43' title='bbox 1205 885 1318 933; x_wconf 89' lang='lat' dir='ltr'><strong>tuas</strong></span> <span class='ocrx_word' id='word_1_44' title='bbox 1348 878 1522 949; x_wconf 85' lang='lat' dir='ltr'><strong>(Psal.</strong></span> <span class='ocrx_word' id='word_1_45' title='bbox 1553 882 1764 952; x_wconf 82' lang='lat' dir='ltr'><strong>cxvtu).</strong></span> 
     </span>
    </p>
   </div>
   <div class='ocr_carea' id='block_1_7' title="bbox 176 956 1765 1038">
    <p class='ocr_par' dir='ltr' id='par_1_7' title="bbox 176 956 1765 1038">
     <span class='ocr_line' id='line_1_7' title="bbox 176 956 1765 1038; baseline 0.009 -24"><span class='ocrx_word' id='word_1_46' title='bbox 176 956 291 1014; x_wconf 90' lang='lat' dir='ltr'><strong>Sed</strong></span> <span class='ocrx_word' id='word_1_47' title='bbox 341 959 713 1017; x_wconf 75' lang='lat' dir='ltr'><strong>infirmitatem</strong></span> <span class='ocrx_word' id='word_1_48' title='bbox 751 964 868 1034; x_wconf 89' lang='lat' dir='ltr'><strong>ejus</strong></span> <span class='ocrx_word' id='word_1_49' title='bbox 905 966 1046 1022; x_wconf 91' lang='lat' dir='ltr'><strong>idem</strong></span> <span class='ocrx_word' id='word_1_50' title='bbox 1091 983 1255 1024; x_wconf 86' lang='lat' dir='ltr'><strong>orans</strong></span> <span class='ocrx_word' id='word_1_51' title='bbox 1292 971 1545 1026; x_wconf 84' lang='lat' dir='ltr'><strong>similiter</strong></span> <span class='ocrx_word' id='word_1_52' title='bbox 1587 972 1765 1038; x_wconf 88' lang='lat' dir='ltr'><strong>docet,</strong></span> 
     </span>
    </p>
   </div>
   <div class='ocr_carea' id='block_1_8' title="bbox 175 1049 1768 1123">
    <p class='ocr_par' dir='ltr' id='par_1_8' title="bbox 175 1049 1768 1123">
     <span class='ocr_line' id='line_1_8' title="bbox 175 1049 1768 1123; baseline 0.01 -19"><span class='ocrx_word' id='word_1_53' title='bbox 175 1049 417 1118; x_wconf 84' lang='lat' dir='ltr'><strong>Inclina,</strong></span> <span class='ocrx_word' id='word_1_54' title='bbox 451 1051 702 1123; x_wconf 87' lang='lat' dir='ltr'><strong>inquiens</strong></span> <span class='ocrx_word' id='word_1_55' title='bbox 722 1096 737 1121; x_wconf 89' lang='lat'><strong>,</strong></span> <span class='ocrx_word' id='word_1_56' title='bbox 767 1072 856 1110; x_wconf 90' lang='lat' dir='ltr'><strong>cor</strong></span> <span class='ocrx_word' id='word_1_57' title='bbox 882 1074 1047 1113; x_wconf 90' lang='lat' dir='ltr'><strong>meum</strong></span> <span class='ocrx_word' id='word_1_58' title='bbox 1075 1061 1126 1114; x_wconf 89' lang='lat' dir='ltr'><strong>in</strong></span> <span class='ocrx_word' id='word_1_59' title='bbox 1153 1063 1444 1117; x_wconf 89' lang='lat' dir='ltr'><strong>testimonia</strong></span> <span class='ocrx_word' id='word_1_60' title='bbox 1469 1075 1557 1118; x_wconf 89' lang='lat' dir='ltr'><strong>tua</strong></span> <span class='ocrx_word' id='word_1_61' title='bbox 1581 1074 1628 1118; x_wconf 88' lang='lat' dir='ltr'><strong>et</strong></span> <span class='ocrx_word' id='word_1_62' title='bbox 1667 1081 1768 1120; x_wconf 91' lang='lat' dir='ltr'><strong>non</strong></span> 
     </span>
    </p>
   </div>
   <div class='ocr_carea' id='block_1_9' title="bbox 175 1144 1767 1224">
    <p class='ocr_par' dir='ltr' id='par_1_9' title="bbox 175 1144 1767 1224">
     <span class='ocr_line' id='line_1_9' title="bbox 175 1144 1767 1224; baseline 0.009 -29"><span class='ocrx_word' id='word_1_63' title='bbox 175 1144 232 1195; x_wconf 87' lang='lat' dir='ltr'><strong>in</strong></span> <span class='ocrx_word' id='word_1_64' title='bbox 278 1145 555 1198; x_wconf 81' lang='lat' dir='ltr'><strong>auaritiam</strong></span> <span class='ocrx_word' id='word_1_65' title='bbox 599 1144 807 1218; x_wconf 88' lang='lat' dir='ltr'><strong>(Ibid.).</strong></span> <span class='ocrx_word' id='word_1_66' title='bbox 851 1149 1105 1207; x_wconf 89' lang='lat' dir='ltr'><strong>Salomon</strong></span> <span class='ocrx_word' id='word_1_67' title='bbox 1141 1169 1352 1224; x_wconf 91' lang='lat' dir='ltr'><strong>quoque</strong></span> <span class='ocrx_word' id='word_1_68' title='bbox 1395 1156 1506 1209; x_wconf 85' lang='lat' dir='ltr'><strong>ait:</strong></span> <span class='ocrx_word' id='word_1_69' title='bbox 1540 1155 1767 1210; x_wconf 88' lang='lat' dir='ltr'><strong>Inclinet</strong></span> 
     </span>
    </p>
   </div>
   <div class='ocr_carea' id='block_1_10' title="bbox 177 1233 1766 1318">
    <p class='ocr_par' dir='ltr' id='par_1_10' title="bbox 177 1233 1766 1318">
     <span class='ocr_line' id='line_1_10' title="bbox 177 1233 1766 1318; baseline 0.01 -32"><span class='ocrx_word' id='word_1_70' title='bbox 177 1233 340 1288; x_wconf 86' lang='lat' dir='ltr'><strong>corda</strong></span> <span class='ocrx_word' id='word_1_71' title='bbox 358 1245 538 1290; x_wconf 89' lang='lat' dir='ltr'><strong>nostra</strong></span> <span class='ocrx_word' id='word_1_72' title='bbox 559 1237 629 1291; x_wconf 88' lang='lat' dir='ltr'><strong>ad</strong></span> <span class='ocrx_word' id='word_1_73' title='bbox 656 1255 728 1306; x_wconf 85' lang='lat' dir='ltr'><strong>se,</strong></span> <span class='ocrx_word' id='word_1_74' title='bbox 754 1251 807 1292; x_wconf 89' lang='lat' dir='ltr'><strong>ut</strong></span> <span class='ocrx_word' id='word_1_75' title='bbox 832 1242 1156 1298; x_wconf 78' lang='lat' dir='ltr'><strong>ambulemus</strong></span> <span class='ocrx_word' id='word_1_76' title='bbox 1178 1246 1232 1298; x_wconf 90' lang='lat' dir='ltr'><strong>in</strong></span> <span class='ocrx_word' id='word_1_77' title='bbox 1262 1247 1517 1300; x_wconf 77' lang='lat' dir='ltr'><strong>universis</strong></span> <span class='ocrx_word' id='word_1_78' title='bbox 1539 1248 1636 1302; x_wconf 82' lang='lat' dir='ltr'><strong>viis</strong></span> <span class='ocrx_word' id='word_1_79' title='bbox 1657 1249 1766 1318; x_wconf 88' lang='lat' dir='ltr'><strong>ejus</strong></span> 
     </span>
    </p>
   </div>
   <div class='ocr_carea' id='block_1_11' title="bbox 177 1331 1766 1412">
    <p class='ocr_par' dir='ltr' id='par_1_11' title="bbox 177 1331 1766 1412">
     <span class='ocr_line' id='line_1_11' title="bbox 177 1331 1766 1412; baseline 0.008 -31"><span class='ocrx_word' id='word_1_80' title='bbox 177 1335 230 1381; x_wconf 89' lang='lat' dir='ltr'><strong>et</strong></span> <span class='ocrx_word' id='word_1_81' title='bbox 256 1331 605 1386; x_wconf 68' lang='lat' dir='ltr'><strong>custodiamus</strong></span> <span class='ocrx_word' id='word_1_82' title='bbox 647 1334 892 1387; x_wconf 82' lang='lat' dir='ltr'><strong>mandata</strong></span> <span class='ocrx_word' id='word_1_83' title='bbox 923 1339 1060 1406; x_wconf 82' lang='lat' dir='ltr'><strong>ejus,</strong></span> <span class='ocrx_word' id='word_1_84' title='bbox 1102 1346 1149 1391; x_wconf 89' lang='lat' dir='ltr'><strong>et</strong></span> <span class='ocrx_word' id='word_1_85' title='bbox 1194 1341 1523 1393; x_wconf 66' lang='lat' dir='ltr'><strong>caeremonias</strong></span> <span class='ocrx_word' id='word_1_86' title='bbox 1551 1344 1688 1412; x_wconf 86' lang='lat' dir='ltr'><strong>ejus,</strong></span> <span class='ocrx_word' id='word_1_87' title='bbox 1717 1351 1766 1396; x_wconf 91' lang='lat' dir='ltr'><strong>et</strong></span> 
     </span>
    </p>
   </div>
   <div class='ocr_carea' id='block_1_12' title="bbox 173 1421 1768 1502">
    <p class='ocr_par' dir='ltr' id='par_1_12' title="bbox 173 1421 1768 1502">
     <span class='ocr_line' id='line_1_12' title="bbox 173 1421 1768 1502; baseline 0.009 -29"><span class='ocrx_word' id='word_1_88' title='bbox 173 1421 379 1493; x_wconf 75' lang='lat' dir='ltr'><strong>judicia</strong></span> <span class='ocrx_word' id='word_1_89' title='bbox 407 1425 523 1494; x_wconf 85' lang='lat' dir='ltr'><strong>ejus</strong></span> <span class='ocrx_word' id='word_1_90' title='bbox 571 1423 663 1496; x_wconf 92' lang='lat' dir='ltr'><strong>(Ill</strong></span> <span class='ocrx_word' id='word_1_91' title='bbox 693 1426 823 1498; x_wconf 84' lang='lat' dir='ltr'><strong>Reg.</strong></span> <span class='ocrx_word' id='word_1_92' title='bbox 850 1427 993 1497; x_wconf 84' lang='lat' dir='ltr'><strong>vut).</strong></span> <span class='ocrx_word' id='word_1_93' title='bbox 1033 1428 1367 1486; x_wconf 90' lang='lat' dir='ltr'><strong>Potestatem</strong></span> <span class='ocrx_word' id='word_1_94' title='bbox 1399 1432 1644 1502; x_wconf 84' lang='lat' dir='ltr'><strong>designat</strong></span> <span class='ocrx_word' id='word_1_95' title='bbox 1681 1448 1768 1487; x_wconf 86' lang='lat' dir='ltr'><strong>ar-</strong></span> 
     </span>
    </p>
   </div>
   <div class='ocr_carea' id='block_1_13' title="bbox 176 1511 1766 1594">
    <p class='ocr_par' dir='ltr' id='par_1_13' title="bbox 176 1511 1766 1594">
     <span class='ocr_line' id='line_1_13' title="bbox 176 1511 1766 1594; baseline 0.008 -29"><span class='ocrx_word' id='word_1_96' title='bbox 176 1511 326 1567; x_wconf 90' lang='lat' dir='ltr'><strong>bitrii</strong></span> <span class='ocrx_word' id='word_1_97' title='bbox 356 1516 531 1570; x_wconf 88' lang='lat' dir='ltr'><strong>nostri</strong></span> <span class='ocrx_word' id='word_1_98' title='bbox 564 1515 1024 1589; x_wconf 83' lang='lat' dir='ltr'><strong>Psalmographus</strong></span> <span class='ocrx_word' id='word_1_99' title='bbox 1055 1520 1286 1578; x_wconf 89' lang='lat' dir='ltr'><strong>dicens:</strong></span> <span class='ocrx_word' id='word_1_100' title='bbox 1319 1519 1509 1578; x_wconf 79' lang='lat' dir='ltr'><strong>Cohibe</strong></span> <span class='ocrx_word' id='word_1_101' title='bbox 1535 1523 1766 1594; x_wconf 87' lang='lat' dir='ltr'><strong>linguam</strong></span> 
     </span>
    </p>
   </div>
   <div class='ocr_carea' id='block_1_14' title="bbox 173 1608 1762 1689">
    <p class='ocr_par' dir='ltr' id='par_1_14' title="bbox 173 1608 1762 1689">
     <span class='ocr_line' id='line_1_14' title="bbox 173 1608 1762 1689; baseline 0.007 -31"><span class='ocrx_word' id='word_1_102' title='bbox 173 1613 317 1658; x_wconf 86' lang='lat' dir='ltr'><strong>tuam</strong></span> <span class='ocrx_word' id='word_1_103' title='bbox 345 1623 378 1660; x_wconf 90' lang='lat' dir='ltr'><strong>a</strong></span> <span class='ocrx_word' id='word_1_104' title='bbox 399 1608 568 1674; x_wconf 90' lang='lat' dir='ltr'><strong>malo,</strong></span> <span class='ocrx_word' id='word_1_105' title='bbox 597 1618 647 1663; x_wconf 86' lang='lat' dir='ltr'><strong>et</strong></span> <span class='ocrx_word' id='word_1_106' title='bbox 678 1609 817 1663; x_wconf 80' lang='lat' dir='ltr'><strong>labia</strong></span> <span class='ocrx_word' id='word_1_107' title='bbox 853 1621 946 1664; x_wconf 90' lang='lat' dir='ltr'><strong>tua</strong></span> <span class='ocrx_word' id='word_1_108' title='bbox 973 1627 1038 1666; x_wconf 90' lang='lat' dir='ltr'><strong>ne</strong></span> <span class='ocrx_word' id='word_1_109' title='bbox 1080 1613 1359 1684; x_wconf 88' lang='lat' dir='ltr'><strong>loquantur</strong></span> <span class='ocrx_word' id='word_1_110' title='bbox 1385 1613 1560 1669; x_wconf 87' lang='lat' dir='ltr'><strong>dolum</strong></span> <span class='ocrx_word' id='word_1_111' title='bbox 1592 1613 1762 1689; x_wconf 87' lang='lat' dir='ltr'><strong>(Psal.</strong></span> 
     </span>
    </p>
   </div>
   <div class='ocr_carea' id='block_1_15' title="bbox 168 1699 1764 1777">
    <p class='ocr_par' dir='ltr' id='par_1_15' title="bbox 168 1699 1764 1777">
     <span class='ocr_line' id='line_1_15' title="bbox 168 1699 1764 1777; baseline 0.009 -25"><span class='ocrx_word' id='word_1_112' title='bbox 168 1699 393 1770; x_wconf 80' lang='lat' dir='ltr'><strong>xxxm).</strong></span> <span class='ocrx_word' id='word_1_113' title='bbox 438 1699 815 1758; x_wconf 89' lang='lat' dir='ltr'><strong>Inﬁrmitatem</strong></span> <span class='ocrx_word' id='word_1_114' title='bbox 849 1703 965 1773; x_wconf 91' lang='lat' dir='ltr'><strong>ejus</strong></span> <span class='ocrx_word' id='word_1_115' title='bbox 1009 1718 1194 1762; x_wconf 90' lang='lat' dir='ltr'><strong>nostra</strong></span> <span class='ocrx_word' id='word_1_116' title='bbox 1234 1719 1562 1777; x_wconf 89' lang='lat' dir='ltr'><strong>protestatur</strong></span> <span class='ocrx_word' id='word_1_117' title='bbox 1591 1712 1764 1767; x_wconf 85' lang='lat' dir='ltr'><strong>oratio</strong></span> 
     </span>
    </p>
   </div>
   <div class='ocr_carea' id='block_1_16' title="bbox 1105 290 2525 369">
    <p class='ocr_par' dir='ltr' id='par_1_16' title="bbox 1105 290 2525 369">
     <span class='ocr_line' id='line_1_16' title="bbox 1105 290 2525 369; baseline 0.016 -22"><span class='ocrx_word' id='word_1_118' title='bbox 1105 290 1442 351; x_wconf 86' lang='lat' dir='ltr'><strong>COLLATIO</strong></span> <span class='ocrx_word' id='word_1_119' title='bbox 1482 296 1622 354; x_wconf 81' lang='lat' dir='ltr'><strong>XIII.</strong></span> <span class='ocrx_word' id='word_1_120' title='bbox 1655 328 1726 343; x_wconf 92' lang='lat'><strong><em>—</em></strong></span> <span class='ocrx_word' id='word_1_121' title='bbox 1755 301 1848 358; x_wconf 87' lang='lat' dir='ltr'><strong>DE</strong></span> <span class='ocrx_word' id='word_1_122' title='bbox 1889 303 2374 368; x_wconf 81' lang='lat' dir='ltr'><strong>PROTECTIONE</strong></span> <span class='ocrx_word' id='word_1_123' title='bbox 2412 311 2525 369; x_wconf 85' lang='lat' dir='ltr'><strong>DEI</strong></span> 
     </span>
    </p>
   </div>
   <div class='ocr_carea' id='block_1_17' title="bbox 3340 336 3462 391">
    <p class='ocr_par' dir='ltr' id='par_1_17' title="bbox 3340 336 3462 391">
     <span class='ocr_line' id='line_1_17' title="bbox 3340 336 3462 391; baseline -0.008 0"><span class='ocrx_word' id='word_1_124' title='bbox 3340 336 3462 391; x_wconf 62' lang='lat'><strong>9‘33</strong></span> 
     </span>
    </p>
   </div>
   <div class='ocr_carea' id='block_1_18' title="bbox 1330 424 3452 508">
    <p class='ocr_par' dir='ltr' id='par_1_18' title="bbox 1330 424 3452 508">
     <span class='ocr_line' id='line_1_18' title="bbox 1330 424 3452 508; baseline 0.017 -39"><span class='ocrx_word' id='word_1_125' title='bbox 1330 431 1477 470; x_wconf 83' lang='lat' dir='ltr'><strong>serva</strong></span> <span class='ocrx_word' id='word_1_126' title='bbox 1504 432 1592 471; x_wconf 89' lang='lat' dir='ltr'><strong>cor</strong></span> <span class='ocrx_word' id='word_1_127' title='bbox 1622 426 1768 475; x_wconf 88' lang='lat' dir='ltr'><strong>tuum</strong></span> <span class='ocrx_word' id='word_1_128' title='bbox 1793 433 1842 490; x_wconf 77' lang='grc' dir='ltr'>Α</span> <span class='ocrx_word' id='word_1_129' title='bbox 1870 424 2240 485; x_wconf 89' lang='lat' dir='ltr'><strong>inlirmitatem</strong></span> <span class='ocrx_word' id='word_1_130' title='bbox 2265 431 2384 501; x_wconf 89' lang='lat' dir='ltr'><strong>ejus</strong></span> <span class='ocrx_word' id='word_1_131' title='bbox 2406 431 2547 488; x_wconf 88' lang='lat' dir='ltr'><strong>idem</strong></span> <span class='ocrx_word' id='word_1_132' title='bbox 2571 433 2830 491; x_wconf 88' lang='lat' dir='ltr'><strong>Dominus</strong></span> <span class='ocrx_word' id='word_1_133' title='bbox 2849 446 3203 508; x_wconf 84' lang='lat' dir='ltr'><strong>protestatur,</strong></span> <span class='ocrx_word' id='word_1_134' title='bbox 3223 443 3410 503; x_wconf 86' lang='lat' dir='ltr'><strong>dicens</strong></span> <span class='ocrx_word' id='word_1_135' title='bbox 3434 468 3452 506; x_wconf 93' lang='lat'><strong>:</strong></span> 
     </span>
    </p>
   </div>
   <div class='ocr_carea' id='block_1_19' title="bbox 1873 517 3450 604">
    <p class='ocr_par' dir='ltr' id='par_1_19' title="bbox 1873 517 3450 604">
     <span class='ocr_line' id='line_1_19' title="bbox 1873 517 3450 604; baseline 0.013 -34"><span class='ocrx_word' id='word_1_136' title='bbox 1873 517 2040 573; x_wconf 86' lang='lat' dir='ltr'><strong>Nemo</strong></span> <span class='ocrx_word' id='word_1_137' title='bbox 2083 529 2248 591; x_wconf 78' lang='lat' dir='ltr'><strong>potest</strong></span> <span class='ocrx_word' id='word_1_138' title='bbox 2293 525 2462 578; x_wconf 87' lang='lat' dir='ltr'><strong>venire</strong></span> <span class='ocrx_word' id='word_1_139' title='bbox 2510 525 2577 578; x_wconf 88' lang='lat' dir='ltr'><strong>ad</strong></span> <span class='ocrx_word' id='word_1_140' title='bbox 2609 543 2709 594; x_wconf 91' lang='lat' dir='ltr'><strong>me,</strong></span> <span class='ocrx_word' id='word_1_141' title='bbox 2743 528 2844 582; x_wconf 89' lang='lat' dir='ltr'><strong>nisi</strong></span> <span class='ocrx_word' id='word_1_142' title='bbox 2889 527 3048 583; x_wconf 89' lang='lat' dir='ltr'><strong>Pater</strong></span> <span class='ocrx_word' id='word_1_143' title='bbox 3071 534 3161 600; x_wconf 85' lang='lat' dir='ltr'><strong>qui</strong></span> <span class='ocrx_word' id='word_1_144' title='bbox 3190 535 3323 588; x_wconf 84' lang='lat' dir='ltr'><strong>misit</strong></span> <span class='ocrx_word' id='word_1_145' title='bbox 3349 553 3450 604; x_wconf 85' lang='lat' dir='ltr'><strong>me,</strong></span> 
     </span>
    </p>
   </div>
   <div class='ocr_carea' id='block_1_20' title="bbox 1870 613 3455 687">
    <p class='ocr_par' dir='ltr' id='par_1_20' title="bbox 1870 613 3455 687">
     <span class='ocr_line' id='line_1_20' title="bbox 1870 613 3455 687; baseline 0.012 -25"><span class='ocrx_word' id='word_1_146' title='bbox 1870 614 2138 666; x_wconf 78' lang='lat' dir='ltr'><strong>attraxerit</strong></span> <span class='ocrx_word' id='word_1_147' title='bbox 2177 630 2292 668; x_wconf 92' lang='lat' dir='ltr'><strong>eum</strong></span> <span class='ocrx_word' id='word_1_148' title='bbox 2336 613 2514 685; x_wconf 80' lang='lat' dir='ltr'><strong>(Joan.</strong></span> <span class='ocrx_word' id='word_1_149' title='bbox 2546 616 2647 687; x_wconf 78' lang='lat' dir='ltr'><strong>v1).</strong></span> <span class='ocrx_word' id='word_1_150' title='bbox 2693 617 2987 687; x_wconf 84' lang='lat' dir='ltr'><strong>Apostolus</strong></span> <span class='ocrx_word' id='word_1_151' title='bbox 3021 621 3252 677; x_wconf 89' lang='lat' dir='ltr'><strong>liberum</strong></span> <span class='ocrx_word' id='word_1_152' title='bbox 3310 625 3455 680; x_wconf 85' lang='lat' dir='ltr'><strong>arbi-</strong></span> 
     </span>
    </p>
   </div>
   <div class='ocr_carea' id='block_1_21' title="bbox 1872 701 3522 772">
    <p class='ocr_par' dir='ltr' id='par_1_21' title="bbox 1872 701 3522 772">
     <span class='ocr_line' id='line_1_21' title="bbox 1872 701 3522 772; baseline 0.011 -19"><span class='ocrx_word' id='word_1_153' title='bbox 1872 701 2034 755; x_wconf 89' lang='lat' dir='ltr'><strong>trium</strong></span> <span class='ocrx_word' id='word_1_154' title='bbox 2081 712 2324 757; x_wconf 90' lang='lat' dir='ltr'><strong>nostrum</strong></span> <span class='ocrx_word' id='word_1_155' title='bbox 2357 704 2561 771; x_wconf 82' lang='lat' dir='ltr'><strong>incitat,</strong></span> <span class='ocrx_word' id='word_1_156' title='bbox 2609 707 2794 762; x_wconf 91' lang='lat' dir='ltr'><strong>dicens</strong></span> <span class='ocrx_word' id='word_1_157' title='bbox 2823 725 2836 762; x_wconf 92' lang='lat'><strong>:</strong></span> <span class='ocrx_word' id='word_1_158' title='bbox 2869 708 2961 764; x_wconf 87' lang='lat' dir='ltr'><strong>Sic</strong></span> <span class='ocrx_word' id='word_1_159' title='bbox 2986 713 3181 767; x_wconf 87' lang='lat' dir='ltr'><strong>currite</strong></span> <span class='ocrx_word' id='word_1_160' title='bbox 3227 725 3282 768; x_wconf 90' lang='lat' dir='ltr'><strong>ut</strong></span> <span class='ocrx_word' id='word_1_161' title='bbox 3313 731 3453 769; x_wconf 79' lang='lat' dir='ltr'><strong>com-</strong></span> <span class='ocrx_word' id='word_1_162' title='bbox 3516 765 3522 772; x_wconf 93' lang='lat'><strong>.</strong></span> 
     </span>
    </p>
   </div>
   <div class='ocr_carea' id='block_1_22' title="bbox 1872 792 3455 873">
    <p class='ocr_par' dir='ltr' id='par_1_22' title="bbox 1872 792 3455 873">
     <span class='ocr_line' id='line_1_22' title="bbox 1872 792 3455 873; baseline 0.012 -31"><span class='ocrx_word' id='word_1_163' title='bbox 1872 792 2206 858; x_wconf 86' lang='lat' dir='ltr'><strong>prehendatis</strong></span> <span class='ocrx_word' id='word_1_164' title='bbox 2239 793 2280 864; x_wconf 94' lang='lat' dir='ltr'><strong>(l</strong></span> <span class='ocrx_word' id='word_1_165' title='bbox 2304 792 2424 848; x_wconf 86' lang='lat' dir='ltr'><strong>Cor.</strong></span> <span class='ocrx_word' id='word_1_166' title='bbox 2459 795 2558 864; x_wconf 79' lang='lat' dir='ltr'><strong>Ix).</strong></span> <span class='ocrx_word' id='word_1_167' title='bbox 2595 797 2700 852; x_wconf 89' lang='lat' dir='ltr'><strong>Sed</strong></span> <span class='ocrx_word' id='word_1_168' title='bbox 2734 800 3104 857; x_wconf 90' lang='lat' dir='ltr'><strong>inﬁrmitatem</strong></span> <span class='ocrx_word' id='word_1_169' title='bbox 3135 807 3253 873; x_wconf 89' lang='lat' dir='ltr'><strong>ejus</strong></span> <span class='ocrx_word' id='word_1_170' title='bbox 3281 804 3455 861; x_wconf 83' lang='lat' dir='ltr'><strong>Joan-</strong></span> 
     </span>
    </p>
   </div>
   <div class='ocr_carea' id='block_1_23' title="bbox 1871 882 3452 964">
    <p class='ocr_par' dir='ltr' id='par_1_23' title="bbox 1871 882 3452 964">
     <span class='ocr_line' id='line_1_23' title="bbox 1871 882 3452 964; baseline 0.011 -29"><span class='ocrx_word' id='word_1_171' title='bbox 1871 897 1968 936; x_wconf 87' lang='lat' dir='ltr'><strong>nes</strong></span> <span class='ocrx_word' id='word_1_172' title='bbox 2025 882 2262 951; x_wconf 83' lang='lat' dir='ltr'><strong>Baptista</strong></span> <span class='ocrx_word' id='word_1_173' title='bbox 2310 893 2541 940; x_wconf 84' lang='lat' dir='ltr'><strong>testatur</strong></span> <span class='ocrx_word' id='word_1_174' title='bbox 2584 901 2705 942; x_wconf 92' lang='lat' dir='ltr'><strong>cum</strong></span> <span class='ocrx_word' id='word_1_175' title='bbox 2755 890 2874 944; x_wconf 85' lang='lat' dir='ltr'><strong>ait:</strong></span> <span class='ocrx_word' id='word_1_176' title='bbox 2929 891 3051 946; x_wconf 89' lang='lat' dir='ltr'><strong>Non</strong></span> <span class='ocrx_word' id='word_1_177' title='bbox 3090 905 3251 964; x_wconf 80' lang='lat' dir='ltr'><strong>potest</strong></span> <span class='ocrx_word' id='word_1_178' title='bbox 3299 895 3452 951; x_wconf 90' lang='lat' dir='ltr'><strong>homo</strong></span> 
     </span>
    </p>
   </div>
   <div class='ocr_carea' id='block_1_24' title="bbox 1869 974 3452 1050">
    <p class='ocr_par' dir='ltr' id='par_1_24' title="bbox 1869 974 3452 1050">
     <span class='ocr_line' id='line_1_24' title="bbox 1869 974 3452 1050; baseline 0.01 -23"><span class='ocrx_word' id='word_1_179' title='bbox 1869 974 2103 1044; x_wconf 85' lang='lat' dir='ltr'><strong>accipere</strong></span> <span class='ocrx_word' id='word_1_180' title='bbox 2132 991 2165 1027; x_wconf 92' lang='lat' dir='ltr'><strong><em>a</em></strong></span> <span class='ocrx_word' id='word_1_181' title='bbox 2190 992 2243 1029; x_wconf 90' lang='lat' dir='ltr'><strong>se</strong></span> <span class='ocrx_word' id='word_1_182' title='bbox 2283 977 2584 1046; x_wconf 84' lang='lat' dir='ltr'><strong>quidquam,</strong></span> <span class='ocrx_word' id='word_1_183' title='bbox 2635 980 2731 1033; x_wconf 89' lang='lat' dir='ltr'><strong>nisi</strong></span> <span class='ocrx_word' id='word_1_184' title='bbox 2763 981 2917 1050; x_wconf 82' lang='lat' dir='ltr'><strong>fuerit</strong></span> <span class='ocrx_word' id='word_1_185' title='bbox 2944 983 2989 1037; x_wconf 88' lang='lat' dir='ltr'><strong>ei</strong></span> <span class='ocrx_word' id='word_1_186' title='bbox 3015 984 3190 1039; x_wconf 89' lang='lat' dir='ltr'><strong>datum</strong></span> <span class='ocrx_word' id='word_1_187' title='bbox 3234 987 3298 1041; x_wconf 89' lang='lat' dir='ltr'><strong>de</strong></span> <span class='ocrx_word' id='word_1_188' title='bbox 3327 988 3452 1043; x_wconf 78' lang='lat' dir='ltr'><strong>caelo</strong></span> 
     </span>
    </p>
   </div>
   <div class='ocr_carea' id='block_1_25' title="bbox 1869 1062 3453 1137">
    <p class='ocr_par' dir='ltr' id='par_1_25' title="bbox 1869 1062 3453 1137">
     <span class='ocr_line' id='line_1_25' title="bbox 1869 1062 3453 1137; baseline 0.009 -19"><span class='ocrx_word' id='word_1_189' title='bbox 1869 1062 2049 1137; x_wconf 86' lang='lat' dir='ltr'><strong>(Joan.</strong></span> <span class='ocrx_word' id='word_1_190' title='bbox 2082 1069 2184 1134; x_wconf 90' lang='lat' dir='ltr'><strong>ut).</strong></span> <span class='ocrx_word' id='word_1_191' title='bbox 2217 1066 2480 1122; x_wconf 84' lang='lat' dir='ltr'><strong>Juhemur</strong></span> <span class='ocrx_word' id='word_1_192' title='bbox 2511 1069 2719 1124; x_wconf 89' lang='lat' dir='ltr'><strong>animas</strong></span> <span class='ocrx_word' id='word_1_193' title='bbox 2749 1082 2961 1128; x_wconf 89' lang='lat' dir='ltr'><strong>nostras</strong></span> <span class='ocrx_word' id='word_1_194' title='bbox 2997 1076 3231 1131; x_wconf 90' lang='lat' dir='ltr'><strong>sollicite</strong></span> <span class='ocrx_word' id='word_1_195' title='bbox 3270 1091 3453 1134; x_wconf 90' lang='lat' dir='ltr'><strong>custo-</strong></span> 
     </span>
    </p>
   </div>
   <div class='ocr_carea' id='block_1_26' title="bbox 1869 1158 3450 1230">
    <p class='ocr_par' dir='ltr' id='par_1_26' title="bbox 1869 1158 3450 1230">
     <span class='ocr_line' id='line_1_26' title="bbox 1869 1158 3450 1230; baseline 0.006 -16"><span class='ocrx_word' id='word_1_196' title='bbox 1869 1158 2016 1226; x_wconf 89' lang='lat' dir='ltr'><strong>dire,</strong></span> <span class='ocrx_word' id='word_1_197' title='bbox 2067 1159 2281 1214; x_wconf 87' lang='lat' dir='ltr'><strong>dicente</strong></span> <span class='ocrx_word' id='word_1_198' title='bbox 2332 1161 2634 1230; x_wconf 85' lang='lat' dir='ltr'><strong>propheta:</strong></span> <span class='ocrx_word' id='word_1_199' title='bbox 2693 1163 2956 1219; x_wconf 87' lang='lat' dir='ltr'><strong>Custodite</strong></span> <span class='ocrx_word' id='word_1_200' title='bbox 3005 1167 3207 1221; x_wconf 89' lang='lat' dir='ltr'><strong>animas</strong></span> <span class='ocrx_word' id='word_1_201' title='bbox 3259 1177 3450 1224; x_wconf 83' lang='lat' dir='ltr'><strong>vestras</strong></span> 
     </span>
    </p>
   </div>
   <div class='ocr_carea' id='block_1_27' title="bbox 1870 1248 3451 1327">
    <p class='ocr_par' dir='ltr' id='par_1_27' title="bbox 1870 1248 3451 1327">
     <span class='ocr_line' id='line_1_27' title="bbox 1870 1248 3451 1327; baseline 0.009 -24"><span class='ocrx_word' id='word_1_202' title='bbox 1870 1248 2084 1318; x_wconf 83' lang='lat' dir='ltr'><strong>(Jerem.</strong></span> <span class='ocrx_word' id='word_1_203' title='bbox 2119 1251 2276 1322; x_wconf 82' lang='lat' dir='ltr'><strong>xvu).</strong></span> <span class='ocrx_word' id='word_1_204' title='bbox 2332 1250 2437 1307; x_wconf 91' lang='lat' dir='ltr'><strong>Sed</strong></span> <span class='ocrx_word' id='word_1_205' title='bbox 2492 1253 2684 1308; x_wconf 91' lang='lat' dir='ltr'><strong>eodem</strong></span> <span class='ocrx_word' id='word_1_206' title='bbox 2732 1256 2928 1324; x_wconf 86' lang='lat' dir='ltr'><strong>spiritu</strong></span> <span class='ocrx_word' id='word_1_207' title='bbox 2974 1257 3110 1312; x_wconf 89' lang='lat' dir='ltr'><strong>alius</strong></span> <span class='ocrx_word' id='word_1_208' title='bbox 3150 1260 3451 1327; x_wconf 88' lang='lat' dir='ltr'><strong>proclamat</strong></span> 
     </span>
    </p>
   </div>
   <div class='ocr_carea' id='block_1_28' title="bbox 1869 1344 3448 1421">
    <p class='ocr_par' dir='ltr' id='par_1_28' title="bbox 1869 1344 3448 1421">
     <span class='ocr_line' id='line_1_28' title="bbox 1869 1344 3448 1421; baseline 0.008 -25"><span class='ocrx_word' id='word_1_209' title='bbox 1869 1344 2130 1414; x_wconf 84' lang='lat' dir='ltr'><strong>propheta</strong></span> <span class='ocrx_word' id='word_1_210' title='bbox 2164 1363 2178 1400; x_wconf 92' lang='lat'>:</span> <span class='ocrx_word' id='word_1_211' title='bbox 2210 1344 2331 1399; x_wconf 88' lang='lat' dir='ltr'><strong>Nisi</strong></span> <span class='ocrx_word' id='word_1_212' title='bbox 2362 1346 2616 1402; x_wconf 84' lang='lat' dir='ltr'><strong>Dominus</strong></span> <span class='ocrx_word' id='word_1_213' title='bbox 2645 1350 2941 1405; x_wconf 85' lang='lat' dir='ltr'><strong>custodierit</strong></span> <span class='ocrx_word' id='word_1_214' title='bbox 2974 1351 3244 1421; x_wconf 83' lang='lat' dir='ltr'><strong>ciuitatem,</strong></span> <span class='ocrx_word' id='word_1_215' title='bbox 3277 1354 3330 1408; x_wconf 91' lang='lat' dir='ltr'><strong>in</strong></span> <span class='ocrx_word' id='word_1_216' title='bbox 3357 1371 3448 1408; x_wconf 81' lang='lat' dir='ltr'><strong>ua-</strong></span> 
     </span>
    </p>
   </div>
   <div class='ocr_carea' id='block_1_29' title="bbox 1868 1439 3450 1514">
    <p class='ocr_par' dir='ltr' id='par_1_29' title="bbox 1868 1439 3450 1514">
     <span class='ocr_line' id='line_1_29' title="bbox 1868 1439 3450 1514; baseline 0.006 -23"><span class='ocrx_word' id='word_1_217' title='bbox 1868 1453 1992 1491; x_wconf 86' lang='lat' dir='ltr'><strong>num</strong></span> <span class='ocrx_word' id='word_1_218' title='bbox 2014 1439 2191 1510; x_wconf 82' lang='lat' dir='ltr'><strong>uigilat</strong></span> <span class='ocrx_word' id='word_1_219' title='bbox 2214 1440 2302 1509; x_wconf 87' lang='lat' dir='ltr'><strong>qui</strong></span> <span class='ocrx_word' id='word_1_220' title='bbox 2325 1440 2546 1493; x_wconf 87' lang='lat' dir='ltr'><strong>custodit</strong></span> <span class='ocrx_word' id='word_1_221' title='bbox 2570 1457 2682 1494; x_wconf 91' lang='lat' dir='ltr'><strong>eam</strong></span> <span class='ocrx_word' id='word_1_222' title='bbox 2713 1441 2886 1511; x_wconf 86' lang='lat' dir='ltr'><strong>(Psal.</strong></span> <span class='ocrx_word' id='word_1_223' title='bbox 2917 1441 3120 1513; x_wconf 75' lang='lat' dir='ltr'><strong>cxxvn).</strong></span> <span class='ocrx_word' id='word_1_224' title='bbox 3153 1446 3450 1514; x_wconf 85' lang='lat' dir='ltr'><strong>Apostolus</strong></span> 
     </span>
    </p>
   </div>
   <div class='ocr_carea' id='block_1_30' title="bbox 1867 1528 3445 1606">
    <p class='ocr_par' dir='ltr' id='par_1_30' title="bbox 1867 1528 3445 1606">
     <span class='ocr_line' id='line_1_30' title="bbox 1867 1528 3445 1606; baseline 0.006 -22"><span class='ocrx_word' id='word_1_225' title='bbox 1867 1528 2310 1600; x_wconf 89' lang='lat' dir='ltr'><strong>Philippensibus</strong></span> <span class='ocrx_word' id='word_1_226' title='bbox 2330 1533 2595 1601; x_wconf 89' lang='lat' dir='ltr'><strong>scribens,</strong></span> <span class='ocrx_word' id='word_1_227' title='bbox 2629 1542 2690 1587; x_wconf 93' lang='lat' dir='ltr'><strong>ut</strong></span> <span class='ocrx_word' id='word_1_228' title='bbox 2717 1533 2946 1588; x_wconf 86' lang='lat' dir='ltr'><strong>liberum</strong></span> <span class='ocrx_word' id='word_1_229' title='bbox 2978 1549 3170 1590; x_wconf 91' lang='lat' dir='ltr'><strong>eorum</strong></span> <span class='ocrx_word' id='word_1_230' title='bbox 3197 1536 3445 1606; x_wconf 78' lang='lat' dir='ltr'><strong>designet</strong></span> 
     </span>
    </p>
   </div>
   <div class='ocr_carea' id='block_1_31' title="bbox 1866 1622 3448 1696">
    <p class='ocr_par' dir='ltr' id='par_1_31' title="bbox 1866 1622 3448 1696">
     <span class='ocr_line' id='line_1_31' title="bbox 1866 1622 3448 1696; baseline 0.004 -21"><span class='ocrx_word' id='word_1_231' title='bbox 1866 1622 2175 1688; x_wconf 87' lang='lat' dir='ltr'><strong>arbitrium,</strong></span> <span class='ocrx_word' id='word_1_232' title='bbox 2205 1623 2336 1677; x_wconf 85' lang='lat' dir='ltr'><strong>Cum</strong></span> <span class='ocrx_word' id='word_1_233' title='bbox 2370 1633 2504 1678; x_wconf 87' lang='lat' dir='ltr'><strong>metu</strong></span> <span class='ocrx_word' id='word_1_234' title='bbox 2537 1634 2583 1678; x_wconf 90' lang='lat' dir='ltr'><strong>et</strong></span> <span class='ocrx_word' id='word_1_235' title='bbox 2610 1635 2848 1690; x_wconf 84' lang='lat' dir='ltr'><strong>tremore,</strong></span> <span class='ocrx_word' id='word_1_236' title='bbox 2893 1627 3088 1696; x_wconf 88' lang='lat' dir='ltr'><strong>inquit,</strong></span> <span class='ocrx_word' id='word_1_237' title='bbox 3120 1637 3336 1682; x_wconf 78' lang='lat' dir='ltr'><strong>vestram</strong></span> <span class='ocrx_word' id='word_1_238' title='bbox 3361 1645 3448 1682; x_wconf 88' lang='lat' dir='ltr'><strong>sa-</strong></span> 
     </span>
    </p>
   </div>
   <div class='ocr_carea' id='block_1_32' title="bbox 1865 1715 3448 1789">
    <p class='ocr_par' dir='ltr' id='par_1_32' title="bbox 1865 1715 3448 1789">
     <span class='ocr_line' id='line_1_32' title="bbox 1865 1715 3448 1789; baseline 0.004 -20"><span class='ocrx_word' id='word_1_239' title='bbox 1865 1715 2020 1769; x_wconf 88' lang='lat' dir='ltr'><strong>lutem</strong></span> <span class='ocrx_word' id='word_1_240' title='bbox 2049 1717 2336 1787; x_wconf 85' lang='lat' dir='ltr'><strong>operamini</strong></span> <span class='ocrx_word' id='word_1_241' title='bbox 2366 1717 2532 1789; x_wconf 87' lang='lat' dir='ltr'><strong>(Phil.</strong></span> <span class='ocrx_word' id='word_1_242' title='bbox 2580 1715 2662 1786; x_wconf 87' lang='lat' dir='ltr'><strong>tt).</strong></span> <span class='ocrx_word' id='word_1_243' title='bbox 2695 1717 2797 1774; x_wconf 91' lang='lat' dir='ltr'><strong>Sed</strong></span> <span class='ocrx_word' id='word_1_244' title='bbox 2831 1726 2892 1773; x_wconf 88' lang='lat' dir='ltr'><strong>ut</strong></span> <span class='ocrx_word' id='word_1_245' title='bbox 2930 1720 3297 1774; x_wconf 87' lang='lat' dir='ltr'><strong>inﬁrmitatem</strong></span> <span class='ocrx_word' id='word_1_246' title='bbox 3328 1720 3448 1789; x_wconf 88' lang='lat' dir='ltr'><strong>ejus</strong></span> 
     </span>
    </p>
   </div>
   <div class='ocr_carea' id='block_1_33' title="bbox 171 1788 3442 1892">
    <p class='ocr_par' dir='ltr' id='par_1_33' title="bbox 171 1788 3442 1892">
     <span class='ocr_line' id='line_1_33' title="bbox 171 1788 3442 1892; baseline 0.007 -49"><span class='ocrx_word' id='word_1_247' title='bbox 171 1788 485 1892; x_wconf 79' lang='lat' dir='ltr'><strong>dicentibus</strong></span> <span class='ocrx_word' id='word_1_248' title='bbox 512 1791 708 1892; x_wconf 80' lang='lat' dir='ltr'><strong>nobis:</strong></span> <span class='ocrx_word' id='word_1_249' title='bbox 743 1792 914 1861; x_wconf 88' lang='lat' dir='ltr'><strong>Pone,</strong></span> <span class='ocrx_word' id='word_1_250' title='bbox 944 1796 1187 1864; x_wconf 88' lang='lat' dir='ltr'><strong>Domine,</strong></span> <span class='ocrx_word' id='word_1_251' title='bbox 1216 1800 1501 1855; x_wconf 86' lang='lat' dir='ltr'><strong>custodiam</strong></span> <span class='ocrx_word' id='word_1_252' title='bbox 1525 1804 1602 1855; x_wconf 88' lang='lat' dir='ltr'><strong>ori</strong></span> <span class='ocrx_word' id='word_1_253' title='bbox 1628 1820 1755 1866; x_wconf 90' lang='lat' dir='ltr'><strong>meo,</strong></span> <span class='ocrx_word' id='word_1_254' title='bbox 1788 1831 1836 1892; x_wconf 74' lang='grc' dir='ltr'>Β</span> <span class='ocrx_word' id='word_1_255' title='bbox 1864 1809 2142 1874; x_wconf 85' lang='lat' dir='ltr'><strong>ostendat,</strong></span> <span class='ocrx_word' id='word_1_256' title='bbox 2189 1788 2452 1878; x_wconf 86' lang='lat' dir='ltr'><strong>adjungit,</strong></span> <span class='ocrx_word' id='word_1_257' title='bbox 2495 1808 2701 1878; x_wconf 90' lang='lat' dir='ltr'><strong>dicens,</strong></span> <span class='ocrx_word' id='word_1_258' title='bbox 2748 1809 2886 1864; x_wconf 88' lang='lat' dir='ltr'><strong>Deus</strong></span> <span class='ocrx_word' id='word_1_259' title='bbox 2929 1821 3004 1864; x_wconf 85' lang='lat' dir='ltr'><strong>est</strong></span> <span class='ocrx_word' id='word_1_260' title='bbox 3049 1812 3202 1876; x_wconf 88' lang='lat' dir='ltr'><strong>enim,</strong></span> <span class='ocrx_word' id='word_1_261' title='bbox 3248 1788 3442 1880; x_wconf 89' lang='lat' dir='ltr'><strong>inquit,</strong></span> 
     </span>
    </p>
   </div>
   <div class='ocr_carea' id='block_1_34' title="bbox 172 1884 1760 1965">
    <p class='ocr_par' dir='ltr' id='par_1_34' title="bbox 172 1884 1760 1965">
     <span class='ocr_line' id='line_1_34' title="bbox 172 1884 1760 1965; baseline 0.011 -30"><span class='ocrx_word' id='word_1_262' title='bbox 172 1890 228 1936; x_wconf 83' lang='lat' dir='ltr'><strong>et</strong></span> <span class='ocrx_word' id='word_1_263' title='bbox 254 1884 443 1937; x_wconf 87' lang='lat' dir='ltr'><strong>ostium</strong></span> <span class='ocrx_word' id='word_1_264' title='bbox 473 1885 872 1944; x_wconf 64' lang='lat' dir='ltr'><strong>circumstantia</strong></span> <span class='ocrx_word' id='word_1_265' title='bbox 894 1890 1040 1944; x_wconf 82' lang='lat' dir='ltr'><strong>labiis</strong></span> <span class='ocrx_word' id='word_1_266' title='bbox 1060 1893 1185 1947; x_wconf 87' lang='lat' dir='ltr'><strong>meis</strong></span> <span class='ocrx_word' id='word_1_267' title='bbox 1210 1892 1382 1964; x_wconf 88' lang='lat' dir='ltr'><strong>(Psal.</strong></span> <span class='ocrx_word' id='word_1_268' title='bbox 1417 1896 1563 1965; x_wconf 73' lang='lat' dir='ltr'><strong>cn).</strong></span> <span class='ocrx_word' id='word_1_269' title='bbox 1596 1897 1760 1953; x_wconf 82' lang='lat' dir='ltr'><strong>Arbi-</strong></span> 
     </span>
    </p>
   </div>
   <div class='ocr_carea' id='block_1_35' title="bbox 170 1977 1756 2058">
    <p class='ocr_par' dir='ltr' id='par_1_35' title="bbox 170 1977 1756 2058">
     <span class='ocr_line' id='line_1_35' title="bbox 170 1977 1756 2058; baseline 0.012 -29"><span class='ocrx_word' id='word_1_270' title='bbox 170 1977 271 2031; x_wconf 87' lang='lat' dir='ltr'><strong>trii</strong></span> <span class='ocrx_word' id='word_1_271' title='bbox 301 1978 474 2032; x_wconf 90' lang='lat' dir='ltr'><strong>nostri</strong></span> <span class='ocrx_word' id='word_1_272' title='bbox 502 1978 734 2036; x_wconf 79' lang='lat' dir='ltr'><strong>facultas</strong></span> <span class='ocrx_word' id='word_1_273' title='bbox 760 1997 790 2036; x_wconf 91' lang='lat' dir='ltr'><strong>a</strong></span> <span class='ocrx_word' id='word_1_274' title='bbox 814 1983 1043 2039; x_wconf 90' lang='lat' dir='ltr'><strong>Domino</strong></span> <span class='ocrx_word' id='word_1_275' title='bbox 1071 1985 1378 2042; x_wconf 89' lang='lat' dir='ltr'><strong>declaratur</strong></span> <span class='ocrx_word' id='word_1_276' title='bbox 1398 2004 1517 2044; x_wconf 92' lang='lat' dir='ltr'><strong>cum</strong></span> <span class='ocrx_word' id='word_1_277' title='bbox 1541 1991 1756 2058; x_wconf 89' lang='lat' dir='ltr'><strong>dicitur,</strong></span> 
     </span>
    </p>
   </div>
   <div class='ocr_carea' id='block_1_36' title="bbox 174 2069 1756 2155">
    <p class='ocr_par' dir='ltr' id='par_1_36' title="bbox 174 2069 1756 2155">
     <span class='ocr_line' id='line_1_36' title="bbox 174 2069 1756 2155; baseline 0.008 -29"><span class='ocrx_word' id='word_1_278' title='bbox 174 2069 337 2126; x_wconf 81' lang='lat' dir='ltr'><strong>Solve</strong></span> <span class='ocrx_word' id='word_1_279' title='bbox 361 2070 571 2124; x_wconf 83' lang='lat' dir='ltr'><strong>uincula</strong></span> <span class='ocrx_word' id='word_1_280' title='bbox 609 2074 730 2128; x_wconf 91' lang='lat' dir='ltr'><strong>colli</strong></span> <span class='ocrx_word' id='word_1_281' title='bbox 761 2076 870 2141; x_wconf 88' lang='lat' dir='ltr'><strong>tui,</strong></span> <span class='ocrx_word' id='word_1_282' title='bbox 904 2079 1103 2146; x_wconf 86' lang='lat' dir='ltr'><strong>captiua</strong></span> <span class='ocrx_word' id='word_1_283' title='bbox 1132 2079 1244 2147; x_wconf 90' lang='lat' dir='ltr'><strong>ﬁlia</strong></span> <span class='ocrx_word' id='word_1_284' title='bbox 1274 2079 1400 2135; x_wconf 89' lang='lat' dir='ltr'><strong>Sion</strong></span> <span class='ocrx_word' id='word_1_285' title='bbox 1438 2081 1621 2152; x_wconf 74' lang='lat' dir='ltr'><strong>(Isaia:</strong></span> <span class='ocrx_word' id='word_1_286' title='bbox 1641 2085 1756 2155; x_wconf 83' lang='lat' dir='ltr'><strong>LII).</strong></span> 
     </span>
    </p>
   </div>
   <div class='ocr_carea' id='block_1_37' title="bbox 170 2162 1756 2251">
    <p class='ocr_par' dir='ltr' id='par_1_37' title="bbox 170 2162 1756 2251">
     <span class='ocr_line' id='line_1_37' title="bbox 170 2162 1756 2251; baseline 0.009 -32"><span class='ocrx_word' id='word_1_287' title='bbox 170 2162 554 2234; x_wconf 81' lang='lat' dir='ltr'><strong>Fragilitatem</strong></span> <span class='ocrx_word' id='word_1_288' title='bbox 585 2167 704 2236; x_wconf 90' lang='lat' dir='ltr'><strong>ejus</strong></span> <span class='ocrx_word' id='word_1_289' title='bbox 727 2169 988 2239; x_wconf 86' lang='lat' dir='ltr'><strong>propheta</strong></span> <span class='ocrx_word' id='word_1_290' title='bbox 1018 2171 1266 2227; x_wconf 86' lang='lat' dir='ltr'><strong>decantat</strong></span> <span class='ocrx_word' id='word_1_291' title='bbox 1303 2175 1321 2247; x_wconf 81' lang='lat'>[</span> <span class='ocrx_word' id='word_1_292' title='bbox 1326 2175 1471 2247; x_wconf 84' lang='lat' dir='ltr'><strong>Lips.</strong></span> <span class='ocrx_word' id='word_1_293' title='bbox 1509 2178 1562 2230; x_wconf 87' lang='lat' dir='ltr'><strong>in</strong></span> <span class='ocrx_word' id='word_1_294' title='bbox 1591 2195 1756 2251; x_wconf 87' lang='lat' dir='ltr'><strong>marg.</strong></span> 
     </span>
    </p>
   </div>
   <div class='ocr_carea' id='block_1_38' title="bbox 170 2257 1757 2340">
    <p class='ocr_par' dir='ltr' id='par_1_38' title="bbox 170 2257 1757 2340">
     <span class='ocr_line' id='line_1_38' title="bbox 170 2257 1757 2340; baseline 0.009 -28"><span class='ocrx_word' id='word_1_295' title='bbox 170 2257 516 2331; x_wconf 86' lang='lat' dir='ltr'><strong>denuntiat],</strong></span> <span class='ocrx_word' id='word_1_296' title='bbox 541 2261 726 2317; x_wconf 90' lang='lat' dir='ltr'><strong>dicens</strong></span> <span class='ocrx_word' id='word_1_297' title='bbox 754 2281 766 2317; x_wconf 94' lang='lat'><strong>:</strong></span> <span class='ocrx_word' id='word_1_298' title='bbox 797 2263 1050 2320; x_wconf 87' lang='lat' dir='ltr'><strong>Dominus</strong></span> <span class='ocrx_word' id='word_1_299' title='bbox 1075 2266 1222 2321; x_wconf 86' lang='lat' dir='ltr'><strong>solvit</strong></span> <span class='ocrx_word' id='word_1_300' title='bbox 1244 2271 1559 2340; x_wconf 85' lang='lat' dir='ltr'><strong>compeditos</strong></span> <span class='ocrx_word' id='word_1_301' title='bbox 1582 2270 1757 2337; x_wconf 86' lang='lat' dir='ltr'><strong>(Psal.</strong></span> 
     </span>
    </p>
   </div>
   <div class='ocr_carea' id='block_1_39' title="bbox 168 2349 1757 2430">
    <p class='ocr_par' dir='ltr' id='par_1_39' title="bbox 168 2349 1757 2430">
     <span class='ocr_line' id='line_1_39' title="bbox 168 2349 1757 2430; baseline 0.01 -28"><span class='ocrx_word' id='word_1_302' title='bbox 168 2349 359 2421; x_wconf 68' lang='lat' dir='ltr'><strong>CXLV).</strong></span> <span class='ocrx_word' id='word_1_303' title='bbox 390 2350 478 2418; x_wconf 87' lang='lat' dir='ltr'><strong>Et,</strong></span> <span class='ocrx_word' id='word_1_304' title='bbox 514 2352 766 2424; x_wconf 85' lang='lat' dir='ltr'><strong>Dirupisti</strong></span> <span class='ocrx_word' id='word_1_305' title='bbox 793 2355 998 2410; x_wconf 87' lang='lat' dir='ltr'><strong>vincula</strong></span> <span class='ocrx_word' id='word_1_306' title='bbox 1026 2373 1170 2424; x_wconf 89' lang='lat' dir='ltr'><strong>mea,</strong></span> <span class='ocrx_word' id='word_1_307' title='bbox 1204 2361 1295 2413; x_wconf 89' lang='lat' dir='ltr'><strong>tibi</strong></span> <span class='ocrx_word' id='word_1_308' title='bbox 1325 2363 1631 2430; x_wconf 84' lang='lat' dir='ltr'><strong>sacriﬁcabo</strong></span> <span class='ocrx_word' id='word_1_309' title='bbox 1663 2364 1757 2418; x_wconf 90' lang='lat' dir='ltr'><strong>ho-</strong></span> 
     </span>
    </p>
   </div>
   <div class='ocr_carea' id='block_1_40' title="bbox 169 2442 1761 2525">
    <p class='ocr_par' dir='ltr' id='par_1_40' title="bbox 169 2442 1761 2525">
     <span class='ocr_line' id='line_1_40' title="bbox 169 2442 1761 2525; baseline 0.011 -32"><span class='ocrx_word' id='word_1_310' title='bbox 169 2442 330 2495; x_wconf 84' lang='lat' dir='ltr'><strong>stiam</strong></span> <span class='ocrx_word' id='word_1_311' title='bbox 376 2443 546 2497; x_wconf 88' lang='lat' dir='ltr'><strong>laudis</strong></span> <span class='ocrx_word' id='word_1_312' title='bbox 590 2443 763 2516; x_wconf 87' lang='lat' dir='ltr'><strong>(Psal.</strong></span> <span class='ocrx_word' id='word_1_313' title='bbox 793 2447 939 2518; x_wconf 80' lang='lat' dir='ltr'><strong>cxv).</strong></span> <span class='ocrx_word' id='word_1_314' title='bbox 989 2448 1309 2505; x_wconf 86' lang='lat' dir='ltr'><strong>Audivimus</strong></span> <span class='ocrx_word' id='word_1_315' title='bbox 1359 2452 1413 2508; x_wconf 92' lang='lat' dir='ltr'><strong>in</strong></span> <span class='ocrx_word' id='word_1_316' title='bbox 1469 2455 1761 2525; x_wconf 78' lang='lat' dir='ltr'><strong>Evangelio</strong></span> 
     </span>
    </p>
   </div>
   <div class='ocr_carea' id='block_1_41' title="bbox 171 2531 1762 2618">
    <p class='ocr_par' dir='ltr' id='par_1_41' title="bbox 171 2531 1762 2618">
     <span class='ocr_line' id='line_1_41' title="bbox 171 2531 1762 2618; baseline 0.011 -32"><span class='ocrx_word' id='word_1_317' title='bbox 171 2531 464 2588; x_wconf 89' lang='lat' dir='ltr'><strong>Dominum</strong></span> <span class='ocrx_word' id='word_1_318' title='bbox 494 2548 887 2593; x_wconf 89' lang='lat' dir='ltr'><strong>convocautem</strong></span> <span class='ocrx_word' id='word_1_319' title='bbox 923 2549 980 2594; x_wconf 88' lang='lat' dir='ltr'><strong>ut</strong></span> <span class='ocrx_word' id='word_1_320' title='bbox 1021 2541 1085 2595; x_wconf 89' lang='lat' dir='ltr'><strong>ad</strong></span> <span class='ocrx_word' id='word_1_321' title='bbox 1118 2559 1238 2596; x_wconf 83' lang='lat' dir='ltr'><strong>eum</strong></span> <span class='ocrx_word' id='word_1_322' title='bbox 1271 2559 1625 2613; x_wconf 82' lang='lat' dir='ltr'><strong>properemus</strong></span> <span class='ocrx_word' id='word_1_323' title='bbox 1666 2564 1762 2618; x_wconf 90' lang='lat' dir='ltr'><strong>per</strong></span> 
     </span>
    </p>
   </div>
   <div class='ocr_carea' id='block_1_42' title="bbox 172 2624 1762 2708">
    <p class='ocr_par' dir='ltr' id='par_1_42' title="bbox 172 2624 1762 2708">
     <span class='ocr_line' id='line_1_42' title="bbox 172 2624 1762 2708; baseline 0.011 -29"><span class='ocrx_word' id='word_1_324' title='bbox 172 2624 402 2681; x_wconf 89' lang='lat' dir='ltr'><strong>liberum</strong></span> <span class='ocrx_word' id='word_1_325' title='bbox 429 2627 713 2684; x_wconf 88' lang='lat' dir='ltr'><strong>arbitrium</strong></span> <span class='ocrx_word' id='word_1_326' title='bbox 750 2649 762 2684; x_wconf 91' lang='lat'><strong>:</strong></span> <span class='ocrx_word' id='word_1_327' title='bbox 804 2630 983 2686; x_wconf 86' lang='lat' dir='ltr'><strong>Venite</strong></span> <span class='ocrx_word' id='word_1_328' title='bbox 1013 2634 1080 2687; x_wconf 91' lang='lat' dir='ltr'><strong>ad</strong></span> <span class='ocrx_word' id='word_1_329' title='bbox 1105 2651 1202 2704; x_wconf 90' lang='lat' dir='ltr'><strong>me,</strong></span> <span class='ocrx_word' id='word_1_330' title='bbox 1237 2653 1408 2692; x_wconf 88' lang='lat' dir='ltr'><strong>omnes</strong></span> <span class='ocrx_word' id='word_1_331' title='bbox 1437 2640 1526 2708; x_wconf 89' lang='lat' dir='ltr'><strong>qui</strong></span> <span class='ocrx_word' id='word_1_332' title='bbox 1555 2639 1762 2695; x_wconf 88' lang='lat' dir='ltr'><strong>labora-</strong></span> 
     </span>
    </p>
   </div>
   <div class='ocr_carea' id='block_1_43' title="bbox 174 2719 1758 2800">
    <p class='ocr_par' dir='ltr' id='par_1_43' title="bbox 174 2719 1758 2800">
     <span class='ocr_line' id='line_1_43' title="bbox 174 2719 1758 2800; baseline 0.008 -26"><span class='ocrx_word' id='word_1_333' title='bbox 174 2719 240 2774; x_wconf 89' lang='lat' dir='ltr'><strong>tis</strong></span> <span class='ocrx_word' id='word_1_334' title='bbox 265 2727 312 2774; x_wconf 91' lang='lat' dir='ltr'><strong>et</strong></span> <span class='ocrx_word' id='word_1_335' title='bbox 336 2721 530 2775; x_wconf 86' lang='lat' dir='ltr'><strong>onerati</strong></span> <span class='ocrx_word' id='word_1_336' title='bbox 549 2722 691 2792; x_wconf 87' lang='lat' dir='ltr'><strong>estis,</strong></span> <span class='ocrx_word' id='word_1_337' title='bbox 725 2733 771 2778; x_wconf 88' lang='lat' dir='ltr'><strong>et</strong></span> <span class='ocrx_word' id='word_1_338' title='bbox 793 2740 885 2794; x_wconf 86' lang='lat' dir='ltr'><strong>ego</strong></span> <span class='ocrx_word' id='word_1_339' title='bbox 909 2724 1140 2794; x_wconf 87' lang='lat' dir='ltr'><strong>reﬁciam</strong></span> <span class='ocrx_word' id='word_1_340' title='bbox 1167 2743 1254 2782; x_wconf 86' lang='lat' dir='ltr'><strong>vos</strong></span> <span class='ocrx_word' id='word_1_341' title='bbox 1283 2728 1498 2795; x_wconf 82' lang='lat' dir='ltr'><strong>(Matth.</strong></span> <span class='ocrx_word' id='word_1_342' title='bbox 1524 2731 1623 2800; x_wconf 69' lang='grc' dir='ltr'>ιι).</span> <span class='ocrx_word' id='word_1_343' title='bbox 1651 2730 1758 2786; x_wconf 87' lang='lat' dir='ltr'><strong>Sed</strong></span> 
     </span>
    </p>
   </div>
   <div class='ocr_carea' id='block_1_44' title="bbox 1863 1902 3463 1976">
    <p class='ocr_par' dir='ltr' id='par_1_44' title="bbox 1863 1902 3463 1976">
     <span class='ocr_line' id='line_1_44' title="bbox 1863 1902 3463 1976; baseline 0.003 -21"><span class='ocrx_word' id='word_1_344' title='bbox 1863 1905 1952 1973; x_wconf 91' lang='lat' dir='ltr'><strong>qui</strong></span> <span class='ocrx_word' id='word_1_345' title='bbox 1982 1913 2220 1974; x_wconf 85' lang='lat' dir='ltr'><strong>aperatur</strong></span> <span class='ocrx_word' id='word_1_346' title='bbox 2266 1903 2319 1956; x_wconf 87' lang='lat' dir='ltr'><strong>in</strong></span> <span class='ocrx_word' id='word_1_347' title='bbox 2350 1903 2508 1969; x_wconf 85' lang='lat' dir='ltr'><strong>vobis,</strong></span> <span class='ocrx_word' id='word_1_348' title='bbox 2541 1911 2588 1956; x_wconf 89' lang='lat' dir='ltr'><strong>et</strong></span> <span class='ocrx_word' id='word_1_349' title='bbox 2629 1902 2756 1957; x_wconf 84' lang='lat' dir='ltr'><strong>uelle</strong></span> <span class='ocrx_word' id='word_1_350' title='bbox 2796 1912 2841 1956; x_wconf 90' lang='lat' dir='ltr'><strong>et</strong></span> <span class='ocrx_word' id='word_1_351' title='bbox 2894 1904 3137 1976; x_wconf 84' lang='lat' dir='ltr'><strong>perﬁcere</strong></span> <span class='ocrx_word' id='word_1_352' title='bbox 3181 1921 3272 1976; x_wconf 87' lang='lat' dir='ltr'><strong>pro</strong></span> <span class='ocrx_word' id='word_1_353' title='bbox 3314 1903 3463 1960; x_wconf 89' lang='lat' dir='ltr'><strong>bona-</strong></span> 
     </span>
    </p>
   </div>
   <div class='ocr_carea' id='block_1_45' title="bbox 1849 1993 2359 2065">
    <p class='ocr_par' dir='ltr' id='par_1_45' title="bbox 1849 1993 2359 2065">
     <span class='ocr_line' id='line_1_45' title="bbox 1849 1993 2359 2065; baseline -0.002 -16"><span class='ocrx_word' id='word_1_354' title='bbox 1849 1995 2120 2054; x_wconf 63' lang='lat' dir='ltr'><strong>.voluntate</strong></span> <span class='ocrx_word' id='word_1_355' title='bbox 2149 1993 2292 2065; x_wconf 84' lang='lat' dir='ltr'><strong>(Ibid</strong></span> <span class='ocrx_word' id='word_1_356' title='bbox 2300 1994 2359 2064; x_wconf 86' lang='lat'><strong>.).</strong></span> 
     </span>
    </p>
   </div>
   <div class='ocr_carea' id='block_1_46' title="bbox 2480 2107 2832 2166">
    <p class='ocr_par' dir='ltr' id='par_1_46' title="bbox 2480 2107 2832 2166">
     <span class='ocr_line' id='line_1_46' title="bbox 2480 2107 2832 2166; baseline 0 -3"><span class='ocrx_word' id='word_1_357' title='bbox 2480 2107 2709 2166; x_wconf 81' lang='lat' dir='ltr'><strong>CAPUT</strong></span> <span class='ocrx_word' id='word_1_358' title='bbox 2742 2109 2832 2164; x_wconf 77' lang='lat' dir='ltr'><strong>XI.</strong></span> 
     </span>
    </p>
   </div>
   <div class='ocr_carea' id='block_1_47' title="bbox 1941 2245 3374 2317">
    <p class='ocr_par' dir='ltr' id='par_1_47' title="bbox 1941 2245 3374 2317">
     <span class='ocr_line' id='line_1_47' title="bbox 1941 2245 3374 2317; baseline 0.001 -16"><span class='ocrx_word' id='word_1_359' title='bbox 1941 2246 2125 2302; x_wconf 85' lang='lat' dir='ltr'><strong>Utrum</strong></span> <span class='ocrx_word' id='word_1_360' title='bbox 2154 2246 2341 2300; x_wconf 89' lang='lat' dir='ltr'><strong>bonam</strong></span> <span class='ocrx_word' id='word_1_361' title='bbox 2374 2245 2689 2317; x_wconf 85' lang='lat' dir='ltr'><strong>voluntatem</strong></span> <span class='ocrx_word' id='word_1_362' title='bbox 2724 2256 2948 2301; x_wconf 86' lang='lat' dir='ltr'><strong>nostram</strong></span> <span class='ocrx_word' id='word_1_363' title='bbox 2981 2257 3226 2317; x_wconf 86' lang='lat' dir='ltr'><strong>sequatur</strong></span> <span class='ocrx_word' id='word_1_364' title='bbox 3247 2290 3261 2315; x_wconf 91' lang='lat'><strong>,</strong></span> <span class='ocrx_word' id='word_1_365' title='bbox 3307 2266 3374 2302; x_wconf 88' lang='lat' dir='ltr'><strong>an</strong></span> 
     </span>
    </p>
   </div>
   <div class='ocr_carea' id='block_1_48' title="bbox 2365 2316 2948 2387">
    <p class='ocr_par' dir='ltr' id='par_1_48' title="bbox 2365 2316 2948 2387">
     <span class='ocr_line' id='line_1_48' title="bbox 2365 2316 2948 2387; baseline 0.005 -18"><span class='ocrx_word' id='word_1_366' title='bbox 2365 2316 2620 2386; x_wconf 72' lang='lat' dir='ltr'><strong>praecedat</strong></span> <span class='ocrx_word' id='word_1_367' title='bbox 2641 2319 2811 2387; x_wconf 85' lang='lat' dir='ltr'><strong>gratia</strong></span> <span class='ocrx_word' id='word_1_368' title='bbox 2833 2317 2948 2372; x_wconf 91' lang='lat' dir='ltr'><strong>Dei.</strong></span> 
     </span>
    </p>
   </div>
   <div class='ocr_carea' id='block_1_49' title="bbox 1935 2450 3440 2522">
    <p class='ocr_par' dir='ltr' id='par_1_49' title="bbox 1935 2450 3440 2522">
     <span class='ocr_line' id='line_1_49' title="bbox 1935 2450 3440 2522; baseline -0.001 -14"><span class='ocrx_word' id='word_1_369' title='bbox 1935 2453 2004 2508; x_wconf 85' lang='lat' dir='ltr'><strong>Et</strong></span> <span class='ocrx_word' id='word_1_370' title='bbox 2036 2453 2108 2507; x_wconf 87' lang='lat' dir='ltr'><strong>ita</strong></span> <span class='ocrx_word' id='word_1_371' title='bbox 2135 2459 2260 2507; x_wconf 89' lang='lat' dir='ltr'><strong>sunt</strong></span> <span class='ocrx_word' id='word_1_372' title='bbox 2286 2452 2403 2508; x_wconf 64' lang='lat' dir='ltr'><strong>haec</strong></span> <span class='ocrx_word' id='word_1_373' title='bbox 2425 2451 2822 2522; x_wconf 89' lang='lat' dir='ltr'><strong>quodammodo</strong></span> <span class='ocrx_word' id='word_1_374' title='bbox 2865 2450 3154 2506; x_wconf 91' lang='lat' dir='ltr'><strong>indiscrete</strong></span> <span class='ocrx_word' id='word_1_375' title='bbox 3179 2450 3440 2520; x_wconf 79' lang='lat' dir='ltr'><strong>permixta</strong></span> 
     </span>
    </p>
   </div>
   <div class='ocr_carea' id='block_1_50' title="bbox 1861 2545 3442 2617">
    <p class='ocr_par' dir='ltr' id='par_1_50' title="bbox 1861 2545 3442 2617">
     <span class='ocr_line' id='line_1_50' title="bbox 1861 2545 3442 2617; baseline -0.001 -15"><span class='ocrx_word' id='word_1_376' title='bbox 1861 2556 2023 2617; x_wconf 89' lang='lat' dir='ltr'><strong>atque</strong></span> <span class='ocrx_word' id='word_1_377' title='bbox 2043 2546 2290 2609; x_wconf 83' lang='lat' dir='ltr'><strong>confusa,</strong></span> <span class='ocrx_word' id='word_1_378' title='bbox 2314 2555 2340 2582; x_wconf 71' lang='grc' dir='ltr'>ει</span> <span class='ocrx_word' id='word_1_379' title='bbox 2361 2557 2420 2601; x_wconf 85' lang='grc' dir='ltr'><strong>ιιι</strong></span> <span class='ocrx_word' id='word_1_380' title='bbox 2448 2545 2574 2615; x_wconf 90' lang='lat' dir='ltr'><strong>quid</strong></span> <span class='ocrx_word' id='word_1_381' title='bbox 2601 2561 2666 2601; x_wconf 77' lang='lat' dir='ltr'><strong>ex</strong></span> <span class='ocrx_word' id='word_1_382' title='bbox 2691 2561 2797 2615; x_wconf 93' lang='lat' dir='ltr'><strong>quo</strong></span> <span class='ocrx_word' id='word_1_383' title='bbox 2819 2545 3050 2615; x_wconf 88' lang='lat' dir='ltr'><strong>pendeat</strong></span> <span class='ocrx_word' id='word_1_384' title='bbox 3080 2545 3221 2600; x_wconf 90' lang='lat' dir='ltr'><strong>inter</strong></span> <span class='ocrx_word' id='word_1_385' title='bbox 3242 2545 3442 2601; x_wconf 90' lang='lat' dir='ltr'><strong>multos</strong></span> 
     </span>
    </p>
   </div>
   <div class='ocr_carea' id='block_1_51' title="bbox 1863 2635 3443 2708">
    <p class='ocr_par' dir='ltr' id='par_1_51' title="bbox 1863 2635 3443 2708">
     <span class='ocr_line' id='line_1_51' title="bbox 1863 2635 3443 2708; baseline -0.001 -15"><span class='ocrx_word' id='word_1_386' title='bbox 1863 2653 2054 2708; x_wconf 88' lang='lat' dir='ltr'><strong>magna</strong></span> <span class='ocrx_word' id='word_1_387' title='bbox 2073 2639 2371 2707; x_wconf 60' lang='lat' dir='ltr'><strong>quaestione</strong></span> <span class='ocrx_word' id='word_1_388' title='bbox 2388 2637 2650 2702; x_wconf 84' lang='lat' dir='ltr'><strong>volvatur,</strong></span> <span class='ocrx_word' id='word_1_389' title='bbox 2680 2637 2731 2690; x_wconf 91' lang='lat' dir='ltr'><strong>id</strong></span> <span class='ocrx_word' id='word_1_390' title='bbox 2751 2646 2856 2700; x_wconf 88' lang='lat' dir='ltr'><strong>est,</strong></span> <span class='ocrx_word' id='word_1_391' title='bbox 2881 2646 3057 2691; x_wconf 90' lang='lat' dir='ltr'><strong>utrum</strong></span> <span class='ocrx_word' id='word_1_392' title='bbox 3083 2635 3208 2705; x_wconf 87' lang='lat' dir='ltr'><strong>quia</strong></span> <span class='ocrx_word' id='word_1_393' title='bbox 3233 2635 3443 2691; x_wconf 89' lang='lat' dir='ltr'><strong>initium</strong></span> 
     </span>
    </p>
   </div>
   <div class='ocr_carea' id='block_1_52' title="bbox 1862 2730 3446 2801">
    <p class='ocr_par' dir='ltr' id='par_1_52' title="bbox 1862 2730 3446 2801">
     <span class='ocr_line' id='line_1_52' title="bbox 1862 2730 3446 2801; baseline 0.001 -18"><span class='ocrx_word' id='word_1_394' title='bbox 1862 2730 2019 2784; x_wconf 82' lang='lat' dir='ltr'><strong>bonae</strong></span> <span class='ocrx_word' id='word_1_395' title='bbox 2069 2731 2364 2786; x_wconf 85' lang='lat' dir='ltr'><strong>voluntatis</strong></span> <span class='ocrx_word' id='word_1_396' title='bbox 2411 2731 2848 2801; x_wconf 63' lang='lat' dir='ltr'><strong>praebuerimus,</strong></span> <span class='ocrx_word' id='word_1_397' title='bbox 2903 2731 3223 2786; x_wconf 86' lang='lat' dir='ltr'><strong>misereatur</strong></span> <span class='ocrx_word' id='word_1_398' title='bbox 3273 2731 3446 2786; x_wconf 86' lang='lat' dir='ltr'><strong>nostri</strong></span> 
     </span>
    </p>
   </div>
   <div class='ocr_carea' id='block_1_53' title="bbox 1244 2819 2372 2878">
    <p class='ocr_par' dir='ltr' id='par_1_53' title="bbox 1244 2819 2372 2878">
     <span class='ocr_line' id='line_1_53' title="bbox 1244 2819 2372 2878; baseline 0.004 -6"><span class='ocrx_word' id='word_1_399' title='bbox 1244 2819 1500 2874; x_wconf 83' lang='lat' dir='ltr'><strong>ALARDI</strong></span> <span class='ocrx_word' id='word_1_400' title='bbox 1542 2821 1770 2876; x_wconf 62' lang='lat' dir='ltr'><strong>GAZIEI</strong></span> <span class='ocrx_word' id='word_1_401' title='bbox 1809 2821 2372 2878; x_wconf 80' lang='lat' dir='ltr'><strong>COMMENTARIUS.</strong></span> 
     </span>
    </p>
   </div>
   <div class='ocr_carea' id='block_1_54' title="bbox 175 2903 1759 2980">
    <p class='ocr_par' dir='ltr' id='par_1_54' title="bbox 175 2903 1759 2980">
     <span class='ocr_line' id='line_1_54' title="bbox 175 2903 1759 2980; baseline 0.006 -22"><span class='ocrx_word' id='word_1_402' title='bbox 175 2903 337 2980; x_wconf 72' lang='lat' dir='ltr'><strong>gelis,</strong></span> <span class='ocrx_word' id='word_1_403' title='bbox 372 2920 470 2980; x_wconf 81' lang='lat' dir='ltr'><strong>nec</strong></span> <span class='ocrx_word' id='word_1_404' title='bbox 503 2906 812 2980; x_wconf 86' lang='lat' dir='ltr'><strong>hominibus</strong></span> <span class='ocrx_word' id='word_1_405' title='bbox 857 2908 1069 2974; x_wconf 90' lang='lat' dir='ltr'><strong>beatis;</strong></span> <span class='ocrx_word' id='word_1_406' title='bbox 1105 2910 1245 2964; x_wconf 90' lang='lat' dir='ltr'><strong>sicut</strong></span> <span class='ocrx_word' id='word_1_407' title='bbox 1290 2925 1321 2964; x_wconf 94' lang='lat' dir='ltr'><strong>e</strong></span> <span class='ocrx_word' id='word_1_408' title='bbox 1360 2910 1574 2965; x_wconf 90' lang='lat' dir='ltr'><strong>diverso</strong></span> <span class='ocrx_word' id='word_1_409' title='bbox 1603 2926 1759 2980; x_wconf 88' lang='lat' dir='ltr'><strong>posse</strong></span> 
     </span>
    </p>
   </div>
   <div class='ocr_carea' id='block_1_55' title="bbox 175 2976 1760 3044">
    <p class='ocr_par' dir='ltr' id='par_1_55' title="bbox 175 2976 1760 3044">
     <span class='ocr_line' id='line_1_55' title="bbox 175 2976 1760 3044; baseline 0.004 -14"><span class='ocrx_word' id='word_1_410' title='bbox 175 2976 381 3044; x_wconf 78' lang='lat' dir='ltr'><strong>eligere</strong></span> <span class='ocrx_word' id='word_1_411' title='bbox 408 2977 608 3032; x_wconf 90' lang='lat' dir='ltr'><strong>bonum</strong></span> <span class='ocrx_word' id='word_1_412' title='bbox 653 2978 992 3034; x_wconf 82' lang='lat' dir='ltr'><strong>daemonibus</strong></span> <span class='ocrx_word' id='word_1_413' title='bbox 1019 2990 1074 3034; x_wconf 91' lang='lat' dir='ltr'><strong>et</strong></span> <span class='ocrx_word' id='word_1_414' title='bbox 1103 2980 1372 3034; x_wconf 88' lang='lat' dir='ltr'><strong>damnatis</strong></span> <span class='ocrx_word' id='word_1_415' title='bbox 1415 2997 1520 3034; x_wconf 91' lang='lat' dir='ltr'><strong>non</strong></span> <span class='ocrx_word' id='word_1_416' title='bbox 1565 2976 1760 3037; x_wconf 82' lang='lat' dir='ltr'><strong>conve-</strong></span> 
     </span>
    </p>
   </div>
   <div class='ocr_carea' id='block_1_56' title="bbox 173 3046 1759 3120">
    <p class='ocr_par' dir='ltr' id='par_1_56' title="bbox 173 3046 1759 3120">
     <span class='ocr_line' id='line_1_56' title="bbox 173 3046 1759 3120; baseline 0.003 -18"><span class='ocrx_word' id='word_1_417' title='bbox 173 3046 411 3120; x_wconf 31' lang='lat' dir='ltr'><strong>nit,‘qui</strong></span> <span class='ocrx_word' id='word_1_418' title='bbox 443 3056 616 3120; x_wconf 80' lang='lat' dir='ltr'><strong>tamen</strong></span> <span class='ocrx_word' id='word_1_419' title='bbox 649 3050 818 3104; x_wconf 90' lang='lat' dir='ltr'><strong>libero</strong></span> <span class='ocrx_word' id='word_1_420' title='bbox 851 3051 1058 3120; x_wconf 90' lang='lat' dir='ltr'><strong>pollent</strong></span> <span class='ocrx_word' id='word_1_421' title='bbox 1094 3051 1340 3104; x_wconf 87' lang='lat' dir='ltr'><strong>arbitrio.</strong></span> <span class='ocrx_word' id='word_1_422' title='bbox 1390 3051 1523 3105; x_wconf 88' lang='lat' dir='ltr'><strong>llinc</strong></span> <span class='ocrx_word' id='word_1_423' title='bbox 1554 3052 1613 3107; x_wconf 86' lang='grc' dir='ltr'><strong>υ.</strong></span> <span class='ocrx_word' id='word_1_424' title='bbox 1650 3055 1759 3106; x_wconf 77' lang='lat' dir='ltr'><strong>Au-</strong></span> 
     </span>
    </p>
   </div>
   <div class='ocr_carea' id='block_1_57' title="bbox 174 3115 1758 3189">
    <p class='ocr_par' dir='ltr' id='par_1_57' title="bbox 174 3115 1758 3189">
     <span class='ocr_line' id='line_1_57' title="bbox 174 3115 1758 3189; baseline 0.004 -18"><span class='ocrx_word' id='word_1_425' title='bbox 174 3115 427 3189; x_wconf 76' lang='lat' dir='ltr'><strong>gustinus</strong></span> <span class='ocrx_word' id='word_1_426' title='bbox 473 3120 490 3189; x_wconf 95' lang='lat'><strong>(</strong></span> <span class='ocrx_word' id='word_1_427' title='bbox 519 3118 634 3174; x_wconf 87' lang='lat' dir='ltr'><strong>Lib.</strong></span> <span class='ocrx_word' id='word_1_428' title='bbox 664 3137 772 3175; x_wconf 71' lang='grc' dir='ltr'>χχιι</span> <span class='ocrx_word' id='word_1_429' title='bbox 804 3115 868 3174; x_wconf 76' lang='lat' dir='ltr'><strong>de</strong></span> <span class='ocrx_word' id='word_1_430' title='bbox 890 3120 1040 3175; x_wconf 86' lang='lat' dir='ltr'><strong>Civit.</strong></span> <span class='ocrx_word' id='word_1_431' title='bbox 1073 3138 1119 3174; x_wconf 80' lang='grc' dir='ltr'><strong>ε.</strong></span> <span class='ocrx_word' id='word_1_432' title='bbox 1151 3120 1218 3175; x_wconf 79' lang='lat'><strong>50</strong></span> <span class='ocrx_word' id='word_1_433' title='bbox 1246 3123 1263 3183; x_wconf 91' lang='lat'><strong>)</strong></span> <span class='ocrx_word' id='word_1_434' title='bbox 1305 3122 1374 3176; x_wconf 90' lang='lat' dir='ltr'><strong>de</strong></span> <span class='ocrx_word' id='word_1_435' title='bbox 1410 3121 1509 3176; x_wconf 89' lang='lat' dir='ltr'><strong>hac</strong></span> <span class='ocrx_word' id='word_1_436' title='bbox 1549 3123 1758 3178; x_wconf 88' lang='lat' dir='ltr'><strong>arbitrii</strong></span> 
     </span>
    </p>
   </div>
   <div class='ocr_carea' id='block_1_58' title="bbox 174 3187 1760 3261">
    <p class='ocr_par' dir='ltr' id='par_1_58' title="bbox 174 3187 1760 3261">
     <span class='ocr_line' id='line_1_58' title="bbox 174 3187 1760 3261; baseline 0.004 -20"><span class='ocrx_word' id='word_1_437' title='bbox 174 3187 445 3261; x_wconf 75' lang='lat' dir='ltr'><strong>varietate</strong></span> <span class='ocrx_word' id='word_1_438' title='bbox 470 3187 567 3259; x_wconf 84' lang='lat' dir='ltr'><strong>pro</strong></span> <span class='ocrx_word' id='word_1_439' title='bbox 593 3191 910 3246; x_wconf 84' lang='lat' dir='ltr'><strong>diversitate</strong></span> <span class='ocrx_word' id='word_1_440' title='bbox 931 3200 1103 3246; x_wconf 82' lang='lat' dir='ltr'><strong>status</strong></span> <span class='ocrx_word' id='word_1_441' title='bbox 1125 3193 1389 3261; x_wconf 86' lang='lat' dir='ltr'><strong>cujusque</strong></span> <span class='ocrx_word' id='word_1_442' title='bbox 1411 3208 1609 3261; x_wconf 79' lang='lat' dir='ltr'><strong>agens:</strong></span> <span class='ocrx_word' id='word_1_443' title='bbox 1639 3193 1760 3247; x_wconf 84' lang='lat' dir='ltr'><strong>Non</strong></span> 
     </span>
    </p>
   </div>
   <div class='ocr_carea' id='block_1_59' title="bbox 175 3259 1761 3333">
    <p class='ocr_par' dir='ltr' id='par_1_59' title="bbox 175 3259 1761 3333">
     <span class='ocr_line' id='line_1_59' title="bbox 175 3259 1761 3333; baseline 0.004 -21"><span class='ocrx_word' id='word_1_444' title='bbox 175 3259 326 3324; x_wconf 73' lang='lat' dir='ltr'><strong>ideo,</strong></span> <span class='ocrx_word' id='word_1_445' title='bbox 363 3261 566 3331; x_wconf 84' lang='lat' dir='ltr'><strong>inquit,</strong></span> <span class='ocrx_word' id='word_1_446' title='bbox 599 3263 816 3316; x_wconf 88' lang='lat' dir='ltr'><strong>liberum</strong></span> <span class='ocrx_word' id='word_1_447' title='bbox 843 3262 1116 3316; x_wconf 88' lang='lat' dir='ltr'><strong>arbitrium</strong></span> <span class='ocrx_word' id='word_1_448' title='bbox 1157 3279 1281 3333; x_wconf 15' lang='lat' dir='ltr'><strong>non,</strong></span> <span class='ocrx_word' id='word_1_449' title='bbox 1303 3259 1557 3317; x_wconf 83' lang='lat' dir='ltr'><strong>habebunt</strong></span> <span class='ocrx_word' id='word_1_450' title='bbox 1583 3307 1597 3330; x_wconf 92' lang='lat'><strong>,</strong></span> <span class='ocrx_word' id='word_1_451' title='bbox 1642 3266 1761 3333; x_wconf 92' lang='lat' dir='ltr'><strong>quia</strong></span> 
     </span>
    </p>
   </div>
   <div class='ocr_carea' id='block_1_60' title="bbox 1862 2911 3445 2984">
    <p class='ocr_par' dir='ltr' id='par_1_60' title="bbox 1862 2911 3445 2984">
     <span class='ocr_line' id='line_1_60' title="bbox 1862 2911 3445 2984; baseline 0.003 -20"><span class='ocrx_word' id='word_1_452' title='bbox 1862 2914 2054 2964; x_wconf 87' lang='lat' dir='ltr'><strong>tionem</strong></span> <span class='ocrx_word' id='word_1_453' title='bbox 2093 2912 2238 2964; x_wconf 87' lang='lat' dir='ltr'><strong>illam</strong></span> <span class='ocrx_word' id='word_1_454' title='bbox 2281 2913 2570 2984; x_wconf 72' lang='lat' dir='ltr'><strong>recipiens,</strong></span> <span class='ocrx_word' id='word_1_455' title='bbox 2617 2913 2806 2983; x_wconf 87' lang='lat' dir='ltr'><strong>quippe</strong></span> <span class='ocrx_word' id='word_1_456' title='bbox 2835 2914 2924 2984; x_wconf 71' lang='lat' dir='ltr'><strong>qui</strong></span> <span class='ocrx_word' id='word_1_457' title='bbox 2951 2911 3097 2984; x_wconf 83' lang='lat' dir='ltr'><strong>illam</strong></span> <span class='ocrx_word' id='word_1_458' title='bbox 3137 2920 3185 2965; x_wconf 91' lang='lat' dir='ltr'><strong>et</strong></span> <span class='ocrx_word' id='word_1_459' title='bbox 3224 2911 3445 2984; x_wconf 84' lang='lat' dir='ltr'><strong>abjicere</strong></span> 
     </span>
    </p>
   </div>
   <div class='ocr_carea' id='block_1_61' title="bbox 1865 2981 3442 3053">
    <p class='ocr_par' dir='ltr' id='par_1_61' title="bbox 1865 2981 3442 3053">
     <span class='ocr_line' id='line_1_61' title="bbox 1865 2981 3442 3053; baseline 0.002 -19"><span class='ocrx_word' id='word_1_460' title='bbox 1865 2991 2064 3050; x_wconf 88' lang='lat' dir='ltr'><strong>potest,</strong></span> <span class='ocrx_word' id='word_1_461' title='bbox 2113 2997 2274 3049; x_wconf 86' lang='lat' dir='ltr'><strong>neque</strong></span> <span class='ocrx_word' id='word_1_462' title='bbox 2315 2992 2481 3036; x_wconf 89' lang='lat' dir='ltr'><strong>tamen</strong></span> <span class='ocrx_word' id='word_1_463' title='bbox 2528 2983 2638 3036; x_wconf 88' lang='lat' dir='ltr'><strong>sine</strong></span> <span class='ocrx_word' id='word_1_464' title='bbox 2679 2981 2852 3053; x_wconf 87' lang='lat' dir='ltr'><strong>gratia</strong></span> <span class='ocrx_word' id='word_1_465' title='bbox 2887 2981 2984 3035; x_wconf 88' lang='lat' dir='ltr'><strong>Dei</strong></span> <span class='ocrx_word' id='word_1_466' title='bbox 3029 2998 3230 3037; x_wconf 87' lang='lat' dir='ltr'><strong>movere</strong></span> <span class='ocrx_word' id='word_1_467' title='bbox 3276 2981 3329 3036; x_wconf 79' lang='lat' dir='ltr'><strong>se</strong></span> <span class='ocrx_word' id='word_1_468' title='bbox 3372 2985 3442 3037; x_wconf 86' lang='lat' dir='ltr'><strong>ad</strong></span> 
     </span>
    </p>
   </div>
   <div class='ocr_carea' id='block_1_62' title="bbox 1864 3053 3446 3122">
    <p class='ocr_par' dir='ltr' id='par_1_62' title="bbox 1864 3053 3446 3122">
     <span class='ocr_line' id='line_1_62' title="bbox 1864 3053 3446 3122; baseline 0.001 -16"><span class='ocrx_word' id='word_1_469' title='bbox 1864 3053 2115 3117; x_wconf 83' lang='lat' dir='ltr'><strong>iustitium</strong></span> <span class='ocrx_word' id='word_1_470' title='bbox 2147 3069 2317 3106; x_wconf 88' lang='lat' dir='ltr'><strong>coram</strong></span> <span class='ocrx_word' id='word_1_471' title='bbox 2363 3053 2455 3106; x_wconf 91' lang='lat' dir='ltr'><strong>illo</strong></span> <span class='ocrx_word' id='word_1_472' title='bbox 2496 3053 2656 3106; x_wconf 89' lang='lat' dir='ltr'><strong>libera</strong></span> <span class='ocrx_word' id='word_1_473' title='bbox 2700 3070 2795 3106; x_wconf 88' lang='lat' dir='ltr'><strong>sua</strong></span> <span class='ocrx_word' id='word_1_474' title='bbox 2841 3053 3104 3106; x_wconf 82' lang='lat' dir='ltr'><strong>uoluntate</strong></span> <span class='ocrx_word' id='word_1_475' title='bbox 3147 3053 3324 3122; x_wconf 87' lang='lat' dir='ltr'><strong>possit.</strong></span> <span class='ocrx_word' id='word_1_476' title='bbox 3379 3055 3446 3108; x_wconf 89' lang='lat' dir='ltr'><strong>Et</strong></span> 
     </span>
    </p>
   </div>
   <div class='ocr_carea' id='block_1_63' title="bbox 1864 3123 3442 3194">
    <p class='ocr_par' dir='ltr' id='par_1_63' title="bbox 1864 3123 3442 3194">
     <span class='ocr_line' id='line_1_63' title="bbox 1864 3123 3442 3194; baseline 0.001 -17"><span class='ocrx_word' id='word_1_477' title='bbox 1864 3139 2050 3177; x_wconf 87' lang='lat' dir='ltr'><strong>rursus</strong></span> <span class='ocrx_word' id='word_1_478' title='bbox 2091 3138 2296 3194; x_wconf 88' lang='lat' dir='ltr'><strong>canone</strong></span> <span class='ocrx_word' id='word_1_479' title='bbox 2325 3125 2356 3178; x_wconf 68' lang='grc'><strong>4</strong></span> <span class='ocrx_word' id='word_1_480' title='bbox 2389 3123 2675 3179; x_wconf 87' lang='lat' dir='ltr'><strong>anathema</strong></span> <span class='ocrx_word' id='word_1_481' title='bbox 2719 3125 2953 3188; x_wconf 88' lang='lat' dir='ltr'><strong>dicitur,</strong></span> <span class='ocrx_word' id='word_1_482' title='bbox 3001 3125 3046 3177; x_wconf 89' lang='lat' dir='ltr'><strong>si</strong></span> <span class='ocrx_word' id='word_1_483' title='bbox 3092 3125 3206 3194; x_wconf 84' lang='lat' dir='ltr'><strong>quis</strong></span> <span class='ocrx_word' id='word_1_484' title='bbox 3256 3125 3442 3179; x_wconf 74' lang='lat' dir='ltr'><strong>dixerit</strong></span> 
     </span>
    </p>
   </div>
   <div class='ocr_carea' id='block_1_64' title="bbox 1866 3193 3441 3249">
    <p class='ocr_par' dir='ltr' id='par_1_64' title="bbox 1866 3193 3441 3249">
     <span class='ocr_line' id='line_1_64' title="bbox 1866 3193 3441 3249; baseline 0.001 -2"><span class='ocrx_word' id='word_1_485' title='bbox 1866 3194 2080 3247; x_wconf 86' lang='lat' dir='ltr'><strong>liberum</strong></span> <span class='ocrx_word' id='word_1_486' title='bbox 2114 3193 2334 3249; x_wconf 89' lang='lat' dir='ltr'><strong>hominis</strong></span> <span class='ocrx_word' id='word_1_487' title='bbox 2365 3195 2634 3249; x_wconf 89' lang='lat' dir='ltr'><strong>arbitrium</strong></span> <span class='ocrx_word' id='word_1_488' title='bbox 2662 3211 2693 3248; x_wconf 92' lang='lat' dir='ltr'><strong>a</strong></span> <span class='ocrx_word' id='word_1_489' title='bbox 2725 3195 2830 3249; x_wconf 89' lang='lat' dir='ltr'><strong>Deo</strong></span> <span class='ocrx_word' id='word_1_490' title='bbox 2865 3203 3058 3248; x_wconf 90' lang='lat' dir='ltr'><strong>motum</strong></span> <span class='ocrx_word' id='word_1_491' title='bbox 3090 3193 3134 3248; x_wconf 87' lang='lat' dir='ltr'><strong>et</strong></span> <span class='ocrx_word' id='word_1_492' title='bbox 3164 3195 3441 3249; x_wconf 76' lang='lat' dir='ltr'><strong>excitatum</strong></span> 
     </span>
    </p>
   </div>
   <div class='ocr_carea' id='block_1_65' title="bbox 1865 3265 3443 3335">
    <p class='ocr_par' dir='ltr' id='par_1_65' title="bbox 1865 3265 3443 3335">
     <span class='ocr_line' id='line_1_65' title="bbox 1865 3265 3443 3335; baseline 0.001 -17"><span class='ocrx_word' id='word_1_493' title='bbox 1865 3265 1996 3318; x_wconf 88' lang='lat' dir='ltr'><strong>nihil</strong></span> <span class='ocrx_word' id='word_1_494' title='bbox 2016 3267 2278 3335; x_wconf 84' lang='lat' dir='ltr'><strong>cooperari</strong></span> <span class='ocrx_word' id='word_1_495' title='bbox 2299 3267 2626 3320; x_wconf 88' lang='lat' dir='ltr'><strong>assentiendo</strong></span> <span class='ocrx_word' id='word_1_496' title='bbox 2660 3267 2764 3321; x_wconf 92' lang='lat' dir='ltr'><strong>Deo</strong></span> <span class='ocrx_word' id='word_1_497' title='bbox 2792 3267 3038 3321; x_wconf 71' lang='lat' dir='ltr'><strong>excitanti</strong></span> <span class='ocrx_word' id='word_1_498' title='bbox 3064 3278 3214 3334; x_wconf 87' lang='lat' dir='ltr'><strong>atque</strong></span> <span class='ocrx_word' id='word_1_499' title='bbox 3241 3268 3443 3320; x_wconf 83' lang='lat' dir='ltr'><strong>uacanti</strong></span> 
     </span>
    </p>
   </div>
   <div class='ocr_carea' id='block_1_66' title="bbox 175 3319 3442 3410">
    <p class='ocr_par' dir='ltr' id='par_1_66' title="bbox 175 3319 3442 3410">
     <span class='ocr_line' id='line_1_66' title="bbox 175 3319 3442 3410; baseline 0.003 -29"><span class='ocrx_word' id='word_1_500' title='bbox 175 3319 392 3410; x_wconf 70' lang='lat' dir='ltr'><strong>peccata</strong></span> <span class='ocrx_word' id='word_1_501' title='bbox 419 3319 507 3410; x_wconf 72' lang='lat' dir='ltr'><strong>eos</strong></span> <span class='ocrx_word' id='word_1_502' title='bbox 525 3319 776 3410; x_wconf 77' lang='lat' dir='ltr'><strong>delectare</strong></span> <span class='ocrx_word' id='word_1_503' title='bbox 805 3349 909 3386; x_wconf 87' lang='lat' dir='ltr'><strong>non</strong></span> <span class='ocrx_word' id='word_1_504' title='bbox 935 3342 1194 3410; x_wconf 71' lang='lat' dir='ltr'><strong>poterunt.</strong></span> <span class='ocrx_word' id='word_1_505' title='bbox 1227 3332 1408 3410; x_wconf 82' lang='lat' dir='ltr'><strong>Magis</strong></span> <span class='ocrx_word' id='word_1_506' title='bbox 1435 3319 1622 3410; x_wconf 70' lang='lat' dir='ltr'><strong>quippe</strong></span> <span class='ocrx_word' id='word_1_507' title='bbox 1653 3319 1761 3390; x_wconf 54' lang='lat' dir='ltr'><strong>&#39;erit</strong></span> <span class='ocrx_word' id='word_1_508' title='bbox 1790 3319 1835 3383; x_wconf 73' lang='grc' dir='ltr'><strong>Ο</strong></span> <span class='ocrx_word' id='word_1_509' title='bbox 1865 3353 1963 3401; x_wconf 88' lang='lat' dir='ltr'><strong>quo</strong></span> <span class='ocrx_word' id='word_1_510' title='bbox 2002 3337 2070 3389; x_wconf 89' lang='lat' dir='ltr'><strong>ad</strong></span> <span class='ocrx_word' id='word_1_511' title='bbox 2097 3319 2427 3390; x_wconf 71' lang='lat' dir='ltr'><strong>tibtinendant</strong></span> <span class='ocrx_word' id='word_1_512' title='bbox 2460 3319 2847 3410; x_wconf 76' lang='lat' dir='ltr'><strong>justiﬁcationis</strong></span> <span class='ocrx_word' id='word_1_513' title='bbox 2883 3319 3100 3410; x_wconf 82' lang='lat' dir='ltr'><strong>gratiam</strong></span> <span class='ocrx_word' id='word_1_514' title='bbox 3126 3319 3179 3390; x_wconf 72' lang='lat' dir='ltr'><strong>se</strong></span> <span class='ocrx_word' id='word_1_515' title='bbox 3206 3319 3442 3410; x_wconf 83' lang='lat' dir='ltr'><strong>disponat</strong></span> 
     </span>
    </p>
   </div>
   <div class='ocr_carea' id='block_1_67' title="bbox 177 3400 1765 3473">
    <p class='ocr_par' dir='ltr' id='par_1_67' title="bbox 177 3400 1765 3473">
     <span class='ocr_line' id='line_1_67' title="bbox 177 3400 1765 3473; baseline 0.005 -20"><span class='ocrx_word' id='word_1_516' title='bbox 177 3400 398 3455; x_wconf 81' lang='lat' dir='ltr'><strong>liberum</strong></span> <span class='ocrx_word' id='word_1_517' title='bbox 420 3420 451 3456; x_wconf 92' lang='lat' dir='ltr'><strong>a</strong></span> <span class='ocrx_word' id='word_1_518' title='bbox 473 3405 807 3458; x_wconf 85' lang='lat' dir='ltr'><strong>delectatione</strong></span> <span class='ocrx_word' id='word_1_519' title='bbox 832 3400 1077 3473; x_wconf 85' lang='lat' dir='ltr'><strong>peccandi</strong></span> <span class='ocrx_word' id='word_1_520' title='bbox 1100 3420 1256 3472; x_wconf 89' lang='lat' dir='ltr'><strong>usque</strong></span> <span class='ocrx_word' id='word_1_521' title='bbox 1280 3400 1347 3458; x_wconf 80' lang='lat' dir='ltr'><strong>ad</strong></span> <span class='ocrx_word' id='word_1_522' title='bbox 1376 3400 1765 3461; x_wconf 77' lang='lat' dir='ltr'><strong>delectationem</strong></span> 
     </span>
    </p>
   </div>
   <div class='ocr_carea' id='block_1_68' title="bbox 179 3474 1764 3544">
    <p class='ocr_par' dir='ltr' id='par_1_68' title="bbox 179 3474 1764 3544">
     <span class='ocr_line' id='line_1_68' title="bbox 179 3474 1764 3544; baseline 0.004 -19"><span class='ocrx_word' id='word_1_523' title='bbox 179 3488 286 3544; x_wconf 84' lang='lat' dir='ltr'><strong>non</strong></span> <span class='ocrx_word' id='word_1_524' title='bbox 307 3475 553 3540; x_wconf 89' lang='lat' dir='ltr'><strong>peccandi</strong></span> <span class='ocrx_word' id='word_1_525' title='bbox 587 3474 999 3528; x_wconf 88' lang='lat' dir='ltr'><strong>indeclinabilem</strong></span> <span class='ocrx_word' id='word_1_526' title='bbox 1025 3475 1314 3528; x_wconf 80' lang='lat' dir='ltr'><strong>liberatum.</strong></span> <span class='ocrx_word' id='word_1_527' title='bbox 1361 3475 1500 3529; x_wconf 89' lang='lat' dir='ltr'><strong>Nam</strong></span> <span class='ocrx_word' id='word_1_528' title='bbox 1541 3479 1764 3544; x_wconf 90' lang='lat' dir='ltr'><strong>primum</strong></span> 
     </span>
    </p>
   </div>
   <div class='ocr_carea' id='block_1_69' title="bbox 181 3542 1765 3616">
    <p class='ocr_par' dir='ltr' id='par_1_69' title="bbox 181 3542 1765 3616">
     <span class='ocr_line' id='line_1_69' title="bbox 181 3542 1765 3616; baseline 0.003 -19"><span class='ocrx_word' id='word_1_529' title='bbox 181 3542 398 3616; x_wconf 87' lang='lat' dir='ltr'><strong>liberum</strong></span> <span class='ocrx_word' id='word_1_530' title='bbox 437 3547 706 3599; x_wconf 87' lang='lat' dir='ltr'><strong>arbitrium</strong></span> <span class='ocrx_word' id='word_1_531' title='bbox 733 3587 746 3609; x_wconf 94' lang='lat'><strong>,</strong></span> <span class='ocrx_word' id='word_1_532' title='bbox 785 3546 922 3616; x_wconf 89' lang='lat' dir='ltr'><strong>quod</strong></span> <span class='ocrx_word' id='word_1_533' title='bbox 964 3545 1156 3598; x_wconf 84' lang='lat' dir='ltr'><strong>homini</strong></span> <span class='ocrx_word' id='word_1_534' title='bbox 1191 3546 1368 3599; x_wconf 86' lang='lat' dir='ltr'><strong>datum</strong></span> <span class='ocrx_word' id='word_1_535' title='bbox 1403 3557 1477 3601; x_wconf 87' lang='lat' dir='ltr'><strong>est</strong></span> <span class='ocrx_word' id='word_1_536' title='bbox 1500 3587 1514 3613; x_wconf 92' lang='lat'><strong>,</strong></span> <span class='ocrx_word' id='word_1_537' title='bbox 1542 3542 1765 3614; x_wconf 78' lang='lat' dir='ltr'><strong>quando</strong></span> 
     </span>
    </p>
   </div>
   <div class='ocr_carea' id='block_1_70' title="bbox 180 3615 1766 3685">
    <p class='ocr_par' dir='ltr' id='par_1_70' title="bbox 180 3615 1766 3685">
     <span class='ocr_line' id='line_1_70' title="bbox 180 3615 1766 3685; baseline 0.004 -21"><span class='ocrx_word' id='word_1_538' title='bbox 180 3615 410 3682; x_wconf 85' lang='lat' dir='ltr'><strong>primum</strong></span> <span class='ocrx_word' id='word_1_539' title='bbox 439 3617 672 3670; x_wconf 87' lang='lat' dir='ltr'><strong>conditus</strong></span> <span class='ocrx_word' id='word_1_540' title='bbox 696 3625 769 3670; x_wconf 90' lang='lat' dir='ltr'><strong>est</strong></span> <span class='ocrx_word' id='word_1_541' title='bbox 797 3615 965 3669; x_wconf 83' lang='lat' dir='ltr'><strong>rectus</strong></span> <span class='ocrx_word' id='word_1_542' title='bbox 990 3658 1005 3682; x_wconf 88' lang='lat'><strong>,</strong></span> <span class='ocrx_word' id='word_1_543' title='bbox 1047 3617 1211 3684; x_wconf 86' lang='lat' dir='ltr'><strong>potuit</strong></span> <span class='ocrx_word' id='word_1_544' title='bbox 1251 3635 1352 3670; x_wconf 89' lang='lat' dir='ltr'><strong>non</strong></span> <span class='ocrx_word' id='word_1_545' title='bbox 1386 3634 1591 3685; x_wconf 88' lang='lat' dir='ltr'><strong>peccare</strong></span> <span class='ocrx_word' id='word_1_546' title='bbox 1616 3634 1634 3681; x_wconf 85' lang='lat'><strong>;</strong></span> <span class='ocrx_word' id='word_1_547' title='bbox 1677 3619 1766 3672; x_wconf 89' lang='lat' dir='ltr'><strong>sed</strong></span> 
     </span>
    </p>
   </div>
   <div class='ocr_carea' id='block_1_71' title="bbox 181 3687 1765 3758">
    <p class='ocr_par' dir='ltr' id='par_1_71' title="bbox 181 3687 1765 3758">
     <span class='ocr_line' id='line_1_71' title="bbox 181 3687 1765 3758; baseline 0.003 -21"><span class='ocrx_word' id='word_1_548' title='bbox 181 3688 350 3758; x_wconf 86' lang='lat' dir='ltr'><strong>potuit</strong></span> <span class='ocrx_word' id='word_1_549' title='bbox 390 3697 438 3740; x_wconf 91' lang='lat' dir='ltr'><strong>et</strong></span> <span class='ocrx_word' id='word_1_550' title='bbox 474 3703 684 3758; x_wconf 86' lang='lat' dir='ltr'><strong>peccare</strong></span> <span class='ocrx_word' id='word_1_551' title='bbox 712 3704 729 3740; x_wconf 88' lang='lat'><em>:</em></span> <span class='ocrx_word' id='word_1_552' title='bbox 758 3687 852 3740; x_wconf 86' lang='lat' dir='ltr'><strong>hoc</strong></span> <span class='ocrx_word' id='word_1_553' title='bbox 877 3698 1045 3740; x_wconf 87' lang='lat' dir='ltr'><strong>autem</strong></span> <span class='ocrx_word' id='word_1_554' title='bbox 1070 3687 1394 3758; x_wconf 80' lang='lat' dir='ltr'><strong>novissimum</strong></span> <span class='ocrx_word' id='word_1_555' title='bbox 1424 3705 1482 3740; x_wconf 74' lang='lat' dir='ltr'><strong>eo</strong></span> <span class='ocrx_word' id='word_1_556' title='bbox 1514 3691 1765 3758; x_wconf 84' lang='lat' dir='ltr'><strong>potentius</strong></span> 
     </span>
    </p>
   </div>
   <div class='ocr_carea' id='block_1_72' title="bbox 180 3757 1765 3828">
    <p class='ocr_par' dir='ltr' id='par_1_72' title="bbox 180 3757 1765 3828">
     <span class='ocr_line' id='line_1_72' title="bbox 180 3757 1765 3828; baseline 0.003 -20"><span class='ocrx_word' id='word_1_557' title='bbox 180 3757 313 3818; x_wconf 87' lang='lat' dir='ltr'><strong>erit,</strong></span> <span class='ocrx_word' id='word_1_558' title='bbox 344 3773 444 3827; x_wconf 88' lang='lat' dir='ltr'><strong>quo</strong></span> <span class='ocrx_word' id='word_1_559' title='bbox 477 3775 685 3825; x_wconf 87' lang='lat' dir='ltr'><strong>peccare</strong></span> <span class='ocrx_word' id='word_1_560' title='bbox 722 3774 823 3810; x_wconf 89' lang='lat' dir='ltr'><strong>non</strong></span> <span class='ocrx_word' id='word_1_561' title='bbox 865 3758 1048 3828; x_wconf 86' lang='lat' dir='ltr'><strong>poterit</strong></span> <span class='ocrx_word' id='word_1_562' title='bbox 1076 3798 1092 3824; x_wconf 90' lang='lat'><strong>,</strong></span> <span class='ocrx_word' id='word_1_563' title='bbox 1124 3767 1230 3812; x_wconf 88' lang='lat' dir='ltr'><strong>etc.</strong></span> <span class='ocrx_word' id='word_1_564' title='bbox 1263 3757 1354 3810; x_wconf 86' lang='lat' dir='ltr'><strong>His</strong></span> <span class='ocrx_word' id='word_1_565' title='bbox 1386 3757 1672 3825; x_wconf 72' lang='lat' dir='ltr'><strong>prtemissis</strong></span> <span class='ocrx_word' id='word_1_566' title='bbox 1702 3773 1765 3812; x_wconf 89' lang='lat' dir='ltr'><strong>ac</strong></span> 
     </span>
    </p>
   </div>
   <div class='ocr_carea' id='block_1_73' title="bbox 183 3828 1764 3895">
    <p class='ocr_par' dir='ltr' id='par_1_73' title="bbox 183 3828 1764 3895">
     <span class='ocr_line' id='line_1_73' title="bbox 183 3828 1764 3895; baseline 0.001 -17"><span class='ocrx_word' id='word_1_567' title='bbox 183 3829 499 3895; x_wconf 82' lang='lat' dir='ltr'><strong>pra-notatis</strong></span> <span class='ocrx_word' id='word_1_568' title='bbox 527 3870 540 3894; x_wconf 96' lang='lat'><strong>,</strong></span> <span class='ocrx_word' id='word_1_569' title='bbox 589 3829 888 3883; x_wconf 72' lang='lat' dir='ltr'><strong>statuenda:</strong></span> <span class='ocrx_word' id='word_1_570' title='bbox 931 3839 1054 3882; x_wconf 89' lang='lat' dir='ltr'><strong>sunt</strong></span> <span class='ocrx_word' id='word_1_571' title='bbox 1094 3829 1213 3884; x_wconf 69' lang='lat' dir='ltr'><strong>duae</strong></span> <span class='ocrx_word' id='word_1_572' title='bbox 1258 3829 1653 3894; x_wconf 87' lang='lat' dir='ltr'><strong>pr0positiones</strong></span> <span class='ocrx_word' id='word_1_573' title='bbox 1698 3828 1764 3881; x_wconf 89' lang='lat' dir='ltr'><strong>ad</strong></span> 
     </span>
    </p>
   </div>
   <div class='ocr_carea' id='block_1_74' title="bbox 182 3896 1767 3968">
    <p class='ocr_par' dir='ltr' id='par_1_74' title="bbox 182 3896 1767 3968">
     <span class='ocr_line' id='line_1_74' title="bbox 182 3896 1767 3968; baseline 0 -16"><span class='ocrx_word' id='word_1_574' title='bbox 182 3896 608 3954; x_wconf 85' lang='lat' dir='ltr'><strong>elucidationem</strong></span> <span class='ocrx_word' id='word_1_575' title='bbox 626 3899 783 3968; x_wconf 86' lang='lat' dir='ltr'><strong>hujus</strong></span> <span class='ocrx_word' id='word_1_576' title='bbox 797 3914 914 3968; x_wconf 88' lang='lat' dir='ltr'><strong>cap.</strong></span> <span class='ocrx_word' id='word_1_577' title='bbox 927 3941 940 3962; x_wconf 90' lang='lat'><strong>,</strong></span> <span class='ocrx_word' id='word_1_578' title='bbox 961 3900 1125 3952; x_wconf 88' lang='lat' dir='ltr'><strong>immo</strong></span> <span class='ocrx_word' id='word_1_579' title='bbox 1138 3909 1190 3953; x_wconf 89' lang='lat' dir='ltr'><strong>et</strong></span> <span class='ocrx_word' id='word_1_580' title='bbox 1214 3899 1376 3968; x_wconf 79' lang='lat' dir='ltr'><strong>totius</strong></span> <span class='ocrx_word' id='word_1_581' title='bbox 1388 3897 1696 3952; x_wconf 89' lang='lat' dir='ltr'><strong>collationis</strong></span> <span class='ocrx_word' id='word_1_582' title='bbox 1714 3906 1767 3952; x_wconf 88' lang='lat' dir='ltr'><strong>ct</strong></span> 
     </span>
    </p>
   </div>
   <div class='ocr_carea' id='block_1_75' title="bbox 182 3967 1761 4039">
    <p class='ocr_par' dir='ltr' id='par_1_75' title="bbox 182 3967 1761 4039">
     <span class='ocr_line' id='line_1_75' title="bbox 182 3967 1761 4039; baseline 0.001 -19"><span class='ocrx_word' id='word_1_583' title='bbox 182 3969 566 4039; x_wconf 84' lang='lat' dir='ltr'><strong>disputationis</strong></span> <span class='ocrx_word' id='word_1_584' title='bbox 595 3971 663 4024; x_wconf 93' lang='lat' dir='ltr'><strong>de</strong></span> <span class='ocrx_word' id='word_1_585' title='bbox 690 3967 872 4039; x_wconf 75' lang='lat' dir='ltr'><strong>gratia</strong></span> <span class='ocrx_word' id='word_1_586' title='bbox 899 3979 953 4023; x_wconf 90' lang='lat' dir='ltr'><strong>et</strong></span> <span class='ocrx_word' id='word_1_587' title='bbox 976 3971 1147 4024; x_wconf 91' lang='lat' dir='ltr'><strong>libero</strong></span> <span class='ocrx_word' id='word_1_588' title='bbox 1170 3967 1394 4023; x_wconf 86' lang='lat' dir='ltr'><strong>arbitrio</strong></span> <span class='ocrx_word' id='word_1_589' title='bbox 1422 3969 1761 4021; x_wconf 55' lang='lat' dir='ltr'><strong>necessarias.</strong></span> 
     </span>
    </p>
   </div>
   <div class='ocr_carea' id='block_1_76' title="bbox 187 4037 1768 4108">
    <p class='ocr_par' dir='ltr' id='par_1_76' title="bbox 187 4037 1768 4108">
     <span class='ocr_line' id='line_1_76' title="bbox 187 4037 1768 4108; baseline 0.003 -19"><span class='ocrx_word' id='word_1_590' title='bbox 187 4037 244 4089; x_wconf 79' lang='grc'><strong>1³</strong></span> <span class='ocrx_word' id='word_1_591' title='bbox 271 4040 443 4094; x_wconf 83' lang='lat' dir='ltr'><strong>Adam</strong></span> <span class='ocrx_word' id='word_1_592' title='bbox 476 4042 629 4095; x_wconf 90' lang='lat' dir='ltr'><strong>liberi</strong></span> <span class='ocrx_word' id='word_1_593' title='bbox 661 4037 870 4094; x_wconf 79' lang='lat' dir='ltr'><strong>arbitrii</strong></span> <span class='ocrx_word' id='word_1_594' title='bbox 901 4056 930 4093; x_wconf 91' lang='lat' dir='ltr'><strong>a</strong></span> <span class='ocrx_word' id='word_1_595' title='bbox 964 4041 1073 4094; x_wconf 87' lang='lat' dir='ltr'><strong>Deo</strong></span> <span class='ocrx_word' id='word_1_596' title='bbox 1098 4039 1345 4094; x_wconf 89' lang='lat' dir='ltr'><strong>conditus</strong></span> <span class='ocrx_word' id='word_1_597' title='bbox 1367 4039 1466 4092; x_wconf 83' lang='lat' dir='ltr'><strong>fuit</strong></span> <span class='ocrx_word' id='word_1_598' title='bbox 1490 4040 1768 4108; x_wconf 85' lang='lat' dir='ltr'><strong>potuitque</strong></span> 
     </span>
    </p>
   </div>
   <div class='ocr_carea' id='block_1_77' title="bbox 183 4109 1766 4178">
    <p class='ocr_par' dir='ltr' id='par_1_77' title="bbox 183 4109 1766 4178">
     <span class='ocr_line' id='line_1_77' title="bbox 183 4109 1766 4178; baseline 0.001 -15"><span class='ocrx_word' id='word_1_599' title='bbox 183 4110 242 4164; x_wconf 88' lang='lat' dir='ltr'><strong>in</strong></span> <span class='ocrx_word' id='word_1_600' title='bbox 272 4119 412 4165; x_wconf 89' lang='lat' dir='ltr'><strong>statu</strong></span> <span class='ocrx_word' id='word_1_601' title='bbox 447 4110 775 4167; x_wconf 74' lang='lat' dir='ltr'><strong>innocentia:</strong></span> <span class='ocrx_word' id='word_1_602' title='bbox 802 4111 938 4165; x_wconf 85' lang='lat' dir='ltr'><strong>bene</strong></span> <span class='ocrx_word' id='word_1_603' title='bbox 968 4121 1022 4166; x_wconf 92' lang='lat' dir='ltr'><strong>et</strong></span> <span class='ocrx_word' id='word_1_604' title='bbox 1055 4111 1196 4165; x_wconf 88' lang='lat' dir='ltr'><strong>male</strong></span> <span class='ocrx_word' id='word_1_605' title='bbox 1225 4125 1402 4178; x_wconf 82' lang='lat' dir='ltr'><strong>agere.</strong></span> <span class='ocrx_word' id='word_1_606' title='bbox 1435 4110 1686 4164; x_wconf 86' lang='lat' dir='ltr'><strong>Testatur</strong></span> <span class='ocrx_word' id='word_1_607' title='bbox 1713 4109 1766 4164; x_wconf 93' lang='lat' dir='ltr'><strong>id</strong></span> 
     </span>
    </p>
   </div>
   <div class='ocr_carea' id='block_1_78' title="bbox 182 4179 1767 4250">
    <p class='ocr_par' dir='ltr' id='par_1_78' title="bbox 182 4179 1767 4250">
     <span class='ocr_line' id='line_1_78' title="bbox 182 4179 1767 4250; baseline -0.001 -16"><span class='ocrx_word' id='word_1_608' title='bbox 182 4182 533 4246; x_wconf 81' lang='lat' dir='ltr'><strong>apertissime</strong></span> <span class='ocrx_word' id='word_1_609' title='bbox 558 4198 710 4236; x_wconf 86' lang='lat' dir='ltr'><strong>sacra</strong></span> <span class='ocrx_word' id='word_1_610' title='bbox 739 4182 1036 4250; x_wconf 88' lang='lat' dir='ltr'><strong>Scriptura.</strong></span> <span class='ocrx_word' id='word_1_611' title='bbox 1068 4180 1429 4236; x_wconf 87' lang='lat' dir='ltr'><strong>Ecclesiastici</strong></span> <span class='ocrx_word' id='word_1_612' title='bbox 1457 4195 1523 4234; x_wconf 81' lang='lat' dir='ltr'><strong>xv</strong></span> <span class='ocrx_word' id='word_1_613' title='bbox 1575 4198 1585 4232; x_wconf 93' lang='lat'><strong>:</strong></span> <span class='ocrx_word' id='word_1_614' title='bbox 1629 4179 1767 4233; x_wconf 89' lang='lat' dir='ltr'><strong>Deus</strong></span> 
     </span>
    </p>
   </div>
   <div class='ocr_carea' id='block_1_79' title="bbox 182 4251 1768 4320">
    <p class='ocr_par' dir='ltr' id='par_1_79' title="bbox 182 4251 1768 4320">
     <span class='ocr_line' id='line_1_79' title="bbox 182 4251 1768 4320; baseline 0 -16"><span class='ocrx_word' id='word_1_615' title='bbox 182 4253 251 4305; x_wconf 88' lang='lat' dir='ltr'><strong>ab</strong></span> <span class='ocrx_word' id='word_1_616' title='bbox 276 4252 424 4304; x_wconf 83' lang='lat' dir='ltr'><strong>initio</strong></span> <span class='ocrx_word' id='word_1_617' title='bbox 452 4255 710 4308; x_wconf 87' lang='lat' dir='ltr'><strong>constituit</strong></span> <span class='ocrx_word' id='word_1_618' title='bbox 741 4255 1027 4317; x_wconf 86' lang='lat' dir='ltr'><strong>hominem,</strong></span> <span class='ocrx_word' id='word_1_619' title='bbox 1064 4261 1112 4306; x_wconf 90' lang='lat' dir='ltr'><strong>et</strong></span> <span class='ocrx_word' id='word_1_620' title='bbox 1137 4251 1343 4320; x_wconf 87' lang='lat' dir='ltr'><strong>reliquit</strong></span> <span class='ocrx_word' id='word_1_621' title='bbox 1380 4267 1494 4305; x_wconf 89' lang='lat' dir='ltr'><strong>eum</strong></span> <span class='ocrx_word' id='word_1_622' title='bbox 1529 4251 1583 4304; x_wconf 91' lang='lat' dir='ltr'><strong>in</strong></span> <span class='ocrx_word' id='word_1_623' title='bbox 1612 4267 1768 4304; x_wconf 86' lang='lat' dir='ltr'><strong>manu</strong></span> 
     </span>
    </p>
   </div>
   <div class='ocr_carea' id='block_1_80' title="bbox 184 4323 1766 4396">
    <p class='ocr_par' dir='ltr' id='par_1_80' title="bbox 184 4323 1766 4396">
     <span class='ocr_line' id='line_1_80' title="bbox 184 4323 1766 4396; baseline 0.001 -22"><span class='ocrx_word' id='word_1_624' title='bbox 184 4323 394 4396; x_wconf 62' lang='lat' dir='ltr'><strong>consilii</strong></span> <span class='ocrx_word' id='word_1_625' title='bbox 440 4325 518 4376; x_wconf 89' lang='lat' dir='ltr'><strong>sui</strong></span> <span class='ocrx_word' id='word_1_626' title='bbox 537 4340 562 4396; x_wconf 10' lang='lat'><strong>,‘7</strong></span> <span class='ocrx_word' id='word_1_627' title='bbox 594 4325 781 4396; x_wconf 86' lang='lat' dir='ltr'><strong>adjecit</strong></span> <span class='ocrx_word' id='word_1_628' title='bbox 823 4324 1153 4396; x_wconf 81' lang='lat' dir='ltr'><strong>mandata_et</strong></span> <span class='ocrx_word' id='word_1_629' title='bbox 1192 4332 1444 4396; x_wconf 66' lang='lat' dir='ltr'><strong>prwcepta</strong></span> <span class='ocrx_word' id='word_1_630' title='bbox 1487 4338 1629 4396; x_wconf 56' lang='lat' dir='ltr'><strong>suai</strong></span> <span class='ocrx_word' id='word_1_631' title='bbox 1659 4332 1766 4396; x_wconf 78' lang='lat' dir='ltr'><strong>etc.</strong></span> 
     </span>
    </p>
   </div>
   <div class='ocr_carea' id='block_1_81' title="bbox 184 4391 1770 4464">
    <p class='ocr_par' dir='ltr' id='par_1_81' title="bbox 184 4391 1770 4464">
     <span class='ocr_line' id='line_1_81' title="bbox 184 4391 1770 4464; baseline -0.002 -17"><span class='ocrx_word' id='word_1_632' title='bbox 184 4392 446 4462; x_wconf 86' lang='lat' dir='ltr'><strong>Idemque</strong></span> <span class='ocrx_word' id='word_1_633' title='bbox 468 4391 732 4464; x_wconf 77' lang='lat' dir='ltr'><strong>colligiiur</strong></span> <span class='ocrx_word' id='word_1_634' title='bbox 760 4411 823 4448; x_wconf 81' lang='lat' dir='ltr'><strong>ex</strong></span> <span class='ocrx_word' id='word_1_635' title='bbox 857 4395 964 4448; x_wconf 90' lang='lat' dir='ltr'><strong>illis</strong></span> <span class='ocrx_word' id='word_1_636' title='bbox 992 4393 1170 4448; x_wconf 88' lang='lat' dir='ltr'><strong>verbis</strong></span> <span class='ocrx_word' id='word_1_637' title='bbox 1195 4391 1423 4464; x_wconf 84' lang='lat' dir='ltr'><strong>Genesis</strong></span> <span class='ocrx_word' id='word_1_638' title='bbox 1454 4407 1508 4445; x_wconf 87' lang='grc' dir='ltr'><strong>ιιι</strong></span> <span class='ocrx_word' id='word_1_639' title='bbox 1537 4411 1550 4444; x_wconf 90' lang='lat'><strong>:</strong></span> <span class='ocrx_word' id='word_1_640' title='bbox 1582 4391 1770 4445; x_wconf 86' lang='lat' dir='ltr'><strong>Facia-</strong></span> 
     </span>
    </p>
   </div>
   <div class='ocr_carea' id='block_1_82' title="bbox 186 4463 1765 4534">
    <p class='ocr_par' dir='ltr' id='par_1_82' title="bbox 186 4463 1765 4534">
     <span class='ocr_line' id='line_1_82' title="bbox 186 4463 1765 4534; baseline 0.001 -19"><span class='ocrx_word' id='word_1_641' title='bbox 186 4479 306 4516; x_wconf 87' lang='lat' dir='ltr'><strong>mus</strong></span> <span class='ocrx_word' id='word_1_642' title='bbox 334 4463 685 4518; x_wconf 26' lang='lat' dir='ltr'><strong>hominem’ad</strong></span> <span class='ocrx_word' id='word_1_643' title='bbox 729 4465 1006 4534; x_wconf 85' lang='lat' dir='ltr'><strong>imaginem</strong></span> <span class='ocrx_word' id='word_1_644' title='bbox 1030 4474 1076 4518; x_wconf 90' lang='lat' dir='ltr'><strong>et</strong></span> <span class='ocrx_word' id='word_1_645' title='bbox 1103 4463 1490 4534; x_wconf 86' lang='lat' dir='ltr'><strong>similitudinem</strong></span> <span class='ocrx_word' id='word_1_646' title='bbox 1519 4472 1765 4527; x_wconf 87' lang='lat' dir='ltr'><strong>nostram,</strong></span> 
     </span>
    </p>
   </div>
   <div class='ocr_carea' id='block_1_83' title="bbox 188 4532 1767 4605">
    <p class='ocr_par' dir='ltr' id='par_1_83' title="bbox 188 4532 1767 4605">
     <span class='ocr_line' id='line_1_83' title="bbox 188 4532 1767 4605; baseline 0.001 -19"><span class='ocrx_word' id='word_1_647' title='bbox 188 4544 247 4605; x_wconf 76' lang='lat' dir='ltr'><strong>ut</strong></span> <span class='ocrx_word' id='word_1_648' title='bbox 283 4536 456 4605; x_wconf 77' lang='lat' dir='ltr'><strong>prtesit</strong></span> <span class='ocrx_word' id='word_1_649' title='bbox 494 4536 752 4604; x_wconf 86' lang='lat' dir='ltr'><strong>piscibus,</strong></span> <span class='ocrx_word' id='word_1_650' title='bbox 801 4532 904 4590; x_wconf 81' lang='lat' dir='ltr'><strong>etc.</strong></span> <span class='ocrx_word' id='word_1_651' title='bbox 952 4534 1239 4603; x_wconf 88' lang='lat' dir='ltr'><strong>Imaginem</strong></span> <span class='ocrx_word' id='word_1_652' title='bbox 1281 4532 1672 4605; x_wconf 72' lang='lat' dir='ltr'><strong>siquidetnDei</strong></span> <span class='ocrx_word' id='word_1_653' title='bbox 1716 4535 1767 4587; x_wconf 91' lang='lat' dir='ltr'><strong>in</strong></span> 
     </span>
    </p>
   </div>
   <div class='ocr_carea' id='block_1_84' title="bbox 186 4602 1769 4668">
    <p class='ocr_par' dir='ltr' id='par_1_84' title="bbox 186 4602 1769 4668">
     <span class='ocr_line' id='line_1_84' title="bbox 186 4602 1769 4668; baseline 0 -10"><span class='ocrx_word' id='word_1_654' title='bbox 186 4602 414 4659; x_wconf 81' lang='lat' dir='ltr'><strong>homine</strong></span> <span class='ocrx_word' id='word_1_655' title='bbox 446 4602 558 4659; x_wconf 84' lang='lat' dir='ltr'><strong>tum</strong></span> <span class='ocrx_word' id='word_1_656' title='bbox 587 4607 707 4662; x_wconf 89' lang='lat' dir='ltr'><strong>aliis</strong></span> <span class='ocrx_word' id='word_1_657' title='bbox 741 4602 1047 4660; x_wconf 85' lang='lat' dir='ltr'><strong>rationibus</strong></span> <span class='ocrx_word' id='word_1_658' title='bbox 1073 4602 1088 4668; x_wconf 82' lang='lat'><strong>,</strong></span> <span class='ocrx_word' id='word_1_659' title='bbox 1133 4615 1242 4658; x_wconf 91' lang='lat' dir='ltr'><strong>tum</strong></span> <span class='ocrx_word' id='word_1_660' title='bbox 1270 4603 1503 4657; x_wconf 82' lang='lat' dir='ltr'><strong>maxime</strong></span> <span class='ocrx_word' id='word_1_661' title='bbox 1538 4602 1769 4658; x_wconf 88' lang='lat' dir='ltr'><strong>libertati</strong></span> 
     </span>
    </p>
   </div>
   <div class='ocr_carea' id='block_1_85' title="bbox 1868 3408 3441 3478">
    <p class='ocr_par' dir='ltr' id='par_1_85' title="bbox 1868 3408 3441 3478">
     <span class='ocr_line' id='line_1_85' title="bbox 1868 3408 3441 3478; baseline 0.001 -18"><span class='ocrx_word' id='word_1_662' title='bbox 1868 3424 1930 3460; x_wconf 93' lang='lat' dir='ltr'><strong>ac</strong></span> <span class='ocrx_word' id='word_1_663' title='bbox 1952 3418 2201 3477; x_wconf 65' lang='lat' dir='ltr'><strong>praeparet</strong></span> <span class='ocrx_word' id='word_1_664' title='bbox 2221 3423 2252 3478; x_wconf 9' lang='lat'><strong>;7</strong></span> <span class='ocrx_word' id='word_1_665' title='bbox 2271 3424 2433 3478; x_wconf 89' lang='lat' dir='ltr'><strong>neque</strong></span> <span class='ocrx_word' id='word_1_666' title='bbox 2456 3408 2603 3476; x_wconf 86' lang='lat' dir='ltr'><strong>posse</strong></span> <span class='ocrx_word' id='word_1_667' title='bbox 2623 3409 2907 3470; x_wconf 84' lang='lat' dir='ltr'><strong>dissentire.</strong></span> <span class='ocrx_word' id='word_1_668' title='bbox 2931 3409 2976 3462; x_wconf 89' lang='lat' dir='ltr'><strong>si</strong></span> <span class='ocrx_word' id='word_1_669' title='bbox 2996 3409 3116 3461; x_wconf 83' lang='lat' dir='ltr'><strong>velit</strong></span> <span class='ocrx_word' id='word_1_670' title='bbox 3142 3424 3153 3460; x_wconf 91' lang='lat'><strong>:</strong></span> <span class='ocrx_word' id='word_1_671' title='bbox 3180 3409 3267 3461; x_wconf 86' lang='lat' dir='ltr'><strong>sed</strong></span> <span class='ocrx_word' id='word_1_672' title='bbox 3287 3408 3441 3462; x_wconf 87' lang='lat' dir='ltr'><strong>veluti</strong></span> 
     </span>
    </p>
   </div>
   <div class='ocr_carea' id='block_1_86' title="bbox 1866 3477 3444 3548">
    <p class='ocr_par' dir='ltr' id='par_1_86' title="bbox 1866 3477 3444 3548">
     <span class='ocr_line' id='line_1_86' title="bbox 1866 3477 3444 3548; baseline 0.001 -18"><span class='ocrx_word' id='word_1_673' title='bbox 1866 3478 2094 3531; x_wconf 83' lang='lat' dir='ltr'><strong>inaninte</strong></span> <span class='ocrx_word' id='word_1_674' title='bbox 2117 3477 2376 3546; x_wconf 87' lang='lat' dir='ltr'><strong>quoddam</strong></span> <span class='ocrx_word' id='word_1_675' title='bbox 2403 3479 2534 3532; x_wconf 88' lang='lat' dir='ltr'><strong>nihil</strong></span> <span class='ocrx_word' id='word_1_676' title='bbox 2565 3481 2777 3532; x_wconf 87' lang='lat' dir='ltr'><strong>omnino</strong></span> <span class='ocrx_word' id='word_1_677' title='bbox 2797 3495 2964 3548; x_wconf 88' lang='lat' dir='ltr'><strong>agere,</strong></span> <span class='ocrx_word' id='word_1_678' title='bbox 2995 3494 3229 3546; x_wconf 85' lang='lat' dir='ltr'><strong>mereque</strong></span> <span class='ocrx_word' id='word_1_679' title='bbox 3247 3480 3444 3547; x_wconf 83' lang='lat' dir='ltr'><strong>passive</strong></span> 
     </span>
    </p>
   </div>
   <div class='ocr_carea' id='block_1_87' title="bbox 1869 3548 3442 3616">
    <p class='ocr_par' dir='ltr' id='par_1_87' title="bbox 1869 3548 3442 3616">
     <span class='ocr_line' id='line_1_87' title="bbox 1869 3548 3442 3616; baseline 0.001 -15"><span class='ocrx_word' id='word_1_680' title='bbox 1869 3565 1922 3601; x_wconf 85' lang='lat' dir='ltr'><strong>sc</strong></span> <span class='ocrx_word' id='word_1_681' title='bbox 1959 3549 2162 3601; x_wconf 88' lang='lat' dir='ltr'><strong>habere.</strong></span> <span class='ocrx_word' id='word_1_682' title='bbox 2213 3549 2282 3603; x_wconf 87' lang='lat' dir='ltr'><strong>Et</strong></span> <span class='ocrx_word' id='word_1_683' title='bbox 2323 3564 2529 3604; x_wconf 85' lang='lat' dir='ltr'><strong>canone</strong></span> <span class='ocrx_word' id='word_1_684' title='bbox 2573 3550 2821 3616; x_wconf 86' lang='lat' dir='ltr'><strong>sequenti</strong></span> <span class='ocrx_word' id='word_1_685' title='bbox 2868 3549 3057 3602; x_wconf 87' lang='lat' dir='ltr'><strong>eodem</strong></span> <span class='ocrx_word' id='word_1_686' title='bbox 3101 3548 3442 3603; x_wconf 87' lang='lat' dir='ltr'><strong>anathemate</strong></span> 
     </span>
    </p>
   </div>
   <div class='ocr_carea' id='block_1_88' title="bbox 1869 3617 3441 3688">
    <p class='ocr_par' dir='ltr' id='par_1_88' title="bbox 1869 3617 3441 3688">
     <span class='ocr_line' id='line_1_88' title="bbox 1869 3617 3441 3688; baseline -0.001 -17"><span class='ocrx_word' id='word_1_687' title='bbox 1869 3618 2178 3687; x_wconf 84' lang='lat' dir='ltr'><strong>percellitur</strong></span> <span class='ocrx_word' id='word_1_688' title='bbox 2203 3662 2216 3684; x_wconf 81' lang='lat'><strong>,</strong></span> <span class='ocrx_word' id='word_1_689' title='bbox 2253 3620 2344 3688; x_wconf 85' lang='lat' dir='ltr'><strong>qui</strong></span> <span class='ocrx_word' id='word_1_690' title='bbox 2377 3618 2588 3671; x_wconf 88' lang='lat' dir='ltr'><strong>liberum</strong></span> <span class='ocrx_word' id='word_1_691' title='bbox 2627 3617 2847 3670; x_wconf 87' lang='lat' dir='ltr'><strong>hominis</strong></span> <span class='ocrx_word' id='word_1_692' title='bbox 2876 3619 3145 3688; x_wconf 85' lang='lat' dir='ltr'><strong>arbitrium</strong></span> <span class='ocrx_word' id='word_1_693' title='bbox 3176 3628 3288 3688; x_wconf 86' lang='lat' dir='ltr'><strong>post</strong></span> <span class='ocrx_word' id='word_1_694' title='bbox 3315 3620 3441 3670; x_wconf 64' lang='lat' dir='ltr'><strong>Adae</strong></span> 
     </span>
    </p>
   </div>
   <div class='ocr_carea' id='block_1_89' title="bbox 1868 3687 3440 3756">
    <p class='ocr_par' dir='ltr' id='par_1_89' title="bbox 1868 3687 3440 3756">
     <span class='ocr_line' id='line_1_89' title="bbox 1868 3687 3440 3756; baseline -0.001 -17"><span class='ocrx_word' id='word_1_695' title='bbox 1868 3696 2133 3756; x_wconf 86' lang='lat' dir='ltr'><strong>peccatum</strong></span> <span class='ocrx_word' id='word_1_696' title='bbox 2158 3687 2403 3740; x_wconf 89' lang='lat' dir='ltr'><strong>amissum</strong></span> <span class='ocrx_word' id='word_1_697' title='bbox 2427 3695 2473 3740; x_wconf 89' lang='lat' dir='ltr'><strong>et</strong></span> <span class='ocrx_word' id='word_1_698' title='bbox 2504 3687 2810 3739; x_wconf 70' lang='lat' dir='ltr'><strong>exstinctum</strong></span> <span class='ocrx_word' id='word_1_699' title='bbox 2839 3703 2944 3740; x_wconf 88' lang='lat' dir='ltr'><strong>esse</strong></span> <span class='ocrx_word' id='word_1_700' title='bbox 2972 3687 3189 3751; x_wconf 73' lang='lat' dir='ltr'><strong>dixerit,</strong></span> <span class='ocrx_word' id='word_1_701' title='bbox 3221 3695 3309 3737; x_wconf 89' lang='lat' dir='ltr'><strong>aut</strong></span> <span class='ocrx_word' id='word_1_702' title='bbox 3336 3703 3440 3739; x_wconf 89' lang='lat' dir='ltr'><strong>rem</strong></span> 
     </span>
    </p>
   </div>
   <div class='ocr_carea' id='block_1_90' title="bbox 1867 3757 3442 3823">
    <p class='ocr_par' dir='ltr' id='par_1_90' title="bbox 1867 3757 3442 3823">
     <span class='ocr_line' id='line_1_90' title="bbox 1867 3757 3442 3823; baseline 0.001 -13"><span class='ocrx_word' id='word_1_703' title='bbox 1867 3774 1974 3810; x_wconf 89' lang='lat' dir='ltr'><strong>esse</strong></span> <span class='ocrx_word' id='word_1_704' title='bbox 2000 3757 2062 3807; x_wconf 88' lang='lat' dir='ltr'><strong>de</strong></span> <span class='ocrx_word' id='word_1_705' title='bbox 2087 3757 2195 3808; x_wconf 88' lang='lat' dir='ltr'><strong>solo</strong></span> <span class='ocrx_word' id='word_1_706' title='bbox 2235 3757 2382 3809; x_wconf 89' lang='lat' dir='ltr'><strong>titulo</strong></span> <span class='ocrx_word' id='word_1_707' title='bbox 2405 3797 2418 3818; x_wconf 88' lang='lat'><strong>,</strong></span> <span class='ocrx_word' id='word_1_708' title='bbox 2452 3757 2603 3808; x_wconf 88' lang='lat' dir='ltr'><strong>immo</strong></span> <span class='ocrx_word' id='word_1_709' title='bbox 2635 3757 2840 3809; x_wconf 87' lang='lat' dir='ltr'><strong>titulum</strong></span> <span class='ocrx_word' id='word_1_710' title='bbox 2876 3757 2986 3808; x_wconf 90' lang='lat' dir='ltr'><strong>sine</strong></span> <span class='ocrx_word' id='word_1_711' title='bbox 3020 3772 3092 3807; x_wconf 91' lang='lat' dir='ltr'><strong>re.</strong></span> <span class='ocrx_word' id='word_1_712' title='bbox 3130 3757 3298 3823; x_wconf 79' lang='lat' dir='ltr'><strong>Atque</strong></span> <span class='ocrx_word' id='word_1_713' title='bbox 3329 3757 3442 3811; x_wconf 68' lang='lat' dir='ltr'><strong>haec</strong></span> 
     </span>
    </p>
   </div>
   <div class='ocr_carea' id='block_1_91' title="bbox 1869 3825 3440 3893">
    <p class='ocr_par' dir='ltr' id='par_1_91' title="bbox 1869 3825 3440 3893">
     <span class='ocr_line' id='line_1_91' title="bbox 1869 3825 3440 3893; baseline -0.001 -13"><span class='ocrx_word' id='word_1_714' title='bbox 1869 3827 1974 3880; x_wconf 91' lang='lat' dir='ltr'><strong>duo</strong></span> <span class='ocrx_word' id='word_1_715' title='bbox 2002 3836 2124 3878; x_wconf 88' lang='lat' dir='ltr'><strong>sunt</strong></span> <span class='ocrx_word' id='word_1_716' title='bbox 2158 3825 2278 3878; x_wconf 86' lang='lat' dir='ltr'><strong>ﬁdei</strong></span> <span class='ocrx_word' id='word_1_717' title='bbox 2307 3826 2481 3893; x_wconf 87' lang='lat' dir='ltr'><strong>capita</strong></span> <span class='ocrx_word' id='word_1_718' title='bbox 2520 3840 2639 3892; x_wconf 83' lang='lat' dir='ltr'><strong>quae</strong></span> <span class='ocrx_word' id='word_1_719' title='bbox 2666 3826 2735 3877; x_wconf 86' lang='lat' dir='ltr'><strong>de</strong></span> <span class='ocrx_word' id='word_1_720' title='bbox 2766 3826 2937 3879; x_wconf 88' lang='lat' dir='ltr'><strong>libero</strong></span> <span class='ocrx_word' id='word_1_721' title='bbox 2965 3825 3195 3878; x_wconf 89' lang='lat' dir='ltr'><strong>hominis</strong></span> <span class='ocrx_word' id='word_1_722' title='bbox 3220 3825 3440 3879; x_wconf 90' lang='lat' dir='ltr'><strong>arbitrio</strong></span> 
     </span>
    </p>
   </div>
   <div class='ocr_carea' id='block_1_92' title="bbox 1869 3895 3440 3963">
    <p class='ocr_par' dir='ltr' id='par_1_92' title="bbox 1869 3895 3440 3963">
     <span class='ocr_line' id='line_1_92' title="bbox 1869 3895 3440 3963; baseline -0.001 -11"><span class='ocrx_word' id='word_1_723' title='bbox 1869 3898 1920 3952; x_wconf 89' lang='lat' dir='ltr'><strong>in</strong></span> <span class='ocrx_word' id='word_1_724' title='bbox 1952 3896 2054 3950; x_wconf 89' lang='lat' dir='ltr'><strong>hoc</strong></span> <span class='ocrx_word' id='word_1_725' title='bbox 2084 3910 2204 3963; x_wconf 89' lang='lat' dir='ltr'><strong>cap.</strong></span> <span class='ocrx_word' id='word_1_726' title='bbox 2239 3897 2540 3959; x_wconf 88' lang='lat' dir='ltr'><strong>traduntur,</strong></span> <span class='ocrx_word' id='word_1_727' title='bbox 2574 3902 2630 3947; x_wconf 90' lang='lat' dir='ltr'><strong>ut</strong></span> <span class='ocrx_word' id='word_1_728' title='bbox 2659 3895 2907 3963; x_wconf 89' lang='lat' dir='ltr'><strong>superius</strong></span> <span class='ocrx_word' id='word_1_729' title='bbox 2936 3895 3133 3949; x_wconf 90' lang='lat' dir='ltr'><strong>dictum</strong></span> <span class='ocrx_word' id='word_1_730' title='bbox 3177 3903 3278 3948; x_wconf 91' lang='lat' dir='ltr'><strong>est.</strong></span> <span class='ocrx_word' id='word_1_731' title='bbox 3309 3895 3440 3962; x_wconf 66' lang='lat' dir='ltr'><strong>Quae</strong></span> 
     </span>
    </p>
   </div>
   <div class='ocr_carea' id='block_1_93' title="bbox 1870 3965 3438 4031">
    <p class='ocr_par' dir='ltr' id='par_1_93' title="bbox 1870 3965 3438 4031">
     <span class='ocr_line' id='line_1_93' title="bbox 1870 3965 3438 4031; baseline -0.001 -10"><span class='ocrx_word' id='word_1_732' title='bbox 1870 3967 2082 4021; x_wconf 87' lang='lat' dir='ltr'><strong>tametsi</strong></span> <span class='ocrx_word' id='word_1_733' title='bbox 2113 3981 2236 4019; x_wconf 85' lang='lat' dir='ltr'><strong>vera</strong></span> <span class='ocrx_word' id='word_1_734' title='bbox 2269 3967 2375 4020; x_wconf 90' lang='lat' dir='ltr'><strong>sint</strong></span> <span class='ocrx_word' id='word_1_735' title='bbox 2399 4007 2414 4030; x_wconf 90' lang='lat'><strong>,</strong></span> <span class='ocrx_word' id='word_1_736' title='bbox 2443 3980 2504 4020; x_wconf 88' lang='lat' dir='ltr'><strong>ac</strong></span> <span class='ocrx_word' id='word_1_737' title='bbox 2533 3966 2849 4021; x_wconf 66' lang='lat' dir='ltr'><strong>certissimis</strong></span> <span class='ocrx_word' id='word_1_738' title='bbox 2875 3965 3164 4031; x_wconf 68' lang='lat' dir='ltr'><strong>Scriptura:</strong></span> <span class='ocrx_word' id='word_1_739' title='bbox 3192 3967 3438 4020; x_wconf 88' lang='lat' dir='ltr'><strong>testimo-</strong></span> 
     </span>
    </p>
   </div>
   <div class='ocr_carea' id='block_1_94' title="bbox 1869 4037 3439 4104">
    <p class='ocr_par' dir='ltr' id='par_1_94' title="bbox 1869 4037 3439 4104">
     <span class='ocr_line' id='line_1_94' title="bbox 1869 4037 3439 4104; baseline -0.001 -12"><span class='ocrx_word' id='word_1_740' title='bbox 1869 4039 1972 4092; x_wconf 90' lang='lat' dir='ltr'><strong>niis</strong></span> <span class='ocrx_word' id='word_1_741' title='bbox 2000 4039 2337 4102; x_wconf 80' lang='lat' dir='ltr'><strong>coulirtuata,</strong></span> <span class='ocrx_word' id='word_1_742' title='bbox 2369 4039 2498 4092; x_wconf 78' lang='lat' dir='ltr'><strong>falsa</strong></span> <span class='ocrx_word' id='word_1_743' title='bbox 2531 4046 2708 4090; x_wconf 89' lang='lat' dir='ltr'><strong>tamen</strong></span> <span class='ocrx_word' id='word_1_744' title='bbox 2736 4046 2820 4092; x_wconf 92' lang='lat' dir='ltr'><strong>est</strong></span> <span class='ocrx_word' id='word_1_745' title='bbox 2845 4037 3150 4100; x_wconf 89' lang='lat' dir='ltr'><strong>conclusio,</strong></span> <span class='ocrx_word' id='word_1_746' title='bbox 3182 4049 3341 4104; x_wconf 88' lang='lat' dir='ltr'><strong>quam</strong></span> <span class='ocrx_word' id='word_1_747' title='bbox 3373 4051 3439 4091; x_wconf 80' lang='lat' dir='ltr'><strong>cx</strong></span> 
     </span>
    </p>
   </div>
   <div class='ocr_carea' id='block_1_95' title="bbox 1870 4107 3442 4171">
    <p class='ocr_par' dir='ltr' id='par_1_95' title="bbox 1870 4107 3442 4171">
     <span class='ocr_line' id='line_1_95' title="bbox 1870 4107 3442 4171; baseline -0.001 -9"><span class='ocrx_word' id='word_1_748' title='bbox 1870 4109 1952 4162; x_wconf 84' lang='lat' dir='ltr'><strong>his</strong></span> <span class='ocrx_word' id='word_1_749' title='bbox 1983 4109 2211 4162; x_wconf 88' lang='lat' dir='ltr'><strong>intendit</strong></span> <span class='ocrx_word' id='word_1_750' title='bbox 2247 4112 2472 4171; x_wconf 88' lang='lat' dir='ltr'><strong>Auctor,</strong></span> <span class='ocrx_word' id='word_1_751' title='bbox 2504 4108 2754 4162; x_wconf 90' lang='lat' dir='ltr'><strong>nimirum</strong></span> <span class='ocrx_word' id='word_1_752' title='bbox 2783 4109 3062 4162; x_wconf 85' lang='lat' dir='ltr'><strong>arbitrium</strong></span> <span class='ocrx_word' id='word_1_753' title='bbox 3093 4115 3332 4160; x_wconf 87' lang='lat' dir='ltr'><strong>nostrum</strong></span> <span class='ocrx_word' id='word_1_754' title='bbox 3364 4107 3442 4161; x_wconf 90' lang='lat' dir='ltr'><strong>sic</strong></span> 
     </span>
    </p>
   </div>
   <div class='ocr_carea' id='block_1_96' title="bbox 1869 4176 3442 4246">
    <p class='ocr_par' dir='ltr' id='par_1_96' title="bbox 1869 4176 3442 4246">
     <span class='ocr_line' id='line_1_96' title="bbox 1869 4176 3442 4246; baseline -0.001 -12"><span class='ocrx_word' id='word_1_755' title='bbox 1869 4195 1990 4235; x_wconf 70' lang='lat' dir='ltr'><strong>esse</strong></span> <span class='ocrx_word' id='word_1_756' title='bbox 2022 4181 2272 4244; x_wconf 79' lang='lat' dir='ltr'><strong>liberum,</strong></span> <span class='ocrx_word' id='word_1_757' title='bbox 2306 4189 2362 4234; x_wconf 89' lang='lat' dir='ltr'><strong>ut</strong></span> <span class='ocrx_word' id='word_1_758' title='bbox 2391 4180 2454 4233; x_wconf 89' lang='lat' dir='ltr'><strong>ad</strong></span> <span class='ocrx_word' id='word_1_759' title='bbox 2482 4180 2678 4234; x_wconf 91' lang='lat' dir='ltr'><strong>bonum</strong></span> <span class='ocrx_word' id='word_1_760' title='bbox 2711 4187 2764 4232; x_wconf 92' lang='lat' dir='ltr'><strong>ct</strong></span> <span class='ocrx_word' id='word_1_761' title='bbox 2805 4179 3004 4232; x_wconf 87' lang='lat' dir='ltr'><strong>malum</strong></span> <span class='ocrx_word' id='word_1_762' title='bbox 3037 4178 3148 4246; x_wconf 91' lang='lat' dir='ltr'><strong>pari</strong></span> <span class='ocrx_word' id='word_1_763' title='bbox 3179 4188 3268 4230; x_wconf 88' lang='lat' dir='ltr'><strong>attt</strong></span> <span class='ocrx_word' id='word_1_764' title='bbox 3294 4176 3442 4232; x_wconf 78' lang='lat' dir='ltr'><strong>sufﬁ-</strong></span> 
     </span>
    </p>
   </div>
   <div class='ocr_carea' id='block_1_97' title="bbox 1868 4249 3438 4318">
    <p class='ocr_par' dir='ltr' id='par_1_97' title="bbox 1868 4249 3438 4318">
     <span class='ocr_line' id='line_1_97' title="bbox 1868 4249 3438 4318; baseline 0.003 -15"><span class='ocrx_word' id='word_1_765' title='bbox 1868 4251 2033 4305; x_wconf 89' lang='lat' dir='ltr'><strong>cienti</strong></span> <span class='ocrx_word' id='word_1_766' title='bbox 2065 4252 2261 4316; x_wconf 86' lang='lat' dir='ltr'><strong>polleat</strong></span> <span class='ocrx_word' id='word_1_767' title='bbox 2295 4251 2544 4305; x_wconf 79' lang='lat' dir='ltr'><strong>facultate</strong></span> <span class='ocrx_word' id='word_1_768' title='bbox 2567 4291 2581 4314; x_wconf 91' lang='lat'><strong>,</strong></span> <span class='ocrx_word' id='word_1_769' title='bbox 2629 4264 2728 4303; x_wconf 89' lang='lat' dir='ltr'><strong>uec</strong></span> <span class='ocrx_word' id='word_1_770' title='bbox 2755 4259 2907 4316; x_wconf 80' lang='lat' dir='ltr'><strong>egeat</strong></span> <span class='ocrx_word' id='word_1_771' title='bbox 2935 4250 3122 4318; x_wconf 81' lang='lat' dir='ltr'><strong>gratiae</strong></span> <span class='ocrx_word' id='word_1_772' title='bbox 3159 4249 3399 4304; x_wconf 90' lang='lat' dir='ltr'><strong>subsidio</strong></span> <span class='ocrx_word' id='word_1_773' title='bbox 3424 4290 3438 4308; x_wconf 94' lang='lat'><strong>.</strong></span> 
     </span>
    </p>
   </div>
   <div class='ocr_carea' id='block_1_98' title="bbox 1869 4320 3440 4391">
    <p class='ocr_par' dir='ltr' id='par_1_98' title="bbox 1869 4320 3440 4391">
     <span class='ocr_line' id='line_1_98' title="bbox 1869 4320 3440 4391; baseline 0 -17"><span class='ocrx_word' id='word_1_774' title='bbox 1869 4322 1974 4375; x_wconf 89' lang='lat' dir='ltr'><strong>nisi</strong></span> <span class='ocrx_word' id='word_1_775' title='bbox 2021 4323 2086 4374; x_wconf 87' lang='lat' dir='ltr'><strong>ad</strong></span> <span class='ocrx_word' id='word_1_776' title='bbox 2136 4321 2523 4391; x_wconf 65' lang='lat' dir='ltr'><strong>perﬁciendum</strong></span> <span class='ocrx_word' id='word_1_777' title='bbox 2563 4321 2614 4376; x_wconf 89' lang='lat' dir='ltr'><strong>id</strong></span> <span class='ocrx_word' id='word_1_778' title='bbox 2655 4321 2797 4390; x_wconf 88' lang='lat' dir='ltr'><strong>quod</strong></span> <span class='ocrx_word' id='word_1_779' title='bbox 2841 4322 3165 4389; x_wconf 77' lang='lat' dir='ltr'><strong>incceperlt,</strong></span> <span class='ocrx_word' id='word_1_780' title='bbox 3220 4337 3322 4373; x_wconf 88' lang='lat' dir='ltr'><strong>non</strong></span> <span class='ocrx_word' id='word_1_781' title='bbox 3371 4320 3440 4374; x_wconf 88' lang='lat' dir='ltr'><strong>ad</strong></span> 
     </span>
    </p>
   </div>
   <div class='ocr_carea' id='block_1_99' title="bbox 1869 4391 3441 4458">
    <p class='ocr_par' dir='ltr' id='par_1_99' title="bbox 1869 4391 3441 4458">
     <span class='ocr_line' id='line_1_99' title="bbox 1869 4391 3441 4458; baseline 0.001 -14"><span class='ocrx_word' id='word_1_782' title='bbox 1869 4393 2153 4446; x_wconf 77' lang='lat' dir='ltr'><strong>Volandum</strong></span> <span class='ocrx_word' id='word_1_783' title='bbox 2185 4402 2238 4446; x_wconf 91' lang='lat' dir='ltr'><strong>et</strong></span> <span class='ocrx_word' id='word_1_784' title='bbox 2268 4391 2659 4454; x_wconf 89' lang='lat' dir='ltr'><strong>inchoandum;</strong></span> <span class='ocrx_word' id='word_1_785' title='bbox 2692 4407 2811 4444; x_wconf 89' lang='lat' dir='ltr'><strong>cum</strong></span> <span class='ocrx_word' id='word_1_786' title='bbox 2839 4407 2906 4446; x_wconf 82' lang='lat' dir='ltr'><strong>ex</strong></span> <span class='ocrx_word' id='word_1_787' title='bbox 2937 4391 3124 4445; x_wconf 88' lang='lat' dir='ltr'><strong>iisdem</strong></span> <span class='ocrx_word' id='word_1_788' title='bbox 3146 4391 3441 4458; x_wconf 79' lang='lat' dir='ltr'><strong>Scripturis</strong></span> 
     </span>
    </p>
   </div>
   <div class='ocr_carea' id='block_1_100' title="bbox 1868 4460 3444 4586">
    <p class='ocr_par' dir='ltr' id='par_1_100' title="bbox 1868 4460 3444 4586">
     <span class='ocr_line' id='line_1_100' title="bbox 1868 4460 3444 4586; baseline 0 -72"><span class='ocrx_word' id='word_1_789' title='bbox 1868 4465 2053 4586; x_wconf 61' lang='lat' dir='ltr'><strong>1gratiae</strong></span> <span class='ocrx_word' id='word_1_790' title='bbox 2101 4465 2399 4519; x_wconf 88' lang='lat' dir='ltr'><strong>necessitas</strong></span> <span class='ocrx_word' id='word_1_791' title='bbox 2429 4461 2494 4516; x_wconf 88' lang='lat' dir='ltr'><strong>ad</strong></span> <span class='ocrx_word' id='word_1_792' title='bbox 2527 4472 2810 4533; x_wconf 85' lang='lat' dir='ltr'><strong>utrumque</strong></span> <span class='ocrx_word' id='word_1_793' title='bbox 2849 4460 3154 4517; x_wconf 68' lang='lat' dir='ltr'><strong>certissime</strong></span> <span class='ocrx_word' id='word_1_794' title='bbox 3197 4475 3444 4530; x_wconf 87' lang='lat' dir='ltr'><strong>cumpro-</strong></span> 
     </span>
     <span class='ocr_line' id='line_1_101' title="bbox 1907 4544 3158 4586; baseline -0.001 -1"><span class='ocrx_word' id='word_1_795' title='bbox 1907 4544 2044 4586; x_wconf 89' lang='lat' dir='ltr'><strong>etur.</strong></span> <span class='ocrx_word' id='word_1_796' title='bbox 3147 4561 3158 4571; x_wconf 70' lang='grc' dir='ltr'><em>υ</em></span> 
     </span>
    </p>
   </div>
   <div class='ocr_carea' id='block_1_101' title="bbox 1907 4544 3158 4586">
    <p class='ocr_par' dir='ltr' id='par_1_101' title="bbox 1907 4544 3158 4586">
     <span class='ocr_line' id='line_1_102' title="bbox 1907 4544 3158 4586; baseline 0 -1"><span class='ocrx_word' id='word_1_797' title='bbox 1907 4544 2044 4586; x_wconf 67' lang='grc'><strong>(31111⁵.</strong></span> <span class='ocrx_word' id='word_1_798' title='bbox 3147 4561 3158 4571; x_wconf 72' lang='grc'><strong><em>⁸</em></strong></span> 
     </span>
    </p>
   </div>
   <div class='ocr_carea' id='block_1_102' title="bbox 1946 4601 3439 4674">
    <p class='ocr_par' dir='ltr' id='par_1_102' title="bbox 1946 4601 3439 4674">
     <span class='ocr_line' id='line_1_103' title="bbox 1946 4601 3439 4674; baseline -0.001 -17"><span class='ocrx_word' id='word_1_799' title='bbox 1946 4614 1970 4639; x_wconf 75' lang='grc' dir='ltr'><strong>ιι</strong></span> <span class='ocrx_word' id='word_1_800' title='bbox 2005 4605 2146 4658; x_wconf 91' lang='lat' dir='ltr'><strong>lnter</strong></span> <span class='ocrx_word' id='word_1_801' title='bbox 2183 4604 2499 4674; x_wconf 85' lang='lat' dir='ltr'><strong>Pelagianos</strong></span> <span class='ocrx_word' id='word_1_802' title='bbox 2525 4605 2742 4673; x_wconf 85' lang='lat' dir='ltr'><strong>quidem</strong></span> <span class='ocrx_word' id='word_1_803' title='bbox 2764 4644 2779 4667; x_wconf 93' lang='lat'><strong>,</strong></span> <span class='ocrx_word' id='word_1_804' title='bbox 2824 4612 2915 4658; x_wconf 90' lang='lat' dir='ltr'><strong>aut</strong></span> <span class='ocrx_word' id='word_1_805' title='bbox 2943 4601 3402 4674; x_wconf 75' lang='lat' dir='ltr'><strong>Semipelagianos</strong></span> <span class='ocrx_word' id='word_1_806' title='bbox 3425 4643 3439 4667; x_wconf 92' lang='lat'><strong>,</strong></span> 
     </span>
    </p>
   </div>
   <div class='ocr_carea' id='block_1_103' title="bbox 185 4672 3448 4750">
    <p class='ocr_par' dir='ltr' id='par_1_103' title="bbox 185 4672 3448 4750">
     <span class='ocr_line' id='line_1_104' title="bbox 185 4672 3448 4750; baseline -0 -23"><span class='ocrx_word' id='word_1_807' title='bbox 185 4674 401 4750; x_wconf 67' lang='lat' dir='ltr'><strong>arbitrii</strong></span> <span class='ocrx_word' id='word_1_808' title='bbox 429 4676 718 4750; x_wconf 61' lang='lat' dir='ltr'><strong>ascribunt</strong></span> <span class='ocrx_word' id='word_1_809' title='bbox 740 4677 955 4750; x_wconf 67' lang='lat' dir='ltr'><strong>Patres.</strong></span> <span class='ocrx_word' id='word_1_810' title='bbox 985 4676 1090 4750; x_wconf 88' lang='lat' dir='ltr'><strong>Sic</strong></span> <span class='ocrx_word' id='word_1_811' title='bbox 1120 4674 1607 4750; x_wconf 77' lang='lat' dir='ltr'><strong>Damascenuslib.</strong></span> <span class='ocrx_word' id='word_1_812' title='bbox 1635 4689 1674 4750; x_wconf 80' lang='grc' dir='ltr'><strong>ιι</strong></span> <span class='ocrx_word' id='word_1_813' title='bbox 1704 4675 1771 4729; x_wconf 87' lang='lat' dir='ltr'><strong>de</strong></span> <span class='ocrx_word' id='word_1_814' title='bbox 1797 4692 1848 4750; x_wconf 77' lang='grc' dir='ltr'>ι)</span> <span class='ocrx_word' id='word_1_815' title='bbox 1875 4685 1931 4750; x_wconf 81' lang='lat' dir='ltr'><strong>at</strong></span> <span class='ocrx_word' id='word_1_816' title='bbox 1950 4690 2064 4750; x_wconf 88' lang='lat' dir='ltr'><strong>_n_on</strong></span> <span class='ocrx_word' id='word_1_817' title='bbox 2093 4675 2233 4729; x_wconf 91' lang='lat' dir='ltr'><strong>inter</strong></span> <span class='ocrx_word' id='word_1_818' title='bbox 2253 4672 2614 4750; x_wconf 31' lang='lat' dir='ltr'><strong>catholicost</strong></span> <span class='ocrx_word' id='word_1_819' title='bbox 2643 4675 2838 4750; x_wconf 79' lang='lat' dir='ltr'><strong>quibus</strong></span> <span class='ocrx_word' id='word_1_820' title='bbox 2871 4689 2967 4742; x_wconf 90' lang='lat' dir='ltr'><strong>pro</strong></span> <span class='ocrx_word' id='word_1_821' title='bbox 2997 4675 3245 4750; x_wconf 81' lang='lat' dir='ltr'><strong>confesso</strong></span> <span class='ocrx_word' id='word_1_822' title='bbox 3281 4672 3448 4750; x_wconf 28' lang='lat' dir='ltr'><strong>etﬁin-</strong></span> 
     </span>
    </p>
   </div>
   <div class='ocr_carea' id='block_1_104' title="bbox 185 4743 1766 4816">
    <p class='ocr_par' dir='ltr' id='par_1_104' title="bbox 185 4743 1766 4816">
     <span class='ocr_line' id='line_1_105' title="bbox 185 4743 1766 4816; baseline -0.001 -16"><span class='ocrx_word' id='word_1_823' title='bbox 185 4743 424 4800; x_wconf 86' lang='lat' dir='ltr'><strong>Orlhod.</strong></span> <span class='ocrx_word' id='word_1_824' title='bbox 457 4746 588 4800; x_wconf 87' lang='lat' dir='ltr'><strong>Fide</strong></span> <span class='ocrx_word' id='word_1_825' title='bbox 620 4763 667 4800; x_wconf 93' lang='lat' dir='ltr'><strong>c.</strong></span> <span class='ocrx_word' id='word_1_826' title='bbox 700 4747 800 4802; x_wconf 66' lang='grc' dir='ltr'><strong>ηε</strong></span> <span class='ocrx_word' id='word_1_827' title='bbox 837 4747 1145 4809; x_wconf 86' lang='lat' dir='ltr'><strong>Hominem,</strong></span> <span class='ocrx_word' id='word_1_828' title='bbox 1175 4745 1368 4814; x_wconf 88' lang='lat' dir='ltr'><strong>inquit,</strong></span> <span class='ocrx_word' id='word_1_829' title='bbox 1398 4744 1466 4798; x_wconf 91' lang='lat' dir='ltr'><strong>ad</strong></span> <span class='ocrx_word' id='word_1_830' title='bbox 1491 4746 1766 4816; x_wconf 87' lang='lat' dir='ltr'><strong>imaginem</strong></span> 
     </span>
    </p>
   </div>
   <div class='ocr_carea' id='block_1_105' title="bbox 185 4815 1768 4887">
    <p class='ocr_par' dir='ltr' id='par_1_105' title="bbox 185 4815 1768 4887">
     <span class='ocr_line' id='line_1_106' title="bbox 185 4815 1768 4887; baseline -0.002 -16"><span class='ocrx_word' id='word_1_831' title='bbox 185 4816 302 4887; x_wconf 78' lang='lat' dir='ltr'><strong>Dei</strong></span> <span class='ocrx_word' id='word_1_832' title='bbox 320 4831 448 4883; x_wconf 88' lang='lat' dir='ltr'><strong>csse,</strong></span> <span class='ocrx_word' id='word_1_833' title='bbox 468 4817 723 4886; x_wconf 85' lang='lat' dir='ltr'><strong>signiﬁcat</strong></span> <span class='ocrx_word' id='word_1_834' title='bbox 757 4820 930 4887; x_wconf 86' lang='lat' dir='ltr'><strong>ipsum</strong></span> <span class='ocrx_word' id='word_1_835' title='bbox 959 4833 1065 4871; x_wconf 87' lang='lat' dir='ltr'><strong>esse</strong></span> <span class='ocrx_word' id='word_1_836' title='bbox 1093 4815 1515 4881; x_wconf 86' lang='lat' dir='ltr'><strong>intellectualem;</strong></span> <span class='ocrx_word' id='word_1_837' title='bbox 1547 4815 1768 4887; x_wconf 26' lang='lat' dir='ltr'><strong>et’liberi</strong></span> 
     </span>
    </p>
   </div>
   <div class='ocr_carea' id='block_1_106' title="bbox 187 4885 1766 4954">
    <p class='ocr_par' dir='ltr' id='par_1_106' title="bbox 187 4885 1766 4954">
     <span class='ocr_line' id='line_1_107' title="bbox 187 4885 1766 4954; baseline 0 -14"><span class='ocrx_word' id='word_1_838' title='bbox 187 4885 426 4950; x_wconf 89' lang='lat' dir='ltr'><strong>arbitrii,</strong></span> <span class='ocrx_word' id='word_1_839' title='bbox 451 4885 801 4953; x_wconf 55' lang='grc' dir='ltr'><strong>αὐλτεεούσιοί.</strong></span> <span class='ocrx_word' id='word_1_840' title='bbox 832 4888 896 4941; x_wconf 74' lang='grc'>20</span> <span class='ocrx_word' id='word_1_841' title='bbox 920 4888 1045 4943; x_wconf 91' lang='lat' dir='ltr'><strong>Post</strong></span> <span class='ocrx_word' id='word_1_842' title='bbox 1067 4887 1274 4953; x_wconf 91' lang='lat' dir='ltr'><strong>lapsum</strong></span> <span class='ocrx_word' id='word_1_843' title='bbox 1307 4887 1461 4954; x_wconf 91' lang='lat' dir='ltr'><strong>primi</strong></span> <span class='ocrx_word' id='word_1_844' title='bbox 1495 4885 1766 4950; x_wconf 88' lang='lat' dir='ltr'><strong>hominis,</strong></span> 
     </span>
    </p>
   </div>
   <div class='ocr_carea' id='block_1_107' title="bbox 189 4957 1764 5025">
    <p class='ocr_par' dir='ltr' id='par_1_107' title="bbox 189 4957 1764 5025">
     <span class='ocr_line' id='line_1_108' title="bbox 189 4957 1764 5025; baseline -0.001 -15"><span class='ocrx_word' id='word_1_845' title='bbox 189 4959 422 5012; x_wconf 90' lang='lat' dir='ltr'><strong>liberum</strong></span> <span class='ocrx_word' id='word_1_846' title='bbox 466 4958 790 5025; x_wconf 90' lang='lat' dir='ltr'><strong>arbitrium,</strong></span> <span class='ocrx_word' id='word_1_847' title='bbox 835 4959 962 5013; x_wconf 84' lang='lat' dir='ltr'><strong>licet</strong></span> <span class='ocrx_word' id='word_1_848' title='bbox 1001 4957 1335 5014; x_wconf 90' lang='lat' dir='ltr'><strong>debilitatum</strong></span> <span class='ocrx_word' id='word_1_849' title='bbox 1385 4967 1439 5011; x_wconf 92' lang='lat' dir='ltr'><strong>et</strong></span> <span class='ocrx_word' id='word_1_850' title='bbox 1467 4957 1764 5012; x_wconf 86' lang='lat' dir='ltr'><strong>sauciatutu</strong></span> 
     </span>
    </p>
   </div>
   <div class='ocr_carea' id='block_1_108' title="bbox 188 5027 1770 5090">
    <p class='ocr_par' dir='ltr' id='par_1_108' title="bbox 188 5027 1770 5090">
     <span class='ocr_line' id='line_1_109' title="bbox 188 5027 1770 5090; baseline 0 -8"><span class='ocrx_word' id='word_1_851' title='bbox 188 5029 283 5090; x_wconf 86' lang='lat' dir='ltr'><strong>sit,</strong></span> <span class='ocrx_word' id='word_1_852' title='bbox 317 5043 421 5082; x_wconf 94' lang='lat' dir='ltr'><strong>nou</strong></span> <span class='ocrx_word' id='word_1_853' title='bbox 447 5039 626 5083; x_wconf 88' lang='lat' dir='ltr'><strong>tamen</strong></span> <span class='ocrx_word' id='word_1_854' title='bbox 649 5030 904 5084; x_wconf 90' lang='lat' dir='ltr'><strong>amissum</strong></span> <span class='ocrx_word' id='word_1_855' title='bbox 932 5037 1024 5082; x_wconf 91' lang='lat' dir='ltr'><strong>aut</strong></span> <span class='ocrx_word' id='word_1_856' title='bbox 1068 5028 1400 5083; x_wconf 82' lang='lat' dir='ltr'><strong>exstinctum</strong></span> <span class='ocrx_word' id='word_1_857' title='bbox 1423 5037 1525 5082; x_wconf 89' lang='lat' dir='ltr'><strong>est.</strong></span> <span class='ocrx_word' id='word_1_858' title='bbox 1545 5027 1770 5082; x_wconf 90' lang='lat' dir='ltr'><strong>Omissis</strong></span> 
     </span>
    </p>
   </div>
   <div class='ocr_carea' id='block_1_109' title="bbox 187 5097 1770 5168">
    <p class='ocr_par' dir='ltr' id='par_1_109' title="bbox 187 5097 1770 5168">
     <span class='ocr_line' id='line_1_110' title="bbox 187 5097 1770 5168; baseline -0.002 -15"><span class='ocrx_word' id='word_1_859' title='bbox 187 5113 360 5153; x_wconf 65' lang='lat' dir='ltr'><strong>sacrae</strong></span> <span class='ocrx_word' id='word_1_860' title='bbox 391 5097 686 5168; x_wconf 74' lang='lat' dir='ltr'><strong>Scriptum</strong></span> <span class='ocrx_word' id='word_1_861' title='bbox 713 5110 769 5155; x_wconf 87' lang='lat' dir='ltr'><strong>et</strong></span> <span class='ocrx_word' id='word_1_862' title='bbox 794 5101 895 5156; x_wconf 90' lang='lat' dir='ltr'><strong>SS.</strong></span> <span class='ocrx_word' id='word_1_863' title='bbox 925 5099 1142 5154; x_wconf 89' lang='lat' dir='ltr'><strong>Patrum</strong></span> <span class='ocrx_word' id='word_1_864' title='bbox 1174 5098 1584 5153; x_wconf 85' lang='lat' dir='ltr'><strong>auctoritatibus</strong></span> <span class='ocrx_word' id='word_1_865' title='bbox 1612 5098 1770 5151; x_wconf 89' lang='lat' dir='ltr'><strong>innu-</strong></span> 
     </span>
    </p>
   </div>
   <div class='ocr_carea' id='block_1_110' title="bbox 189 5169 1771 5240">
    <p class='ocr_par' dir='ltr' id='par_1_110' title="bbox 189 5169 1771 5240">
     <span class='ocr_line' id='line_1_111' title="bbox 189 5169 1771 5240; baseline 0 -18"><span class='ocrx_word' id='word_1_866' title='bbox 189 5170 358 5224; x_wconf 89' lang='lat' dir='ltr'><strong>meris</strong></span> <span class='ocrx_word' id='word_1_867' title='bbox 383 5211 398 5236; x_wconf 94' lang='lat'><strong>,</strong></span> <span class='ocrx_word' id='word_1_868' title='bbox 436 5187 570 5239; x_wconf 90' lang='lat' dir='ltr'><strong>quas</strong></span> <span class='ocrx_word' id='word_1_869' title='bbox 604 5171 747 5240; x_wconf 90' lang='lat' dir='ltr'><strong>apud</strong></span> <span class='ocrx_word' id='word_1_870' title='bbox 779 5170 1104 5226; x_wconf 71' lang='lat' dir='ltr'><strong>cartlinalem</strong></span> <span class='ocrx_word' id='word_1_871' title='bbox 1137 5169 1527 5224; x_wconf 88' lang='lat' dir='ltr'><strong>Bellarminum</strong></span> <span class='ocrx_word' id='word_1_872' title='bbox 1555 5178 1609 5224; x_wconf 92' lang='lat' dir='ltr'><strong>et</strong></span> <span class='ocrx_word' id='word_1_873' title='bbox 1637 5169 1771 5240; x_wconf 76' lang='lat' dir='ltr'><strong>alios</strong></span> 
     </span>
    </p>
   </div>
   <div class='ocr_carea' id='block_1_111' title="bbox 186 5237 1769 5306">
    <p class='ocr_par' dir='ltr' id='par_1_111' title="bbox 186 5237 1769 5306">
     <span class='ocr_line' id='line_1_112' title="bbox 186 5237 1769 5306; baseline -0.002 -10"><span class='ocrx_word' id='word_1_874' title='bbox 186 5237 684 5298; x_wconf 83' lang='lat' dir='ltr'><strong>controversiarum</strong></span> <span class='ocrx_word' id='word_1_875' title='bbox 724 5251 1043 5296; x_wconf 88' lang='lat' dir='ltr'><strong>tractatores</strong></span> <span class='ocrx_word' id='word_1_876' title='bbox 1081 5241 1253 5296; x_wconf 90' lang='lat' dir='ltr'><strong>lector</strong></span> <span class='ocrx_word' id='word_1_877' title='bbox 1284 5240 1562 5306; x_wconf 85' lang='lat' dir='ltr'><strong>requirat,</strong></span> <span class='ocrx_word' id='word_1_878' title='bbox 1609 5237 1769 5294; x_wconf 80' lang='lat' dir='ltr'><strong>suﬁ‘e-</strong></span> 
     </span>
    </p>
   </div>
   <div class='ocr_carea' id='block_1_112' title="bbox 186 5309 1768 5368">
    <p class='ocr_par' dir='ltr' id='par_1_112' title="bbox 186 5309 1768 5368">
     <span class='ocr_line' id='line_1_113' title="bbox 186 5309 1768 5368; baseline -0.001 -4"><span class='ocrx_word' id='word_1_879' title='bbox 186 5313 330 5364; x_wconf 82' lang='lat' dir='ltr'><strong>cerit</strong></span> <span class='ocrx_word' id='word_1_880' title='bbox 363 5312 523 5368; x_wconf 84' lang='lat' dir='ltr'><strong>nobis</strong></span> <span class='ocrx_word' id='word_1_881' title='bbox 552 5311 810 5368; x_wconf 68' lang='lat' dir='ltr'><strong>Ecclesiae</strong></span> <span class='ocrx_word' id='word_1_882' title='bbox 836 5312 1079 5368; x_wconf 89' lang='lat' dir='ltr'><strong>deﬁnitio</strong></span> <span class='ocrx_word' id='word_1_883' title='bbox 1109 5314 1162 5364; x_wconf 89' lang='lat' dir='ltr'><strong>in</strong></span> <span class='ocrx_word' id='word_1_884' title='bbox 1193 5309 1424 5365; x_wconf 91' lang='lat' dir='ltr'><strong>concilio</strong></span> <span class='ocrx_word' id='word_1_885' title='bbox 1451 5310 1768 5364; x_wconf 86' lang='lat' dir='ltr'><strong>Tridentino</strong></span> 
     </span>
    </p>
   </div>
   <div class='ocr_carea' id='block_1_113' title="bbox 186 5379 1768 5454">
    <p class='ocr_par' dir='ltr' id='par_1_113' title="bbox 186 5379 1768 5454">
     <span class='ocr_line' id='line_1_114' title="bbox 186 5379 1768 5454; baseline -0.003 -17"><span class='ocrx_word' id='word_1_886' title='bbox 186 5397 452 5448; x_wconf 82' lang='lat' dir='ltr'><strong>expressa</strong></span> <span class='ocrx_word' id='word_1_887' title='bbox 491 5383 664 5454; x_wconf 85' lang='lat' dir='ltr'><strong>(Sess.</strong></span> <span class='ocrx_word' id='word_1_888' title='bbox 693 5399 745 5438; x_wconf 71' lang='grc' dir='ltr'>γι</span> <span class='ocrx_word' id='word_1_889' title='bbox 775 5400 822 5438; x_wconf 88' lang='lat' dir='ltr'><strong>c.</strong></span> <span class='ocrx_word' id='word_1_890' title='bbox 868 5384 900 5439; x_wconf 81' lang='grc'>5</span> <span class='ocrx_word' id='word_1_891' title='bbox 921 5384 940 5452; x_wconf 86' lang='grc'>)</span> <span class='ocrx_word' id='word_1_892' title='bbox 963 5427 975 5451; x_wconf 92' lang='grc'><em>,</em></span> <span class='ocrx_word' id='word_1_893' title='bbox 1003 5382 1110 5454; x_wconf 18' lang='grc' dir='ltr'>ίιιιιί</span> <span class='ocrx_word' id='word_1_894' title='bbox 1140 5383 1366 5454; x_wconf 82' lang='lat' dir='ltr'><strong>primum</strong></span> <span class='ocrx_word' id='word_1_895' title='bbox 1401 5379 1646 5448; x_wconf 82' lang='lat' dir='ltr'><strong>deﬁnitur</strong></span> <span class='ocrx_word' id='word_1_896' title='bbox 1675 5380 1768 5454; x_wconf 68' lang='lat' dir='ltr'><strong>Ito-</strong></span> 
     </span>
    </p>
   </div>
   <div class='ocr_carea' id='block_1_114' title="bbox 186 5451 1768 5526">
    <p class='ocr_par' dir='ltr' id='par_1_114' title="bbox 186 5451 1768 5526">
     <span class='ocr_line' id='line_1_115' title="bbox 186 5451 1768 5526; baseline -0.001 -21"><span class='ocrx_word' id='word_1_897' title='bbox 186 5455 354 5526; x_wconf 85' lang='lat' dir='ltr'><strong>mines</strong></span> <span class='ocrx_word' id='word_1_898' title='bbox 375 5497 389 5520; x_wconf 91' lang='lat'><strong>,</strong></span> <span class='ocrx_word' id='word_1_899' title='bbox 434 5451 523 5523; x_wconf 82' lang='lat' dir='ltr'><strong>qui</strong></span> <span class='ocrx_word' id='word_1_900' title='bbox 565 5471 652 5519; x_wconf 89' lang='lat' dir='ltr'><strong>per</strong></span> <span class='ocrx_word' id='word_1_901' title='bbox 677 5465 884 5526; x_wconf 84' lang='lat' dir='ltr'><strong>peccata</strong></span> <span class='ocrx_word' id='word_1_902' title='bbox 913 5451 945 5507; x_wconf 91' lang='lat' dir='ltr'><strong><em>a</em></strong></span> <span class='ocrx_word' id='word_1_903' title='bbox 983 5453 1092 5507; x_wconf 92' lang='lat' dir='ltr'><strong>Deo</strong></span> <span class='ocrx_word' id='word_1_904' title='bbox 1116 5452 1279 5526; x_wconf 77' lang='lat' dir='ltr'><strong>aversi</strong></span> <span class='ocrx_word' id='word_1_905' title='bbox 1308 5459 1485 5526; x_wconf 78' lang='lat' dir='ltr'><strong>erant,</strong></span> <span class='ocrx_word' id='word_1_906' title='bbox 1533 5467 1622 5520; x_wconf 90' lang='lat' dir='ltr'><strong>per</strong></span> <span class='ocrx_word' id='word_1_907' title='bbox 1659 5451 1768 5526; x_wconf 83' lang='lat' dir='ltr'><strong>ejus</strong></span> 
     </span>
    </p>
   </div>
   <div class='ocr_carea' id='block_1_115' title="bbox 187 5522 1774 5596">
    <p class='ocr_par' dir='ltr' id='par_1_115' title="bbox 187 5522 1774 5596">
     <span class='ocr_line' id='line_1_116' title="bbox 187 5522 1774 5596; baseline 0 -20"><span class='ocrx_word' id='word_1_908' title='bbox 187 5522 500 5578; x_wconf 71' lang='lat' dir='ltr'><strong>excitantem</strong></span> <span class='ocrx_word' id='word_1_909' title='bbox 527 5522 1026 5596; x_wconf 49' lang='lat' dir='ltr'><strong>atquc&#39;adjuuantem</strong></span> <span class='ocrx_word' id='word_1_910' title='bbox 1051 5523 1270 5596; x_wconf 83' lang='lat' dir='ltr'><strong>gratiam</strong></span> <span class='ocrx_word' id='word_1_911' title='bbox 1293 5523 1362 5573; x_wconf 91' lang='lat' dir='ltr'><strong>ad</strong></span> <span class='ocrx_word' id='word_1_912' title='bbox 1386 5522 1774 5596; x_wconf 81' lang='lat' dir='ltr'><strong>convertendum</strong></span> 
     </span>
    </p>
   </div>
   <div class='ocr_carea' id='block_1_116' title="bbox 186 5591 1776 5668">
    <p class='ocr_par' dir='ltr' id='par_1_116' title="bbox 186 5591 1776 5668">
     <span class='ocr_line' id='line_1_117' title="bbox 186 5591 1776 5668; baseline -0.001 -23"><span class='ocrx_word' id='word_1_913' title='bbox 186 5610 251 5668; x_wconf 74' lang='lat' dir='ltr'><strong>se</strong></span> <span class='ocrx_word' id='word_1_914' title='bbox 287 5595 356 5647; x_wconf 91' lang='lat' dir='ltr'><strong>ad</strong></span> <span class='ocrx_word' id='word_1_915' title='bbox 397 5611 546 5649; x_wconf 86' lang='lat' dir='ltr'><strong>suam</strong></span> <span class='ocrx_word' id='word_1_916' title='bbox 592 5591 820 5668; x_wconf 80' lang='lat' dir='ltr'><strong>ipsorum</strong></span> <span class='ocrx_word' id='word_1_917' title='bbox 863 5591 1292 5668; x_wconf 67' lang='lat' dir='ltr'><strong>justiﬁcationettt</strong></span> <span class='ocrx_word' id='word_1_918' title='bbox 1322 5631 1362 5668; x_wconf 84' lang='lat'><strong>,_</strong></span> <span class='ocrx_word' id='word_1_919' title='bbox 1389 5591 1552 5668; x_wconf 78' lang='lat' dir='ltr'><strong>eidem</strong></span> <span class='ocrx_word' id='word_1_920' title='bbox 1597 5594 1776 5661; x_wconf 73' lang='lat' dir='ltr'><strong>gratia:</strong></span> 
     </span>
    </p>
   </div>
   <div class='ocr_carea' id='block_1_117' title="bbox 136 5662 1777 5731">
    <p class='ocr_par' dir='ltr' id='par_1_117' title="bbox 136 5662 1777 5731">
     <span class='ocr_line' id='line_1_118' title="bbox 136 5662 1777 5731; baseline -0.002 -13"><span class='ocrx_word' id='word_1_921' title='bbox 136 5669 143 5681; x_wconf 96' lang='lat'><strong>&#39;</strong></span> <span class='ocrx_word' id='word_1_922' title='bbox 191 5665 350 5719; x_wconf 87' lang='lat' dir='ltr'><strong>libere</strong></span> <span class='ocrx_word' id='word_1_923' title='bbox 377 5662 701 5720; x_wconf 79' lang='lat' dir='ltr'><strong>assentiendo</strong></span> <span class='ocrx_word' id='word_1_924' title='bbox 724 5677 768 5720; x_wconf 87' lang='lat' dir='ltr'><strong>et</strong></span> <span class='ocrx_word' id='word_1_925' title='bbox 795 5662 1120 5731; x_wconf 78' lang='lat' dir='ltr'><strong>cooperando</strong></span> <span class='ocrx_word' id='word_1_926' title='bbox 1159 5662 1363 5730; x_wconf 83' lang='lat' dir='ltr'><strong>disponi</strong></span> <span class='ocrx_word' id='word_1_927' title='bbox 1395 5677 1412 5714; x_wconf 88' lang='lat'><em>:</em></span> <span class='ocrx_word' id='word_1_928' title='bbox 1454 5662 1528 5715; x_wconf 89' lang='lat' dir='ltr'><strong>ita</strong></span> <span class='ocrx_word' id='word_1_929' title='bbox 1567 5671 1624 5715; x_wconf 88' lang='lat' dir='ltr'><strong>ut</strong></span> <span class='ocrx_word' id='word_1_930' title='bbox 1663 5672 1777 5716; x_wconf 89' lang='lat' dir='ltr'><strong>tan-</strong></span> 
     </span>
    </p>
   </div>
   <div class='ocr_carea' id='block_1_118' title="bbox 189 5733 1775 5808">
    <p class='ocr_par' dir='ltr' id='par_1_118' title="bbox 189 5733 1775 5808">
     <span class='ocr_line' id='line_1_119' title="bbox 189 5733 1775 5808; baseline -0.001 -21"><span class='ocrx_word' id='word_1_931' title='bbox 189 5742 349 5808; x_wconf 83' lang='lat' dir='ltr'><strong>gente</strong></span> <span class='ocrx_word' id='word_1_932' title='bbox 384 5735 494 5790; x_wconf 90' lang='lat' dir='ltr'><strong>Deo</strong></span> <span class='ocrx_word' id='word_1_933' title='bbox 532 5753 621 5790; x_wconf 86' lang='lat' dir='ltr'><strong>cor</strong></span> <span class='ocrx_word' id='word_1_934' title='bbox 651 5737 874 5808; x_wconf 83' lang='lat' dir='ltr'><strong>hominis</strong></span> <span class='ocrx_word' id='word_1_935' title='bbox 907 5753 997 5806; x_wconf 89' lang='lat' dir='ltr'><strong>per</strong></span> <span class='ocrx_word' id='word_1_936' title='bbox 1025 5735 1252 5808; x_wconf 84' lang='lat' dir='ltr'><strong>Spiritus</strong></span> <span class='ocrx_word' id='word_1_937' title='bbox 1291 5733 1457 5808; x_wconf 73' lang='lat' dir='ltr'><strong>sancti</strong></span> <span class='ocrx_word' id='word_1_938' title='bbox 1506 5733 1775 5808; x_wconf 81' lang='lat' dir='ltr'><strong>illumina-</strong></span> 
     </span>
    </p>
   </div>
   <div class='ocr_carea' id='block_1_119' title="bbox 195 5804 1774 5878">
    <p class='ocr_par' dir='ltr' id='par_1_119' title="bbox 195 5804 1774 5878">
     <span class='ocr_line' id='line_1_120' title="bbox 195 5804 1774 5878; baseline -0.001 -18"><span class='ocrx_word' id='word_1_939' title='bbox 195 5804 390 5864; x_wconf 78' lang='lat' dir='ltr'><strong>iionem</strong></span> <span class='ocrx_word' id='word_1_940' title='bbox 415 5847 432 5878; x_wconf 89' lang='lat'><strong>,</strong></span> <span class='ocrx_word' id='word_1_941' title='bbox 466 5822 630 5875; x_wconf 76' lang='lat' dir='ltr'><strong>neque</strong></span> <span class='ocrx_word' id='word_1_942' title='bbox 667 5805 820 5864; x_wconf 88' lang='lat' dir='ltr'><strong>homo</strong></span> <span class='ocrx_word' id='word_1_943' title='bbox 858 5804 967 5876; x_wconf 76' lang='lat' dir='ltr'><strong>ipse</strong></span> <span class='ocrx_word' id='word_1_944' title='bbox 1008 5804 1138 5860; x_wconf 89' lang='lat' dir='ltr'><strong>nihil</strong></span> <span class='ocrx_word' id='word_1_945' title='bbox 1168 5804 1370 5860; x_wconf 88' lang='lat' dir='ltr'><strong>omnino</strong></span> <span class='ocrx_word' id='word_1_946' title='bbox 1399 5813 1519 5873; x_wconf 84' lang='lat' dir='ltr'><strong>agat</strong></span> <span class='ocrx_word' id='word_1_947' title='bbox 1552 5805 1774 5875; x_wconf 83' lang='lat' dir='ltr'><strong>inspira-</strong></span> 
     </span>
    </p>
   </div>
   <div class='ocr_carea' id='block_1_120' title="bbox 1875 4743 3447 4800">
    <p class='ocr_par' dir='ltr' id='par_1_120' title="bbox 1875 4743 3447 4800">
     <span class='ocr_line' id='line_1_121' title="bbox 1875 4743 3447 4800; baseline -0.002 -1"><span class='ocrx_word' id='word_1_948' title='bbox 1875 4745 2118 4799; x_wconf 90' lang='lat' dir='ltr'><strong>dubitato</strong></span> <span class='ocrx_word' id='word_1_949' title='bbox 2164 4757 2245 4799; x_wconf 88' lang='lat' dir='ltr'><strong>est</strong></span> <span class='ocrx_word' id='word_1_950' title='bbox 2294 4760 2452 4800; x_wconf 92' lang='lat' dir='ltr'><strong>omne</strong></span> <span class='ocrx_word' id='word_1_951' title='bbox 2501 4744 2707 4798; x_wconf 86' lang='lat' dir='ltr'><strong>initium</strong></span> <span class='ocrx_word' id='word_1_952' title='bbox 2740 4746 2894 4799; x_wconf 72' lang='lat' dir='ltr'><strong>boum</strong></span> <span class='ocrx_word' id='word_1_953' title='bbox 2923 4745 3213 4798; x_wconf 89' lang='lat' dir='ltr'><strong>voluntatis</strong></span> <span class='ocrx_word' id='word_1_954' title='bbox 3260 4758 3288 4796; x_wconf 91' lang='lat' dir='ltr'><strong>a</strong></span> <span class='ocrx_word' id='word_1_955' title='bbox 3341 4743 3447 4797; x_wconf 89' lang='lat' dir='ltr'><strong>Deo</strong></span> 
     </span>
    </p>
   </div>
   <div class='ocr_carea' id='block_1_121' title="bbox 1878 4815 3445 4884">
    <p class='ocr_par' dir='ltr' id='par_1_121' title="bbox 1878 4815 3445 4884">
     <span class='ocr_line' id='line_1_122' title="bbox 1878 4815 3445 4884; baseline -0.002 -16"><span class='ocrx_word' id='word_1_956' title='bbox 1878 4817 2178 4884; x_wconf 85' lang='lat' dir='ltr'><strong>provenire,</strong></span> <span class='ocrx_word' id='word_1_957' title='bbox 2211 4827 2268 4868; x_wconf 91' lang='lat' dir='ltr'><strong>ut</strong></span> <span class='ocrx_word' id='word_1_958' title='bbox 2297 4817 2546 4883; x_wconf 73' lang='lat' dir='ltr'><strong>superius</strong></span> <span class='ocrx_word' id='word_1_959' title='bbox 2570 4825 2845 4871; x_wconf 83' lang='lat' dir='ltr'><strong>ostensum</strong></span> <span class='ocrx_word' id='word_1_960' title='bbox 2875 4824 2977 4870; x_wconf 72' lang='lat' dir='ltr'><strong>est.</strong></span> <span class='ocrx_word' id='word_1_961' title='bbox 3011 4815 3226 4884; x_wconf 81' lang='lat' dir='ltr'><strong>Triplex</strong></span> <span class='ocrx_word' id='word_1_962' title='bbox 3271 4823 3445 4868; x_wconf 81' lang='lat' dir='ltr'><strong>autem</strong></span> 
     </span>
    </p>
   </div>
   <div class='ocr_carea' id='block_1_122' title="bbox 1875 4885 3446 4952">
    <p class='ocr_par' dir='ltr' id='par_1_122' title="bbox 1875 4885 3446 4952">
     <span class='ocr_line' id='line_1_123' title="bbox 1875 4885 3446 4952; baseline -0.003 -12"><span class='ocrx_word' id='word_1_963' title='bbox 1875 4901 2027 4940; x_wconf 92' lang='lat' dir='ltr'><strong>error</strong></span> <span class='ocrx_word' id='word_1_964' title='bbox 2057 4894 2111 4938; x_wconf 90' lang='lat' dir='ltr'><strong>et</strong></span> <span class='ocrx_word' id='word_1_965' title='bbox 2143 4886 2445 4940; x_wconf 81' lang='lat' dir='ltr'><strong>absurditas</strong></span> <span class='ocrx_word' id='word_1_966' title='bbox 2488 4887 2572 4940; x_wconf 89' lang='lat' dir='ltr'><strong>hic</strong></span> <span class='ocrx_word' id='word_1_967' title='bbox 2611 4889 2984 4940; x_wconf 87' lang='lat' dir='ltr'><strong>committitur.</strong></span> <span class='ocrx_word' id='word_1_968' title='bbox 3035 4887 3244 4940; x_wconf 85' lang='lat' dir='ltr'><strong>Primus</strong></span> <span class='ocrx_word' id='word_1_969' title='bbox 3269 4927 3282 4942; x_wconf 88' lang='lat'><strong>.</strong></span> <span class='ocrx_word' id='word_1_970' title='bbox 3324 4885 3446 4952; x_wconf 87' lang='lat' dir='ltr'><strong>quia</strong></span> 
     </span>
    </p>
   </div>
   <div class='ocr_carea' id='block_1_123' title="bbox 1876 4953 3448 5025">
    <p class='ocr_par' dir='ltr' id='par_1_123' title="bbox 1876 4953 3448 5025">
     <span class='ocr_line' id='line_1_124' title="bbox 1876 4953 3448 5025; baseline 0 -18"><span class='ocrx_word' id='word_1_971' title='bbox 1876 4958 2076 5025; x_wconf 74' lang='lat' dir='ltr'><strong>pariter</strong></span> <span class='ocrx_word' id='word_1_972' title='bbox 2121 4957 2546 5011; x_wconf 81' lang='lat' dir='ltr'><strong>condemnamur</strong></span> <span class='ocrx_word' id='word_1_973' title='bbox 2597 4967 2654 5012; x_wconf 90' lang='lat' dir='ltr'><strong>et</strong></span> <span class='ocrx_word' id='word_1_974' title='bbox 2696 4972 2879 5009; x_wconf 88' lang='lat' dir='ltr'><strong>errare</strong></span> <span class='ocrx_word' id='word_1_975' title='bbox 2923 4958 3175 5010; x_wconf 88' lang='lat' dir='ltr'><strong>dicuntur</strong></span> <span class='ocrx_word' id='word_1_976' title='bbox 3209 4968 3320 5025; x_wconf 89' lang='lat' dir='ltr'><strong>tam</strong></span> <span class='ocrx_word' id='word_1_977' title='bbox 3359 4953 3448 5023; x_wconf 90' lang='lat' dir='ltr'><strong>qui</strong></span> 
     </span>
    </p>
   </div>
   <div class='ocr_carea' id='block_1_124' title="bbox 1876 5024 3449 5082">
    <p class='ocr_par' dir='ltr' id='par_1_124' title="bbox 1876 5024 3449 5082">
     <span class='ocr_line' id='line_1_125' title="bbox 1876 5024 3449 5082; baseline -0.003 -2"><span class='ocrx_word' id='word_1_978' title='bbox 1876 5024 2205 5081; x_wconf 78' lang='lat' dir='ltr'><strong>voluntatem</strong></span> <span class='ocrx_word' id='word_1_979' title='bbox 2241 5028 2436 5082; x_wconf 86' lang='lat' dir='ltr'><strong>bonam</strong></span> <span class='ocrx_word' id='word_1_980' title='bbox 2467 5045 2532 5082; x_wconf 77' lang='lat' dir='ltr'><strong>ex</strong></span> <span class='ocrx_word' id='word_1_981' title='bbox 2576 5027 2670 5082; x_wconf 88' lang='lat' dir='ltr'><strong>Dei</strong></span> <span class='ocrx_word' id='word_1_982' title='bbox 2704 5026 2937 5080; x_wconf 84' lang='lat' dir='ltr'><strong>fatentur</strong></span> <span class='ocrx_word' id='word_1_983' title='bbox 2967 5028 3111 5079; x_wconf 82' lang='lat' dir='ltr'><strong>nasci</strong></span> <span class='ocrx_word' id='word_1_984' title='bbox 3145 5024 3449 5079; x_wconf 76' lang='lat' dir='ltr'><strong>InISt-ricor-</strong></span> 
     </span>
    </p>
   </div>
   <div class='ocr_carea' id='block_1_125' title="bbox 1876 5097 3450 5167">
    <p class='ocr_par' dir='ltr' id='par_1_125' title="bbox 1876 5097 3450 5167">
     <span class='ocr_line' id='line_1_126' title="bbox 1876 5097 3450 5167; baseline -0.003 -17"><span class='ocrx_word' id='word_1_985' title='bbox 1876 5097 2001 5160; x_wconf 90' lang='lat' dir='ltr'><strong>dia,</strong></span> <span class='ocrx_word' id='word_1_986' title='bbox 2049 5105 2107 5148; x_wconf 91' lang='lat' dir='ltr'><strong>ut</strong></span> <span class='ocrx_word' id='word_1_987' title='bbox 2133 5098 2427 5162; x_wconf 88' lang='lat' dir='ltr'><strong>catholici;</strong></span> <span class='ocrx_word' id='word_1_988' title='bbox 2472 5113 2630 5167; x_wconf 90' lang='lat' dir='ltr'><strong>quam</strong></span> <span class='ocrx_word' id='word_1_989' title='bbox 2676 5098 2763 5163; x_wconf 91' lang='lat' dir='ltr'><strong>qui</strong></span> <span class='ocrx_word' id='word_1_990' title='bbox 2811 5112 2839 5148; x_wconf 90' lang='lat' dir='ltr'><strong>c</strong></span> <span class='ocrx_word' id='word_1_991' title='bbox 2884 5098 3180 5167; x_wconf 90' lang='lat' dir='ltr'><strong>contrario_</strong></span> <span class='ocrx_word' id='word_1_992' title='bbox 3201 5103 3450 5167; x_wconf 77' lang='lat' dir='ltr'><strong>asserunt</strong></span> 
     </span>
    </p>
   </div>
   <div class='ocr_carea' id='block_1_126' title="bbox 1876 5165 3446 5238">
    <p class='ocr_par' dir='ltr' id='par_1_126' title="bbox 1876 5165 3446 5238">
     <span class='ocr_line' id='line_1_127' title="bbox 1876 5165 3446 5238; baseline -0.003 -17"><span class='ocrx_word' id='word_1_993' title='bbox 1876 5169 2098 5238; x_wconf 82' lang='lat' dir='ltr'><strong>gratiam</strong></span> <span class='ocrx_word' id='word_1_994' title='bbox 2132 5184 2199 5221; x_wconf 83' lang='lat' dir='ltr'><strong>ex</strong></span> <span class='ocrx_word' id='word_1_995' title='bbox 2236 5171 2371 5222; x_wconf 90' lang='lat' dir='ltr'><strong>bona</strong></span> <span class='ocrx_word' id='word_1_996' title='bbox 2418 5165 2654 5238; x_wconf 83' lang='lat' dir='ltr'><strong>pendere</strong></span> <span class='ocrx_word' id='word_1_997' title='bbox 2694 5167 2964 5219; x_wconf 82' lang='lat' dir='ltr'><strong>voluntate</strong></span> <span class='ocrx_word' id='word_1_998' title='bbox 2996 5207 3009 5227; x_wconf 86' lang='lat'><strong><em>.</em></strong></span> <span class='ocrx_word' id='word_1_999' title='bbox 3063 5173 3124 5219; x_wconf 90' lang='lat' dir='ltr'><strong>ut</strong></span> <span class='ocrx_word' id='word_1_1000' title='bbox 3153 5165 3446 5238; x_wconf 77' lang='lat' dir='ltr'><strong>Pelagiani.</strong></span> 
     </span>
    </p>
   </div>
   <div class='ocr_carea' id='block_1_127' title="bbox 1879 5235 3451 5308">
    <p class='ocr_par' dir='ltr' id='par_1_127' title="bbox 1879 5235 3451 5308">
     <span class='ocr_line' id='line_1_128' title="bbox 1879 5235 3451 5308; baseline -0.006 -15"><span class='ocrx_word' id='word_1_1001' title='bbox 1879 5235 2160 5293; x_wconf 85' lang='lat' dir='ltr'><strong>Secundus</strong></span> <span class='ocrx_word' id='word_1_1002' title='bbox 2181 5283 2193 5303; x_wconf 84' lang='lat'><strong>,</strong></span> <span class='ocrx_word' id='word_1_1003' title='bbox 2227 5240 2367 5308; x_wconf 87' lang='lat' dir='ltr'><strong>quod</strong></span> <span class='ocrx_word' id='word_1_1004' title='bbox 2401 5235 2747 5292; x_wconf 86' lang='lat' dir='ltr'><strong>nihilominus</strong></span> <span class='ocrx_word' id='word_1_1005' title='bbox 2779 5248 3004 5308; x_wconf 88' lang='lat' dir='ltr'><strong>utraque</strong></span> <span class='ocrx_word' id='word_1_1006' title='bbox 3034 5235 3300 5308; x_wconf 80' lang='lat' dir='ltr'><strong>sententia</strong></span> <span class='ocrx_word' id='word_1_1007' title='bbox 3332 5248 3451 5308; x_wconf 81' lang='lat' dir='ltr'><strong>sus-</strong></span> 
     </span>
    </p>
   </div>
   <div class='ocr_carea' id='block_1_128' title="bbox 1876 5305 3448 5377">
    <p class='ocr_par' dir='ltr' id='par_1_128' title="bbox 1876 5305 3448 5377">
     <span class='ocr_line' id='line_1_129' title="bbox 1876 5305 3448 5377; baseline -0.004 -14"><span class='ocrx_word' id='word_1_1008' title='bbox 1876 5309 2122 5377; x_wconf 89' lang='lat' dir='ltr'><strong>cipienda</strong></span> <span class='ocrx_word' id='word_1_1009' title='bbox 2152 5305 2479 5372; x_wconf 76' lang='lat' dir='ltr'><strong>decernitur,</strong></span> <span class='ocrx_word' id='word_1_1010' title='bbox 2507 5311 2630 5363; x_wconf 90' lang='lat' dir='ltr'><strong>dum</strong></span> <span class='ocrx_word' id='word_1_1011' title='bbox 2664 5309 2818 5361; x_wconf 91' lang='lat' dir='ltr'><strong>unius</strong></span> <span class='ocrx_word' id='word_1_1012' title='bbox 2842 5309 2894 5358; x_wconf 91' lang='lat' dir='ltr'><strong>in</strong></span> <span class='ocrx_word' id='word_1_1013' title='bbox 2920 5306 3164 5359; x_wconf 67' lang='lat' dir='ltr'><strong>Mattltazo</strong></span> <span class='ocrx_word' id='word_1_1014' title='bbox 3187 5316 3240 5358; x_wconf 91' lang='lat' dir='ltr'><strong>et</strong></span> <span class='ocrx_word' id='word_1_1015' title='bbox 3267 5305 3448 5377; x_wconf 75' lang='lat' dir='ltr'><strong>t&#39;aulo,</strong></span> 
     </span>
    </p>
   </div>
   <div class='ocr_carea' id='block_1_129' title="bbox 1875 5373 3449 5443">
    <p class='ocr_par' dir='ltr' id='par_1_129' title="bbox 1875 5373 3449 5443">
     <span class='ocr_line' id='line_1_130' title="bbox 1875 5373 3449 5443; baseline -0.004 -9"><span class='ocrx_word' id='word_1_1016' title='bbox 1875 5373 2091 5434; x_wconf 79' lang='lat' dir='ltr'><strong>alterius</strong></span> <span class='ocrx_word' id='word_1_1017' title='bbox 2119 5381 2170 5434; x_wconf 88' lang='lat' dir='ltr'><strong>in</strong></span> <span class='ocrx_word' id='word_1_1018' title='bbox 2200 5378 2428 5434; x_wconf 68' lang='lat' dir='ltr'><strong>Zachaeo</strong></span> <span class='ocrx_word' id='word_1_1019' title='bbox 2454 5391 2507 5434; x_wconf 89' lang='lat' dir='ltr'><strong>et</strong></span> <span class='ocrx_word' id='word_1_1020' title='bbox 2533 5381 2738 5434; x_wconf 89' lang='lat' dir='ltr'><strong>latrone</strong></span> <span class='ocrx_word' id='word_1_1021' title='bbox 2765 5378 3073 5443; x_wconf 74' lang='lat' dir='ltr'><strong>exemplum</strong></span> <span class='ocrx_word' id='word_1_1022' title='bbox 3100 5385 3156 5430; x_wconf 91' lang='lat' dir='ltr'><strong>et</strong></span> <span class='ocrx_word' id='word_1_1023' title='bbox 3175 5373 3449 5436; x_wconf 57' lang='lat' dir='ltr'><strong>sixeciutcn</strong></span> 
     </span>
    </p>
   </div>
   <div class='ocr_carea' id='block_1_130' title="bbox 1878 5447 3452 5520">
    <p class='ocr_par' dir='ltr' id='par_1_130' title="bbox 1878 5447 3452 5520">
     <span class='ocr_line' id='line_1_131' title="bbox 1878 5447 3452 5520; baseline -0.006 -17"><span class='ocrx_word' id='word_1_1024' title='bbox 1878 5450 2256 5520; x_wconf 64' lang='lat' dir='ltr'><strong>praetenditur;</strong></span> <span class='ocrx_word' id='word_1_1025' title='bbox 2289 5450 2444 5519; x_wconf 75' lang='lat' dir='ltr'><strong>qunsi</strong></span> <span class='ocrx_word' id='word_1_1026' title='bbox 2474 5467 2503 5504; x_wconf 89' lang='lat' dir='ltr'><strong>e</strong></span> <span class='ocrx_word' id='word_1_1027' title='bbox 2534 5451 2742 5504; x_wconf 88' lang='lat' dir='ltr'><strong>duobus</strong></span> <span class='ocrx_word' id='word_1_1028' title='bbox 2773 5450 2926 5501; x_wconf 77' lang='lat' dir='ltr'><strong>malis</strong></span> <span class='ocrx_word' id='word_1_1029' title='bbox 2949 5463 3118 5520; x_wconf 3' lang='lat' dir='ltr'><strong>(unum</strong></span> <span class='ocrx_word' id='word_1_1030' title='bbox 3150 5447 3346 5520; x_wconf 79' lang='lat' dir='ltr'><strong>bonum</strong></span> <span class='ocrx_word' id='word_1_1031' title='bbox 3375 5485 3389 5508; x_wconf 90' lang='lat'><strong>,</strong></span> <span class='ocrx_word' id='word_1_1032' title='bbox 3421 5461 3452 5499; x_wconf 76' lang='grc' dir='ltr'>ο</span> 
     </span>
    </p>
   </div>
   <div class='ocr_carea' id='block_1_131' title="bbox 1879 5515 3452 5577">
    <p class='ocr_par' dir='ltr' id='par_1_131' title="bbox 1879 5515 3452 5577">
     <span class='ocr_line' id='line_1_132' title="bbox 1879 5515 3452 5577; baseline -0.005 0"><span class='ocrx_word' id='word_1_1033' title='bbox 1879 5515 2088 5577; x_wconf 83' lang='lat' dir='ltr'><strong>duobus</strong></span> <span class='ocrx_word' id='word_1_1034' title='bbox 2120 5515 2414 5577; x_wconf 70' lang='lat' dir='ltr'><strong>mendaciis</strong></span> <span class='ocrx_word' id='word_1_1035' title='bbox 2447 5537 2548 5574; x_wconf 89' lang='lat' dir='ltr'><strong>una</strong></span> <span class='ocrx_word' id='word_1_1036' title='bbox 2581 5521 2779 5573; x_wconf 86' lang='lat' dir='ltr'><strong>veritas</strong></span> <span class='ocrx_word' id='word_1_1037' title='bbox 2827 5519 3018 5573; x_wconf 71' lang='lat' dir='ltr'><strong>c0ul‘ici</strong></span> <span class='ocrx_word' id='word_1_1038' title='bbox 3062 5525 3116 5569; x_wconf 89' lang='lat' dir='ltr'><strong>et</strong></span> <span class='ocrx_word' id='word_1_1039' title='bbox 3145 5515 3452 5570; x_wconf 74' lang='lat' dir='ltr'><strong>coalescere</strong></span> 
     </span>
    </p>
   </div>
   <div class='ocr_carea' id='block_1_132' title="bbox 1879 5590 3453 5662">
    <p class='ocr_par' dir='ltr' id='par_1_132' title="bbox 1879 5590 3453 5662">
     <span class='ocr_line' id='line_1_133' title="bbox 1879 5590 3453 5662; baseline -0.004 -17"><span class='ocrx_word' id='word_1_1040' title='bbox 1879 5594 2069 5662; x_wconf 90' lang='lat' dir='ltr'><strong>possit.</strong></span> <span class='ocrx_word' id='word_1_1041' title='bbox 2103 5592 2335 5658; x_wconf 74' lang='lat' dir='ltr'><strong>Tertius,</strong></span> <span class='ocrx_word' id='word_1_1042' title='bbox 2365 5592 2504 5659; x_wconf 86' lang='lat' dir='ltr'><strong>quod</strong></span> <span class='ocrx_word' id='word_1_1043' title='bbox 2532 5591 2761 5662; x_wconf 78' lang='lat' dir='ltr'><strong>alterius</strong></span> <span class='ocrx_word' id='word_1_1044' title='bbox 2782 5590 2967 5662; x_wconf 81' lang='lat' dir='ltr'><strong>partis,</strong></span> <span class='ocrx_word' id='word_1_1045' title='bbox 2985 5595 3183 5662; x_wconf 75' lang='lat' dir='ltr'><strong>utpote</strong></span> <span class='ocrx_word' id='word_1_1046' title='bbox 3211 5600 3453 5640; x_wconf 69' lang='lat' dir='ltr'><strong>erronem</strong></span> 
     </span>
    </p>
   </div>
   <div class='ocr_carea' id='block_1_133' title="bbox 1879 5657 3450 5732">
    <p class='ocr_par' dir='ltr' id='par_1_133' title="bbox 1879 5657 3450 5732">
     <span class='ocr_line' id='line_1_134' title="bbox 1879 5657 3450 5732; baseline -0.006 -13"><span class='ocrx_word' id='word_1_1047' title='bbox 1879 5657 1931 5719; x_wconf 74' lang='lat' dir='ltr'><strong>et</strong></span> <span class='ocrx_word' id='word_1_1048' title='bbox 1948 5664 2265 5732; x_wconf 66' lang='lat' dir='ltr'><strong>Pelagiana},</strong></span> <span class='ocrx_word' id='word_1_1049' title='bbox 2288 5657 2536 5731; x_wconf 72' lang='lat' dir='ltr'><strong>exetupla</strong></span> <span class='ocrx_word' id='word_1_1050' title='bbox 2554 5661 2826 5730; x_wconf 84' lang='lat' dir='ltr'><strong>proposita</strong></span> <span class='ocrx_word' id='word_1_1051' title='bbox 2849 5661 2956 5714; x_wconf 88' lang='lat' dir='ltr'><strong>sint</strong></span> <span class='ocrx_word' id='word_1_1052' title='bbox 2980 5657 3110 5712; x_wconf 77' lang='lat' dir='ltr'><strong>falsa</strong></span> <span class='ocrx_word' id='word_1_1053' title='bbox 3133 5669 3184 5714; x_wconf 91' lang='lat' dir='ltr'><strong>et</strong></span> <span class='ocrx_word' id='word_1_1054' title='bbox 3200 5669 3450 5728; x_wconf 73' lang='lat' dir='ltr'><strong>errones,</strong></span> 
     </span>
    </p>
   </div>
   <div class='ocr_carea' id='block_1_134' title="bbox 1881 5733 2603 5804">
    <p class='ocr_par' dir='ltr' id='par_1_134' title="bbox 1881 5733 2603 5804">
     <span class='ocr_line' id='line_1_135' title="bbox 1881 5733 2603 5804; baseline 0 -16"><span class='ocrx_word' id='word_1_1055' title='bbox 1881 5745 1939 5790; x_wconf 92' lang='lat' dir='ltr'><strong>ut</strong></span> <span class='ocrx_word' id='word_1_1056' title='bbox 1969 5751 2033 5793; x_wconf 81' lang='lat' dir='ltr'><strong>ex</strong></span> <span class='ocrx_word' id='word_1_1057' title='bbox 2065 5733 2414 5804; x_wconf 85' lang='lat' dir='ltr'><strong>sequentibus</strong></span> <span class='ocrx_word' id='word_1_1058' title='bbox 2438 5741 2603 5804; x_wconf 88' lang='lat' dir='ltr'><strong>patet.</strong></span> 
     </span>
    </p>
   </div>
  </div>
