4048 6198
124 241 226 296 925

1035 233 1371 294 COLLATIO
1409 234 1554 290 XIII.
1581 264 1650 274 —
1680 234 1769 292 DE
1808 232 2297 295 PROTECTIONE
2335 236 2450 294 DEI

3283 247 3390 303 928

122 354 220 409 dus
251 360 336 409 est
359 391 375 419 ,
417 352 507 422 qui
556 364 660 407 nec
696 351 825 407 velit
853 363 1103 421 umquam
1133 363 1233 404 nec
1262 348 1430 418 possit
1471 347 1689 403 bonum.
1718 351 1773 411 Δ
1798 351 2143 404 testimonium
2167 351 2412 405 reddente
2444 352 2552 407 illis
2579 352 2895 408 conscientia
2922 389 2938 418 ,
2975 357 3025 414 et
3052 352 3181 406 inter
3220 370 3273 407 se
3298 357 3385 409 in-

123 445 370 515 Alioquin
416 457 516 499 nec
560 444 789 500 liberum
830 444 879 498 ei
924 442 1162 512 permisit
1208 442 1487 497 arbitrium
1515 486 1528 511 ,
1571 442 1617 495 si
1644 441 1693 497 ei

123 533 494 590 tantummodo
520 536 718 589 malum
753 543 808 591 ut
837 534 963 591 velit
987 544 1041 589 et
1077 534 1246 604 possit
1276 577 1291 602 ,
1336 535 1534 589 bonum
1566 548 1693 589 vero

126 645 155 684 a
180 628 474 697 semetipso
501 643 601 684 nec
629 630 766 685 velle
794 644 890 683 nec
925 643 1081 698 posse
1109 629 1398 682 concessit.
1444 627 1511 682 Et
1558 642 1695 697 quo-

125 719 288 777 modo
315 720 480 776 stabit
509 720 596 775 illa
631 720 841 775 Domini
868 728 987 791 post
1012 719 1506 789 praevaricationem
1536 720 1695 790 primi

125 814 365 870 hominis
400 815 506 869 lata
535 815 840 870 sententia:
878 814 1006 868 Ecce
1036 814 1201 867 Adam
1242 814 1411 885 factus
1448 823 1522 868 est
1561 815 1696 868 sicut

123 924 256 961 unus
286 923 350 962 ea:
378 907 553 973 nobis,
587 908 749 961 sciens
779 906 963 960 bonum
993 917 1039 961 et
1064 906 1259 960 malum
1292 906 1313 977 (
1343 905 1523 961 Genes.
1553 923 1611 961 tu
1635 906 1698 974 )?

122 998 239 1053 Non
272 1000 416 1054 enim
462 1000 585 1054 talis
612 1010 735 1055 ante
773 1000 934 1054 fuisse
974 1000 1242 1070 putandus
1275 1008 1358 1054 est
1380 1041 1395 1065 ,
1446 1001 1537 1069 qui
1570 999 1695 1055 boni

125 1099 268 1145 esset
314 1105 536 1161 prorsus
578 1092 829 1161 ignarus;
878 1090 1113 1161 alioquin
1143 1093 1293 1147 velut
1320 1090 1591 1160 quoddam
1624 1090 1699 1144 ir-

121 1182 442 1238 rationabile
471 1193 625 1255 atque
654 1184 981 1239 insensatum
1030 1183 1225 1238 animal
1265 1198 1389 1237 eum
1422 1182 1695 1237 fatendum

124 1282 209 1327 est
259 1273 420 1329 fuisse
459 1274 761 1329 formatum.
814 1276 971 1344 Quod
1020 1276 1152 1330 satis
1196 1275 1491 1329 absurdum
1538 1284 1699 1343 atque

121 1379 151 1417 a
175 1363 435 1419 catholica
464 1364 569 1420 ﬁde
597 1367 925 1421 omnimodis
953 1366 1189 1421 alienum
1221 1376 1327 1420 est.
1360 1366 1695 1433 Quinimmo,

121 1458 412 1514 secundum
444 1459 830 1528 sapientissimi
860 1460 1166 1516 Salomonis
1197 1460 1543 1525 sententiam,
1580 1460 1700 1531 fecit

121 1549 259 1604 Deus
288 1551 543 1606 hominem
574 1562 771 1605 rectum
795 1594 811 1618 ,
844 1552 899 1605 id
939 1562 1021 1606 est
1044 1590 1060 1617 ,
1090 1558 1149 1606 ut
1176 1552 1546 1607 tantummodo
1575 1553 1697 1607 boni

119 1642 340 1697 scientia
365 1642 568 1712 jugiter
594 1642 891 1710 frueretur,
924 1642 1013 1696 sed
1037 1644 1137 1714 ipsi
1164 1644 1476 1714 quaesierunt
1501 1644 1696 1715 cegita-

1798 444 1956 497 vicem
1980 445 2370 516 cogitationibus
2396 446 2782 511 accusantibus,
2811 452 2899 499 aut
2921 444 3072 498 etiam
3101 444 3386 513 defenden-

1798 535 1971 604 tibus,
2014 537 2067 588 in
2108 536 2190 589 die
2238 552 2341 606 qua
2382 537 2638 605 judicabit
2684 536 2824 592 Deus
2875 536 3076 593 occulta
3114 535 3383 591 hominum

1799 627 1976 698 (Rom.
2009 628 2092 698 ιι).
2124 630 2242 693 Quo
2272 642 2434 683 sensu
2462 630 2623 684 etiam
2650 628 2910 683 Dominus
2941 644 3036 699 per
3067 629 3379 699 prophetam

1798 722 2042 790 increpat
2068 721 2378 775 Judteorum
2411 737 2517 776 non
2547 722 2869 790 naturalem,
2895 722 2991 777 sed
3022 722 3378 778 voluntariam

1798 812 2091 868 caecitatem
2111 853 2126 877 ,
2158 826 2318 882 quam
2346 812 2450 881 ipsi
2481 812 2584 867 sibi
2608 812 3003 868 contumaciter
3028 813 3333 869 inferebant
3362 831 3376 869 :

1800 903 1981 972 Sardi,
1998 904 2495 974 inquit,audite;et,
2517 905 2663 971 carci,
2684 905 2959 960 intuemini
2986 907 3055 962 ad
3080 908 3376 963 videndum.

1798 995 1826 1034 δ
1861 996 1988 1063 Quis
2013 999 2203 1051 surdus
2228 999 2327 1052 nisi
2358 1013 2531 1053 servus
2559 1014 2725 1068 meus,
2752 1009 2803 1054 et
2826 1016 2992 1056 cacus
3016 1002 3119 1055 nisi
3141 1001 3209 1054 ad
3230 1016 3380 1070 quem

1800 1090 2010 1143 nuntios
2041 1107 2176 1145 meos
2198 1092 2312 1145 misi
2345 1090 2537 1162 (Isaia
2561 1091 2729 1164 xw)?
2758 1091 2828 1148 Et
2854 1110 2923 1150 ne
2949 1094 3091 1149 forte
3122 1095 3259 1149 hanc
3288 1108 3380 1149 eo-

1800 1195 1919 1234 rum
1949 1181 2249 1235 caecitatem
2276 1182 2469 1252 aliquis
2504 1193 2745 1250 naturae,
2778 1198 2882 1239 non
2910 1184 3171 1240 voluntati
3212 1188 3384 1253 possit

1799 1272 2109 1337 ascribere,
2144 1273 2269 1327 alibi
2295 1275 2371 1327 ait
2401 1292 2412 1325 :
2447 1273 2593 1328 Educ
2642 1278 2780 1346 foras
2819 1277 3066 1349 populum
3109 1292 3299 1332 aecum
3336 1285 3384 1332 et

1800 1364 1972 1418 oculos
1998 1364 2281 1431 habentem,
2306 1368 2522 1420 surdum
2548 1378 2595 1421 et
2618 1384 2768 1422 aures
2791 1370 2838 1422 ei
2859 1378 2977 1422 sunt
3005 1367 3188 1441 (Isaia:
3212 1369 3381 1440 xun).

1800 1458 1869 1513 Et
1899 1460 2089 1513 iterum
2118 1476 2131 1512 :
2166 1460 2267 1526 Qui
2294 1460 2556 1527 habentes,
2586 1463 2777 1532 inquit,
2809 1464 3009 1530 oculos,
3045 1478 3145 1515 non
3176 1463 3381 1530 videtis,

1800 1562 1846 1606 et
1875 1568 2043 1619 aures,
2076 1560 2124 1605 et
2163 1570 2261 1606 non
2291 1553 2483 1609 auditis
2518 1554 2730 1625 (Ezech.
2764 1556 2900 1626 xlv).
2933 1557 3187 1612 Dominus
3218 1557 3381 1612 etiam

1802 1647 1854 1702 in
1880 1649 2170 1717 Evangelio
2199 1667 2210 1702 :
2246 1650 2379 1715 Quia
2401 1652 2627 1704 videntes
2653 1692 2668 1716 ,
2701 1652 2910 1720 inquit,
2942 1669 3041 1705 non
3082 1653 3288 1717 vident,
3333 1662 3383 1706 et

117 1733 275 1787 tiones
306 1734 491 1787 multas
523 1732 726 1803 (Eccle.
751 1733 883 1803 vti);
916 1732 1041 1787 facti
1069 1734 1213 1788 enim
1239 1744 1361 1789 sunt
1393 1736 1474 1807 (ut
1498 1736 1696 1790 dictum
1725 1743 1772 1805 Β
1802 1743 2065 1795 audientes
2087 1758 2186 1795 non
2218 1742 2456 1808 audiunt,
2488 1759 2652 1813 neque
2678 1742 2971 1816 intelligunt
3001 1741 3381 1815 (Matth.xm).

114 1833 227 1890 est)
257 1824 493 1879 scientes
517 1824 717 1879 bonum
743 1832 798 1878 et
828 1824 1049 1879 malum.
1076 1824 1340 1895 Concepit
1367 1842 1493 1896 ergo
1524 1826 1692 1882 Adam

112 1924 239 1985 post
260 1917 785 1988 praevaricationem,
813 1932 970 1987 quam
994 1931 1097 1971 non
1125 1916 1384 1973 habuerat
1411 1918 1690 1974 scientiam

112 2010 264 2078 mali,
287 2010 415 2066 boni
440 2025 570 2067 vero
589 2026 747 2081 quam
766 2021 1047 2081 acceperat
1067 2010 1342 2066 scientiam
1367 2028 1467 2065 non
1491 2014 1689 2068 amisit.

113 2108 360 2179 Denique
389 2121 497 2162 non
527 2107 775 2163 amisisse
818 2108 1106 2163 humanum
1142 2123 1310 2177 genus
1342 2118 1461 2178 post
1489 2125 1693 2179 praeva-

112 2202 438 2257 ricationem
466 2202 745 2257 scientiam
775 2201 901 2256 boni
920 2242 936 2268 ,
970 2202 1128 2257 etiam
1157 2201 1400 2271 Apostoli
1428 2204 1691 2257 sententia

110 2293 522 2349 evidentissima
564 2293 900 2361 declaratur,
941 2305 1046 2363 qua
1083 2293 1212 2348 dicit
1256 2308 1273 2345 :
1324 2303 1347 2329 ³
1382 2291 1509 2347 Cum
1555 2296 1693 2348 enim

112 2392 292 2456 gentes
318 2400 431 2453 quae
455 2389 615 2456 legem
640 2399 743 2437 non
772 2382 976 2449 habent,
1006 2382 1313 2437 naturaliter
1340 2402 1401 2438 ea
1432 2401 1543 2454 qua:
1570 2386 1693 2455 legis

111 2486 226 2530 sunt
255 2476 479 2547 faciunt,
511 2476 565 2528 hi
593 2475 751 2547 legem
788 2491 892 2528 non
921 2473 1159 2529 habentes
1188 2476 1288 2544 ipsi
1317 2478 1411 2529 sibi
1441 2485 1558 2529 sunt
1589 2478 1689 2543 lex,

109 2570 193 2635 qui
236 2568 513 2624 ostendunt
550 2583 677 2637 opus
721 2565 847 2637 legis
889 2567 1141 2637 scriptum
1176 2568 1231 2621 in
1261 2567 1501 2621 cordibus
1542 2568 1693 2633 suis;

1800 1837 1866 1893 Et
1895 1837 2221 1905 adimpletur
2248 1837 2301 1891 in
2324 1836 2405 1891 eis
2435 1836 2714 1907 prophetia
2745 1836 2921 1901 lsaiae,
2947 1836 3155 1900 dicens,
3182 1835 3380 1889 Auditu

1798 1930 2042 1998 audietis,
2080 1938 2128 1985 et
2151 1946 2250 1983 non
2289 1929 2609 1999 intelligetis,
2642 1940 2689 1984 et
2710 1930 2934 1984 videntes
2962 1931 3165 1995 videtis,
3197 1937 3245 1984 et
3276 1943 3379 1983 non

1797 2021 2062 2087 videbitis;
2100 2023 2446 2076 incrassatum
2488 2034 2561 2077 est
2598 2023 2733 2077 enim
2772 2040 2860 2077 cor
2896 2022 3077 2094 populi
3115 2022 3292 2095 hujus,
3335 2032 3384 2077 et

1797 2116 2008 2168 auribus
2029 2116 2252 2185 graviter
2273 2114 2570 2178 audierunt,
2591 2124 2639 2166 et
2661 2114 2833 2167 oculos
2853 2129 2973 2167 suos
2999 2112 3381 2178 concluserunt,

1796 2223 1857 2260 ne
1880 2207 2089 2277 quando
2118 2205 2321 2258 videant
2352 2205 2537 2267 oculis,
2572 2213 2619 2257 et
2648 2203 2858 2256 auribus
2884 2204 3119 2265 audiant,
3155 2210 3201 2254 et
3229 2203 3381 2256 corde

1795 2298 2102 2369 intelligant,
2135 2307 2180 2350 et
2206 2304 2591 2360 convertantur,
2625 2306 2671 2349 et
2711 2312 2882 2350 sanem
2916 2296 3035 2349 illos
3072 2294 3259 2365 (Isaia:
3278 2292 3376 2365 vt).

1801 2400 1821 2426 ο
1856 2388 2099 2457 Denique
2130 2397 2187 2441 ut
2216 2387 2626 2456 possibilitatem
2656 2387 2783 2441 boni
2810 2387 2890 2442 eis
2920 2387 3098 2445 inesse
3120 2386 3395 2456 designa-A

1794 2491 1895 2547 ret,
1929 2481 2167 2550 increpat
2195 2479 2494 2535 Pharisaeos
2529 2498 2541 2532 :
2578 2480 2715 2547 Quid
2740 2488 2910 2535 autem
2934 2520 2948 2543 .
2982 2479 3193 2549 inquit,
3224 2479 3379 2532 etiam

1795 2587 1856 2625 ea:
1874 2573 2013 2626 vobis
2033 2572 2157 2643 ipsis
2179 2589 2281 2627 non
2303 2573 2551 2643 iudicatis
2574 2572 2712 2644 quod
2734 2573 2918 2628 bonum
2938 2580 3010 2627 est
3040 2570 3218 2644 (Lucae
3240 2569 3383 2641 xu)?

1172 2703 1431 2761 ALARDI
1467 2704 1702 2760 GAZzEI
1740 2704 2303 2763 COMMENTARIUS.

110 2845 207 2882 non
233 2826 394 2899 fuerit
425 2826 590 2897 factus
630 2826 798 2899 qualis
828 2841 938 2899 esse
961 2826 1138 2899 uoluit,
1160 2826 1249 2880 sed
1276 2842 1371 2899 nec
1402 2825 1533 2899 illud
1560 2828 1696 2895 quod

109 2895 279 2967 factus
307 2895 471 2966 fuerat
500 2898 834 2951 conservavit.
864 2896 939 2951 Ita
967 2895 1031 2949 D.
1062 2896 1395 2965 Augustinus
1423 2896 1514 2950 lib.
1548 2913 1599 2950 ιι
1631 2899 1697 2952 de

108 2966 314 3024 Genesi
342 2969 405 3021 ad
432 2969 664 3022 litteram
695 2983 818 3036 cap.
854 2966 941 3022 '59.
976 2967 1180 3031 Quarto
1218 2968 1270 3019 in
1314 2967 1424 3031 ipsa
1457 2968 1693 3021 conclu—

109 3043 258 3095 sione
303 3040 542 3107 peccavit
574 3040 796 3103 Auctor,

107 3110 238 3165 falso
292 3106 567 3164 intellectu
614 3106 907 3177 Scripturre
948 3108 1133 3162 intulit
1175 3107 1362 3160 dicens
1405 3125 1420 3161 :
1462 3106 1702 3177 Concepit

108 3198 221 3252 ergo
252 3182 433 3235 Adam
459 3190 571 3251 post
597 3180 1081 3251 praeuaricationem,
1121 3194 1273 3248 quam
1298 3194 1397 3231 non
1425 3178 1697 3252 habuerat,

110 3251 384 3307 scientiam
412 3253 568 3315 mali;
612 3252 727 3304 boni
774 3267 889 3303 vero
934 3265 1085 3319 quam
1131 3258 1401 3318 acceperat
1440 3251 1704 3305 scientiam

110 3340 207 3376 non
233 3322 439 3376 amisit.
489 3321 717 3388 Quorum
758 3331 1028 3392 utrumque
1053 3319 1245 3392 falsum
1284 3330 1380 3387 est,
1426 3322 1549 3390 quia
1588 3330 1633 3375 et
1670 3339 1702 3376 a

113 3404 307 3461 quanta
341 3393 477 3446 malo
520 3396 682 3445 Adam
727 3408 901 3446 cavere
940 3388 1158 3453 deberet,
1191 3388 1301 3443 Deo
1337 3388 1698 3460 praemonente,

112 3466 405 3527 didicerat;
446 3473 492 3515 et
532 3463 586 3515 in
624 3472 815 3532 quanto
860 3463 989 3517 bono
1027 3470 1155 3515 esset
1200 3464 1529 3532 constitutus,
1580 3464 1702 3518 dum

113 3536 325 3589 diabolo
356 3533 593 3597 credidit,
619 3531 803 3587 Oblitus
829 3541 920 3586 est.
951 3533 1026 3604 Ita
1056 3532 1311 3602 Prosper.
1344 3531 1561 3588 Poterat
1587 3535 1701 3604 qui-

113 3604 226 3659 dem
275 3604 388 3659 illa
430 3605 706 3658 conclusio
750 3619 941 3658 verum
995 3603 1193 3658 habere
1237 3618 1487 3667 sensum,
1540 3608 1583 3658 si
1635 3606 1702 3660 de

112 3676 343 3730 scientia
380 3675 812 3741 eXperimentali,
843 3690 1002 3742 quam
1042 3684 1255 3736 vocant,
1286 3674 1697 3743 intelligeretur,

114 3762 207 3813 qua
231 3753 369 3814 past
393 3746 894 3813 praevaricationem
918 3745 1245 3814 experiendo
1263 3747 1512 3814 cognovit
1530 3744 1699 3797 Adam

112 3813 414 3871 discrimen
447 3818 590 3870 inter
618 3816 841 3880 bonum,
875 3813 1131 3884 quo'ante
1160 3816 1365 3881 lapsum
1397 3813 1698 3876 fruebatur,

118 3897 168 3957 et
191 3889 296 3942 mal
314 3901 427 3955 um,
453 3888 595 3957 quod
622 3887 895 3954 peccando
919 3887 1179 3950 incurrit;
1207 3892 1366 3957 atque
1397 3884 1703 3957 indeccepit

122 3956 320 4014 habere
364 3954 650 4011 scientiam
693 3957 819 4010 boni
855 3964 910 4011 et
941 3957 1064 4010 mali
1093 3975 1106 4010 :
1139 3969 1242 4024 qua
1271 3955 1475 4007 ratione
1505 3954 1699 4008 docent

124 4028 367 4095 plerique
394 4028 593 4082 dictam
625 4039 744 4081 esse
771 4027 1018 4081 arborem
1049 4026 1288 4081 scientiae
1319 4024 1443 4078 boni
1472 4033 1523 4078 et
1548 4026 1697 4093 mali,

124 4098 187 4149 ab
209 4111 414 4153 eventu
446 4099 723 4162 nimirum,
756 4105 810 4152 et
835 4113 897 4151 ex
927 4113 991 4152 eo
1016 4096 1155 4167 quod
1185 4111 1335 4151 esum
1364 4095 1480 4163 ejus
1512 4110 1703 4151 conse-

124 4180 300 4223 cutum
335 4178 443 4223 est.
487 4172 556 4222 At
592 4170 734 4223 hunc
772 4182 989 4223 sensum
1037 4183 1142 4221 non
1178 4168 1438 4236 spectavit
1475 4166 1698 4234 Auctor,

128 4253 302 4306 neque
334 4238 404 4292 D.
438 4238 687 4309 Prosper,
713 4238 853 4308 quod
880 4238 944 4309 ad
979 4238 1313 4309 propositum
1340 4237 1696 4309 non_faceret.

195 4319 231 4379 ab
264 4309 474 4379 Duplex
503 4307 587 4364 est
613 4307 874 4379 cxptisitio
901 4308 1058 4377 hujus
1088 4308 1369 4379 sententias
1399 4322 1426 4361 a
1451 4307 1701 4379 Patribus

126 4378 357 4447 tradita.
396 4378 621 4446 Quidam
672 4378 812 4433 enim
859 4388 1135 4447 exponunt
1181 4378 1245 4432 de
1293 4378 1581 4447 gentilibus
1634 4379 1700 4434 ad

125 4448 285 4520 fidem
333 4446 539 4503 Christi
580 4450 693 4520 jam
740 4446 1036 4520 conversis.
1085 4448 1162 4502 Ita
1205 4449 1276 4520 Ι).Δ
1302 4446 1618 4520 Ambrosius
1650 4450 1701 4504 in

126 4519 563 4592 Commentariis.
582 4517 700 4574 ἈΙῙί
726 4519 802 4592 de
838 4520 1219 4592 gentilibusget
1264 4517 1571 4592 inﬁdelibus
1616 4522 1705 4589 qui

127 4587 403 4660 Christum
453 4604 675 4660 prorsus
721 4587 1028 4659 ignorantes
1073 4590 1204 4660 solo,
1231 4589 1459 4642 naturali
1506 4587 1707 4646 lumine

126 4658 485 4731 ducebantur.
516 4660 599 4731 Ita
634 4660 1051 4731 Chrysostomus
1076 4671 1136 4731 (et
1164 4659 1253 4713 alii
1293 4660 1479 4731 Patres
1509 4660 1705 4729 Graeci,

127 4739 181 4784 et
206 4746 278 4803 ex
313 4729 521 4803 Latinis
562 4728 920 4803 Hieronymus
958 4730 1023 4784 ad
1058 4728 1329 4803 Algasiam
1377 4729 1567 4803 (Epist.
1590 4733 1700 4803 151

126 4816 176 4921 ἵ..
225 4801 310 4870 8).
368 4802 657 4883 Utrumque
702 4800 1103 4885 expositionem
1157 4800 1321 4854 refert
1346 4872 1355 4882 .
1378 4800 1709 4882 Augustinus

150 4871 226 4921 tb.
248 4872 319 4921 de
340 4869 545 4921 Summ
574 4882 626 4921 et
655 4871 858 4921 Littera
888 4887 1003 4921 can.
1035 4872 1125 4921 28.
1157 4871 1250 4921 sed
1280 4886 1512 4921 umorem
1544 4886 1709 4921 magis

150 4871 226 4925 ib.
248 4872 319 4925 de
340 4869 545 4939 Spiritu
574 4882 626 4926 et
655 4869 859 4927 Littera
888 4887 1003 4941 cap.
1035 4872 1125 4937 28,
1157 4871 1250 4927 sed
1280 4872 1512 4940 priorem
1544 4874 1710 4941 magis

127 4941 345 5008 probat.
372 4941 666 5011 Utramque
686 4944 843 4997 etiam
865 4943 1147 4997 admittere
1165 4943 1373 4996 videtur
1395 4943 1453 4995 D.
1481 4942 1710 5009 Prosper

130 5011 183 5063 in
230 5010 378 5066 hunc
418 5010 624 5076 locum;
655 5013 750 5067 sed
784 5022 1025 5068 neutram
1056 5012 1286 5068 ostendit
1323 5012 1504 5067 favere
1533 5012 1711 5066 Colla-

128 5080 257 5146 tori,
293 5082 386 5151 qui
422 5082 546 5139 hinc
576 5083 862 5153 colligebat
898 5084 1179 5138 scientiam
1225 5083 1375 5148 boni,
1406 5098 1499 5137 seu
1531 5083 1708 5137 lumen

130 5154 399 5223 naturale,
437 5168 534 5223 per
581 5167 641 5207 se
680 5154 931 5209 sufﬁcere
974 5156 1039 5208 ad
1083 5154 1219 5208 bene
1259 5154 1606 5223 operantium,
1658 5162 1712 5207 et

129 5220 362 5286 proinde
390 5220 545 5292 posse
577 5238 698 5278 esso
728 5240 792 5277 ex
842 5224 995 5278 nobis
1027 5224 1176 5276 initia
1209 5220 1468 5277 virtutum
1521 5232 1575 5277 et
1615 5225 1711 5278 bo-

129 5304 327 5363 norum
360 5309 599 5363 operum.
637 5296 836 5361 absque
864 5296 1060 5348 auxilio
1086 5294 1295 5362 gratim.
1323 5292 1435 5347 Non
1463 5295 1710 5362 primum,

128 5361 254 5435 quia
284 5361 675 5435 non’dicuntur
718 5364 902 5421 ﬁdeles
931 5381 991 5421 ea
1040 5361 1160 5435 qua:
1200 5364 1331 5435 legis
1360 5361 1483 5417 sunt
1510 5364 1708 5435 facere,

128 5430 181 5515 id
225 5430 1085 5515 est,_legis-pratceptaservare,
1120 5430 1461 5515 naturaliter,
1506 5434 1557 5487 id
1604 5444 1708 5501 est,

130 5514 197 5553 ex
228 5502 445 5575 viribus
480 5502 856 5572 natura—sed,
899 5516 954 5561 ut
979 5507 1197 5575 exponit
1238 5502 1585 5575 Augustinus,
1618 5519 1713 5559 na-

132 5573 406 5647 turaliter,
456 5575 662 5647 idest,
704 5588 892 5633 natura
932 5593 1027 5647 per
1051 5573 1304 5647 gratiam
1330 5574 1621 5630 reformata
1660 5584 1715 5647 et

126 5644 434 5718 restaurata
468 5644 730 5718 (August.
781 5644 957 5704 contra
1001 5644 1204 5702 Julian.
1247 5646 1337 5718 lib.
1381 5660 1432 5700 tv
1474 5662 1589 5715 cap.
1632 5645 1711 5717 3),

125 5710 237 5783 vel,
279 5718 345 5769 ut
374 5710 439 5777 S,
467 5710 723 5789 Thomas,
767 5720 998 5779 naturali
1030 5719 1165 5794 lege,
1205 5727 1258 5777 et
1298 5716 1436 5773 duce
1478 5710 1705 5785 ratione,

1728 4412 1782 4478 D

1805 2841 1911 2880 non
1936 2836 2113 2880 tamen
2134 2826 2350 2882 exclusa
2371 2826 2561 2896 gratia.
2585 2826 2698 2881 Non
2723 2825 3031 2891 secundam,
3054 2825 3174 2894 quia
3197 2837 3382 2893 quam-

1803 2897 1883 2951 vis
1925 2897 2131 2950 admitti
2178 2897 2345 2965 possit
2389 2898 2619 2966 gentiles
2657 2899 2772 2952 sine
2814 2897 2916 2951 ﬁde
2943 2906 2995 2949 et
3023 2897 3187 2965 gratia
3222 2911 3382 2964 posse

1801 2968 2017 3037 aliquod
2045 2968 2243 3023 bonum
2274 2969 2474 3021 morale
2499 2969 2773 3036 perficere,
2807 2979 2863 3023 et
2887 2968 3062 3035 aliqua
3089 2967 3219 3035 legis
3241 2981 3379 3037 pra:-

828 3039 951 3107 quia
981 3038 1167 3091 falsam
1196 3037 1602 3091 conclusionem
1632 3054 1698 3093 ex
1725 3038 1773 3101 C
1805 3054 1866 3092 ce
1898 3036 1956 3091 ta
1989 3054 2239 3104 servare;
2286 3053 2390 3093 non
2441 3050 2617 3094 tamen
2662 3040 2862 3104 omnia,
2889 3039 3053 3093 etiam
3083 3036 3380 3092 secundum

834 3125 907 3161 ι’τυ
948 3108 1133 3162 intulit
1175 3107 1362 3160 dicens
1405 3125 1420 3161 :
1462 3106 1702 3163 Concepit
1803 3055 2158 3163 substantiam
2208 3112 2411 3163 oneris.
2458 3125 2578 3163 cum
2625 3111 2900 3163 Scriptura
2946 3110 3141 3163 passim
3190 3108 3380 3163 doceat

1803 3108 2158 3180 substantiam
2208 3112 2411 3176 operis,
2458 3125 2578 3165 cum
2625 3111 2900 3180 Scriptura
2946 3110 3141 3178 passim
3190 3108 3382 3180 doceat

1804 3178 1937 3249 legis
1992 3183 2420 3235 observationem
2478 3178 2815 3236 tribuendam
2848 3194 2967 3236 esse
3018 3180 3204 3249 gratim
3258 3179 3376 3233 Dei.

1802 3250 2000 3307 Ezecb.
2035 3268 2197 3307 xxxvi
2222 3269 2234 3303 :
2268 3252 2523 3320 Spiritum
2552 3269 2717 3306 meum
2744 3268 2930 3319 ponam
2952 3252 3004 3304 in
3025 3251 3190 3305 medio
3210 3252 3379 3315 vestri,

1802 3331 1849 3375 et
1878 3323 2065 3389 faciam
2094 3335 2151 3378 ut
2177 3324 2231 3377 in
2257 3326 2523 3392 prwceptis
2548 3325 2671 3377 meis
2698 3323 2987 3377 ambuletis.
3023 3322 3206 3391 Neque
3238 3321 3379 3376 aliud

1802 3394 2106 3462 signiﬁcare
2134 3395 2301 3449 voluit
2328 3394 2641 3461 Apostolus,
2676 3410 2832 3459 quam
2859 3393 3109 3463 gentiles.
3139 3393 3383 3463 quamvis

1802 3464 1921 3518 sine
1966 3465 2083 3527 lege
2120 3474 2323 3528 essent,
2374 3467 2575 3532 scripta
2622 3462 2878 3518 videlicet
2912 3465 2963 3516 in
3008 3462 3225 3523 tabulis,
3274 3476 3382 3517 non

1805 3544 1980 3588 tamen
2012 3536 2230 3587 omnino
2271 3536 2385 3586 sine
2423 3536 2538 3601 lege
2578 3546 2698 3586 esse
2725 3549 2737 3585 :
2762 3532 3191 3601 quandoquidem
3222 3544 3285 3583 ex
3316 3547 3383 3584 eo

1801 3604 1943 3669 quod
1971 3604 2238 3658 interdum
2279 3600 2570 3655 faciuntfex
2605 3601 2893 3655 dictamine
2918 3600 3164 3669 rationis,
3194 3608 3378 3669 osten-

1802 3668 1936 3727 dunt
1980 3687 2038 3725 se
2081 3673 2279 3725 habere
2311 3672 2477 3739 legem
2511 3679 2712 3724 natura:
2752 3672 3008 3737 scriptam
3040 3668 3094 3721 in
3126 3668 3381 3739 cordibus

1802 3743 1933 3806 suis,
1968 3756 2087 3809 quas
2111 3753 2286 3794 tamen
2324 3738 2417 3809 per
2447 3755 2506 3794 se
2531 3753 2636 3809 non
2666 3739 2869 3793 sufﬁcit
2895 3746 2953 3792 ut
2977 3739 3025 3791 id
3057 3752 3215 3791 omne
3237 3738 3381 3809 quod

1803 3807 2101 3866 faciendum
2152 3808 2480 3871 noverimus,
2510 3808 2672 3863 etiam
2707 3809 2880 3863 facere
2910 3809 3214 3874 diligamus.
3247 3807 3379 3862 Nam

1805 3892 1861 3936 ut
1891 3882 2169 3950 eleganter
2203 3881 2277 3934 ait
2307 3881 2369 3934 D.
2404 3881 2706 3934 Bernardus
2733 3880 2870 3949 (Lib.
2894 3880 2957 3933 de
2981 3878 3161 3950 Gratia
3192 3888 3237 3930 et
3263 3877 3376 3931 Lib.

1804 3949 2017 4021 Arbit.),
2051 3968 2151 4006 non
2177 3961 2250 4006 est
2291 3952 2542 4024 ejusdemr
2561 3951 2824 4024 facultatis
2860 3952 2992 4004 scire
3021 3949 3144 4020 quid
3182 3950 3381 4024 facien-

1803 4024 1925 4077 dum
1954 4020 2040 4087 sit,
2074 4033 2118 4077 et
2147 4020 2352 4092 facere;
2391 4020 2645 4095 quoniam,
2665 4031 2711 4075 et
2742 4022 2943 4095 diversa
2971 4031 3085 4075 sunt
3121 4034 3260 4095 ιάξςςιΔ
3285 4020 3380 4095 du-

1802 4104 1993 4162 catum,
2038 4111 2097 4148 ac
2128 4089 2259 4162 fesso
2288 4089 2506 4163 praebere
2538 4093 2841 4148 vehiculum.
2880 4090 2946 4145 Et
2977 4101 3163 4163 poeta:
3198 4089 3377 4163 Video,

1802 4160 1989 4233 inquit,
2038 4160 2296 4229 meliora,
2338 4166 2592 4235 proboque
2634 4180 2653 4218 :
2698 4164 2949 4217 deteriora
2978 4160 3189 4230 sequor.
3246 4160 3381 4213 Hinc

1804 4252 1975 4289 servus
2025 4239 2188 4291 sciens
2231 4234 2543 4290 voluntatem
2570 4234 2767 4288 domini
2795 4235 2895 4296 sui,
2928 4242 2977 4287 et
3018 4249 3119 4286 non
3162 4234 3379 4303 faciens,

1802 4307 2064 4377 vapulabit
2104 4308 2271 4377 plagis
2310 4306 2502 4369 multis,
2544 4307 2671 4360 Luc.
2704 4321 2797 4361 xu.
2846 4304 2911 4357 Et
2948 4304 3381 4377 sapientesthujus

1805 4374 1981 4431 saéculi
2008 4374 2471 4435 merito'damnati,
2502 4378 2623 4446 quia
2651 4392 2763 4429 cum
2802 4378 3156 4445 cognovissent
3188 4374 3377 4446 Deum,

1807 4463 1909 4500 non
1939 4450 2070 4502 sicut
2100 4448 2261 4502 Deum
2289 4444 2719 4517 gloriﬁcaverunt,
2747 4445 2835 4499 sed
2869 4444 3174 4498 evanuerunt
3210 4444 3263 4495 in
3296 4457 3382 4494 σου

1808 4518 2137 4594 gitationibus
2167 4516 2303 4594 suis,
2323 4527 2427 4571 etc.
2462 4516 2619 4570 Rom.
2648 4531 2685 4571 ι.
2760 4586 2771 4594 _
3025 4592 3031 4594 Α
3259 4579 3293 4594 ,,

1882 4586 1907 4625 δ
1946 4586 2017 4642 At
2062 4602 2168 4642 non
2215 4579 2293 4641 sic
2339 4598 2638 4656 arguuntur
2678 4594 2732 4641 ct
2760 4586 3107 4656 increpantur
3149 4579 3295 4637 surdi
3330 4590 3383 4656 et

1810 4657 1960 4724 caeci,
1994 4660 2145 4725 quasi
2177 4672 2241 4711 ex
2275 4652 2524 4712 facultate
2553 4668 2755 4712 natura!
2782 4652 2991 4727 possint
3020 4654 3110 4727 vel
3132 4668 3288 4707 aures
3314 4652 3381 4707 ad

1810 4728 2133 4783 audiendum
2179 4730 2411 4798 aperire,
2444 4729 2529 4783 vel
2576 4728 2759 4782 oculos
2786 4725 2873 4783 'ad
2924 4725 3229 4798 videndum,
3259 4738 3380 4798 cum

1810 4800 2067 4867 scriptum
2092 4799 2163 4853 sit
2185 4817 2196 4851 :
2215 4793 2484 4853 'Dominus
2528 4798 2783 4853 illuminat
2813 4814 2970 4853 ctecos
2998 4796 3168 4867 (Psal.
3200 4793 3381 4867 cxtv).

1812 4870 1897 4933 Et,
1925 4864 2087 4922 Mane
2107 4870 2255 4939 erigit
2282 4869 2407 4922 mihi
2442 4885 2615 4924 aurem
2646 4868 2824 4937 (Isaia
2852 4870 2903 4938 ι.)
2928 4884 2944 4932 ;
2970 4864 3062 4922 sed
3092 4868 3214 4935 quia
3231 4864 3385 4939 _divi-

1813 4955 1934 4993 nam
1982 4935 2394 4994 illustra'tionem
2426 4948 2481 4994 et
2515 4935 2847 5008 apertioncm
2879 4935 3071 4992 nolunt
3103 4935 3385 5008 admittere

1811 5012 1972 5079 eique
2006 5010 2315 5078 cooperari,
2361 5010 2451 5064 sed
2500 5004 2566 5063 in'
2598 5024 2691 5063 sua
2740 5010 3080 5079 caecitateget
3125 5004 3385 5058 surditate

1814 5075 2123 5149 perdurare:
2158 5075 2313 5135 Unde
2343 5081 2596 5135 exczecati
2627 5088 2680 5134 et
2705 5078 2953 5133 obdurati
2983 5075 3253 5131 dicuntur.

1889 5162 1909 5189 ε
1953 5152 2085 5206 Huic
2126 5152 2408 5205 asscrtioni
2451 5152 2560 5218 jam
2588 5150 2750 5219 paulo
2780 5157 2913 5219 antei
2929 5156 3248 5219 responsum
3280 5149 3383 5219 est,

1812 5237 1915 5294 qua
1944 5237 2049 5275 non
2079 5222 2252 5294 solum
2283 5212 2611 5294 voluniatem
2647 5221 2793 5294 boni,
2828 5218 2918 5274 sed
2958 5212 3120 5294 etiam
3162 5212 3388 5294 possibi-

1813 5284 2039 5366 litatem,
2084 5293 2282 5366 idest.
2328 5289 2873 5366 facultatem,__libcro
2900 5287 3090 5366 tribuit
3123 5284 3387 5366 arbitrio;

1813 5364 1962 5432 quasi
1994 5378 2118 5418 vero
2150 5363 2287 5417 idem
2335 5363 2425 5428 sit,
2479 5355 2710 5432 naturali
2742 5359 2948 5429 judicio
2994 5355 3138 5425 quod
3183 5355 3383 5423 justum

1813 5431 1895 5487 est
1917 5448 2078 5503 posse
2098 5434 2429 5495 discernere,
2455 5440 2509 5503 et
2535 5431 2666 5503 illud
2693 5444 2860 5503 opere
2885 5436 3141 5496 prasstare
3162 5432 3217 5479 et
3236 5436 3386 5477 exse-

1812 5500 1939 5573 qui}
1974 5507 2112 5561 scire
2136 5504 2261 5574 quid
2286 5502 2583 5574 faciendum
2605 5501 2695 5563 sit,
2720 5500 3003 5574 etfacere;
3035 5505 3089 5550 et
3114 5504 3384 5574 tamquam

1814 5569 1930 5630 haec
1972 5578 2038 5631 ab
2080 5569 2163 5631 eis
2190 5573 2538 5643 intelligentia
2567 5570 2827 5625 naturalis
2853 5569 3120 5639 exigatur,
3144 5572 3205 5620 ut
3230 5576 3293 5619 ex
3319 5577 3385 5625 ea

1816 5648 2125 5718 cognitione
2153 5645 2295 5721 quod
2321 5645 2524 5718 justum
2554 5650 2643 5700 est
2665 5649 3046 5715 exsequantur.
