4054 6186
645 262 746 335 927

1700 276 1981 335 JOANNIS
2019 274 2327 335 CASSIANI
2368 274 2859 332 COLLATIONES.

3822 278 3921 340 99.8

644 393 797 464 Quod
825 395 1008 466 utique
1035 394 1116 451 eis
1142 409 1246 450 non
1276 392 1536 459 dixisset,
1571 392 1677 449 nisi
1706 408 1801 449 eos
1824 394 2028 464 judicio
2060 402 2214 450 natu-
2240 394 2293 455 Α
2318 392 2450 445 cabis
2479 395 2687 444 domum
2712 389 2909 442 nomini
2952 402 3061 440 meo
3105 385 3124 457 (
3142 386 3208 441 Ill
3251 387 3382 460 Reg.
3424 388 3575 459 vui).
3625 389 3762 448 Haec
3795 409 3918 467 ergo

646 489 744 546 rali
789 488 843 544 id
884 487 1024 559 quod
1070 503 1280 558 aequum
1326 496 1410 542 est
1450 486 1639 543 scisset
1684 502 1845 557 posse
1889 488 2218 545 discernere.

646 578 800 639 Unde
820 579 1117 635 cavendum
1144 588 1228 635 est
1267 578 1421 635 nobis
1446 594 1511 633 ne
1540 580 1609 633 ita
1640 580 1705 634 ad
1728 580 2014 635 Dominum
2041 581 2221 636 omnia

647 683 956 729 sanctorum
1001 672 1195 727 merita
1233 670 1530 727 referamus
1552 681 1600 736 ι,
1634 680 1693 727 ιιι
1721 673 1851 727 nihil
1880 674 1980 728 nisi
2002 673 2055 728 id
2078 673 2222 743 quod

645 768 843 823 malum
864 774 1023 836 atque
1046 780 1356 835 perversum
1391 775 1475 821 est
1509 765 1755 822 humanm
1777 768 2107 823 ascribamus
2126 783 2213 822 na-

650 868 804 914 tura).
832 858 885 912 In
916 873 1025 928 quo
1052 858 1267 929 quidem
1298 859 1681 928 sapientissimi
1701 858 2031 927 Salomonis,
2058 862 2223 915 immo

647 949 881 1018 Domini,
899 949 1054 1019 cujus
1078 951 1192 1005 tunc
1214 950 1377 1005 verba
1392 950 1848 1016 sunt,testimonio
1865 951 2224 1005 conlutamur.

645 1039 721 1097 Ita
751 1042 895 1097 enim
925 1057 1046 1096 cum
1076 1052 1444 1097 consummata
1484 1042 1665 1111 templi
1696 1041 2063 1097 exstructione
2107 1057 2229 1096 ora-

645 1142 750 1201 ret,
781 1134 974 1189 elfatus
1003 1146 1125 1190 est:
1160 1133 1435 1202 Voluitque
1478 1133 1645 1188 David
1688 1144 1833 1205 pater
1877 1151 2018 1189 meus
2064 1136 2229 1202 aediﬁ-

645 1243 761 1281 care
798 1228 1008 1280 domum
1043 1228 1235 1281 nomini
1275 1227 1481 1281 Domini
1514 1226 1609 1280 Dei
1638 1225 1823 1295 Israel,
1855 1237 1902 1281 et
1930 1229 2003 1281 ait
2044 1227 2226 1281 Domi-

646 1333 742 1370 nus
774 1317 911 1372 Deus
946 1318 1012 1371 ad
1054 1316 1221 1371 David
1258 1327 1455 1387 patrem
1493 1334 1659 1371 meum
1683 1334 1700 1371 :
1726 1318 1874 1384 Quod
1904 1319 2138 1389 cogitasti
2173 1319 2228 1372 in

646 1410 801 1461 corde
831 1418 915 1461 tuo
944 1408 1203 1477 cedi/icore
1247 1408 1454 1463 domum
1494 1409 1692 1462 nomini
1738 1426 1867 1473 meo,
1906 1409 2027 1463 bene
2068 1410 2230 1480 fecisti

647 1501 742 1555 hor
775 1492 945 1571 ipsum
984 1511 1148 1555 mente
1197 1509 1418 1568 tractans
1436 1518 1455 1567 ;
1484 1510 1827 1555 verumtamen
1856 1518 1955 1554 non
1988 1512 2041 1555 tu
2067 1502 2228 1571 aediﬁ-

2324 482 2351 522 δ
2374 483 2631 553 cogitatio
2662 492 2824 550 atque
2856 480 2959 534 iste
2990 481 3248 533 tractatus
3270 481 3414 550 regis
3440 480 3634 549 David,
3671 493 3911 544 utrumne

2323 574 2499 630 bonus
2525 583 2577 627 et
2604 588 2669 627 ex
2705 572 2835 637 Deo,
2866 587 2932 625 an
2976 572 3148 625 malus
3196 579 3252 624 et
3280 572 3347 625 ab
3393 570 3612 628 homine
3640 574 3814 633 fuisse
3844 580 3908 635 di-

2324 667 2527 722 cendus
2562 666 2687 719 est?
2718 664 2775 719 Si
2817 664 2957 718 enim
2986 664 3123 718 bona
3154 674 3315 733 atque
3340 679 3405 719 ex
3440 665 3550 720 Deo
3578 667 3679 721 fuit
3714 670 3805 725 illa
3833 688 3911 726 co-

2326 759 2535 830 gitatio,
2566 773 2663 812 cur
2686 757 2752 810 ab
2779 772 2844 811 eo
2868 772 2896 810 a
2926 771 3032 827 quo
3066 756 3323 826 inspirata
3348 767 3451 821 est.
3486 759 3663 814 eidem
3696 774 3912 834 negatur

2327 851 2585 906 ellectus?
2623 850 2677 906 Si
2724 860 2903 904 autem
2935 850 3076 903 mala
3103 860 3158 904 et
3184 865 3251 905 ex
3284 850 3502 907 homine
3532 853 3655 921 luit,
3685 871 3787 911 cur
3812 858 3913 914 lau-

2333 944 2490 1000 datur
2519 958 2548 996 a
2578 943 2838 997 Domino?
2868 943 3056 997 Restat
3085 959 3214 1013 ergo
3253 952 3311 998 ut
3349 954 3401 999 et
3441 946 3579 1001 bona
3620 958 3675 1004 et
3707 966 3775 1006 ex
3823 955 3910 1009 ho-

2333 1038 2477 1092 mine
2502 1035 2667 1091 t'uisse
2694 1036 2965 1091 credatur.
2992 1035 3049 1090 ιιι
3078 1052 3238 1105 quem
3271 1038 3485 1093 modum
3514 1040 3678 1096 etiam
3705 1056 3914 1103 nostras

2332 1128 2569 1199 quotidie
2594 1128 2948 1198 cogitationes
2978 1142 3263 1196 possumus
3279 1129 3541 1198 judicare.
3564 1132 3753 1205 Neque
3773 1140 3913 1193 enim

2333 1230 2428 1276 aut
2456 1221 2556 1275 soli
2587 1220 2759 1275 David
2792 1220 2989 1274 bonum
3016 1236 3081 1274 ex
3121 1220 3411 1292 semetipso
3435 1225 3671 1292 cogitare
3699 1243 3915 1285 concei-

2333 1330 2451 1369 sum
2479 1324 2581 1377 est,
2611 1324 2703 1367 aut
2730 1314 2887 1369 nobis
2912 1330 2979 1368 ne
3007 1314 3133 1384 quid
3160 1316 3285 1370 boni
3322 1332 3576 1386 umquam
3605 1334 3801 1391 sapere
3828 1335 3914 1380 aut

2335 1408 2577 1480 cogitare
2615 1410 2910 1479 possimus,
2941 1408 3260 1464 naturaliter
3285 1410 3599 1482 denegatur.
3625 1425 3647 1452 ε
3673 1415 3913 1475 Dubitari

2337 1522 2466 1577 ergo
2494 1522 2600 1561 non
2641 1516 2819 1577 potest
2855 1508 3035 1562 inesse
3064 1504 3279 1576 quidem
3324 1509 3508 1564 omnia
3536 1510 3725 1567 animae
3754 1526 3918 1570 natu-

1708 1635 1963 1691 ALARDI
2002 1635 2230 1691 GAZIEI
2270 1636 2832 1695 COMMENTARIUS.

718 1738 743 1766 ιι
771 1729 938 1783 Immo
964 1736 1150 1782 contra
1177 1727 1476 1809 cavendum
1498 1726 1652 1809 nobis
1678 1738 1784 1793 εει,
1815 1742 1882 1809 ne
1907 1726 1981 1781 sic
2003 1727 2219 1808 aliquod
2252 1730 2298 1790 Β
2327 1730 2511 1809 multis
2549 1730 2611 1809 id
2630 1747 2733 1784 non
2758 1731 3037 1809 impetrat.
3074 1728 3345 1809 Hisadde
3373 1731 3480 1786 duo
3516 1733 3910 1809 _alia_exempla

645 1798 843 1855 bOnum
885 1809 1087 1852 naturae
1135 1798 1464 1853 ascribamus
1506 1798 1771 1860 humanm,
1807 1806 1863 1848 ut
1905 1814 2008 1850 non
2040 1800 2219 1852 omnia

644 1880 950 1924 sanctorum
983 1870 1171 1922 merita
1198 1872 1248 1923 in
1280 1868 1448 1921 Deum
1480 1867 1797 1921 referamus.
1829 1867 1921 1922 Sic
1952 1868 2095 1922 enim
2129 1870 2221 1923 de-

644 1939 814 1995 ﬁnivit
829 1938 1154 1994 leestinus
1170 1940 1187 1992 l
1202 1939 1255 1993 in
1274 1940 1498 2006 epistola
1516 1940 1767 2005 superius
1783 1940 1941 1991 citata
1969 1938 2118 2008 (Cap.
2138 1941 2216 2007 8),

644 2026 709 2067 ex
759 2011 1027 2065 sententia
1075 2010 1368 2063 Innocentii
1417 2010 1830 2076 praedecessoris
1879 2009 1961 2061 sui
2010 2027 2020 2060 :
2071 2010 2221 2075 Quod

644 2084 819 2136 omnia
847 2083 1017 2135 studia
1044 2092 1094 2135 et
1124 2081 1295 2133 omnia
1326 2096 1481 2145 Opera
1526 2097 1585 2132 ac
1621 2081 1801 2132 merita
1825 2088 2121 2132 sanctorum
2153 2082 2220 2133 ad

644 2152 741 2206 Dei
785 2152 1020 2223 gloriam
1057 2153 1354 2223 laudemque
1393 2150 1671 2223 referenda
1704 2152 1854 2223 sint,
1902 2153 2023 2217 quia
2072 2167 2219 2223 nemo

646 2220 855 2275 aliunde
884 2222 929 2276 ei
968 2221 1168 2293 placeat
1204 2220 1711 2293 [Aliaplacuitlpnisi
1748 2236 1899 2293 exprec
1945 2220 2081 2293 qu_od
2108 2221 2221 2293 ipse

646 2293 927 2347 donaverit.
964 2291 1032 2346 Et
1061 2291 1260 2347 clarius
1292 2291 1344 2345 id
1374 2292 1641 2360 expressit
1670 2291 1955 2344 concilium
1994 2291 2220 2344 Triden-

646 2366 815 2419 tinum
856 2364 938 2417 his
973 2364 1153 2418 verbis
1180 2364 1345 2433 (Sess.
1377 2378 1427 2414 vr
1454 2378 1499 2415 c.
1532 2362 1659 2433 16):
1690 2360 1830 2414 Licet
1873 2362 2015 2433 bonis
2056 2363 2222 2429 operi-

647 2434 736 2489 bus
757 2437 809 2489 in
832 2435 990 2489 sacris
1010 2431 1197 2487 litteris
1221 2450 1379 2501 usque
1400 2434 1529 2485 adeo
1557 2431 1831 2495 tribuatur,
1864 2440 1919 2483 ut
1944 2432 2103 2501 etiam
2132 2434 2221 2499 qui

645 2507 730 2558 uni
752 2523 815 2559 ex
840 2506 1063 2557 minimis
1089 2506 1194 2556 suis
1234 2500 1407 2573 potum
1436 2518 1579 2569 aqua!
1619 2501 1823 2572 frigida:
1850 2500 2068 2573 dederit,
2102 2518 2221 2569 pro-

645 2576 813 2627 mittat
854 2574 1081 2627 Christus
1124 2590 1238 2626 eunt
1280 2589 1379 2625 non
1406 2588 1513 2624 esse
1556 2589 1649 2625 sua
1680 2572 1905 2624 mercede
1936 2573 2219 2625 cariturum

647 2644 856 2714 (Matth.
894 2660 948 2697 ιχ
986 2652 1033 2697 et
1068 2644 1155 2710 x);
1198 2652 1244 2696 et
1285 2641 1561 2712 Apostolus
1595 2650 1833 2714 testetur,
1882 2640 2120 2714 idquod
2164 2644 2219 2695 in

646 2711 885 2784 prtesenti
932 2723 1002 2768 est
1043 2711 1542 2784 momentaneumet
1586 2712 1690 2764 leve
1737 2711 2092 2784 tribulationis,
2126 2730 2219 2765 no-

648 2782 793 2847 strw,
844 2801 1002 2855 supra
1047 2785 1253 2837 modum
1297 2785 1350 2855 in
1394 2782 1993 2855 sublimitatemternum
2041 2782 2220 2854 gloria:

647 2855 848 2921 pondus
879 2851 1082 2923 operari
1127 2856 1179 2909 in
1225 2854 1369 2907 nobis
1399 2852 1465 2916 (ll
1505 2851 1625 2923 Cor.
1664 2853 1771 2923 tv);
1805 2852 1936 2905 absit
1968 2851 2134 2906 tamen
2165 2864 2221 2907 ut

647 2924 965 2980 Christianus
1003 2925 1154 2980 homo
1183 2927 1235 2978 in
1264 2925 1430 2992 seipso
1458 2922 1535 2976 vel
1569 2922 1795 2991 conﬁdat
1826 2923 1901 2975 vel
1933 2925 2217 2993 glorietur;

648 3004 695 3049 et
726 3012 825 3048 non
854 2998 905 3048 in
935 2996 1179 3061 Domino,
1206 2996 1354 3064 cujus
1379 3003 1517 3048 tanta
1540 3002 1613 3047 est
1644 3009 1765 3064 erga
1790 3011 1959 3047 omnes
1988 2994 2217 3047 homines

649 3065 868 3132 bonitas,
912 3076 965 3120 ut
1008 3083 1179 3121 eorum
1224 3068 1341 3119 velit
1378 3082 1484 3120 esse
1525 3066 1705 3117 merita
1748 3080 1859 3134 qua:
1900 3075 2017 3118 sunt
2056 3066 2217 3134 ipsius

650 3137 805 3189 dona.
854 3137 978 3191 llaac
1020 3137 1274 3208 synodus.
1321 3137 1450 3204 Quae
1486 3144 1761 3208 postrema
1800 3136 1957 3208 verba
2009 3143 2217 3208 sumpta

650 3217 773 3262 sunt
797 3222 864 3262 ex
892 3206 1188 3278 Augustino
1213 3208 1436 3276 epistola
1468 3206 1569 3261 105
1597 3216 1650 3260 et
1678 3207 1989 3278 aliisﬂlocis.
2030 3206 2222 3278 Gravi-

652 3288 733 3332 ter
761 3293 921 3345 porro
952 3275 1219 3333 invehitur
1250 3275 1483 3345 Prosper
1506 3278 1557 3331 in
1605 3278 1760 3331 istam
1786 3275 2070 3330 Cullatoris
2097 3293 2220 3331 sen-

654 3352 898 3413 tentiam,
933 3360 989 3401 ut
1021 3358 1073 3403 et
1102 3349 1439 3419 Pelagianam
1471 3359 1526 3402 et
1553 3347 1917 3419 blasphetnam
1943 3363 2058 3400 eam
2094 3363 2221 3414 pro-

653 3430 862 3473 nuntiet
883 3438 893 3471 :
921 3420 1055 3486 Quid
1074 3417 1449 3490 enim,vinquit,
1467 3419 1769 3482 evidentius,
1789 3417 1910 3487 quid
1933 3420 2222 3490 expressius

653 3491 929 3562 secundum
987 3490 1189 3562 Pelagii
1239 3488 1944 3562 Calestiiqueﬂcommentum
1998 3488 2059 3562 ab
2094 3488 2223 3562 ‘ullo

654 3561 908 3630 discipulo
952 3557 1136 3632 potuit'
1157 3563 1402 3632 deliniri?
1430 3557 1522 3615 Illi
1551 3560 1727 3632 dicunt
1751 3560 1975 3632 gratiam
2004 3557 2104 3632 Dei
2146 3576 2224 3613 se-

654 3627 875 3684 cundum
917 3627 1096 3702 merita
1138 3627 1312 3687 nostra
1340 3634 1475 3698 dari,
1503 3643 1549 3686 et
1575 3632 1689 3683 ideo
1713 3629 1818 3702 [AL
1843 3627 2020 3702 iidem]
2048 3630 2225 3682 dicunt

653 3702 879 3771 gratiam
925 3700 1018 3757 Dei
1066 3720 1166 3756 non
1208 3706 1275 3757 ad
1321 3702 1547 3772 singulos
1593 3700 1736 3754 actui
1782 3702 1915 3754 dari.
1955 3700 2051 3772 Hic
2090 3702 2224 3753 intra

654 3770 811 3824 unam
839 3776 1137 3827 sententiam
1169 3770 1533 3838 blasphemiam
1562 3782 1828 3843 utramque
1857 3770 2108 3843 conclusit
2147 3772 2227 3823 di-

654 3858 813 3897 cens:
842 3843 1136 3897 Cavendum
1184 3846 1325 3899 nobis
1363 3860 1489 3910 esse,
1535 3859 1595 3896 ne
1636 3843 1711 3894 ita
1744 3841 1819 3895 ad
1863 3841 2027 3894 Deum
2058 3843 2227 3893 omnia

653 3925 947 3986 sanctorum
989 3918 1167 3970 merita
1206 3917 1504 3986 referamus,
1538 3925 1591 3966 ut
1634 3914 1784 3986 nihil,
1799 3913 1911 3986 nisi
1939 3914 2075 3981 quod
2112 3929 2226 3965 ma-

654 3983 758 4055 lum
787 3997 934 4054 atque
961 3983 1364 4055 perversum'est,
1388 3986 1619 4038 humana:
1654 3984 1966 4037 ascribamus
2008 3994 2224 4035 naturw.

660 4052 788 4107 Vult
825 4052 1092 4125 ergoiesse
1136 4060 1295 4111 multa
1326 4059 1530 4126 propria
1569 4055 1834 4108 hominum
1874 4055 2072 4126 merita,
2114 4070 2230 4126 qua:

652 4140 755 4177 non
789 4124 905 4199 sunt
948 4130 1129 4197 gratia:
1165 4124 1638 4199 largitate‘collata,
1669 4126 1849 4194 quibus
1878 4124 1944 4175 ad
1970 4124 2229 4199 augendas

653 4197 915 4250 naturales
945 4194 1146 4251 divitias
1186 4194 1419 4261 quaedam
1461 4200 1723 4250 desursum
1760 4210 1971 4248 munera
2012 4194 2232 4246 debean-

652 4272 754 4315 tur.
813 4264 939 4318 Vult
986 4284 1075 4321 nos
1127 4269 1346 4336 gratiam
1392 4268 1489 4321 Dei
1538 4284 1640 4320 non
1683 4266 1749 4318 ad
1801 4265 2034 4334 singulos
2083 4270 2231 4316 actus

656 4336 901 4404 recipere,
932 4354 994 4389 ac
1024 4338 1238 4404 proinde
1266 4355 1365 4392 non
1414 4356 1504 4407 pro
1535 4339 1669 4391 omni
1698 4339 1827 4391 bono
1858 4352 2004 4404 opere
2031 4350 2231 4403 semper

654 4420 823 4470 orare,
857 4416 959 4462 etc.

2325 1802 2544 1854 similia.
2577 1802 2719 1854 Bona
2754 1801 2853 1855 fuit
2888 1802 3138 1855 voluntas
3169 1801 3401 1856 Abrahae
3445 1804 3677 1859 volentis
3721 1801 3909 1861 ἱιιιιῖιοο

2324 1871 2433 1925 lare
2476 1872 2653 1947 lilium,
2682 1887 2860 1947 suum,
2911 1871 3120 1947 ιιι-080
3155 1872 3529 1947 obediret‘ret
3568 1885 3743 1947 tamen
3794 1880 3911 1947 ejus

2323 1943 2597 2013 exsecutio
2646 1942 2899 2009 impedita
2945 1941 3154 2013 (Cenes.
3196 1944 3353 2011 xxii).
3401 1944 3490 2000 Sic
3519 1945 3655 2000 bona
3688 1946 3786 2000 fuit
3815 1941 3911 2002 {-0-

2323 2011 2514 2086 luntas_
2542 2011 2690 2066 Pauli
2739 2011 3011 2086 apostoli,
3044 2028 3148 2086 qua
3189 2017 3350 2067 tertio
3383 2016 3658 2070 Dominum
3690 2021 3911 2086 rogavit

2323 2091 2379 2135 ut
2421 2083 2722 2138 auferretur
2765 2099 2794 2136 a
2842 2099 2902 2138 se
2948 2083 3197 2138 stimulus
3244 2087 3424 2140 carnis
3482 2088 3568 2154 qui
3606 2101 3727 2140 eum
3759 2083 3917 2143 cola-

2322 2154 2601 2221 pltizahat;
2634 2166 2685 2207 et
2740 2154 2840 2208 hoc
2884 2162 3058 2208 tamen
3112 2170 3218 2209 non
3267 2156 3521 2223 obtinuit,
3553 2158 3765 2213 dicente
3805 2160 3912 2215 Do-

2322 2225 2471 2277 mino
2496 2241 2509 2279 :
2544 2224 2741 2292 Suﬁicit
2770 2225 2860 2277 tibi
2889 2227 3054 2294 gratia
3077 2243 3186 2278 mea
3211 2225 3278 2295 (ll
3306 2228 3425 2282 Cor.
3458 2229 3575 2295 xu).

2398 2304 2419 2331 ε
2464 2295 2674 2370 Refeltil
2699 2298 2949 2370 etiamhl).
2984 2296 3216 2364 Prosper
3239 2299 3376 2351 hanc
3405 2300 3764 2365 sententiam;
3790 2316 3912 2370 qum

2325 2372 2501 2418 tamen
2533 2366 2687 2437 aSS.
2724 2366 2975 2421 Patribus
3017 2382 3119 2419 non
3169 2383 3288 2421 raro
3335 2381 3641 2437 usurpatur.
3675 2373 3771 2425 sed
3806 2366 3910 2426 alio

2324 2449 2507 2488 sensu.
2542 2436 2671 2489 Nam
2703 2438 2956 2490 virtutum
2981 2439 3179 2491 semina
3213 2439 3362 2493 nobis
3392 2436 3711 2493 naturaliter
3742 2443 3909 2495 insita

2324 2505 2625 2577 signiﬁcare
2664 2508 2913 2561 videntur
2952 2507 3009 2561 S.
3060 2511 3313 2561 Antonius
3354 2509 3492 2577 apud
3538 2508 3917 2566 Athanasium

2323 2574 2415 2649 (In
2454 2577 2658 2649 Vitas.
2694 2581 2923 2649 Antonii)
2964 2580 3013 2631 in
3053 2574 3420 2632 exhortatiOne
3457 2578 3524 2632 ad
3558 2578 3752 2633 fratres
3804 2582 3916 2636 ha-

2322 2645 2453 2710 bita,
2486 2659 2537 2701 et
2569 2648 2798 2702 Basilius
2835 2645 3019 2703 hoinil.
3052 2650 3084 2704 9
3117 2650 3167 2703 in
3201 2649 3595 2713 Hexaemeron,
3622 2661 3678 2704 et
3704 2650 3759 2704 in
3795 2650 3911 2706 Re-

2321 2718 2459 2789 gulis
2489 2717 2657 2772 fusius
2683 2721 2883 2789 dispnt.
2925 2734 3044 2788 cap.
3077 2720 3131 2775 2.
3178 2719 3431 2774 Eamdem
3467 2719 3778 2789 expressius
3817 2723 3915 2775 ad-

2324 2788 2553 2861 mittunt
2582 2789 3003 2861 Chrysostomus
3045 2790 3232 2844 ltomil.
3266 2791 3299 2844 2
3328 2791 3384 2845 in
3416 2788 3589 2860 Epist.
3617 2791 3685 2846 ad
3728 2790 3907 2860 Ephe-

2322 2858 2473 2933 sios:
2515 2858 2710 2933 Vides;
2739 2862 2934 2931 inquit,
2977 2864 3113 2930 quod
3161 2862 3223 2914 ab
3271 2864 3383 2933 ipsa
3433 2858 3619 2916 natura
3666 2858 3911 2916 habemus

2321 2928 2488 2982 indita
2517 2932 2583 2983 ad
2612 2928 2846 2985 virtutem
2886 2928 3197 2995 seminaria;
3226 2928 3342 3001 qua:
3381 2950 3499 2986 vero
3529 2933 3734 2986 malitiw
3764 2943 3907 2993 sunt,

2324 3010 2511 3067 prwter
2543 3012 2785 3054 naturam
2822 3013 2960 3057 sunt.
3006 3002 3368 3070 Hieronymus
3411 3003 3463 3056 in
3504 3017 3622 3070 cap.
3652 3019 3667 3057 t
3697 3003 3763 3055 ad
3803 3001 3912 3057 Ga-

2326 3070 2464 3142 latas
2489 3090 2501 3125 :
2530 3072 2700 3137 Multi,
2730 3076 2918 3139 inquit,
2940 3075 3126 3139 absque
3151 3070 3273 3141 ﬁde,
3296 3077 3372 3127 vel
3396 3073 3672 3142 Evangelia
3693 3072 3910 3132 Christi,

2324 3141 2403 3194 vel
2431 3144 2684 3210 sapienter
2728 3146 2922 3211 faciunt
2962 3144 3159 3213 aliqua,
3189 3144 3266 3197 vel
3303 3155 3498 3211 sancte,
3533 3141 3585 3196 ut
3618 3143 3913 3211 parentibus

2327 3214 2687 3282 obsequantur,
2728 3224 2789 3286 ut»
2833 3215 2971 3284 inopi
3015 3217 3554 3286 manuntporrigant,
3592 3231 3692 3266 non
3739 3215 3920 3286 oppri:

2326 3299 2467 3356 mam
2498 3286 2705 3356 vicinos,
2738 3284 2922 3356 aliena»
2948 3300 3049 3335 non
3089 3284 3368 3356 diripiant,
3410 3283 3669 3356 magisque
3701 3283 3918 3356 obnoxii

2324 3354 2513 3405 idcirco
2532 3355 2735 3423 judicio
2888 3354 3033 3418 ﬁant,
3066 3353 3202 3419 quod
3230 3353 3472 3407 [tabentes
3494 3352 3543 3406 in
3566 3370 3620 3408 se
3655 3353 3923 3421 principia

2325 3421 2580 3485 virtutum,
2610 3432 2653 3474 et
2696 3421 2790 3473 Dei
2818 3424 3029 3482 semina,
3063 3438 3167 3473 non
3205 3425 3419 3475 credunt
3467 3424 3519 3474 in
3557 3440 3616 3475 eo
3660 3424 3772 3477 sine
3814 3440 3925 3487 quo

2326 3508 2430 3546 esse
2474 3508 2574 3561 non
2621 3501 2850 3561 possum.
2901 3490 3260 3543 Damascenus
3293 3491 3385 3546 lib.
3422 3506 3479 3543 ιιι
3522 3491 3755 3545 Orthod.
3791 3491 3925 3547 Fid.

2324 3577 2439 3629 cap.
2490 3560 2552 3614 Li
2586 3560 2911 3613 :Naturates
2948 3571 3064 3613 sunt
3112 3562 3343 3621 virtutes.
3380 3571 3426 3614 et
3471 3562 3812 3627 naturaliter,
3877 3575 3927 3617 et

2324 3648 2461 3699 aeque
2482 3633 2536 3684 in
2559 3632 2787 3685 omnibus
2814 3634 3007 3689 insunt.
3033 3632 3123 3684 etsi
3149 3647 3249 3683 non
3271 3646 3444 3684 omnes
3468 3645 3608 3699 teque
3634 3645 3927 3699 aperemttr

2325 3719 2383 3755 ea
2427 3718 2540 3769 qum
2584 3714 2697 3756 sunt
2739 3713 2957 3756 notarat.
2995 3701 3193 3757 Verum
3228 3702 3381 3754 aliter
3408 3709 3466 3755 et
3494 3699 3665 3768 magis
3691 3704 3927 3769 proprie

2329 3773 2517 3828 Patres
2544 3775 2632 3828 isti
2670 3774 2925 3828 virtutum
2965 3772 3168 3827 semina
3204 3780 3550 3839 acceperunt,
3591 3786 3755 3840 quam
3789 3773 3931 3827 Cas-

2331 3846 2533 3909 sianus,
2559 3861 2715 3913 quem
2745 3845 2974 3913 Prosper
3004 3845 3293 3913 impugnat.
3331 3841 3461 3895 Nam
3490 3844 3698 3913 semina
3731 3840 3919 3896 virtu-

2333 3924 2469 3986 tum,
2498 3918 2542 3969 si
2582 3912 2806 3986 proprie
2836 3912 3188 3982 accipiantur,
3223 3912 3353 3986 nihil
3399 3922 3525 3986 sunt
3569 3912 3711 3986 aliud
3753 3928 3920 3986 quani

2332 3985 2512 4039 lumen
2541 3983 2844 4041 intellecms
2876 3986 3117 4053 practici,
3148 3994 3203 4038 et
3226 3983 3504 4053 inclinatio
3536 3983 3920 4053 voluntatisad

2333 4055 2532 4110 bonum
2572 4056 3025 4123 prosequendum,
3059 4066 3111 4109 et
3142 4052 3699 4123 malttmfugiendum,
3733 4065 3784 4103 ut
3814 4052 3916 4123 do-

2333 4136 2419 4179 cet
2447 4128 2502 4177 ὃ.
2536 4122 2770 4179 Thomas
2812 4125 2924 4188 1-2,
2968 4143 3022 4190 q.
3064 4126 3133 4180 65
3174 4125 3297 4195 (art.
3396 4132 3443 4177 et
3479 4122 3557 4193 2).
3597 4123 3770 4191 Atque
3798 4122 3917 4195 (hoc

2336 4196 2497 4249 modo
2523 4211 2706 4250 verum
2738 4206 2818 4248 εει
2840 4199 3044 4248 semina
3067 4192 3323 4248 virtutum
3347 4192 3525 4247 inesse
3556 4198 3701 4246 omni
3722 4192 3917 4246 animae

2335 4266 2605 4330 rationali,
2647 4274 2701 4318 et
2746 4266 3067 4319 remansisse
3106 4266 3270 4317 etiam
3321 4275 3441 4332 post
3483 4273 3781 4331 peccatum,
3820 4277 3917 4316 nec

2335 4350 2514 4416 posse
2538 4336 2747 4416 penitus
2775 4336 2826 4416 in
2858 4335 3076 4416 homine
3101 4334 3334 4415 aboleri;
3377 4348 3499 4414 cum
3527 4334 3829 4414 sintprima
3861 4344 3915 4386 et

2335 4403 2627 4460 immobilia
2667 4406 2907 4475 quzrdani
2951 4405 3209 4474 principia
3238 4405 3458 4458 rationis
3492 4403 3761 4475 practicae,
3795 4418 3917 4475 qua:

726 4475 750 4513 δ
790 4478 1202 4546 Cogitationem,
1236 4482 1348 4536 sive
1382 4482 1665 4536 consilium
1698 4488 1787 4533 aut
1829 4488 2111 4531 tractatum
2145 4491 2230 4530 re-
2257 4474 2310 4534 D
2338 4478 2396 4532 D.
2427 4480 2652 4546 August.
2686 4473 2777 4529 lib.
2803 4492 2839 4529 ιι
2865 4476 2933 4530 de
2955 4473 3160 4529 Libero
3192 4475 3432 4546 Arbitrio
3459 4482 3609 4527 vocat
3645 4473 3909 4546 principia

652 4546 733 4621 gis
781 4548 945 4603 David
993 4551 1059 4604 de
1089 4552 1401 4608 mdiliCando
1432 4554 1630 4621 templo
1660 4551 1824 4605 fuisse
1854 4551 2074 4613 bonum,
2109 4558 2163 4601 et
2193 4564 2221 4601 a

654 4618 764 4670 Deo
810 4621 1152 4688 inspiratnm,
1186 4625 1325 4677 nulla
1360 4618 1565 4677 ratione
1594 4622 1830 4676 dubitari
1875 4629 2071 4686 potest,
2102 4634 2221 4672 cum

651 4702 788 4757 opus
816 4703 959 4762 esset
984 4708 1050 4747 ex
1078 4709 1136 4747 se
1169 4700 1308 4762 pium
1336 4703 1392 4749 et
1418 4693 1726 4756 honestum,
1752 4701 1805 4744 et
1834 4700 1976 4743 recta
2004 4691 2122 4757 ejus
2150 4692 2228 4743 in-

656 4764 841 4835 tentio.
874 4761 1055 4831 Neque
1083 4761 1261 4819 obSIat
1290 4768 1429 4835 quod
1470 4765 1585 4835 ejus
1611 4763 1847 4835 ieil‘ectns
1879 4775 2227 4835 seuuettsecu-

652 4830 725 4901 ιιι)
754 4833 823 4887 ob
851 4830 1026 4888 certas
1059 4837 1293 4891 rationes
1308 4830 1479 4890 luerit
1500 4830 1557 4888 ei
1592 4834 1855 4901 denegata
1885 4842 1937 4884 et
1969 4831 2079 4884 lilio
2109 4832 2228 4898 ejus

649 4899 922 4958 Satomoni
953 4916 1241 4961 reservata.
1270 4906 1400 4960 Nam
1437 4905 1489 4960 id
1519 4920 1626 4959 non
1660 4899 1970 4972 infrequens
1998 4910 2101 4964 est,
2134 4911 2227 4955 aut

649 4973 947 5039 insolitum,
980 4986 1035 5031 ut
1059 4980 1250 5046 prohat
1280 4978 1510 5045 Prosper
1539 4974 1736 5043 duplici
1759 4971 2028 5046 exemplo,
2054 4972 2226 5046 altero

648 5058 677 5116 ς
708 5046 983 5116 Scriptura
1016 5042 1203 5116 petito,
1235 5042 1499 5102 altero'ex
1535 5042 1632 5099 usu
1660 5055 1713 5099 et
1746 5045 1895 5116 praxi
1943 5042 2223 5097 Ecclesiae.

648 5113 927 5186 Scriptura
957 5113 1198 5188 namque
1227 5125 1611 5173 commemorat
1646 5115 1956 5188 Apostolos,
1989 5128 2227 5188 cumar—

647 5185 961 5258 dentissitne
1016 5185 1217 5244 vellent
1267 5188 1614 5258 Evangelium
1671 5185 1924 5258 omnibus
1981 5185 2226 5258 gentibus

648 5257 977 5328 prazdicarc,
1026 5268 1203 5314 tamen
1256 5274 1359 5313 non
1411 5256 1649 5328 potuisse
1698 5256 1844 5328 loqui
1892 5258 2133 5328 verbum
2174 5256 2224 5309 in

646 5325 809 5394 Asia;
843 5339 896 5385 et
921 5325 1041 5384 cum
1075 5340 1342 5391 tentarent
1375 5325 1450 5383 ire
1486 5330 1537 5382 in
1569 5327 1895 5398 Biahyniam,
1928 5325 2226 5398 prohibitos

644 5398 815 5456 fuisse
849 5416 879 5453 a
918 5401 1119 5469 Spiritu
1164 5401 1288 5457 Jesu
1320 5400 1520 5469 (Actor.
1552 5397 1700 5469 xw).
1728 5397 1860 5464 Quis
1900 5412 2086 5450 eorum
2127 5397 2224 5469 bo-_

644 5486 769 5527 nam
813 5466 1167 5546 voluntatem,
1206 5479 1262 5527 et
1300 5466 1337 5525 a'
1373 5472 1482 5527 Deo
1522 5466 1731 5546 dubitet
1764 5470 2098 5546 inspiratam,
2137 5466 2228 5535 qui

645 5550 828 5596 tamen
862 5558 978 5598 eam
1011 5545 1183 5599 noluit
1232 5555 1357 5598 tunc
1402 5543 1661 5613 temporis
1707 5539 2043 5613 exsecutioni
2073 5551 2225 5613 man-

642 5613 801 5666 dari?
831 5613 920 5667 Sic
945 5615 1204 5669 Ecclesiae
1234 5615 1370 5668 bona
1403 5624 1484 5668 est
1515 5606 1786 5676 voluntas,
1819 5619 1873 5664 et
1905 5608 2049 5675 pium
2083 5606 2227 5662 desi-

643 5682 874 5752 derium,
901 5683 1036 5752 dum
1065 5684 1303 5751 quotidie
1335 5700 1430 5752 pro
1460 5686 1711 5736 omnibus
1751 5680 1985 5733 inimicis
2012 5678 2145 5741 suis,
2180 5679 2232 5733 id

644 5756 751 5809 ait,
783 5747 1096 5804 inﬁdelibus
1128 5764 1267 5813 orat,
1299 5747 1352 5804 ut
1384 5760 1802 5812 convertantur;
1836 5758 1890 5803 et
1918 5757 2093 5804 tamen
2137 5764 2233 5817 pro

2327 4558 2374 4603 et
2400 4541 2589 4600 lumina
2610 4549 2871 4601 virtutum.
2891 4547 3041 4620 Sicut
3058 4547 3199 4600 enim
3223 4541 3909 4620 ininicitectuSpeculatiro

2328 4629 2471 4674 certa
2496 4620 2738 4687 qumdam
2769 4618 3025 4686 principia
3052 4624 3238 4687 natura
3272 4615 3483 4674 indidit.
3514 4628 3631 4682 qua:
3659 4611 3909 4687 philoso—

2331 4690 2420 4761 phi
2451 4683 2715 4761 vocarunt
2743 4683 3030 4752 a’xiomata,
3065 4701 3159 4741 seu
3210 4686 3520 4761 dignitates,
3543 4692 3597 4761 et
3627 4683 3913 4749 maximas,

2331 4753 2463 4828 quas
2496 4760 2674 4812 nullus
2697 4773 2893 4827 negare
2916 4766 3092 4826 potest
3117 4774 3132 4821 ;
3163 4766 3240 4823 ut,
3272 4753 3404 4809 nihil
3432 4753 3583 4828 simul
3609 4768 3724 4828 esse
3742 4762 3791 4805 et
3814 4768 3915 4828 non

2331 4823 2460 4892 esse,
2496 4838 2655 4882 totum
2686 4823 2852 4895 maius
2890 4823 2994 4881 esse
3037 4843 3129 4879 sua
3176 4836 3338 4894 parte,
3368 4835 3508 4889 etc.;
3553 4825 3624 4878 ita
3657 4823 3816 4877 etiam
3862 4824 3914 4875 ιιι

2334 4900 2609 4955 intellectu
2642 4900 2877 4968 practico
2905 4906 3031 4952 sunt
3067 4909 3211 4951 certa
3240 4906 3295 4968 et
3322 4896 3577 4949 omnibus
3616 4903 3750 4968 nota
3769 4908 3916 4968 quae-

2332 4973 2453 5025 dam
2487 4960 2771 5038 principia.
2801 4984 2918 5038 quae
2963 4983 3065 5021 non
3108 4967 3252 5020 aliud
3282 4976 3594 5038 suntquam
3624 4965 3691 5038 de
3721 4960 3915 5015 ﬁnibus

2332 5034 2582 5096 humanis
2604 5034 2749 5095 ce'rta
2778 5034 3021 5107 quaedam
3045 5038 3248 5106 judicia
3272 5054 3283 5089 :
3315 5046 3394 5100 ut,
3420 5034 3918 5107 beatitudinem_essc

2331 5114 2707 5180 appetendam,
2753 5103 3390 5180 studendunisapientite,
3432 5109 3575 5180 juste
3625 5103 3913 5180 vivendum,

2330 5173 2466 5252 quod
2506 5182 2597 5235 tibi
2641 5173 2742 5255 non
2771 5184 2841 5255 vis
2885 5180 2997 5247 ﬁeri
3035 5173 3184 5255 alteri
3205 5173 3532 5255 .ttemfecei‘is,
3568 5173 3917 5255 postponenda

2332 5242 2588 5306 deteriora
2619 5242 2930 5313 melioribus,
2960 5258 3013 5303 et
3042 5249 3124 5301 liis
3173 5242 3388 5301 similia.
3421 5242 3736 5315 Cujuémodi
3774 5242 3917 5311 judi-

2332 5325 2472 5379 cium
2507 5323 2809 5376 intcllcctus
2839 5320 3059 5389 practici
3091 5320 3148 5373 S.
3180 5319 3416 5374 Thomas
3456 5334 3524 5371 ex
3563 5316 3915 5389 Hieronymo,

2333 5403 2389 5450 et
2433 5393 2553 5448 aliis
2600 5384 3011 5462 antiquioribus,
3046 5388 3384 5462 syndcresim
3428 5396 3619 5462 vocat,
3667 5384 3764 5462 alii
3801 5386 3916 5451 api.

2331 5480 2473 5528 cem,
2517 5474 2573 5519 ct
2623 5455 2854 5535 sublime
2898 5455 3110 5525 mentis,
3155 5460 3297 5529 quod
3342 5473 3557 5535 semper
3604 5455 3917 5535 inviolatum

2332 5527 2515 5592 manet
2544 5545 2602 5591 et
2630 5534 3017 5602 incorruptum.
3053 5527 3399 5599 quantumvis
3433 5529 3593 5584 homo
3626 5527 3772 5602 falsis
3803 5527 3917 5593 opi-

2335 5605 2586 5663 nionihus
2613 5615 2667 5659 et
2693 5595 2869 5672 pravis
2911 5595 3191 5675 aﬂ‘ectibgus
3233 5601 3303 5656 sit
3347 5610 3655 5675 corruptus.
3687 5595 3756 5651 At
3784 5608 3916 5675 vero

2335 5675 2624 5732 Cassianus
2676 5669 2773 5744 per
2825 5675 3031 5748 semina
3082 5672 3344 5748 virtutum
3395 5669 3665 5748 intellexit
3711 5669 3918 5748 semina

2336 5761 2479 5801 verte
2513 5735 2744 5812 pietatis,
2776 5747 2827 5801 id
2857 5754 2961 5809 cst,
3005 5744 3170 5799 bonas
3203 5742 3577 5811 cogitationes,
3609 5748 3666 5794 et
3698 5737 3785 5805 pia
3823 5735 3918 5791 ds-
