4048 6198
168 285 303 350 933

1135 284 1470 350 COLLATIO
1507 283 1648 348 XIII.
1677 313 1750 330 —
1776 285 1864 348 DE
1901 284 2385 350 PROTECTIONE
2424 287 2556 349 DEI.

3384 306 3496 372 θα

170 415 424 473 semper
444 402 684 474 gratuita
707 409 1044 474 perseveret,
1071 401 1199 460 dum
1229 402 1442 474 exiguis
1463 401 1785 473 quibusdam
1813 409 1861 472 Α
1889 403 2074 473 gloriae
2112 413 2358 475 operatur
2395 406 2448 460 in
2479 405 2623 460 nobis
2655 402 2729 476 (ll
2751 402 2873 461 Cor.
2903 405 3003 476 tv).
3029 405 3106 465 De
3133 421 3242 478 quo
3267 423 3321 470 et
3350 421 3486 482 alibi

174 496 498 565 parvisque
529 496 812 557 conatibus
844 503 1040 552 tantam
1071 496 1494 558 immortalitatis
1529 497 1783 567 gloriam,

181 596 357 644 tanta
408 590 660 659 perennis
699 589 1050 650 beatitudinis
1088 590 1250 658 dona,
1288 591 1656 650 inaestimabili
1688 593 1787 652 tri-

175 679 315 740 buit
351 681 622 752 largitate.
660 693 684 720 δι
715 681 825 738 Nec
855 682 998 744 enim
1025 683 1154 753 quia
1179 684 1326 741 illius
1355 685 1410 742 in
1437 699 1598 744 cruce
1621 686 1789 747 latro-

176 774 279 830 nis
320 785 682 843 praecesserat
723 775 887 843 ﬁdes,
928 776 1134 834 idcirco
1173 779 1635 849 pronuntiandum
1675 790 1782 848 est,

175 879 303 924 non
334 867 388 924 ei
410 866 625 925 beatam
649 869 1125 930 commorationem
1150 870 1384 940 paradisi
1412 873 1646 941 gratuito
1665 887 1786 932 esse

179 957 531 1026 promissam
575 958 766 1030 (Lacte
792 957 992 1030 χχιιι),
1049 971 1142 1022 aut
1185 963 1566 1031 paenitentiam
1611 964 1785 1023 David

179 1052 344 1119 regis
384 1050 537 1108 illam
577 1053 734 1114 unius
762 1053 914 1110 verbi
945 1069 1048 1124 qua
1088 1055 1258 1121 dixit,
1302 1056 1520 1116 Peccoui
1558 1056 1784 1114 Domino

179 1139 271 1210 (ll
304 1141 443 1214 Reg.
475 1145 607 1213 xu),
635 1143 742 1200 duo
772 1154 876 1200 tam
908 1146 1095 1216 gravia
1134 1147 1252 1217 ejus
1292 1148 1518 1204 crimina
1538 1189 1552 1214 ,
1585 1159 1640 1210 et
1676 1165 1783 1208 non

183 1232 382 1300 potius
404 1234 742 1290 clementiam
773 1235 871 1294 Dei
912 1237 1203 1294 abstulisse
1229 1238 1565 1298 credendum
1595 1250 1699 1306 est,
1728 1249 1786 1300 ut

181 1339 292 1395 per
324 1327 533 1386 Natban
569 1329 887 1400 prophetam
921 1341 1230 1388 mereretur
1256 1333 1470 1400 audire,
1503 1333 1569 1388 Et
1596 1334 1781 1390 Ι)οωὶ-

180 1435 288 1474 nus
311 1419 577 1476 transtulit
602 1422 932 1492 iniquitatem
954 1431 1120 1487 tuam,
1153 1440 1258 1478 non
1277 1425 1515 1480 morieris
1545 1423 1781 1498 (Ibid.).

179 1510 346 1578 Quod
386 1512 550 1582 igitur
599 1513 963 1571 homicidium
1013 1514 1290 1572 adulterio
1339 1517 1573 1584 addidit,
1627 1519 1784 1576 liberi

184 1604 382 1674 utique
423 1606 640 1662 arbitrii
689 1607 824 1673 fuit;
856 1607 1006 1678 quod
1047 1617 1226 1664 autem
1255 1609 1500 1680 arguitur
1528 1625 1626 1680 per
1652 1625 1780 1680 pro-

185 1696 438 1766 phetam,
462 1697 663 1754 divina:
689 1699 1020 1769 dignationis
1048 1713 1131 1756 eat
1156 1703 1350 1771 gratia.
1384 1701 1614 1758 Rursum
1640 1703 1782 1774 quod

1891 507 2209 556 constanter
2225 497 2493 563 enuntiat,
2519 498 2705 554 dicens
2732 516 2744 550 :
2778 498 2914 566 Quia
2936 515 3041 554 non
3067 509 3187 558 sunt
3213 509 3482 577 condigna:

1890 589 2153 663 passiones
2189 589 2345 662 hujus
2381 589 2624 658 temporis
2653 589 2720 641 ad
2751 593 2980 657 futuram
3007 589 3226 662 gloriam
3251 610 3370 662 quae
3396 613 3477 653 τε.

1888 681 2140 740 vetabitur
2180 683 2234 736 in
2272 681 2416 737 nobis
2459 681 2650 751 (Rom.
2693 682 2838 752 vni).
2887 683 3297 750 Quantumiibet
3343 703 3476 761 ergo

1889 775 2044 836 enisa
2073 773 2237 832 fuerit
2275 775 2510 834 humana
2543 774 2826 845 fragilitas,
2878 775 3074 834 futura:
3123 779 3474 842 retributioni

1887 879 1988 936 par
2013 878 2264 922 essenon
2291 865 2516 934 poterit;
2551 878 2652 922 nec
2677 865 2750 921 ita
2781 865 3060 924 laboribus
3087 869 3201 927 suis
3231 869 3473 930 divinant

1888 957 2160 1016 imminuit
2201 958 2449 1029 gratiam,
2484 966 2544 1013 ut
2572 972 2679 1013 non
2708 973 2925 1030 semper
2948 961 3188 1031 gratuita
3215 977 3470 1034 perseve-

1887 1059 2001 1119 ret,
2032 1057 2089 1108 et
2135 1049 2342 1107 idcirco
2386 1049 2672 1121 praedictus
2715 1050 2967 1121 Magister
3014 1055 3292 1125 gentium,
3346 1057 3472 1116 licet

1887 1145 2057 1214 gratia
2084 1145 2182 1202 Dei
2211 1146 2547 1216 apostolatus
2570 1147 2796 1216 gradum
2824 1148 3079 1206 sortitum
3115 1164 3177 1210 se
3200 1151 3368 1212 fuisse
3392 1161 3470 1212 te-

1887 1245 2082 1306 stetur,
2127 1238 2313 1296 dicens
2347 1256 2361 1293 :
2394 1236 2576 1294 Gratia
2618 1240 2716 1295 Dei
2745 1257 2861 1295 sum
2903 1242 3043 1312 quod
3089 1260 3203 1300 sunt
3238 1245 3316 1314 (ιι
3347 1245 3468 1305 Car.

1887 1329 2024 1401 xv),
2070 1339 2249 1388 tamen
2294 1347 2354 1390 se
2398 1347 2613 1404 quoque
2658 1331 2854 1389 divinae
2896 1335 3086 1406 gratia:
3124 1337 3470 1408 respondisse

1886 1425 2221 1492 pronuntiat,
2253 1423 2462 1491 dicens,
2509 1423 2580 1480 Et
2621 1427 2791 1497 gratia
2820 1429 2930 1499 ejus
2975 1432 3029 1482 in
3070 1446 3149 1483 me
3174 1447 3337 1487 vacua
3364 1448 3468 1490 non

1888 1516 2006 1584 fuit,
2029 1515 2118 1570 sed
2144 1516 2492 1572 abundantius
2520 1518 2628 1572 illis
2649 1520 2881 1574 omnibus
2907 1521 3135 1577 laboravi
3156 1533 3212 1578 et
3235 1526 3464 1596 obtinui,

1885 1605 1914 1648 δ
1943 1624 2047 1664 non
2076 1620 2246 1664 autem
2272 1626 2384 1680 ego,
2427 1612 2516 1666 sed
2545 1612 2709 1680 gratia
2739 1610 2836 1666 Dei
2865 1629 3061 1669 mecum
3091 1613 3303 1688 (Ibid.).
3333 1617 3466 1674 Nam

1886 1717 2012 1760 cum
2041 1703 2195 1771 dicit,
2225 1704 2478 1770 laboravi,
2512 1713 2763 1760 conatum
2793 1708 2998 1777 pr0prii
3035 1708 3210 1780 signat
3235 1709 3466 1767 arbitrii.

189 1802 481 1862 peccatum
525 1808 678 1849 suum
710 1794 1029 1850 humiliatus
1057 1797 1324 1865 agnoscit,
1358 1797 1591 1866 propriae
1621 1797 1783 1853 liber.
1811 1798 1860 1860 B
1885 1795 2018 1852 Cum
2049 1797 2200 1863 dicit,
2231 1815 2335 1853 non
2377 1808 2546 1854 autem
2577 1815 2688 1870 ego,
2733 1801 2821 1856 sed
2859 1802 3029 1872 gratia
3059 1802 3184 1871 Dei,
3216 1804 3468 1864 virtutem

189 1886 328 1942 tatis
359 1895 443 1942 est
478 1901 634 1956 Opus.
667 1887 822 1955 Quod
862 1903 992 1944 vero
1031 1889 1134 1945 sub
1171 1889 1492 1946 brevissimo
1523 1893 1779 1961 temporis

190 1988 402 2048 puncto
439 1978 830 2049 indulgentiam
866 1988 1132 2036 tantorum
1174 1981 1458 2052 criminum
1502 1996 1781 2051 promere-

191 2077 308 2141 tur,
341 2070 558 2125 Domini
597 2069 908 2126 miserentis
945 2081 1027 2127 est
1059 2071 1281 2126 donum.
1320 2072 1388 2127 Et
1428 2073 1557 2142 quid
1585 2074 1654 2128 de
1680 2073 1781 2130 bac

195 2171 310 2218 tam
332 2163 490 2220 brevi
516 2162 861 2220 confessione
883 2173 938 2220 et
963 2165 1375 2236 incomparabili
1396 2165 1596 2222 divinat
1615 2168 1781 2223 retrio

193 2252 441 2311 butionis
459 2256 826 2314 immensitate
841 2257 1116 2313 dicamus?
1132 2273 1255 2314 eum
1276 2259 1468 2315 beatus
1481 2261 1782 2330 Apostolus

195 2347 266 2403 ad
294 2348 444 2404 illam
474 2349 895 2421 magnitudinem
926 2351 1119 2408 tuturai
1147 2353 1607 2411 remunerationis
1633 2354 1780 2425 aspi-

194 2442 373 2511 ciens,
412 2443 541 2513 quid
581 2443 650 2499 de
684 2443 793 2499 illis
827 2454 933 2499 tam
966 2445 1266 2503 innumeris
1307 2447 1778 2517 persecutionibus

196 2534 309 2590 suis
343 2537 780 2604 pronuntiaverit
823 2539 1170 2596 considerare
1217 2541 1467 2610 perfacile
1506 2541 1598 2598 sit.
1648 2541 1780 2597 Nam

199 2637 604 2682 momentaneum
625 2628 743 2696 hoc,
769 2631 962 2700 inquit,
988 2641 1035 2686 et
1059 2633 1165 2687 leve
1192 2633 1540 2688 tribulationis
1567 2645 1780 2702 nostrae,

1887 1892 2083 1949 divinae
2111 1895 2466 1963 protectionis
2493 1896 2747 1953 ostendit.
2773 1895 2906 1954 Cum
2935 1898 3086 1967 dicit,
3114 1914 3332 1965 merant,
3359 1913 3468 1958 non

1886 1989 2064 2044 otioso
2085 2003 2261 2058 neque
2285 2003 2502 2057 securo,
2536 1990 2631 2045 sed
2661 1990 2927 2050 laboranti
2957 2007 3023 2050 ac
3046 1992 3328 2052 desudanti
3349 2007 3469 2052 eam

1887 2091 2238 2153 cooperatam
2265 2082 2435 2140 fuisse
2459 2084 2718 2140 declarat.

2475 2215 2706 2272 CAPUT
2743 2215 2877 2271 XIV.

1890 2331 2042 2404 Quod
2069 2328 2433 2386 tentationibus
2475 2329 2583 2405 suis
2631 2327 2771 2405 Deus
2802 2329 3285 2405 virtutemhumani
3312 2335 3466 2405 expe-

2471 2403 2633 2452 riatur
2660 2399 2883 2452 arbitrii.

1955 2539 2110 2608 Quod
2131 2541 2294 2597 etiam
2325 2539 2380 2594 in
2411 2538 2536 2607 Job,
2559 2537 2943 2608 probatissimo
2969 2537 3172 2597 athleta
3200 2553 3320 2606 suo,
3346 2553 3468 2599 cum

1888 2649 2014 2692 eum
2061 2634 2309 2690 diabolus
2339 2633 2635 2704 expetisset
2663 2630 2728 2685 ad
2761 2631 3033 2701 singulare
3061 2641 3359 2698 certamen,
3390 2633 3470 2688 di-

200 2733 354 2789 supra
378 2720 586 2775 modunt
617 2721 758 2777 ultra
787 2725 1248 2793 comparationem
1270 2767 1284 2793 ,
1307 2735 1554 2781 aeternum
1580 2727 1784 2798 pondus
1885 2728 2065 2782 vinam
2091 2727 2315 2796 legimus
2347 2723 2646 2795 providisse
2667 2723 2927 2791 iustitiam
2951 2726 2996 2776 °.
3027 2723 3084 2780 Si
3107 2725 3257 2780 enim
3282 2733 3470 2784 contra

1273 2865 1526 2922 ALARDI
1567 2865 1796 2922 GAZALI
1835 2863 2403 2924 COMMENTARIUS.

200 2977 370 3049 ipsam
399 2977 726 3034 voluntatem
752 2977 1025 3049 credendi
1059 2993 1220 3048 posse
1263 2979 1448 3034 haberi
1481 2995 1547 3035 ex
1579 2981 1787 3038 viribus

201 3048 443 3124 naturai,
483 3049 661 3124 subdit
692 3068 704 3124 :_
738 3048 859 3124 Non
899 3067 1019 3124 ergo
1057 3052 1315 3124 reced‘itur
1343 3051 1423 3124 ab
1448 3068 1504 3104 ea
1519 3054 1790 3124 _sententia

201 3090 356 3193 ipsum
403 3090 797 3193 Iselagiusipse
836 3103 890 3175 in
934 3090 1216 3193 eiiiscoitali
1254 3120 1458 3192 judicio
1505 3121 1790 3178 Palaestino

203 3189 770 3268 damnarecoinpulsus
801 3201 895 3268 est,
929 3191 1147 3268 gratiam
1177 3189 1273 3268 Dei
1299 3195 1789 3268 secundumgmerita

205 3271 382 3318 nostra
425 3261 673 3319 dariJS.
722 3261 1044 3331 Fulgentius
1091 3261 1184 3317 lib.
1229 3263 1294 3317 de
1339 3263 1710 3321 lncarnatiune
1741 3275 1794 3322 ct

205 3333 385 3390 Gratia
415 3333 608 3392 Christi
644 3331 812 3404 (Cap.
849 3332 948 3402 12)
981 3350 993 3387 :
1027 3332 1086 3388 Si
1113 3349 1264 3405 rero,
1286 3336 1481 3405 inquit,
1507 3337 1790 3391 secundum

205 3405 499 3479 Opinion_em
545 3393 771 3479 illorum”
796 3393 1027 3479 nostrum
1068 3414 1151 3479 est
1188 3393 1317 3459 velle
1347 3393 1574 3479 bredere,
1618 3410 1791 3479 prius-

205 3473 360 3559 quam
391 3473 485 3532 Dei
516 3477 686 3559 gratia
720 3475 936 3559 incipiat
962 3491 1055 3559 nos
1083 3474 1352 3559 adjuvare,
1397 3478 1588 3559 injuste
1618 3473 1794 3552 'gratia

209 3545 416 3628 dicitur,
447 3545 567 3628 quia
589 3563 690 3628 non
715 3546 873 3628 gratis
896 3545 1394 3628 daturﬁhoininibus,
1425 3545 1514 3604 sed
1539 3545 1794 3628 ὁωξᾳῖτε-

211 3616 749 3673 ιτὶὺιιὶιιινύοιυηιαιὶ.
779 3617 1016 3686 Denique
1047 3616 1110 3670 D.
1146 3618 1377 3688 Prosper
1406 3631 1588 3677 contra
1619 3621 1793 3676 Colla-

209 3698 380 3744 torem
415 3704 535 3758 cap.
565 3689 598 3746 6
631 3706 645 3742 ;
681 3688 974 3755 Quomodo,
1004 3689 1198 3758 inquit,
1251 3707 1354 3744 non
1393 3691 1614 3746 advel-tis
1653 3700 1700 3746 te
1739 3693 1793 3745 in

209 3759 343 3814 illud
364 3761 662 3816 damnatum
679 3758 927 3823 incidere,
959 3758 1116 3824 quod,
1147 3760 1269 3814 velis
1297 3761 1451 3825 nolis,
1477 3762 1793 3816 convinceris

212 3833 400 3903 dicere,
435 3834 656 3903 gratiam
688 3830 782 3903 Dei
805 3831 1088 3903 secundum
1111 3832 1294 3903 merita
1317 3841 1491 3903 nostra
1517 3832 1652 3896 dari,
1678 3848 1793 3884 cum

213 3901 406 3972 aliquid
435 3899 725 3971 prwcedere
755 3902 870 3955 boni
899 3901 1064 3972 aperis
1096 3918 1156 3954 ea:
1183 3899 1640 3972 ipsisrhominibus,
1674 3918 1795 3969 pro-

213 3971 325 4046 pter
350 3974 489 4046 quod
529 3973 750 4046 gratiam
797 3971 1190 4041 consequantur,
1223 3971 1497 4046 nﬂirntas?
1525 3971 1792 4046 caeterum

215 4042 280 4100 ex
310 4044 393 4098 his
425 4042 640 4098 non'est
667 4056 1006 4114 consequens
1041 4053 1095 4100 ut
1125 4043 1236 4112 pari
1279 4042 1441 4096 modo
1479 4042 1795 4098 excludatur

217 4117 392 4169 omnis
419 4116 560 4168 ratio
592 4113 768 4184 meriti
797 4113 864 4165 ab
889 4115 1142 4184 operibus
1171 4130 1288 4183 qua:
1314 4113 1447 4168 ﬁunt
1483 4130 1549 4169 ex
1589 4129 1794 4183 prmve-

217 4188 400 4241 niente
443 4186 536 4239 Dei
568 4183 734 4254 gratia
765 4195 817 4238 et
848 4184 971 4252 fide,
1018 4183 1212 4254 Quibus
1256 4184 1324 4238 ad
1355 4185 1792 4254 justiﬁcatiouem

221 4265 470 4327 peccator
509 4253 829 4327 diepoinitur.
879 4254 995 4327 Non
1042 4253 1184 4308 enim
1213 4253 1414 4327 desinit
1443 4271 1562 4312 esse
1598 4257 1791 4327 gratia,

223 4323 358 4395 quod
393 4326 640 4382 tribuitur
665 4323 769 4394 ipsi
804 4325 1026 4396 gratim;
1052 4340 1152 4396 nec
1192 4326 1260 4382 de
1302 4327 1384 4382 his
1425 4323 1677 4396 operibus
1717 4327 1794 4381 lo-

219 4397 398 4466 quitur
426 4397 747 4479 épostolus,
784 4395 904 4479 cum
944 4395 1018 4450 ait
1045 4395 1302 4479 :nSiergo
1327 4395 1514 4479 gratia,
1541 4400 1657 4479 iam
1693 4414 1795 4451 non

220 4465 281 4524 ea
309 4465 560 4541 aperibus,
593 4469 686 4524 sed
717 4467 784 4524 de
798 4467 885 4541 his
911 4483 1029 4533 quae
1058 4465 1190 4521 ﬁunt
1217 4465 1281 4523 ex
1310 4465 1441 4541 solis
1465 4465 1668 4541 viribus
1697 4485 1794 4541 na-

225 4537 375 4605 turae,
410 4541 555 4594 nulla
589 4539 865 4609 supposita
898 4541 1098 4608 gratia;
1128 4553 1357 4609 quormn
1404 4539 1600 4594 intuitu
1628 4537 1673 4593 si
1701 4539 1796 4594 do-

221 4617 440 4665 naretur
466 4611 634 4678 gratia
655 4651 670 4674 ,
706 4608 950 4678 profecto
981 4624 1087 4662 non
1117 4608 1260 4664 esset
1299 4625 1466 4676 mera,
1498 4609 1594 4664 sed
1620 4625 1797 4666 remu-

223 4681 428 4736 neratio
459 4681 639 4747 aliquo
667 4679 827 4734 modo
858 4680 1058 4744 debita,
1089 4690 1149 4735 ut
1177 4679 1375 4736 dictum
1402 4690 1506 4736 est.
1538 4679 1633 4736 Illa
1668 4695 1797 4735 vero

1892 2983 2139 3058 stantibus
2183 2989 2605 3058 vocantur,_etc.
2643 2980 2978 3058 Manifestum
3023 2984 3169 3058 enim
3212 2993 3296 3041 est
3327 2986 3472 3058 loqui

1895 3054 2181 3108 concilium
2229 3053 2297 3107 dc
2336 3052 2590 3120 operibus
2620 3069 2738 3123 quae
2783 3055 2950 3122 ipsam
2995 3056 3332 3112 vocationem
3377 3052 3472 3115 seu

1896 3125 2313 3206 praevenientem
2337 3124 2560 3206 gratiora
2591 3126 3023 3206 antecedunt,_in
3055 3127 3247 3197 quibus
3271 3129 3472 3206 nulltim

1895 3196 2053 3267 docet
2082 3210 2200 3250 esse
2225 3196 2494 3262 meritum,
2530 3210 2702 3267 neque
2732 3197 2800 3252 de
2829 3196 3114 3266 condigne,
3149 3209 3332 3254 contra
3376 3200 3474 3256 Pe-

1897 3266 2169 3344 lagianos,
2187 3283 2359 3339 neque
2389 3268 2455 3323 de
2491 3266 2752 3340 congruo,
2797 3281 2983 3324 contra
3011 3268 3474 3344 Semipelagianos

1896 3347 1949 3394 et
1976 3338 2354 3395 Massilienses.

1969 3419 1991 3480 9
2025 3409 2232 3466 Similia
2262 3410 2534 3465 babetlib.
2561 3427 2634 3465 xu
2657 3411 2891 3467 Institut.
2913 3427 3030 3480 cap.
3064 3412 3151 3467 Η.

1968 3478 1995 3518 ι)
2207 3485 2472 3556 χάρις-τοῦ
2492 3489 2651 3556 Θεοῦη
2667 3486 2696 3540 ἡ
2720 3486 2813 3537 σὺν
2828 3486 2958 3556 ἐμοὶ,
2981 3478 3093 3550 ilum
3114 3499 3329 3552 mecum!
3349 3499 3475 3556 sup"

1895 3553 1986 3622 ple
2006 3564 2098 3605 est.
2131 3553 2244 3607 NOII
2278 3553 2415 3606 dixit
2436 3571 2460 3622 _:
2491 3569 2610 3619 quae
2640 3553 2690 3604 iu
2721 3569 2827 3614 me,
2866 3554 2980 3618 sed,
3005 3569 3120 3618 quoa
3145 3569 3338 3608 mecum
3377 3553 3471 3622 est,

1898 3620 1954 3676 iit
1981 3622 2289 3675 ostenderet.
2311 3620 2537 3691 gratiam
2566 3637 2666 3691 non
2697 3623 2893 3691 solam,
2922 3622 3016 3674 sed
3042 3621 3317 3676 nobiscum
3339 3620 3472 3691 cpe;

1896 3693 2026 3762 rari.
2055 3691 2212 3762 [inde
2249 3689 2578 3762 Augusﬁnus
2616 3690 2708 3762 lib.
2737 3693 2804 3744 de
2840 3690 3304 3762 Libero‘Arbitrio
3348 3689 3468 3762 cap.

1899 3761 1965 3814 i5
1998 3778 2011 3814 :
2042 3759 2164 3812 Non
2212 3757 2381 3813 autem
2409 3774 2522 3828 ego,
2565 3759 2756 3825 inquit,
2791 3759 2880 3812 sed
2923 3757 3087 3826 gratia
3123 3760 3213 3812 Dei
3240 3757 3473 3826 mecum;

1897 3831 1948 3885 id
1977 3839 2058 3884 est
2078 3870 2092 3894 ,
2125 3846 2225 3882 non
2259 3846 2354 3900 ego
2380 3827 2523 3900 solus
2539 3868 2553 3891 ,
2585 3831 2674 3880 sed
2699 3829 2869 3900 gratia
2903 3829 3000 3900 Dei
3037 3843 3236 3900 mecum
3259 3871 3273 3895 ,
3296 3847 3356 3883 ac
3385 3851 3474 3898 per

1896 3901 1989 3954 hoc
2012 3917 2101 4023 ne;
2122 3897 2302 3972 gratia
2320 3897 2416 3954 Dei
2445 3898 2584 3965 sola,
2620 3897 2716 3952 nec
2736 3900 2842 3970 ipse
2870 3899 3010 3954 solus
3029 3940 3042 3966 ,
3067 3899 3157 3952 sed
3181 3903 3352 3971 gratia
3377 3901 3474 3958 Dei

1896 3989 2012 4023 cum
2038 3989 2052 4022 ι
2103 3988 2150 4023 ο.

1896 3989 2012 4028 cum
2038 3974 2150 4025 illo.

1971 4054 1992 4082 ε
2026 4043 2159 4100 Tres
2202 4041 2390 4100 itidem
2433 4055 2651 4096 errores
2681 4040 2740 4113 in,
2764 4039 2865 4096 hoc
2895 4041 3465 4113 capite_continentur,

1897 4130 1961 4170 ex
1986 4113 2415 4184 praecedentibus
2443 4112 2764 4168 consectarii
2787 4153 2802 4184 ,
2830 4123 2884 4184 et
2911 4126 2941 4165 a
2968 4111 3038 4184 7D.
3074 4111 3341 4183 Prospero
3368 4111 3476 4169 suﬁ-

1899 4182 2146 4242 licienter
2191 4187 2410 4242 refutati
2450 4201 2463 4238 :
2515 4198 2647 4250 quos
2692 4182 2925 4254 proinde
2967 4183 3158 4254 lectori
3199 4182 3476 4242 dumtaxat

1899 4258 2167 4312 indicasse
2189 4269 2272 4312 Sat
2299 4258 2420 4313 erit.
2458 4255 2667 4310 Primus
2697 4253 2870 4319 error,
2903 4253 3006 4310 Job
3026 4255 3092 4311 ad
3121 4265 3334 4325 tempus
3372 4259 3474 4314 sibi

1898 4330 2145 4384 relictum
2175 4329 2371 4394 fuisse,
2402 4337 2454 4381 et
2486 4326 2578 4380 Dei
2600 4341 2722 4398 rope
2750 4326 3089 4398 destitutum,
3120 4336 3176 4382 ut
3209 4330 3320 4382 suis
3361 4330 3476 4398 ipse

1898 4400 2104 4454 viribus
2133 4407 2187 4454 et
2209 4415 2305 4454 suo
2338 4398 2508 4452 Marte
2549 4397 2802 4451 adversus
2827 4397 3101 4453 diabolum
3137 4397 3470 4464 decertaret;

1899 4471 2125 4542 proinde
2171 4471 2485 4542 patientiam
2536 4468 2860 4542 ipsius_no_n
2891 4469 3086 4542 divinae
3140 4470 3345 4542 gratia},
3379 4469 3474 4524 sed

1899 4537 2125 4597 naturali
2171 4537 2286 4608 ejus
2338 4539 2573 4594 libertati
2616 4546 2669 4592 et
2711 4537 3009 4593 fortitudini
3068 4552 3187 4592 csse
3237 4540 3474 4594 tribuen—

1899 4612 2042 4666 dam.
2071 4609 2166 4664 Cui
2195 4619 2387 4678 praeter
2415 4610 2516 4664 alia
2547 4609 2747 4680 Opponi
2785 4618 2961 4680 potest
2991 4609 3229 4662 doctrina
3269 4609 3476 4666 abbatis

1902 4681 2206 4751 Paphnutii,
2239 4681 2320 4736 vel
2372 4681 2540 4749 ipsius
2578 4679 2815 4734 Ciussiani
2855 4679 3038 4734 collat.
3080 4680 3114 4735 '5
3158 4695 3278 4747 cap.
3322 4681 3387 4734 17
3418 4689 3473 4736 et

225 4765 382 4836 opera
411 4764 526 4836 quin
554 4764 620 4836 ex
651 4749 828 4832 divina
858 4750 1027 4836 gratia
1049 4750 1451 4832 ,_inSpiratio.ne
1492 4762 1545 4834 et
1573 4752 1796 4834 speciali
1821 4774 1876 4836 D
1901 4749 2273 4820 seqttentibus.
2304 4751 2432 4836 blant
2465 4751 2551 4836 illa
2583 4751 2938 4836 enuntiatae
2969 4763 3076 4806 tota
3098 4765 3174 4834 ⁹(ξι
3207 4752 3475 4836 diametro

224 4819 602 4893 auxilio'_liunt
648 4829 776 4893 ante
810 4819 1272 4890 iustificationcni,
1322 4839 1440 4880 cum
1476 4819 1796 4893 siut'ipsius

223 4893 409 4964 gratiae
437 4890 576 4964 dona
603 4889 973 4964 credemus,
1005 4894 1144 4948 nulla
1191 4894 1327 4950 ratio
1375 4895 1622 4963 prohibet
1646 4889 1798 4963 'quo-

222 4960 400 5018 minus
428 4963 558 5018 vere
584 4960 692 5017 dici
724 4966 928 5034 possint
965 4963 1328 5034 impetratoria
1356 4960 1410 5020 et
1435 4965 1611 5034 aliquo
1638 4960 1796 5020 modo

225 5035 514 5106 meritoria,
552 5043 657 5088 tam
701 5033 924 5106 majoris
953 5033 1140 5106 gratiae
1170 5036 1395 5090 actualts
1437 5033 1596 5104 quam
1642 5033 1795 5090 habi-

227 5105 416 5180 tualis,_
450 5120 570 5180 quae
601 5111 697 5180 est
736 5102 849 5180 ipsa
878 5102 1208 5180 inslilicatio,
1238 5102 1795 5180 quodmcritnmvo-

226 5183 345 5248 cant
383 5174 627 5248 theologi
635 5174 896 5248 meritum
942 5175 1008 5248 de
1053 5174 1327 5248 congrui).
1352 5176 1441 5248 Sic
1467 5177 1795 5245 Augustinus

227 5247 378 5312 epist.
415 5243 515 5304 105
545 5243 650 5300 z'N
657 5261 781 5313 eque
810 5248 954 5316 ipsa,
979 5243 1180 5315 inquit,
1209 5247 1436 5302 remissio
1467 5243 1791 5315 peccatorum

227 5318 330 5392 sine
362 5317 536 5392 aliqua
558 5317 739 5372 merito
771 5327 864 5392 est,
895 5318 940 5373 si
979 5317 1108 5392 ﬁdes
1144 5316 1274 5372 lianc
1316 5318 1607 5392 impetrat;
1635 5335 1792 5392 neque

228 5387 354 5458 enim
382 5390 581 5442 nullum
610 5398 683 5442 est
720 5389 960 5444 meritum
986 5389 1138 5457 ﬁdei,
1169 5404 1266 5456 qua
1306 5387 1412 5458 [ide
1438 5389 1524 5442 ille
1555 5387 1792 5442 dicebat:

230 5457 385 5532 Deus,
409 5459 662 5532 propitius
691 5467 796 5532 esto
820 5459 944 5532 milii
983 5459 1256 5532 peccatori,
1289 5457 1334 5511 et
1359 5458 1613 5532 descendit
1631 5461 1794 5528 justi-

228 5529 432 5612 ﬁcatus,
461 5529 818 5612 Etet-ito
847 5529 1165 5612 humiliatus.
1196 5530 1379 5612 Neque
1410 5529 1501 5612 bis
1506 5598 1520 5612 ι
1536 5541 1797 5612 repugnat

230 5601 434 5656 concilii
461 5598 764 5656 Tridentini
788 5601 1062 5656 decretum
1090 5600 1256 5670 (δεδι.
1289 5598 1321 5656 6
1346 5598 1548 5670 cap.5),
1573 5598 1699 5670 dum
1726 5600 1796 5656 ait

232 5670 394 5752 ipsius
427 5671 816 5752 justiﬁcationis
858 5669 1124 5752 exordium
1171 5671 1460 5752 in_adultis
1501 5669 1552 5752 α.
1570 5669 1667 5725 Dei
1711 5687 1802 5741 per

231 5739 711 5813 {esum—Christum
755 5743 1089 5811 prwveniente
1125 5743 1292 5813 gratia
1340 5741 1643 5813 sumendum
1672 5739 1798 5807 esas,

230 5810 322 5866 hoc
341 5820 436 5879 cst,
455 5812 517 5868 ab
538 5815 652 5880 ejus
673 5810 951 5882 vocatione,
977 5828 1077 5882 qua
1100 5810 1256 5875 nullis
1281 5825 1458 5874 eorum
1481 5810 1672 5870 meritis
1695 5813 1803 5870 exi-

1903 4831 2103 4891 pugnat
2143 4838 2263 4877 cum
2312 4821 2410 4884 hac
2453 4821 2736 4876 Collatione
2776 4821 3162 4878 Chaeremonis.
3203 4823 3473 4890 Quantum

1903 4896 2045 4949 enim
2096 4891 2183 4949 hic
2237 4893 2466 4964 liberum
2517 4891 2799 4964 arbitrium
2845 4893 3246 4964 comparatione
3288 4893 3474 4964 gratim

1902 4963 2130 5031 extollit,
2162 4973 2367 5036 tantum
2394 4963 2504 5036 ille
2523 4961 2788 5036 deprimit
2808 4961 3112 5036 etsubjicit
3136 4961 3346 5036 gratiae,
3375 4963 3475 5016 do-

1902 5043 2092 5105 cetque
2115 5035 2380 5107 adiutorio
2416 5033 2507 5088 Dei
2533 5048 2744 5107 semper
2776 5032 3045 5107 indigere;
3075 5032 3285 5107 initium
3317 5033 3473 5088 bona:

1901 5102 2215 5172 voluntatis,
2245 5114 2299 5161 ct
2327 5105 2871 5168 consummationem,
2897 5102 3082 5168 iidem,
3112 5103 3468 5172 intellectum,

1901 5177 2148 5232 timorem
2179 5177 2415 5242 Domini,
2445 5174 2674 5243 denique
2707 5171 3040 5230 tolerantiam
3063 5213 3077 5236 ,
3117 5183 3168 5228 et
3196 5171 3473 5229 victoriam

1902 5248 2256 5302 tentationum
2300 5263 2330 5300 a
2388 5247 2497 5301 Deo
2543 5260 2682 5311 esse,
2714 5243 2858 5314 quod
2903 5243 3098 5314 probat
3142 5243 3248 5298 illis
3296 5246 3476 5299 verbis

1898 5317 2141 5387 Apostoli
2173 5339 2188 5375 :
2225 5315 2425 5372 Fidelis
2457 5315 2616 5383 Deus,
2646 5318 2862 5387 quinon
2893 5315 3146 5387 permittet
3169 5331 3254 5368 ros
3293 5315 3476 5368 tentari

1900 5385 2057 5459 supra
2087 5390 2140 5444 id
2181 5389 2315 5455 quod
2363 5389 2570 5459 potestis
2609 5402 2626 5439 :
2661 5385 2759 5440 sed
2788 5387 2940 5457 faciet
2981 5385 3135 5459 etiam
3171 5401 3285 5438 cum
3314 5394 3477 5459 tenta.

1902 5455 2038 5544 tione
2053 5455 2401 5547 exitumlvel,
2429 5470 2485 5547 υἷι
2514 5455 2796 5547 habemus,
2819 5455 3166 5547 proventum),
3192 5456 3477 5547 ill-poisigﬂis

1903 5533 2150 5586 sustinere
2177 5531 2227 5602 (li
2256 5524 2508 5602 Corrx);
2541 5543 2600 5581 ac
2635 5524 2844 5602 tandem
2886 5528 2957 5580 ita
2978 5524 3475 5602 _conCIudit__(Qap.

1903 5603 2054 5673 ult.):
2079 5596 2318 5657 Per'lta’c
2344 5596 2462 5671 qua!
2480 5597 2805 5673 protulimus,
2838 5615 2943 5673 non
2970 5597 3182 5673 liberum
3209 5596 3474 5673 arbitrium

1906 5668 2124 5727 hominis
2169 5668 2402 5727 volumus
2447 5670 2759 5733 submovere,
2787 5669 2874 5724 sed
2924 5669 3042 5722 huic
3071 5668 3388 5739 adjutorium
3415 5668 3468 5720 et

1905 5745 2134 5816 gratiam
2151 5742 2246 5799 Dei
2279 5761 2368 5814 per
2386 5741 2612 5816 singulos
2642 5741 2746 5794 dies
2775 5757 2834 5793 ac
2858 5751 3117 5816 piamento
3140 5740 3479 5816 necessariam

1909 5809 2587 5885 Eomprobare.'Secutidus
2631 5826 2806 5882 error,
2851 5811 3012 5870 fidem
3053 5809 3386 5870 centurionis
3420 5816 3476 5868 et
