4048 6198
611 312 719 378 935

1666 314 1944 373 JOANNIS
1982 315 2293 374 CASSlANl
2329 316 2813 375 COLLATIONES.

3800 322 3893 380 036

611 425 887 486 inimicum
912 439 1017 480 non
1043 437 1139 481 sua
1164 424 1385 491 virtute,
1414 424 1509 480 sed
1534 425 1626 480 Dei
1655 427 1826 481 solius
1856 429 2047 483 fuisset
2068 444 2185 498 gra-
2215 436 2265 494 Α
2293 431 2483 486 fortior
2513 432 2596 487 vel
2626 430 2921 500 gloriosior
2950 426 3079 495 ﬁat,
3100 424 3396 502 evangelici
3441 431 3590 490 illius
3620 439 3896 493 centurio-

610 521 681 576 tia
737 529 1055 591 protegente
1103 534 1445 587 congressus,
1481 530 1535 574 et
1588 520 1789 588 absque
1842 521 1945 575 ulla
1990 523 2191 577 virtute

610 613 890 683 patientiae
931 626 1065 676 suae,
1090 611 1267 666 divina
1302 620 1506 665 tantum
1534 612 1886 681 opitulatione
1916 613 2188 680 suﬂ'ultus,

612 706 939 775 multiplices
969 705 1091 759 illas
1111 719 1175 759 ac
1206 711 1313 759 tota
1346 705 1548 760 inimici
1575 706 1893 762 crudelitate
1941 710 2191 775 quaesitas

611 797 970 853 tentatiunum
1002 796 1174 851 moles
1222 806 1275 852 et
1328 798 1485 852 exitia
1534 799 1873 868 pertulisset;
1922 800 2190 870 quomodo

610 903 719 944 non
768 887 916 941 illam
967 888 1352 943 calumniosam
1405 889 1651 945 diabolus
1683 905 1840 958 quam
1869 890 2018 961 prius
2058 890 2193 945 emi-

611 986 762 1035 serat
792 992 975 1033 vocem
1008 979 1268 1035 adversus
1296 995 1417 1034 eum
1461 982 1656 1049 justius
1680 983 1935 1037 iterasset
1965 1000 1975 1033 ε
2016 981 2190 1035 Nunt-

609 1070 733 1141 quid
757 1070 918 1141 gratis
949 1070 1073 1125 colit
1101 1071 1203 1126 Job
1226 1070 1430 1126 Deum?
1459 1072 1646 1127 Nonne
1667 1082 1721 1125 tu
1749 1073 1959 1127 vallasti
1988 1090 2103 1127 eum
2131 1089 2192 1126 ac

610 1165 817 1217 domum
842 1165 958 1234 ejus
984 1173 1031 1217 et
1068 1164 1359 1218 universam
1386 1164 1725 1218 substantiam
1754 1166 1865 1236 ejus
1892 1182 1982 1236 per
2027 1165 2194 1219 circu-

609 1259 779 1312 itum?
816 1270 842 1298 ι
884 1259 988 1314 Sed
1036 1258 1184 1328 aufer
1224 1274 1433 1311 manum
1482 1269 1654 1322 luam,
1685 1258 1736 1313 id
1774 1268 1890 1323 est,
1924 1258 2041 1312 sine
2069 1272 2191 1312 eum

609 1357 723 1410 suis
769 1371 976 1411 mecum
1005 1352 1213 1408 viribus
1242 1353 1544 1420 decertare,
1577 1353 1678 1406 nisi
1728 1352 1782 1404 in
1828 1352 2013 1421 faciem
2044 1360 2190 1404 tuam

612 1449 927 1503 benedixerit
973 1448 1063 1501 tibi
1112 1445 1255 1517 (Job.
1288 1444 1350 1514 ι).
1386 1444 1491 1500 Sed
1524 1458 1649 1498 cum
1690 1444 1895 1499 nullam
1946 1442 2195 1513 hujusce-

610 1540 756 1595 modi
784 1537 1178 1610 querimoniam
1209 1536 1572 1591 calumniosus
1601 1534 1777 1589 hostis
1826 1544 1947 1604 post
1978 1532 2197 1587 conﬂic-

612 1639 722 1685 tum
768 1632 967 1685 audeat
1019 1629 1241 1696 iterare,
1276 1642 1379 1680 non
1427 1626 1544 1693 Dei,
1576 1626 1668 1679 sed
1702 1625 1844 1679 illius
1892 1639 1951 1678 se
1987 1626 2191 1678 victum

609 1722 815 1776 viribus
871 1721 1195 1776 conﬁtetur:
1230 1719 1355 1773 licet
1409 1720 1572 1773 etiam
1618 1717 1788 1787 gratia
1837 1717 1930 1770 Dei
1982 1732 2086 1771 non
2140 1716 2194 1770 in

2300 524 2384 578 nis
2432 524 2721 579 edocemur
2765 523 3046 593 exemplo,
3084 524 3238 594 cujus
3286 539 3512 593 puerum
3544 540 3671 581 cum
3731 530 3893 584 sciret

2294 616 2478 685 utique
2495 623 2769 685 potestate
2797 616 3067 671 sermonis
3090 617 3171 669 sui
3196 630 3254 671 se
3277 616 3535 672 Dominus
3550 628 3891 686 curaturum,

2296 706 2491 763 oﬂ'erre
2523 707 2713 761 maluit
2739 707 3083 777 praesentiam
3114 707 3451 776 corporalem
3482 708 3678 765 dicens
3734 724 3752 764 :
3788 710 3893 781 Ego

2295 802 2497 855 veniam
2529 810 2575 855 et
2596 800 2786 854 curabo
2811 817 2945 854 eum.
2977 799 3081 854 Sed
3112 799 3204 855 illo
3231 799 3369 855 hanc
3396 801 3515 867 ejus
3556 802 3890 857 oblationem

2297 891 2647 947 ferventioris
2694 890 2818 946 ﬁdei
2879 892 3164 961 ﬂagrantia
3224 890 3675 961 supergrediente
3733 904 3891 964 atque

2295 986 2511 1040 dicente
2538 1004 2551 1039 :
2582 984 2820 1049 Domine,
2845 1000 2948 1037 non
2973 1000 3087 1038 sum
3113 984 3303 1053 dignus
3329 994 3387 1037 ut
3410 986 3567 1038 intres
3584 984 3683 1037 sub
3711 996 3891 1039 tectum

2296 1093 2482 1141 meum,
2509 1076 2599 1130 sed
2654 1076 2737 1129 die
2787 1085 2986 1129 tantum
3010 1076 3161 1129 uerbo
3188 1086 3235 1130 et
3273 1076 3540 1129 sanabitur
3568 1093 3703 1146 puer
3726 1095 3885 1147 meus,

2295 1169 2525 1222 miratur
2572 1182 2693 1222 eum
2746 1168 3004 1221 Dominus
3047 1176 3209 1236 atque
3237 1167 3531 1233 collaudat,
3566 1170 3885 1239 cunctisque

2297 1260 2407 1314 illis
2434 1259 2524 1329 qni
2550 1274 2614 1314 ex
2643 1259 2860 1315 Israelis
2903 1260 3102 1329 populo
3146 1259 3492 1314 crediderant
3524 1260 3773 1330 praefert,
3812 1264 3889 1317 di-

2298 1363 2428 1403 cens
2462 1365 2474 1401 :
2502 1349 2663 1403 Amen
2708 1349 2822 1402 dico
2869 1349 3028 1413 vobis,
3058 1364 3162 1402 non
3210 1350 3381 1401 inveni
3426 1356 3627 1402 tantam
3656 1351 3812 1418 [idem
3840 1354 3888 1403 in

2304 1439 2473 1494 Israel
2497 1440 2713 1511 (Matth.
2735 1442 2872 1508 vm).
2897 1439 3103 1494 Nullius
3135 1438 3279 1494 enim
3312 1439 3488 1493 laudis
3516 1449 3667 1495 esset
3693 1456 3761 1496 ac
3780 1456 3887 1497 me-

2300 1532 2411 1599 riti,
2444 1532 2489 1585 si
2519 1530 2572 1585 id
2602 1531 2654 1585 in
2682 1545 2749 1585 eo
2788 1529 3031 1585 Christus
3076 1529 3221 1600 quod
3268 1530 3386 1599 ipse
3416 1530 3721 1587 donaverat
3750 1548 3881 1603 pra-

2300 1626 2547 1690 tulisset;
2599 1624 2835 1693 alioquin
2892 1624 3120 1679 dixisset
3151 1642 3163 1675 :
3189 1622 3307 1678 Non
3332 1623 3457 1679 dedi
3483 1634 3695 1681 tantam
3731 1626 3881 1681 ﬁdem

2298 1716 2350 1770 in
2384 1717 2570 1770 Israel.
2625 1715 2797 1783 Quam
2841 1715 3266 1785 explorationem
3298 1714 3451 1781 ﬁdei,
3480 1718 3648 1772 etiam
3692 1719 3748 1773 in
3792 1720 3878 1773 illo

609 1821 782 1868 totum
827 1814 905 1866 illi
934 1811 1174 1865 defuisse
1203 1810 1472 1866 credenda
1501 1812 1591 1876 sit,
1625 1826 1745 1879 quae
1777 1818 1976 1863 tantam
2019 1819 2189 1864 lenta-
2220 1815 2267 1875 Β
2300 1807 2839 1875 magniﬁcentissimo
2882 1806 3189 1876 patriarcha
3217 1807 3456 1861 divinam
3504 1808 3742 1879 legimus
3765 1810 3873 1865 dis-

609 1905 713 1959 tori
745 1902 987 1957 tentandi
1015 1901 1204 1956 tribuit
1238 1910 1584 1971 potestatem,
1611 1900 1639 1938 δ
1671 1911 1932 1970 quantam
1956 1910 2012 1956 et
2040 1901 2191 1956 illum

609 1994 897 2052 resistendi
951 2004 1178 2049 noverat
1228 1995 1429 2049 habere
1482 1997 1763 2060 virtutem,
1813 2010 1918 2048 non
1951 2008 2072 2048 eum
2125 1994 2193 2048 ab

609 2087 755 2143 illius
780 2086 1191 2157 impugnatione
1239 2087 1316 2140 sic
1347 2096 1653 2155 protegens,
1683 2098 1739 2139 ut
1770 2086 1975 2140 nullum
2004 2084 2194 2139 virtuti

608 2180 858 2236 humanae
888 2181 1223 2251 relinqueret
1255 2180 1454 2245 locum,
1488 2178 1585 2235 sed
1614 2179 1717 2234 hoc
1763 2188 1969 2234 tantum
2001 2193 2195 2248 procu-

605 2289 733 2329 rans
762 2288 829 2330 ne
852 2273 1278 2330 violentissimus
1308 2273 1555 2327 inimicus
1590 2273 1826 2327 animam
1859 2272 1978 2340 ejus
2005 2286 2190 2325 amen-

606 2379 713 2428 tem
755 2371 979 2441 faciens,
1011 2380 1067 2427 et
1120 2370 1377 2441 impotem
1432 2384 1617 2433 sensu,
1653 2367 1844 2438 impari
1875 2381 1996 2421 eum
2028 2376 2189 2435 atque

602 2462 790 2534 iniquo
821 2463 1132 2525 certaminis
1166 2462 1405 2531 pondere
1435 2468 1820 2530 praegravaret.
1870 2458 2019 2524 Quod
2059 2473 2190 2527 ergo

603 2557 776 2612 soleat
815 2554 1088 2612 interdum
1119 2562 1325 2608 tentare
1356 2552 1618 2605 Dominus
1649 2550 1809 2603 ﬁdem
1842 2557 2102 2615 nostram,
2130 2556 2191 2601 ut

2297 1913 2553 1968 pensasse
2577 1898 2863 1968 justitiam,
2913 1912 3033 1952 cum
3065 1897 3266 1952 dicitur
3293 1916 3306 1951 :
3330 1899 3397 1951 Et
3428 1899 3632 1968 factum
3674 1913 3754 1956 est
3776 1910 3884 1974 post

2296 1990 2409 2045 haec
2462 1990 2636 2056 verba,
2675 2001 2695 2028 ο
2728 1990 2938 2061 tentavit
2982 1988 3122 2042 Deus
3160 1989 3419 2043 Abraham
3470 1988 3682 2061 (Cenes.
3727 1996 3883 2063 xm).

2296 2083 2421 2138 Non
2452 2086 2595 2137 enim
2632 2082 2778 2137 illam
2810 2082 2969 2136 ﬁdem
3001 2097 3159 2151 quam
3188 2084 3237 2136 ei
3269 2081 3535 2138 Dominus
3562 2084 3879 2154 inspirabat,

2296 2176 2397 2232 sed
2430 2176 2572 2230 illam
2605 2190 2766 2246 quam
2798 2181 3019 2230 vocatus
3049 2175 3215 2230 semel
3259 2184 3423 2246 atque
3455 2175 3815 2243 illuminatus,
3845 2192 3878 2233 ι

2300 2268 2532 2323 Domino
2576 2281 2673 2336 per
2723 2266 2932 2321 arbitrii
2980 2266 3281 2321 libertatem
3336 2276 3551 2335 poterat
3601 2267 3875 2335 exhibere,

2297 2361 2533 2431 experiri
2565 2360 2735 2414 voluit
2775 2359 2953 2414 divina
3001 2359 3231 2428 justitia.
3276 2358 3425 2415 Unde
3452 2375 3559 2415 non
3609 2361 3879 2417 immerito

2298 2454 2423 2508 ﬁdei
2464 2452 2582 2522 ejus
2625 2452 2930 2506 constantia
2961 2453 3362 2520 comprobatur,
3398 2461 3556 2521 atque
3602 2453 3673 2507 ad
3723 2469 3875 2521 eum,

2298 2545 2655 2601 subveniente
2706 2545 2877 2615 gratia
2911 2543 3027 2610 Dei,
3059 2559 3180 2614 qua:
3221 2558 3336 2599 eum
3361 2544 3632 2614 paulisper
3674 2546 3872 2601 subre-

1660 2704 1917 2761 ALARDI
1957 2703 2188 2759 GAZ/El
2225 2701 2789 2760 COMMENTARIUS.

600 2827 833 2886 Abrahae
878 2839 910 2879 a
970 2823 1078 2878 Deo
1128 2828 1385 2877 tentatam
1437 2827 1492 2875 et
1540 2818 1945 2887 comprobatam
1988 2816 2173 2881 fuisse,

600 2915 708 2956 non
739 2910 896 2967 quam
926 2896 1039 2963 ipse
1068 2893 1205 2948 Deus
1236 2892 1623 2967 inspiraverat,
1658 2888 1753 2943 sed
1777 2903 1945 2967 quam
1975 2888 2048 2941 illi
2083 2903 2177 2967 per

600 2957 805 3026 arbitrii
831 2957 1137 3040 libertatem
1170 2957 1417 3033 poterant
1448 2963 1736 3040 enliibere:
1754 2957 2000 3040 .Nulliuls‘
2014 2960 2170 3040 enim,

602 3042 793 3108 inquit,
844 3036 1013 3089 laudis
1062 3028 1187 3088 essel
1232 3050 1293 3087 ac
1342 3034 1537 3108 meriti,
1580 3033 1621 3108 si
1655 3032 1707 3083 id
1747 3030 1799 3081 in
1852 3046 1911 3083 eo
1940 3028 2177 3084 Christus

600 3101 738 3183 quod
764 3101 872 3183 ipse
902 3108 1185 3159 donaverat
1222 3102 1552 3183 praetulisset.
1594 3101 1664 3183 At
1694 3109 1887 3183 praeter
1894 3116 1973 3183 ξεί
2002 3116 2120 3183 qua:
2142 3116 2171 3154 a

597 3169 722 3237 divo
767 3169 1029 3244 Droniero
1078 3169 1264 3229 contra
1309 3174 1446 3244 lianc
1475 3172 1813 3244 sententiain
1857 3169 2167 3244 aﬁeruntur,

2284 2815 2368 2871 Ne
2396 2834 2487 2869 nos
2517 2817 2715 2886 inferas
2757 2816 2811 2869 in
2837 2817 3193 2883 tentationem,
3219 2818 3309 2871 sed
3332 2818 3489 2872 libera
3519 2834 3611 2873 nos
3638 2835 3673 2872 a
3708 2823 3866 2877 malo.

2356 2896 2383 2925 ι
2407 2887 2608 2961 Textus
2638 2902 2915 2961 perperam
2940 2890 3156 2961 citatus,
3184 2897 3238 2942 et
3255 2890 3450 2961 peiore
3478 2891 3657 2960 glossa
3684 2893 3869 2961 depra-

2283 2968 2462 3012 vatus.
2511 2958 2712 3010 Textus
2751 2957 2971 3011 Graecus
3019 2958 3221 3013 habet:
3255 2958 3395 3015 Ἀλλὰ
3442 2957 3869 3023 assurgentes.

2282 3032 2588 3101 xsipa‘eam‘i.
2621 3029 2715 3101 Cui
2758 3027 2979 3081 Latinus
3005 3038 3064 3084 et
3095 3030 3352 3099 Vulgatus
3398 3034 3697 3098 respondet
3727 3053 3739 3088 :
3770 3035 3867 3090 Sed

2281 3096 2493 3175 Extende
2532 3096 2802 3175 paululum
2838 3115 3047 3175 martum
3087 3096 3318 3175 tuamtet
3348 3096 3505 3175 tange
3543 3115 3725 3157 cuncta
3761 3123 3867 3175 qi:

2282 3171 2507 3243 possidet
2534 3168 2678 3239 (Job.
2706 3168 2765 3237 1),
2793 3178 2896 3223 etc.
2930 3168 3024 3243 Cui
3053 3172 3214 3223 etiam
3243 3168 3539 3227 Chalda'ica
3572 3168 3861 3243 paraphra-

597 3238 928 3308 contrarinm
961 3247 1121 3299 etiam
1149 3245 1346 3297 docent
1367 3243 1451 3295 illa
1475 3239 1759 3311 Paplinntii
1787 3240 1970 3303 verba,
1995 3241 2173 3311 collat.
2204 3238 2248 3300 C
2282 3242 2359 3293 sis
2387 3238 2672 3311 consonat,
2700 3248 2754 3293 et
2772 3254 2974 3305 omnes
3002 3241 3326 3306 interpretes
3353 3238 3737 3311 consentiunt;
3766 3248 3864 3302 nisi

598 3324 633 3377 '5
659 3321 823 3376 0.16:
855 3316 919 3370 In
938 3326 1135 3369 tantum
1166 3316 1397 3365 uniuersa
1422 3326 1537 3380 qua:
1560 3312 1627 3363 ad
1654 3309 1873 3362 salutem
1902 3310 2173 3379 pertinent,

597 3388 1053 3462 Apostolisibimet
1076 3402 1106 3436 a
1142 3384 1356 3462 Domino
1387 3382 1575 3462 largita
1601 3389 1897 3462 senserunt,
1938 3390 1991 3462 ut
2014 3382 2176 3462 ipsum

596 3451 798 3532 quoque
812 3460 966 3532 fidem
980 3456 1211 3532 prwstari
1228 3454 1367 3532 sibia
1393 3451 1613 3532 Domino
1630 3451 1973 3532 postularent,
1999 3452 2175 3532 dicen-

597 3519 671 3587 les
685 3548 702 3584 :
715 3519 957 3595 Domine,
977 3519 1109 3597 auge
1127 3524 1269 3577 nobis
1284 3524 1438 3592 ﬁdem
1453 3521 1600 3592 (Luc.
1620 3519 2173 3597 xvu_).AP_lenitudinem

596 3608 713 3674 ejus
726 3618 826 3655 non
847 3590 1001 3653 libero
1022 3590 1232 3674 arbitrio
1254 3590 1634 3674 prgsunientes,
1650 3592 1737 3645 sed
1754 3591 1847 3671 Dei
1863 3590 1958 3643 sibi
1972 3592 2173 3643 creden-

597 3662 667 3727 tEs
687 3687 893 3726 munere
915 3662 1297 3735 conferendam.
1312 3663 1525 3717 Tertius
1541 3677 1721 3735 error,
1735 3662 1822 3735 qui
1842 3670 2019 3714 tamen
2053 3677 2170 3715 cum

594 3733 1325 3814 praecedentibus_coincidit.
1352 3735 1422 3787 ita
1452 3748 1666 3814 semper
1696 3733 1927 3813 divinam
1946 3734 2169 3814 gratiam

594 3802 875 3869 arbitrium
906 3809 1137 3863 hominis
1175 3807 1425 3869 invitare,
1453 3813 1509 3858 ut
1535 3802 1667 3858 illud
1696 3818 1800 3857 non
1835 3804 1887 3855 in
1916 3803 2171 3856 omnibus

595 3886 773 3939 taliter
801 3888 1048 3953 protegat
1085 3894 1148 3934 ac
1173 3877 1456 3953 defendat,
1492 3885 1547 3927 ut
1579 3889 1681 3928 non
1731 3873 1901 3953 etiam
1940 3874 2172 3953 prqpriis

593 3970 716 4011 eum
756 3943 1036 4009 conatib'us
1082 3948 1336 4019 congredi
1382 3947 1666 4019 adversum
1696 3945 1969 4019 Spiritales
2011 3943 2172 3997 faciat

592 4025 856 4081 inimicos.
886 4023 960 4077 lia
990 4014 1250 4075 Collato'r.
1282 4020 1349 4071 At
1374 4024 1561 4070 contra
1602 4014 1800 4068 docent
1844 4014 2031 4067 Patres
2065 4029 2167 4067 non

592 4112 749 4165 posse
772 4096 902 4151 solis
934 4102 1137 4165 natura:
1165 4088 1365 4165 viribus
1386 4128 1400 4151 ,
1422 4096 1481 4165 et
1506 4086 1621 4137 sine
1651 4085 1825 4164 divina
1853 4098 1975 4152 ope,
2006 4084 2169 4165 ullam

590 4152 771 4221 veram
803 4163 1149 4219 tentationem
1195 4162 1261 4210 ab
1291 4156 1510 4209 homine
1559 4152 1835 4219 superari,
1868 4166 1918 4207 et
1952 4163 2165 4207 conlra~

588 4238 727 4292 rium
759 4242 1007 4288 aSserunt
1056 4246 1178 4286 esse
1217 4227 1580 4294 Pelagianum.
1611 4224 1701 4280 Sic
1746 4224 1887 4276 enim
1934 4224 2169 4292 synodus

589 4305 910 4366 Palaestina,
950 4301 1090 4369 apud
1136 4300 1491 4369 Augustinum
1523 4304 1684 4369 epist.
1729 4295 1863 4355 106,
1900 4294 2166 4369 Pelagium

590 4384 743 4444 urget
781 4392 792 4424 :
839 4364 1093 4424 Fateatur
1125 4368 1370 4444 Pelagius
1407 4364 1616 4444 quando
1657 4375 1833 4417 contra
1866 4367 2166 4444 tentation‘es

587 4436 1125 4515 concupiscentiasque
1154 4439 1362 4515 illicitas
1383 4436 1705 4495 dimicamus.
1729 4438 2032 4515 quatni'is_et
2055 4437 2166 4515 illic

586 4506 864 4570 habeamus
888 4506 1147 4580 prapriam
1175 4509 1505 4570 voluntatem,
1534 4522 1636 4580 non
1665 4518 1829 4580 tamen
1849 4523 1919 4580 ea:
1939 4506 2053 4566 illa,
2076 4508 2165 4580 sed

585 4603 649 4641 ea:
685 4578 945 4656 adjutorio
979 4578 1334 4656 Dei_nostram
1372 4578 1961 4656 provenire-uictoriam.
1989 4578 2166 4656 (saele-

585 4647 764 4711 διίηυὲ
788 4657 801 4709 I
828 4656 877 4707 in
906 4650 1130 4722 epistola
1152 4649 1217 4703 ad
1238 4647 1520 4722 episcenos
1539 4648 1724 4701 Galliae
1744 4648 1919 4722 cap.6
1941 4666 1953 4701 :
1978 4647 2165 4714 Nemo,

583 4727 777 4795 inquit,
812 4720 962 4777 etiam
991 4720 1310 4795 baptismatis
1326 4721 1506 4795 _g_ratia
1532 4729 1801 4795 renovatus
1819 4759 1833 4783 ,
1855 4720 2067 4795 idoneus
2090 4730 2165 4795 est

583 4800 651 4849 ad
663 4790 991 4867 superandus
1019 4790 1211 4867 diaboli
1237 4790 1475 4867 insidias,
1495 4799 1554 4867 et
1579 4793 1645 4842 ad
1673 4791 1971 4867 evincendas
1996 4793 2168 4867 carnis

580 4859 1044 4934 concupiscentias,
1074 4862 1177 4915 nisi
1209 4876 1296 4926 per
1325 4860 1685 4934 quotidianum
1720 4859 1815 4912 Dei
1844 4860 2166 4934 adjutorium

582 4931 1017 5008 perseuerantiam
1038 4934 1191 5008 bona:
1226 4931 1648 5008 c_onqersatiqnis_
1665 4932 1935 5008 acceperit.
1949 4932 2027 5008 HS.
2058 4932 2167 4987 Au-

578 5000 828 5076 gustinus
876 5006 969 5060 lib.
1019 5005 1089 5059 de
1132 5003 1468 5059 Perfectione
1519 5000 1741 5076 justitia
1789 5002 1891 5055 sub
1927 5003 2105 5076 linem
2149 5023 2161 5057 :

584 5070 847 5150 Quisquis,
879 5077 1073 5150 inquit,
1118 5082 1269 5146 negat
1298 5089 1390 5126 nos
1428 5087 1578 5150 orare
1610 5070 1791 5150 debere
1830 5074 2164 5150 ne__intr_emus

575 5143 632 5203 in
664 5143 987 5204 Mutationem
1016 5143 1646 5217 (negatlautentqhockqui
1672 5143 1926 5195 contendit
1951 5143 2020 5217 ad
2062 5161 2161 5198 non

575 5222 914 5292 peccandum,
943 5212 1130 5292 graue
1177 5212 1291 5292 Dei.
1324 5213 1646 5284 adjutorium
1695 5229 1798 5292 non
1825 5230 1931 5267 esse
1967 5213 2161 5292 homini

575 5283 1085 5353 necessariumfsed,
1117 5286 1229 5338 sola
1273 5283 1394 5353 lege
1424 5294 1664 5354 accepta,
1698 5285 1973 5337 humanam
2019 5285 2159 5354 sufﬁ-

574 5378 686 5416 cere
706 5358 1032 5428 voluntatem)
1052 5399 1067 5424 ,
1097 5354 1158 5408 ab
1178 5354 1391 5428 auribus
1427 5358 1653 5407 omnium
1685 5356 2048 5428 removendum
2068 5396 2082 5421 ,
2114 5366 2159 5428 et

574 5449 663 5486 ore
688 5433 917 5485 omnium
939 5426 1479 5483 anathematizandum
1504 5443 1610 5479 esse
1631 5442 1730 5478 non
1762 5426 1957 5479 dubito.
1996 5426 2156 5478 Deni-

572 5518 678 5573 que
706 5502 939 5573 Prosper
987 5502 1055 5573 inq
1077 5499 1219 5573 hunc
1249 5498 1451 5573 locum,
1483 5506 1766 5573 postquam
1817 5496 2049 5573 ostendit
2079 5505 2159 5549 to-

573 5566 683 5627 tam
716 5566 860 5625 illani
888 5571 1058 5623 sancti
1092 5570 1194 5624 Job
1220 5566 1498 5621 victoriam
1528 5583 1592 5621 ex
1622 5567 1715 5620 Dei
1739 5566 1935 5618 auxilio
1958 5574 2010 5616 et
2037 5580 2157 5633 gra-

573 5644 644 5699 tia
680 5653 908 5706 partam,
943 5639 1161 5693 tandem
1191 5639 1263 5691 ita
1290 5637 1567 5692 concludit
1601 5655 1613 5688 :
1644 5637 1886 5703 Quisquis
1913 5638 2068 5703 igitur
2103 5637 2156 5689 in

572 5712 907 5762 tribulatione
929 5726 1028 5759 non
1052 5709 1247 5775 deﬁcit,
1266 5708 1329 5759 ab
1361 5706 1452 5759 illo
1479 5724 1531 5759 se
1554 5723 1651 5759 non
1676 5707 1870 5759 dubitet
1895 5707 2151 5773 adjuvari,

568 5780 641 5847 (ad
665 5792 813 5842 quem
834 5778 1055 5843 quotidie
1080 5778 1235 5829 corda
1266 5778 1616 5831 universorum
1639 5776 1870 5844 ﬁdelium
1891 5777 2154 5833 clamant:

2282 3312 2422 3379 quod
2449 3310 2638 3382 aliqui,
2666 3311 2826 3374 mitte,
2857 3327 2973 3380 pro,
3004 3311 3235 3377 extende,
3262 3313 3467 3382 legunt.
3486 3317 3657 3370 verbo
3681 3310 3866 3373 Graeco

2279 3383 2451 3449 magis
2482 3380 2821 3435 accedentes.
2851 3382 3002 3456 Quid
3031 3384 3192 3456 igitur
3230 3380 3335 3456 sibi
3375 3386 3490 3438 vult
3522 3402 3539 3438 :
3572 3388 3735 3456 Aufer
3763 3406 3866 3442 nta-

2278 3467 2402 3503 num
2453 3462 2621 3514 tuam,
2654 3467 2782 3520 pro,
2816 3452 3060 3516 extende,
3092 3451 3210 3515 vel,
3244 3454 3388 3508 mitte
3442 3451 3668 3509 manum-
3699 3462 3865 3512 tuam?

2276 3520 2358 3591 An
2398 3523 2618 3576 auferre
2662 3523 2799 3576 idem
2842 3523 2982 3591 quod
3031 3523 3360 3591 extendere,
3386 3531 3471 3580 vel
3516 3529 3769 3583 mittere?
3802 3532 3865 3583 Et

2276 3590 2591 3668 lioc_etiam
2643 3590 2902 3668 admisso,
2951 3592 3074 3668 quid
3122 3594 3189 3645 ad
3230 3590 3371 3648 hunc
3410 3598 3620 3668 locum,
3654 3614 3757 3668 quo
3796 3600 3864 3655 de

2273 3663 2445 3730 gratia
2482 3664 2573 3716 Dei
2603 3662 2800 3729 agitur,
2834 3665 2981 3731 quasi
3013 3662 3152 3717 idem
3189 3674 3333 3719 esset
3353 3667 3420 3720 ad
3448 3662 3861 3725 sensum‘histo-

2276 3734 2389 3798 riae,
2424 3733 2624 3787 auferri
2660 3749 2875 3787 manum
2911 3734 3006 3788 Dei
3038 3739 3439 3804 protectricem,
3472 3739 3523 3791 id
3548 3750 3660 3801 est,
3686 3756 3861 3795 txier-

2274 3818 2395 3858 nam
2449 3805 2536 3857 Dei
2570 3808 2988 3872 preteetionein,
3028 3821 3130 3869 qua
3172 3809 3364 3860 vallata
3406 3817 3464 3862 et
3508 3810 3710 3864 munita
3754 3821 3864 3866 erat

2274 3874 2467 3947 domus
2512 3874 2615 3929 Job
2643 3885 2703 3947 et
2737 3880 2985 3929 universa
3016 3876 3316 3930 substantia
3348 3878 3504 3947 ejus;
3550 3890 3607 3934 et
3662 3882 3858 3937 auferri

2273 3946 2541 4021 ειιιιγςίιίιιεηΔ
2571 3946 2777 4015 gratiae.
2811 3962 2917 4021 quo
2955 3946 3389 4021 ρρῗιίιυῑιιξῄιοῦί
3406 3961 3693 4019 cogeretur
3737 3968 3857 4021 pro-

2275 4017 2407 4082 priis
2448 4016 2649 4070 viribus
2688 4032 2809 4070 cum
2860 4017 3078 4070 diabolo
3119 4017 3448 4088 ciiiiﬁigere,
3479 4016 3616 4075 'Cum
3662 4016 3762 4075 non
3799 4025 3862 4077 sit

2271 4095 2492 4155 potestas
2536 4104 2688 4162 super
2720 4098 2932 4162 (terram
2955 4102 3070 4162 qua:
3105 4100 3434 4162 comparetur
3480 4094 3526 4145 ei
3562 4095 3652 4162 qui
3691 4095 3858 4162 factus

2272 4164 2354 4228 est
2377 4166 2432 4228 u_t
2460 4158 2661 4228 nullum
2691 4160 2887 4211 timeret
2917 4157 3058 4226 (Job.
3090 4160 3219 4228 xu).

2342 4224 2369 4300 ξ’
2400 4226 2891 4300 Rectiusdixisset,
2927 4224 2986 4281 ut
3024 4224 3190 4282 notat
3220 4230 3452 4300 Prosper
3481 4249 3495 4285 :
3529 4233 3787 4299 Quantam
3816 4245 3859 4288 et

2270 4295 2348 4348 illi
2370 4298 2644 4350 resistendi
2678 4310 2883 4353 noverat
2914 4315 2968 4351 se
3000 4299 3202 4355 dedisse
3230 4295 3488 4355 virtutem.
3526 4295 3696 4358 Unius
3728 4309 3860 4359 enim

2270 4368 2407 4439 verbi
2437 4370 2681 4422 correctio
2708 4379 2870 4422 totam
2890 4370 3045 4422 istam
3077 4369 3297 4439 gloriam
3323 4389 3473 4439 quam
3512 4373 3759 4429 humanis
3790 4380 3859 4430 vi-

2270 4437 2416 4510 ribus
2441 4441 2704 4509 assignare
2746 4441 2930 4505 voluit,
2979 4437 3253 4495 sobrietate
3293 4437 3466 4510 aliqua
3498 4451 3857 4509 temperasset,

2274 4517 2337 4582 ut,
2377 4508 2770 4582 illaqmirabilis
2806 4512 2859 4563 in
2893 4520 3034 4564 tanta
3072 4512 3341 4581 aﬂlictione
3378 4508 3641 4582 patientia,
3671 4524 3721 4565 et
3754 4515 3858 4568 Dei

2271 4580 2555 4651 adjutorio,
2588 4590 2630 4634 et
2658 4582 2819 4635 libero
2841 4582 3063 4636 hominis
3090 4580 3423 4637 ascriberetur
3444 4581 3679 4637 arbitrio.
3706 4584 3854 4641 Vide

2274 4661 2490 4705 οίυιθηι.

2348 4731 2371 4757 ο
2394 4721 2627 4794 Tentare
2654 4721 3067 4794 aliquandoest
3106 4722 3173 4777 ad
3203 4734 3480 4794 peccatum
3510 4724 3769 4793 incitare,
3798 4737 3859 4782 ut

2270 4789 2390 4845 Act.
2416 4793 2518 4863 v,l
2547 4789 2796 4847 Corinth.
2829 4809 2924 4863 vn,
2954 4792 2975 4848 Ι
3002 4789 3249 4849 ΤΙιεεεηἸ.
3282 4810 3362 4859 ιιι,
3389 4795 3503 4851 Jac.
3535 4812 3577 4861 ι,
3610 4808 3717 4852 etc.
3746 4789 3854 4853 Hoc

2271 4863 2431 4916 modo
2460 4862 2705 4919 diabolus
2733 4872 2939 4919 tentare
2960 4864 3175 4929 dicitur,
3203 4866 3342 4920 unde
3368 4877 3424 4922 et
3446 4866 3633 4927 Satan.
3669 4869 3719 4924 id
3750 4882 3850 4931 esr,

2270 4940 2504 5010 tentalor
2530 4935 2836 5010 appellatur
2857 4936 2954 5010 _(S.
2987 4934 3171 4988 Thom.
3205 4952 3222 4989 ι
3254 4946 3499 5010 par_t.,_q.
3536 4938 3658 5007 1H,
3692 4957 3743 4994 a.
3771 4939 3851 5010 ‘2).

2268 5001 2525 5075 Homines
2567 5001 2729 5059 etiam
2767 5006 2915 5072 mali,
2950 5016 3219 5075 tamquam
3252 5001 3741 5071 diabOli'ministri,
3776 5001 3854 5065 sic

2266 5074 2403 5128 alios
2451 5084 2660 5130 tentare
2712 5076 2908 5142 solent,
2958 5077 3099 5130 Deus
3149 5092 3511 5146 nequaquam.
3562 5078 3853 5135 Intentator

2270 5146 2405 5196 enim
2428 5147 2684 5199 malorum
2712 5155 2786 5200 est
2809 5187 2824 5211 ,
2866 5148 2975 5216 ipse
2994 5155 3164 5199 autem
3188 5150 3441 5201 neminem
3470 5160 3654 5216 tentat,
3677 5152 3792 5207 Jac.
3812 5168 3852 5205 ι.

2270 5216 2573 5291 Aliquando
2615 5227 2824 5272 tentare
2864 5226 2948 5291 est
2987 5219 3349 5291 cognoscendi
3381 5234 3546 5291 causa
3581 5222 3855 5291 inquirere

2268 5296 2321 5339 et
2346 5287 2634 5354 explorare
2686 5288 2956 5356 quomodo
2984 5298 3039 5341 et
3077 5287 3324 5341 diabolus
3352 5288 3601 5345 homines
3628 5287 3685 5347 et
3712 5291 3851 5348 Deus

2270 5364 2461 5409 tentat.
2487 5359 2657 5412 Aliter
2691 5366 2867 5411 tamen
2898 5358 3063 5425 Deus,
3096 5359 3251 5413 aliter
3286 5360 3533 5415 homines
3558 5372 3613 5417 et
3642 5363 3853 5418 daemo-

2268 5440 2384 5504 nes.
2419 5426 2481 5504 Hi
2508 5437 2565 5481 ut
2591 5436 2918 5504 cognoscant
2947 5429 3086 5496 quod
3130 5428 3412 5504 iguorant,
3444 5432 3589 5504 Deus
3619 5447 3677 5488 ut
3709 5433 3852 5504 quod

2266 5499 2366 5569 scit
2399 5502 2538 5569 scire
2562 5503 2724 5552 etiam
2744 5509 3144 5569 cognoscatur,
3179 5502 3637 5569 quemadmodum
3672 5499 3851 5558 si'ex-

2266 5566 2529 5634 plorando
2574 5566 3008 5637 experiendoque
3045 5566 3353 5643 didicisset;
3406 5580 3500 5625 aut
3550 5582 3610 5628 ut
3638 5575 3674 5628 ii
3714 5589 3852 5643 quos

2265 5644 2432 5690 tentat
2458 5652 2608 5714 sese
2627 5645 3003 5714 cognoscant,_
3018 5647 3079 5691 ut
3102 5640 3183 5714 _D.
3219 5644 3547 5714 Augustinus
3580 5640 3851 5714 interpre-

2264 5716 2427 5786 tatur:
2452 5708 2532 5786 lia
2570 5708 2767 5786 Cenes.
2797 5724 2927 5773 xm,
2965 5709 3136 5763 Exod.
3169 5725 3278 5777 xvi,
3308 5708 3475 5766 Deut.
3511 5729 3604 5768 vui
3644 5725 3702 5770 et
3729 5708 3849 5786 iur,

2264 5786 2320 5833 et
2340 5778 2469 5837 alibi
2496 5780 2721 5851 passim.
