4048 6198
182 235 289 294 937

1092 228 1433 289 COLLATIO
1471 227 1616 285 Xlll.
1644 259 1715 271 —-
1746 227 1833 285 DE
1872 228 2353 288 PROTECTIONE
2391 231 2523 287 DE].

3366 237 3475 298 938

178 346 416 417 liquerat
444 355 505 403 ut
532 346 811 418 probaret,
843 345 917 399 ita
961 341 1160 398 dicitur
1184 361 1196 397 :
1223 342 1305 397 Ne
1343 342 1536 413 inferas
1559 358 1768 396 manum
1795 342 1850 403 Α
1872 357 1961 397 vos
1992 359 2095 398 non
2134 342 2490 413 apprehendat
2537 343 2643 398 nisi
2671 343 2924 409 humana,
2958 342 3324 404 inﬁrmitatem
3370 367 3471 406 eo-

178 447 326 495 tuam
353 442 409 494 in
433 455 669 509 puerum,
697 453 855 507 neque
883 438 1045 507 facias
1073 436 1119 489 ei
1145 435 1456 505 quidquam;
1482 451 1618 488 nunc
1638 436 1774 489 enim

179 532 290 586 scio
320 534 444 601 quia
470 533 613 587 times
639 531 914 585 Dominum
940 538 1020 597 tu,
1043 538 1090 583 et
1119 544 1225 583 non
1252 527 1525 599 pepercisti
1552 528 1663 595 [ilio
1687 537 1773 582 tuo

179 623 374 677 dilecto
393 632 603 692 propter
630 639 708 677 me
735 620 888 694 (Gen.
912 621 1065 691 nu).
1092 620 1244 689 Quod
1272 618 1587 676 tentationis
1604 634 1774 689 genus

180 717 345 773 nobis
378 732 595 788 quoque
622 717 687 771 ad
716 715 1053 787 probationis
1083 715 1335 770 meritum
1379 727 1540 783 posse
1564 713 1774 767 contin-

177 824 341 878 gere,
390 810 443 863 in
494 808 914 864 Deuteronomio
939 807 1069 863 satis
1095 806 1377 862 evidenter
1404 820 1433 859 a
1462 805 1775 875 legislatore

176 900 519 970 praedicatur
562 920 574 953 :
610 900 671 957 Si
696 901 992 967 surrexerit,
1046 900 1262 969 inquit,
1322 900 1454 953 inter
1510 915 1597 952 vos
1646 914 1773 968 pro-

181 993 339 1065 pheta
361 1003 455 1047 aut
486 995 573 1061 qui
598 994 847 1048 somnium
891 1010 943 1047 se
972 993 1160 1048 vidisse
1189 993 1347 1058 dicat,
1392 1001 1439 1046 et
1469 990 1768 1060 prtedixerit

176 1086 384 1157 signum
439 1094 592 1157 atque
647 1094 971 1156 portentum,
1026 1093 1074 1138 et
1122 1084 1341 1139 evenerit
1385 1084 1521 1154 quod
1571 1082 1772 1136 locutus

178 1187 279 1245 est,
331 1186 382 1233 et
422 1178 608 1232 dixerit
656 1177 764 1243 tibi,
814 1175 1012 1231 Eamus
1042 1185 1090 1231 et
1120 1178 1403 1231 serviamus
1447 1176 1549 1229 diis
1592 1174 1771 1228 alienis

178 1286 305 1339 quos
357 1269 627 1338 ignoratis,
659 1285 723 1322 ne
773 1270 960 1323 audias
990 1268 1143 1322 verba
1186 1267 1453 1339 propheta:
1502 1266 1641 1320 illius
1682 1274 1777 1320 aut

176 1361 542 1425 somniatoris,
575 1364 697 1431 quia
755 1370 959 1414 tentans
1002 1369 1161 1414 tentat
1209 1370 1255 1412 te
1304 1358 1560 1413 Dominus
1611 1358 1770 1426 Deus,

177 1464 349 1506 utrum
370 1454 556 1525 diligas
586 1471 705 1508 eum
729 1455 784 1508 in
808 1464 914 1507 toto
948 1454 1104 1507 corde
1129 1464 1238 1523 tuo,
1264 1462 1310 1507 et
1341 1455 1604 1508 custodias
1629 1470 1777 1507 man-

176 1547 300 1600 data
348 1545 520 1613 illius,
555 1563 623 1600 an
666 1563 770 1601 non
801 1544 989 1616 (Deut.
1034 1546 1211 1616 mu).
1245 1545 1381 1614 Quid
1432 1546 1597 1616 ergo?
1640 1544 1770 1600 Cum

180 1639 343 1693 istum
379 1639 702 1709 prephetam
735 1650 829 1693 aut
860 1639 1251 1695 somniatorem
1296 1654 1521 1710 surgere
1566 1638 1774 1708 permi-

1876 452 1999 492 rum
2030 446 2087 491 et
2118 437 2544 493 inconstantiam
2592 437 2824 492 necdum
2876 434 3115 491 robustae
3143 440 3343 492 mentis
3378 456 3473 496 ex-

1875 529 2122 599 probrat,
2157 544 2261 599 qua
2313 528 2491 583 adhuc
2534 527 2862 599 spiritalium
2910 526 3268 596 nequitiarum
3300 529 3472 584 turbi-

1876 622 2037 677 nibus
2082 638 2188 678 non
2223 630 2479 693 poterant
2506 622 2841 692 impugnari,
2873 621 3161 678 adversum
3202 636 3341 692 quos
3387 637 3471 678 se-

1874 715 2169 784 metipsum
2201 713 2288 768 vel
2318 713 2443 768 illos
2471 712 2751 783 perfectos
2780 722 3007 768 noverat
3032 711 3277 782 quotidie
3306 711 3471 766 dimi-

1875 822 2036 873 care;
2066 807 2135 862 de
2158 807 2355 877 quibus
2406 806 2475 861 ad
2522 806 2783 875 Ephesios
2836 806 2967 862 dicit
3015 805 3187 861 :Jam
3233 822 3340 861 non
3394 814 3471 861 est

1875 901 2021 955 nobis
2047 900 2343 954 colluctatio
2378 900 2625 954 adversus
2667 915 2872 954 carnem
2919 909 2968 954 et
3013 900 3339 973 sanguinem,
3379 898 3471 955 sed

1875 992 2122 1046 adversus
2171 992 2517 1063 principatus,
2567 990 2813 1045 adversus
2866 998 3165 1063 potestates,
3223 991 3468 1046 adversus

1875 1085 2056 1139 mundi
2083 1096 2303 1140 rectores
2356 1084 2678 1138 tenebrarum
2723 1086 2935 1149 harum,
2986 1091 3167 1137 contra
3209 1081 3470 1154 spiritalia

1876 1176 2112 1248 nequitiae
2123 1177 2175 1229 in
2190 1175 2410 1230 caelestib
2419 1192 2476 1230 us
2502 1173 2801 1246 (Ep/ies.vt)
2814 1217 2829 1231 .
2845 1174 2982 1230 Cum
2999 1189 3132 1229 vero
3149 1174 3462 1245 subjungit:

1880 1280 1901 1308 ο
1933 1268 2133 1322 Fidelis
2161 1278 2331 1322 autem
2357 1266 2496 1322 Deus
2524 1268 2613 1339 qui
2640 1284 2741 1321 non
2766 1268 3010 1338 permittit
3038 1284 3127 1321 vos
3154 1269 3342 1322 tentari
3372 1284 3467 1321 su-

1874 1378 1969 1432 pra
1992 1363 2047 1415 id
2073 1363 2212 1431 quod
2256 1361 2461 1431 potestis
2491 1359 2537 1429 (Ι
2559 1358 2679 1414 Cor.
2710 1363 2799 1430 x);
2835 1376 2941 1415 non
2990 1361 3180 1430 utique
3212 1368 3367 1429 optat
3395 1376 3466 1415 ne

1875 1468 1971 1509 eos
2001 1454 2266 1508 Dominus
2318 1454 2513 1509 tentari
2562 1453 2921 1523 permitteret,
2970 1452 3065 1509 sed
3096 1468 3165 1508 ne
3206 1467 3370 1523 supra
3408 1452 3464 1507 id

1874 1546 2017 1615 quod
2067 1547 2339 1602 sustinere
2384 1554 2678 1617 poterant,
2714 1554 3076 1601 tentarentur.
3124 1544 3263 1600 Illud
3316 1546 3464 1600 enim

1874 1638 2081 1694 indicat
2112 1639 2335 1694 humani
2364 1638 2577 1694 arbitrii
2612 1638 2943 1705 facultatem,
2970 1638 3073 1694 hoc
3095 1653 3230 1693 vero
3251 1638 3466 1693 Domini

177 1732 314 1785 serit
345 1730 518 1799 Deus,
553 1731 699 1785 itane
728 1745 825 1785 eos
852 1744 1086 1800 quorum
1122 1730 1283 1786 ﬁdem
1329 1731 1564 1801 probare
1593 1730 1775 1800 dispo-
1803 1731 1853 1792 B
1882 1736 2110 1803 gratiam
2146 1733 2503 1789 tentationum
2524 1734 2816 1790 luctamina
2839 1734 3172 1790 moderantis
3201 1735 3461 1790 ostendit.

186 1824 319 1888 suit,
349 1831 697 1893 protecturus
731 1836 855 1878 esse
877 1822 1184 1878 credendus
1211 1832 1315 1891 est,
1350 1834 1406 1879 ut
1440 1824 1644 1879 nullum
1675 1840 1773 1895 pe-

180 1917 331 1970 nitus
354 1916 557 1982 locum,
582 1931 690 1985 quo
732 1918 844 1971 suis
871 1917 1073 1973 viribus
1101 1932 1221 1973 cum
1268 1925 1540 1974 tentatore
1570 1919 1769 1975 conﬂi-

178 2018 330 2081 gant,
358 2008 537 2065 libero
579 2024 765 2064 eorum
794 2019 1037 2065 reservet
1058 2009 1317 2065 arbitrio?
1343 2020 1367 2048 η
1398 2011 1465 2066 Et
1498 2012 1630 2082 quid
1675 2026 1770 2067 eos

183 2119 412 2159 necesse
457 2111 543 2158 est
589 2103 676 2159 vel
718 2105 938 2168 tentari,
972 2118 1107 2174 quos
1148 2104 1222 2158 ita
1252 2104 1500 2158 infirmos
1527 2105 1677 2160 novit
1707 2119 1772 2159 ac

189 2196 435 2266 fragiles,
467 2203 526 2249 ut
549 2209 885 2265 nequaquam
916 2195 1108 2249 virtute
1138 2210 1234 2250 sua
1266 2194 1485 2249 valeant
1511 2198 1770 2251 resistere

183 2288 486 2344 tentatori?
518 2287 622 2344 Sed
654 2289 837 2357 utique
865 2301 965 2342 nec
992 2288 1186 2342 tentari
1217 2301 1310 2342 eos
1334 2286 1533 2356 iustitia
1555 2286 1770 2342 Domini

178 2378 541 2451 permisisset,
562 2380 662 2434 nisi
682 2394 863 2449 parem
883 2378 934 2433 in
958 2379 1037 2434 eis
1061 2379 1351 2434 resistendi
1379 2380 1576 2435 scisset
1592 2380 1772 2435 inesse

182 2471 464 2537 virtutem,
511 2484 612 2539 qua
656 2478 881 2540 possent
912 2469 1182 2539 aequitatis
1208 2469 1416 2540 judicio
1457 2471 1509 2523 in
1544 2479 1772 2538 utroque

178 2564 377 2620 merito
428 2564 511 2617 vel
552 2562 631 2618 rei
678 2563 762 2617 vel
813 2562 1114 2618 laudabiles
1135 2562 1394 2632 judicari.
1437 2562 1569 2617 Tale
1608 2569 1775 2617 estet

183 2656 315 2712 illud
347 2656 488 2727 quod
534 2658 600 2709 ab
632 2656 897 2726 Apostolo
924 2657 1121 2712 dicitur
1154 2675 1167 2710 :
1196 2655 1378 2727 Itaque
1404 2656 1491 2725 qui
1519 2672 1573 2710 se
1597 2657 1774 2711 existi—

183 2757 284 2805 mat
315 2760 473 2814 stare,
505 2748 671 2802 videat
702 2765 763 2803 ne
788 2749 959 2802 cadat.
1000 2748 1238 2803 Tentatio
1283 2767 1371 2804 vos
1399 2765 1505 2802 non
1529 2746 1558 2786 ι)
1586 2765 1774 2823 appre-

185 2844 398 2909 hendat,
430 2843 527 2895 nisi
554 2843 799 2896 humana.
830 2840 1028 2895 Fidelis
1054 2852 1228 2896 autem
1258 2843 1394 2898 Deus
1418 2846 1503 2917 qui
1532 2862 1633 2899 non
1660 2863 1775 2912 per-

184 2936 347 2988 mittet
382 2951 467 2988 vos
512 2934 696 2989 tentari
747 2952 911 3005 supra
958 2936 1016 2988 id
1066 2936 1204 3003 quod
1234 2938 1463 3004 potestis,
1496 2938 1585 2993 sed
1621 2941 1776 3009 faciet

186 3043 302 3081 cum
327 3027 599 3081 tentatione
624 3027 836 3091 exitum,
864 3036 919 3080 ut
961 3029 1210 3081 sustinere
1247 3029 1453 3097 possitis
1481 3030 1521 3101 (I
1548 3029 1666 3083 Cor.
1690 3031 1771 3101 x).

1875 1825 1935 1880 lu
1958 1825 2041 1882 bis
2072 1826 2237 1897 igitur
2266 1826 2517 1882 omnibus
2541 1827 2874 1897 approbatur
2896 1829 2968 1882 ita
2995 1842 3211 1897 semper
3227 1827 3465 1883 divinam

1875 1919 2105 1989 gratiam
2136 1919 2424 1975 arbitrium
2456 1920 2692 1976 hominis
2729 1921 2981 1991 incitare,
3013 1929 3073 1976 ut
3100 1921 3236 1977 illud
3276 1938 3383 1978 non
3410 1923 3465 1978 in

1877 2012 2131 2068 omnibus
2162 2013 2347 2069 taliter
2382 2023 2632 2083 protegat
2659 2028 2723 2069 ac
2760 2014 3036 2081 defendat,
3071 2023 3131 2069 ut
3164 2031 3271 2070 non
3300 2017 3465 2072 etiam

1871 2101 2115 2171 propriis
2132 2119 2256 2159 eum
2279 2104 2571 2160 conatibus
2592 2105 2855 2174 congredi
2872 2107 3161 2162 adversum
3191 2108 3467 2176 spiritales

1874 2193 2040 2249 faciat
2066 2195 2339 2262 inimicos,
2369 2196 2425 2250 in
2449 2195 2649 2264 quibus
2672 2195 2758 2250 vel
2789 2196 3015 2265 gratiam
3047 2197 3141 2251 Dei
3164 2198 3361 2262 victor,
3382 2199 3466 2253 vel

1872 2285 2241 2341 inﬁrmitatem
2274 2299 2428 2340 suam
2461 2295 2749 2353 superatus
2779 2285 3069 2355 intelligat,
3104 2294 3160 2340 et
3188 2285 3260 2339 ita
3289 2286 3465 2343 discat

1876 2393 1987 2433 non
2016 2379 2084 2433 de
2113 2393 2210 2432 sua
2256 2377 2598 2443 fortitudine,
2635 2377 2729 2432 sed
2759 2376 2826 2432 de
2875 2376 3059 2431 divino
3091 2391 3310 2445 semper
3335 2393 3464 2447 spe-

1874 2486 1997 2527 rare
2045 2471 2342 2543 suﬂ‘ragio,
2380 2481 2541 2543 atque
2599 2471 2664 2526 ad
2717 2486 2875 2527 suum
2918 2470 3121 2542 jugiter
3176 2485 3466 2529 recurrere

1875 2574 2261 2635 protectorem.
2293 2564 2363 2620 Et
2392 2574 2451 2620 ut
2473 2564 2577 2620 hoc
2618 2580 2727 2621 non
2772 2572 2958 2620 nostra
2987 2565 3322 2634 conjectura,
3366 2567 3463 2621 sed

1873 2659 2293 2715 evidentioribus
2336 2658 2513 2713 adhuc
2555 2659 2851 2728 Scriptura:
2897 2659 3219 2714 testimoniis
3258 2674 3457 2729 appro-

1874 2752 2051 2819 betur,
2078 2753 2209 2807 illud
2230 2751 2254 2790 ἀ
2280 2752 2424 2823 quod
2450 2753 2502 2807 in
2530 2752 2657 2808 Jesu
2680 2752 2827 2807 Nave
2848 2751 3043 2822 legitur
3067 2761 3421 2808 retractemus
3446 2772 3458 2807 :

1874 2847 2012 2912 Has,
2044 2848 2239 2917 inquit,
2270 2857 2444 2918 gentes
2500 2846 2696 2900 dimisit
2744 2846 3020 2912 Dominus,
3064 2862 3124 2899 ac
3171 2847 3467 2917 disperdere

1874 2938 2070 3004 noluit,
2098 2948 2153 2992 ut
2184 2940 2237 2992 in
2267 2939 2336 2992 eis
2367 2939 2690 3008 experiretur
2713 2934 2989 3002 Israelem,
3021 2946 3196 2990 utrum
3236 2937 3467 2991 custodi-

1874 3041 1949 3085 ret
1978 3030 2227 3085 mandata
2254 3030 2467 3084 Domini
2491 3028 2589 3084 Dei
2616 3029 2728 3095 sui,
2774 3039 2819 3083 et
2850 3028 3093 3083 haberent
3137 3030 3466 3083 consuetudi-

187 3119 324 3175 Cum
368 3120 508 3174 enim
538 3119 668 3175 dicit
692 3136 705 3173 :
751 3121 838 3190 qui
864 3129 966 3174 stat
996 3120 1167 3175 videat
1194 3138 1258 3176 ne
1286 3122 1456 3190 cadat,
1483 3124 1771 3179 sollicitam
1800 3108 1847 3173 C
1881 3142 1997 3180 nem
2026 3141 2142 3178 cum
2170 3124 2400 3179 hostibus
2425 3123 2700 3193 prwliandi
2728 3120 2927 3194 (Judic.
2960 3122 3141 3191 ttt).Et
3174 3132 3228 3176 ut
3260 3122 3466 3176 incom-

185 3211 364 3267 rcddit
387 3212 593 3266 arbitrii
624 3212 957 3279 libertatem,
984 3228 1145 3283 quam
1170 3215 1358 3285 utique
1383 3226 1625 3282 noverat,
1654 3232 1774 3287 per-

188 3313 345 3372 cepta
378 3302 574 3373 gratia,
622 3305 706 3359 vel
740 3312 889 3359 stare
934 3320 1030 3374 per
1066 3305 1417 3375 industriam,
1448 3309 1536 3364 vel
1581 3310 1773 3365 cadere

189 3412 287 3469 per
319 3399 695 3470 negligentiam
739 3413 922 3468 posse.
963 3397 1097 3454 Cum
1130 3409 1309 3457 autem
1341 3403 1523 3470 infert,
1558 3405 1775 3457 tentatio

1880 3217 2110 3288 parabili
2141 3215 2416 3273 Creatoris
2445 3217 2611 3271 nostri
2642 3214 2949 3271 clementiae
2970 3215 3199 3269 mortale
3239 3214 3466 3284 aliquid,

1878 3325 1985 3365 non
2009 3325 2106 3379 pro
2134 3310 2445 3380 aequalitate
2477 3306 2718 3379 pietatis,
2751 3306 2849 3363 sed
2879 3322 2946 3363 ex
2973 3308 3150 3377 aliqua
3182 3306 3468 3377 indulgen-

1880 3404 1969 3458 tiae
2004 3402 2358 3458 similitudine
2384 3416 2764 3472 comparemus
2791 3418 2803 3454 :
2832 3408 2855 3437 °
2883 3400 2929 3455 si
2958 3399 3142 3455 nutrix
3186 3399 3271 3469 pia
3303 3408 3467 3468 atque

1246 3516 1501 3573 ALARDI
1539 3516 1774 3574 GAZIEI
1809 3514 2370 3573 COMMENTARIUS.

266 3626 290 3653 ³
318 3616 531 3686 Optima
580 3612 869 3686 responsio
915 3611 1157 3667 redditur
1184 3611 1344 3673 infra,
1382 3628 1483 3683 qua
1509 3614 1774 3686 ‘seipsum

195 3683 432 3742 Collator
476 3685 720 3740 confutat
764 3694 819 3738 et
850 3698 1033 3738 secum
1074 3693 1276 3753 pugnat
1308 3694 1399 3736 :ut
1441 3683 1518 3737 vel
1554 3685 1777 3755 gratiam

196 3759 293 3812 Dei
320 3759 499 3821 victor,
532 3758 606 3809 vel
631 3756 987 3823 inﬁrmitatem
1011 3770 1154 3807 suam
1186 3763 1456 3825 superatus
1478 3753 1772 3825 intelligat,

196 3841 239 3883 et
266 3831 339 3881 ita
368 3828 534 3881 discat
558 3843 659 3880 non
680 3827 744 3879 de
766 3842 863 3878 sua
886 3826 1210 3895 fortitudine,
1242 3823 1331 3877 sed
1361 3824 1424 3877 de
1452 3823 1624 3876 divino
1646 3839 1777 3876 sem-

196 3917 290 3967 per
313 3915 523 3967 sperare
553 3896 829 3967 suﬂ'ragio,
858 3906 1011 3965 atque
1040 3895 1107 3948 ad
1134 3911 1284 3967 suum
1296 3895 1493 3967 jugiter
1519 3910 1778 3967 recurrere

196 3964 560 4040 protectorem.
598 3968 688 4022 Sic
724 3964 863 4034 ipse.
908 3968 977 4020 At
1004 3964 1286 4040 quomodo
1307 3966 1531 4040 gratiam
1568 3964 1662 4018 Dei
1689 3964 1772 4040 vi-

197 4034 322 4095 ctor
348 4039 610 4107 intelligat
642 4045 699 4091 et
725 4048 1000 4105 agnoscat,
1021 4034 1068 4089 si
1102 4036 1215 4090 suis
1241 4035 1443 4090 viribus
1466 4044 1516 4091 et
1544 4034 1775 4105 propriis

198 4111 506 4173 conatibus,
548 4118 607 4162 ut
636 4108 704 4161 ibi
738 4108 953 4173 dicitur,
986 4115 1040 4162 et
1079 4107 1198 4161 sine
1239 4108 1410 4177 gratia
1450 4107 1621 4160 victor
1652 4120 1778 4159 eva-

199 4183 314 4244 dat,
350 4190 405 4234 et
426 4195 525 4233 cur
552 4194 656 4231 non
688 4177 757 4231 de
787 4192 879 4233 sua
915 4179 1227 4233 fortitudine
1256 4193 1477 4245 sperare
1502 4178 1697 4245 possit,
1731 4177 1777 4231 si

200 4267 390 4321 parem
425 4250 523 4304 sibi
557 4249 819 4321 intelligat
856 4248 1161 4321 resistendi
1184 4250 1361 4321 inesse
1387 4249 1777 4321 virtutem,_se-

202 4318 361 4446 cltltso
388 4319 778 4445 Deilsufl‘ragio
807 4327 862 4375 et
885 4319 1169 4375 subsidio?
1206 4318 1339 4375 Vide
1367 4318 1635 4389 quomodo
1665 4319 1781 4374 haec

202 4410 267 4446 ρο
293 4408 485 4445 liBl‘t'all
518 4430 532 4445 ο

202 4401 532 4449 εοΙιιιειη-ειιιι.

278 4463 305 4501 δ
330 4465 403 4518 Ita
435 4463 716 4527 legendum
742 4462 957 4516 videtur
978 4476 1045 4515 ex
1075 4461 1342 4515 sententia
1369 4460 1632 4523 Cassiani,
1659 4462 1783 4529 quia

204 4536 394 4618 Crtece
422 4535 646 4618 habetur
666 4533 886 4618 εἴληφεν,Δ
912 4531 1285 4618 apprehendit;
1312 4546 1405 4599 pro
1425 4546 1532 4618 quo
1560 4531 1781 4618 [fatique
1807 4539 1860 4598 1)

203 4609 475 4673 interpres
516 4605 715 4672 legisse
751 4602 963 4659 videtur
1004 4604 1257 4674 eilnoim,
1301 4602 1669 4673 apprehendat.
1714 4603 1780 4656 Il-

205 4678 319 4730 lam
351 4676 494 4727 enitn
526 4690 707 4727 veram
739 4689 860 4729 esse
894 4675 1179 4726 lectionem
1212 4674 1490 4728 contendit
1515 4674 1627 4742 ipse
1650 4674 1781 4728 Cas-

204 4754 398 4800 sianus
430 4744 528 4797 lib.
552 4760 579 4797 v
605 4743 1001 4798 Institutionum
1025 4758 1142 4808 cap.
1168 4743 1255 4808 16,
1287 4755 1344 4799 ιιι
1373 4744 1440 4798 ibi
1472 4744 1656 4799 videre
1676 4754 1778 4798 est.

204 4818 481 4869 Caeterum
514 4813 739 4884 Vulgata
771 4814 933 4870 editio
971 4814 1323 4884 praeferenda,
1354 4814 1437 4869 cui
1470 4824 1525 4870 et
1552 4817 1785 4869 auctori—

208 4898 291 4941 tas
322 4886 417 4940 SS.
451 4885 667 4939 Patrum
710 4884 1050 4955 suffragatur,
1077 4894 1132 4940 et
1157 4887 1293 4941 sacri
1319 4886 1529 4941 concilii
1558 4884 1785 4940 Triden-

208 4958 307 5012 tini
334 4956 675 5024 approbatio,
704 4968 761 5011 ut
791 4958 897 5011 illic
917 4958 1311 5011 annotavimus.

291 5038 312 5063 ο
338 5027 451 5081 Non
482 5028 750 5098 signiﬁcat
794 5027 1086 5098 Apostolus
1118 5042 1213 5081 nos
1243 5027 1531 5097 aliquando
1564 5025 1782 5098 tentari,

208 5108 306 5154 aut
338 5097 683 5153 tentationem
716 5097 987 5153 sustinere
1016 5100 1212 5152 nostris
1240 5098 1463 5161 viribus,
1491 5098 1643 5165 quasi
1672 5097 1789 5150 haec

208 5172 283 5223 sit
334 5169 566 5223 humana
613 5169 864 5231 tentatio,
888 5183 1008 5238 qua:
1046 5184 1153 5222 non
1199 5177 1415 5236 superat
1452 5167 1596 5221 vires
1633 5167 1787 5238 liberi

210 5240 447 5302 arbitrii.
479 5253 537 5296 ut
574 5241 662 5295 hic
700 5237 918 5294 Auctor
938 5239 1210 5295 subtiliter
1244 5241 1662 5307 interpretatur;
1696 5237 1789 5307 sed

210 5312 483 5379 signiﬁcat
509 5313 677 5366 Deum
710 5326 814 5366 non
843 5312 1157 5378 permittere
1183 5323 1279 5362 nos
1307 5307 1502 5363 tentari
1532 5323 1692 5379 supra
1713 5306 1795 5362 vi-

207 5378 303 5438 res
333 5397 397 5435 ex
428 5382 599 5452 gratia
632 5392 886 5451 acceptas
917 5400 929 5435 :
961 5390 1014 5436 ct
1041 5380 1440 5452 essequasdam
1474 5378 1794 5452 tentationes

208 5452 337 5524 aliis
366 5447 648 5522 graviores
677 5464 731 5509 et
756 5447 1595 5524 diuturniores(qualegexperti
1629 5449 1791 5503 etiam

206 5522 317 5579 viri
354 5518 705 5588 sanctissimi,
736 5524 1024 5582 Antonius.
1058 5518 1314 5585 Hilarion,
1348 5518 1714 5588 Hieronymus
1741 5530 1795 5575 et

208 5594 359 5660 alii),
390 5594 585 5663 quibus
629 5594 947 5661 superandi»-
978 5605 1032 5647 et
1060 5592 1351 5663 evadendis
1382 5588 1586 5663 majore
1614 5598 1794 5663 et_p_o-

213 5659 457 5734 lentiore
499 5680 634 5732 opus
680 5659 751 5719 sit
784 5666 956 5734 gratia
987 5674 1042 5718 et
1080 5663 1279 5717 auxilio
1307 5662 1512 5723 divino,
1549 5659 1689 5734 quod
1719 5660 1797 5714 fa-

208 5732 387 5793 cienti
414 5735 552 5804 quod
598 5736 653 5788 in
698 5749 759 5787 se
792 5732 885 5789 est
914 5734 1209 5789 secundum
1246 5742 1518 5803 acceptam
1546 5732 1796 5799 gratiam,

519 5826 799 5888 Ρηιιοι..
850 5825 1052 5892 XLIX

1880 3626 1985 3666 non
2015 3611 2334 3677 denegatur.
2363 3607 2520 3664 Unde
2546 3606 2726 3662 ﬁdelis
2758 3605 2899 3659 Deus
2928 3604 3145 3677 dicitur,
3189 3602 3314 3671 quia
3344 3618 3470 3677 pro-

1878 3681 2063 3736 missis
2109 3672 2217 3733 non
2264 3679 2437 3743 deest,
2473 3677 2576 3731 hoc
2621 3683 2726 3741 est,
2771 3689 2877 3728 non
2911 3672 3095 3727 deﬁcit
3141 3689 3169 3725 a
3203 3675 3467 3742 promissa

1878 3753 2074 3822 gratia,
2108 3765 2267 3819 quam
2297 3749 2398 3802 scit
2427 3746 2582 3801 nobis
2603 3760 2726 3822 esse
2754 3744 3114 3822 necessariam
3148 3747 3214 3796 ad
3248 3746 3469 3798 vincen-

1879 3813 1976 3877 das
2004 3813 2422 3890 qualescumque
2452 3816 2808 3890 tentationes;
2848 3814 2943 3869 sed
2974 3813 3102 3868 facit
3144 3828 3265 3890 cum
3294 3822 3469 3867 tenta-

1882 3886 2391 3962 tione—proventum,
2431 3888 2483 3943 id
2511 3896 2612 3962 est,
2643 3896 2991 3962 augmentum
3030 3886 3345 3962 gratiaepro
3379 3901 3467 3962 ra:

1880 3966 2026 4017 tione
2050 3954 2392 4031 etgravitate
2422 3954 2752 4024 tentationis,
2785 3958 2869 4031 vel
2892 3957 3119 4031 exitum,
3154 3954 3382 4019 ἔκϐασιν,
3411 3958 3465 4031 id

1882 4044 1987 4099 est,
2033 4026 2299 4090 evadendi
2330 4031 2656 4096 facultatem,
2711 4037 2771 4083 ut
2803 4028 2863 4082 D.
2898 4026 3201 4098 Cyprianus
3240 4027 3465 4096 exponit

1883 4104 2022 4177 (Lib.
2057 4120 2096 4160 ιι
2132 4103 2428 4177 Τεδιὶηιηος
2461 4100 2574 4177 9i).

1957 4174 1984 4214 ἀ
2009 4177 2122 4231 Νοιι
2154 4176 2235 4230 sic
2254 4168 2652 4242 accipiendum,
2678 4172 2829 4240 quasi
2864 4172 3001 4238 [1330,
3024 4185 3150 4242 quae,
3176 4168 3263 4224 hic
3292 4170 3468 4242 citan-

1886 4256 1975 4303 tur
2016 4247 2202 4311 verba,
2235 4246 2287 4300 in
2312 4240 2451 4300 libro
2490 4244 2651 4299 Josue
2682 4243 2797 4313 (qui
2828 4254 2879 4299 et
2919 4242 3079 4298 lesus
3100 4240 3260 4313 Nave
3291 4241 3471 4297 dictus

1887 4321 1992 4389 est)
2020 4320 2217 4388 scripta
2247 4316 2566 4380 habeantur,
2597 4312 2812 4389 cum’ex
2834 4315 2983 4389 libro
3011 4312 3260 4389 iudicum
3292 4329 3471 4389 proni:

1889 4383 1984 4458 pta'
2008 4383 2148 4456 sint;
2180 4395 2238 4441 ut
2261 4398 2507 4452 notatur,
2553 4387 2648 4458 sed
2678 4385 2802 4454 quia
2833 4386 2884 4439 in
2913 4388 3030 4458 ipso
3060 4384 3187 4440 Jesu
3218 4383 3382 4458 Nave,
3419 4384 3469 4439 id

1890 4455 1994 4528 est,
2028 4455 2359 4529 temporibus
2402 4468 2457 4513 et
2502 4457 2619 4529 sub,
2642 4458 2867 4529 imperio
2906 4455 3072 4529 Josue
3100 4456 3425 4529 contigerint
3454 4472 3468 4519 ;

1886 4526 2301 4601 quicum’alias
2320 4539 2510 4601 gentes
2535 4528 2883 4601 debellasset,
2914 4526 3086 4601 noluit
3112 4536 3293 4601 tamen
3320 4526 3469 4601 Deus

1887 4596 1983 4655 tias
2011 4602 2079 4655 ab
2113 4614 2178 4654 eo
2220 4596 2504 4661 debellari,
2554 4609 2610 4651 ut
2656 4599 2710 4652 in
2757 4598 2833 4653 eis
2876 4599 3234 4665 experiretur,
3281 4596 3333 4650 id
3367 4608 3468 4658 est,

1920 4673 2135 4727 robaret
2156 4680 2211 4723 et
2232 4680 2506 4723 exerceret
2524 4668 2797 4733 lsraeletn,
2821 4676 2927 4722 etc.
2952 4666 3280 4735 Quamquam
3310 4667 3469 4720 etiam

1909 4744 2025 4796 iber
2053 4739 2300 4795 Judicutn
2331 4740 2503 4809 possit
2544 4754 2608 4792 ex
2643 4750 2796 4807 parte
2825 4738 2963 4793 liber
2986 4738 3112 4809 Jesu
3155 4736 3325 4801 Nave,
3379 4751 3473 4791 seu

1885 4812 2066 4876 Josue,
2095 4807 2415 4877 nuncupari,
2443 4823 2565 4863 cum
2598 4810 2710 4879 ipse
2737 4810 2942 4875 primus
2968 4807 3213 4862 Judicunt
3247 4808 3466 4862 exstite-

1888 4884 1981 4946 rit,
2013 4891 2066 4935 et
2096 4883 2215 4947 ejus
2256 4891 2513 4934 extremae
2553 4893 2640 4933 res
2685 4886 2873 4946 gestae,
2926 4894 3024 4931 nec
3070 4894 3176 4947 non
3208 4879 3393 4947 obitus
3418 4886 3473 4929 et

1890 4945 2167 5020 sepultura
2196 4952 2248 5004 in
2273 4950 2464 5005 eodem
2494 4945 3048 5020 librodescribantur.
3074 4946 3229 5020 Unde
3260 4947 3323 5020 D.
3351 4945 3472 5020 l-lie-

1887 5014 2144 5094 ronymus
2189 5021 2283 5094 lib.
2314 5020 2572 5094 adversus
2602 5018 2902 5094 Helvidium
2931 5016 3084 5094 (Cap.
3129 5015 3186 5085 2)
3214 5032 3227 5070 :
3257 5014 3384 5094 Cum
3418 5016 3469 5069 in

1890 5086 2155 5166 sepultura
2192 5091 2321 5166 .lesu
2346 5088 2501 5155 liber,
2528 5090 2613 5166 qui
2629 5086 3112 5166 _ea;__nomine‘eju_s
3148 5086 3469 5166 appellatur,

1890 5154 2122 5236 eaipletus
2162 5164 2248 5229 sit,
2295 5177 2506 5236 rursum
2535 5154 2589 5214 in
2615 5157 2863 5236 Iudicum
2903 5154 3191 5236 volumine,
3210 5154 3377 5236 quasi
3393 5159 3468 5207 vi-

1892 5227 2033 5299 oens,
2073 5227 2441 5307 resurgensque
2468 5232 2795 5307 describitur2
2835 5237 2883 5281 et
2925 5227 3474 5307 διερβιναξεφαλαιὼσει

1897 5295 2054 5376 opera
2076 5307 2188 5377 ejus
2214 5295 2589 5377 prwd'icantur,
2615 5300 2884 5377 et‘legitur
2911 5316 2929 5353 :
2950 5297 3017 5377 ,Μ
3022 5300 3105 5351 isit
3125 5295 3167 5377 ..1
3175 5295 3287 5377 esus
3310 5312 3476 5377 popu-

1896 5367 2025 5443 lum,
2058 5367 2114 5430 et
2132 5367 2365 5430 abierunt
2388 5374 2497 5444 ﬁlii
2515 5371 2705 5438 Israel,
2738 5367 3084 5444 unusquisque
3118 5368 3170 5444 in
3191 5367 3469 5444 heredita-

1900 5436 2195 5508 tem'suam.
2239 5456 2297 5499 ut
2326 5436 2642 5514 possiderent
2673 5436 2895 5496 terram.
2923 5436 3224 5514 Et'servivit
3256 5436 3477 5514 populus

1896 5517 2121 5577 Domino
2152 5507 2348 5573 cunctis
2370 5515 2542 5587 diebus
2565 5511 2847 5587 Jesu,_ete.
2874 5527 2889 5573 ;
2917 5509 3193 5587 statimque
3213 5507 3477 5587 subiungi-

1893 5600 1979 5643 tur
2010 5605 2030 5643 :
2056 5588 2122 5643 Et
2144 5596 2376 5643 mortuus
2403 5595 2477 5638 est
2504 5584 2655 5637 .lesus
2694 5580 2864 5645 Nave,
2894 5596 3067 5634 servus
3099 5580 3323 5641 Domini,
3359 5593 3477 5630 cen-

1898 5668 2005 5714 tum
2034 5661 2206 5714 decem
2238 5672 2496 5729 annorum
2524 5652 2724 5729 (ludia.
2756 5651 2837 5729 ιι).
3090 5718 3117 5729 ν.
3183 5716 3194 5726 .
3366 5726 3374 5729 Α
3424 5716 3435 5727 .

1973 5740 1997 5768 θ
2020 5732 2148 5788 Haec
2186 5727 2501 5793 similitudo,
2534 5721 2687 5782 'licet
2723 5721 2968 5778 videatur
3012 5721 3289 5789 aptissima
3328 5726 3383 5772 et
3422 5721 3479 5771 iu

2917 5812 2996 5874 30
