4054 6186
640 165 744 222 939
1706 159 1985 217 JOANNIS
2020 161 2332 217 CASSlANl
2374 159 2859 220 COLLATIONES.
3823 167 3926 227 9&0

637 280 868 338 sollicita
897 279 990 335 diu
1018 278 1139 334 sinu
1169 277 1448 348 parvulum
1476 284 1676 347 gestat,
1705 284 1768 332 ut
1795 276 2117 347 quandoque
2145 277 2226 332 in-
2251 281 2307 344 Α
2328 277 2494 334 etiam
2545 280 2985 350 evangelicarum
3032 280 3372 336 vacationum
3415 282 3683 354 exemplis
3732 299 3927 354 possu-

635 374 789 447 gredi
817 373 1029 442 doceat,
1060 381 1117 427 et
1147 372 1377 441 primum
1427 369 1650 440 quidem
1695 383 1819 425 eum
1849 379 2065 439 reptare
2107 386 2228 440 per-
2329 387 2448 426 mus
2472 373 2798 441 approbare.
2831 373 3102 428 Andream
3132 389 3364 444 namque
3401 390 3465 430 ac
3490 375 3712 432 Petrum
3760 389 3924 435 crete-

635 469 822 534 mittit,
853 469 1051 524 dehinc
1076 472 1350 528 erectum,
1389 469 1456 518 ut
1496 462 1721 518 alternis
1750 462 1999 533 passibus
2030 463 2228 518 innita-
2325 478 2526 536 rusque
2552 465 2855 536 apostolos,
2881 465 3014 520 nihil
3046 465 3113 522 de
3138 466 3326 521 salutis
3350 481 3465 522 suae
3491 469 3748 524 remedio
3776 475 3922 544 cogi-

629 567 743 627 tur,
776 561 980 616 dextra:
1027 571 1144 614 sua
1173 557 1377 612 virtute
1417 564 1727 622 sustentat;
1774 567 1900 611 mox
1947 555 2225 626 paululum
2327 565 2526 625 tantes,
2576 565 2870 628 spontanee
2903 559 3091 629 gratia
3135 573 3249 614 suae
3284 559 3598 629 dignatione
3641 566 3920 636 praetegit

632 653 975 717 derelictum,
1023 650 1068 705 si
1115 649 1435 705 titubantem
1481 646 1700 719 viderit,
1733 650 1980 719 protinus
2030 664 2224 721 appre-

545 786 581 811 .,
627 745 842 807 hendit,
883 750 1163 798 nutantem
1197 741 1445 810 suscipit,
1475 741 1686 811 lapsum
1717 742 1898 810 erigit,
1930 751 1984 798 et
2013 743 2098 797 vel
2129 758 2221 797 ar-

627 847 713 892 cet
742 851 772 890 a
802 833 1057 900 easn,vel
1085 834 1248 889 etiam
1278 790 1558 890 deciderer
1572 835 1763 890 leviter
1785 790 1955 907 [ἱείς.
1975 836 2029 890 in
2055 851 2218 907 marg.

575 949 578 951 ·
626 925 846 1000 icuiter]
871 927 1082 989 sinetis,
1106 927 1284 981 elevat
1315 936 1434 995 post
1463 927 1671 982 ruinam
1693 946 1706 982 :
1731 942 1852 981 cum
1883 938 2064 982 autem
2096 943 2219 984 eum

2325 647 2535 722 (Matth.
2570 647 2667 721 tv).
2700 648 2986 704 Zacbatutn
3031 649 3098 704 ad
3127 659 3477 721 conspectum
3507 666 3568 706 se
3605 652 3831 710 Domini
3863 656 3918 710 ﬁ-

2324 739 2520 795 deliter
2555 739 2937 796 extendentem
2965 749 3022 796 et
3049 742 3401 813 exiguitatem
3431 752 3661 799 staturte
3688 761 3808 801 sua:
3831 762 3918 819 sy-

2323 831 2531 886 comori
2576 832 2899 888 celsitudine
2944 833 3320 888 sublevantem
3371 849 3478 890 non
3523 837 3701 891 solum
3749 841 3918 895 susci-

2324 925 2422 995 pit,
2464 939 2650 980 verum
2687 925 2855 981 etiam
2903 926 3279 982 benedictione
3319 927 3744 985 cohabitationis
3795 933 3916 987 illu-

623 1019 693 1074 ad
743 1019 1026 1089 pueritiam
1076 1019 1158 1074 vel
1212 1017 1593 1073 adolescentia:
1637 1033 1703 1072 ac
1745 1018 2047 1088 iuventutis
2097 1031 2222 1088 per—

624 1112 844 1168 duxerit
883 1113 1074 1177 robur,
1103 1111 1344 1180 quaedam
1389 1111 1554 1166 etiam
1605 1111 1848 1180 pondera
1883 1112 1968 1165 vel
2006 1111 2220 1166 labores

622 1205 820 1276 quibus
848 1217 955 1259 non
987 1204 1354 1272 opprimatur,
1380 1202 1475 1257 sed
1508 1211 1851 1271 exerceatur,
1885 1204 2138 1274 lnjung-it,
2165 1213 2220 1261 et

623 1312 745 1353 cum
773 1297 986 1352 aemulis
1021 1297 1304 1351 decertare
1334 1295 1630 1365 permittit;
1663 1307 1865 1366 quanto
1912 1299 2083 1365 magis
2109 1311 2220 1352 cte-

621 1390 775 1445 lestis
808 1390 899 1445 ille
924 1390 1163 1444 omnium
1191 1395 1341 1456 pater
1367 1389 1714 1458 novit,quem
1745 1389 1866 1444 sinu
1886 1390 2074 1460 gratia:
2105 1405 2217 1445 sua:

616 1491 821 1552 gestet,
843 1497 1006 1552 quem
1036 1482 1217 1535 libera
1251 1479 1545 1534 voluntatis
1575 1479 1802 1535 arbitrio
1834 1481 1886 1535 in
1919 1490 2217 1549 conspectu

615 1583 722 1630 suo
751 1582 1002 1629 exerceat
1031 1573 1098 1627 ad
1121 1573 1399 1639 virtutem,
1427 1580 1485 1627 et
1517 1581 1693 1626 tamen
1714 1571 1934 1641 adjuvat
1958 1573 2214 1626 laboran-

2324 1027 2460 1071 strat
2485 1016 2670 1086 (Luca
2712 1021 2846 1087 xix).
2887 1017 3117 1072 invitum
3156 1033 3219 1074 ac
3262 1032 3654 1090 repugnantem
3686 1025 3916 1081 attrahit

2324 1108 2548 1164 Paulum
2575 1112 2780 1183 (Actor.
2809 1111 2909 1178 ts).
2938 1110 3115 1166 Alium
3155 1112 3227 1166 ita
3258 1115 3520 1183 praecepit
3561 1116 3665 1170 sibi
3699 1117 3915 1188 insepa-

2321 1203 2569 1258 rabiliter
2593 1205 2884 1273 inhaerere,
2932 1215 2992 1260 ut
3027 1205 3077 1260 ei
3104 1206 3398 1275 postulanti
3429 1208 3784 1266 brevissimus
3815 1230 3914 1281 pro

2321 1297 2595 1366 sepultura
2629 1300 2796 1366 patris
2821 1313 2928 1352 non
2958 1297 3221 1353 concedat
3251 1299 3498 1354 inducias
3528 1300 3752 1372 (Matth.
3779 1307 3911 1375 rut).

2320 1388 2574 1444 Cornelio
2607 1390 2857 1458 precibus
2885 1398 2941 1444 et
2988 1390 3351 1462 eleemosynis
3373 1391 3577 1462 jugiter
3607 1393 3911 1463 insistenti,

2319 1483 2465 1536 velut
2498 1483 2958 1538 remunerationis
2984 1484 3102 1538 vice
3132 1483 3218 1537 via
3247 1485 3450 1554 Isaluiis
3481 1487 3804 1554 ostenditur,
3839 1492 3914 1544 ei-

2318 1588 2422 1642 que
2459 1574 2632 1643 angeli
2668 1575 2979 1630 visitatione
3007 1575 3322 1645 praecipitur
3363 1586 3424 1631 ut
3463 1579 3770 1635 aceersiens
3810 1583 3913 1637 Pe-

619 1676 764 1732 tem,
801 1665 1021 1722 exaudit
1065 1673 1354 1721 vocantem
1375 1707 1390 1730 ,
1424 1679 1530 1720 non
1563 1666 1820 1735 relinquit
1856 1677 2212 1736 qutereutcm,
2244 1679 2294 1739 Β
2323 1673 2492 1731 trum,
2526 1665 2688 1721 verba
2720 1666 2910 1722 salutis
2936 1668 3004 1721 ab
3031 1681 3119 1729 eo,
3148 1667 3343 1736 quibus
3367 1683 3473 1722 uua
3503 1685 3625 1724 cum
3658 1672 3912 1728 omnibus

615 1762 780 1831 eripit
809 1760 877 1815 de
905 1758 1146 1831 periculo
1175 1757 1450 1814 interdum
1476 1759 1640 1814 etiam
1680 1759 2046 1815 nescientem!

1231 1889 1462 1948 CAPUT
1503 1891 1618 1948 XV.

934 2009 1011 2068 De
1039 2007 1320 2077 multiplici
1347 2009 1670 2064 vacationum
1697 2008 1889 2082 gratia.

687 2128 792 2184 Per
818 2139 938 2196 qute
965 2127 1132 2183 etiam
1157 2126 1440 2182 evidenter
1466 2126 1770 2182 ostenditur
1792 2135 1819 2165 ι
1843 2127 2206 2184 inscrutabilia

612 2243 720 2282 esse
751 2225 960 2298 judicia
1000 2222 1099 2278 Dei
1127 2233 1175 2277 et
1208 2223 1587 2294 investigabiles
1616 2224 1722 2277 vias
1751 2223 2063 2296 ejas(ﬂem.
2100 2222 2200 2294 xt),

611 2320 809 2390 quibus
844 2317 910 2373 ad
950 2318 1178 2374 salutem
1205 2316 1505 2372 humanum
1543 2315 1764 2371 attrahit
1801 2329 1997 2387 genus.
2041 2315 2202 2384 Quod

2316 1759 2428 1815 suis
2455 1761 2778 1826 salvaretur,
2804 1770 3061 1830 agnoscat
3089 1761 3294 1832 (Actor.
3323 1760 3412 1834 x).
3447 1762 3513 1818 Et
3544 1765 3614 1818 ita
3645 1767 3911 1822 multifor-

2315 1852 2418 1906 mis
2456 1853 2544 1906 illa
2591 1854 2856 1920 sapientia
2887 1853 2981 1906 Dei
3029 1853 3255 1908 salutem
3289 1853 3570 1910 hominum
3621 1858 3909 1929 multiplici

2315 1955 2478 2015 atque
2531 1946 2874 2002 inscrutabili
2915 1947 3116 2016 pietate
3166 1947 3466 2019 dispensat,
3508 1965 3572 2006 ac
3606 1953 3909 2007 secundum

2311 2039 2668 2106 capacitatem
2717 2039 3145 2110 uniuscujusque
3193 2040 3418 2111 gratiam
3477 2057 3586 2097 sua:
3638 2043 3912 2113 largitatis

2311 2129 2574 2198 impertit,
2607 2140 2670 2184 nt
2711 2132 2855 2198 ipsas
2887 2146 3100 2201 quoque
3129 2134 3442 2188 curationes
3468 2149 3574 2189 non
3601 2136 3909 2192 secundum

2313 2222 2641 2278 uniformem
2688 2224 2988 2294 majestatis
3031 2239 3140 2280 sum
3173 2226 3490 2294 potentiam,
3525 2227 3621 2283 sed
3651 2227 3679 2266 δ
3709 2243 3910 2285 secun—

2313 2315 2440 2370 dum
2478 2331 2792 2371 mensuram
2825 2317 2949 2373 ﬁdei
2981 2317 3034 2372 in
3073 2331 3178 2388 qua
3211 2333 3650 2390 unumquemque
3674 2325 3905 2392 reperit,

1686 2456 1944 2514 ALARDI
1983 2458 2223 2516 GAZEI
2261 2460 2832 2518 COMMENTARIUS.

605 2578 790 2632 multis
821 2575 1125 2637 conveniat,
1153 2582 1332 2628 tamen
1369 2573 1426 2628 in
1474 2572 1577 2628 hoc
1605 2572 1790 2628 deiieit
1817 2583 1872 2628 et
1897 2575 2191 2643 claudicat,

649 2648 750 2701 uod
775 2647 828 2700 in
853 2647 1133 2715 proposito
1153 2654 1238 2700 est
1261 2644 1592 2715 praecipuum
1611 2656 1664 2700 et
1688 2645 1921 2700 maxime
1942 2657 2194 2715 spectan-

649 2665 750 2701 uoa
775 2665 828 2700 tn
853 2665 1133 2715 proposito
1153 2665 1238 2700 εει
1261 2665 1592 2714 prtectpnutn
1611 2665 1664 2700 et
1688 2665 1921 2700 maxime
1942 2665 2194 2715 spectan-

607 2665 757 2782 gum,
791 2733 983 2787 nempe
1009 2716 1154 2786 quod
1186 2716 1352 2770 robur
1378 2726 1432 2770 et
1454 2714 1598 2787 vires
1627 2717 1773 2782 pueri
1811 2715 1881 2771 ad
1910 2718 2194 2772 ambulan-

608 2789 737 2843 dum
766 2797 820 2842 et
849 2786 1206 2843 laborandum
1237 2801 1344 2841 non
1385 2786 1690 2855 dependent
1727 2801 1757 2840 a
1791 2787 2023 2851 nutrice,
2056 2789 2196 2843 sicut

603 2860 838 2914 facultas
883 2870 937 2914 et
985 2859 1151 2913 robur
1193 2868 1396 2913 nostra
1443 2858 1736 2912 voluntatis
1783 2867 1838 2912 et
1882 2859 2090 2912 arbitrii
2127 2860 2192 2913 ad

601 2932 746 2988 bene
776 2931 1041 2999 agendum
1068 2937 1125 2985 et
1151 2929 1438 2985 vivendum
1471 2931 1669 2996 pendet
1698 2944 1728 2983 a
1750 2931 1921 2998 gratia
1955 2930 2068 2994 Dei,
2097 2931 2194 2986 sed

2301 2579 2447 2633 milia
2479 2579 2908 2635 liabeulurinfra
2933 2596 2949 2634 :
2979 2579 3219 2647 Largius
3257 2576 3351 2631 Dei
3370 2575 3644 2648 secundum
3681 2582 3912 2648 capaci-

2298 2659 2450 2705 tatem
2469 2653 2712 2706 humana:
2733 2652 2855 2721 ﬁdei
2877 2653 3035 2706 etiam
3056 2652 3170 2716 ipsa
3187 2651 3454 2717 formatur.
3479 2646 3684 2721 Quibus
3703 2646 3908 2721 verbis

2297 2723 2606 2788 signiﬁcare
2632 2718 2800 2776 voluit
2835 2737 2995 2791 posse
3037 2737 3135 2777 nos
3161 2722 3317 2776 ﬁdem
3346 2736 3411 2774 ex
3451 2718 3601 2791 nobis
3628 2719 3762 2786 ipsis
3803 2722 3904 2777 ha-

2298 2792 2458 2857 bere;
2507 2809 2570 2848 ac
2612 2790 2846 2857 proinde
2884 2793 3039 2848 ﬁdem
3084 2795 3226 2847 intrr
3268 2792 3425 2847 liberi
3471 2790 3676 2846 arbitrii
3722 2791 3898 2857 bona,

2295 2879 2406 2917 non
2439 2867 2579 2920 inter
2609 2865 2707 2920 Dei
2749 2865 2910 2930 dona,
2955 2874 3012 2918 ut
3042 2867 3116 2918 ait
3147 2865 3400 2932 Prosper,
3433 2877 3551 2918 esse
3599 2877 3899 2918 numeran-

2299 2934 2458 2999 dam;
2490 2945 2547 2991 et
2569 2945 2730 3004 prout
2757 2935 3016 3004 majorem
3060 2946 3151 2990 aut
3179 2935 3444 2991 minorem
3475 2935 3702 3004 quisque
3731 2934 3899 2989 ﬁdem

605 2986 666 3059 ci
688 3019 716 3057 a
749 2986 938 3076 ua‘iura
973 3004 1165 3076 insunt
1200 3009 1255 3056 et
1270 3017 1396 3076 cum
1425 2986 1584 3076 aelate
1614 2986 1889 3076 crescunt.
1933 2986 2196 3076 F_UItgitttt‘
2222 2986 2269 3049 Ο
2303 2986 3728 3076 ilta‘be‘a-t,‘iiaﬂtnajoreuiﬂaut'utlitoribus

607 3083 787 3127 tamen
824 3074 999 3127 divina
1033 3073 1203 3140 gratia
1236 3073 1349 3125 vice
1375 3072 1618 3134 nutricis,
1657 3071 1821 3125 immo
1847 3081 1902 3126 et
1935 3073 2193 3126 obstetri-

605 3144 701 3207 cis,
732 3160 858 3214 crga
891 3159 986 3198 nos
1015 3144 1202 3198 eadem
1233 3153 1500 3212 praestans
1521 3141 1697 3214 oiﬁcia
1720 3157 1841 3211 ante
1865 3147 2045 3196 nutrix
2068 3158 2195 3212 erga

605 3213 918 3284 parvulum;
943 3225 1105 3281 atque
1137 3224 1359 3270 eatenus
1391 3215 1640 3269 subsisut
1667 3213 1781 3268 inec
1815 3213 2116 3268 similitudo
2137 3224 2193 3270 et

607 3287 943 3357 comparatio
972 3286 1171 3357 divinat
1192 3284 1777 3357 gratimcuutnutrice
1807 3293 1858 3337 et
1877 3285 2192 3357 obstetrice.

604 3353 868 3412 llinc'Job
896 3373 1026 3412 xxw
1074 3353 1290 3418 dicitur,
1343 3356 1705 3409 obstatricante
1738 3372 1895 3408 manu
1927 3353 2022 3408 Dei
2070 3358 2196 3410 edu-

603 3436 720 3483 ctus
746 3427 970 3490 coluber,
1012 3428 1066 3480 id
1098 3439 1198 3491 eSt,
1248 3427 1498 3482 diabolus
1538 3427 1797 3494 expulsus
1828 3426 1896 3480 de
1937 3426 2194 3482 cordibus

604 3499 880 3563 ﬁdelium;
911 3511 961 3555 et
983 3499 1105 3552 alibi
1133 3507 1414 3564 comparat
1442 3513 1498 3552 se
1519 3497 1660 3551 Deus
1685 3499 1868 3563 matri,
1894 3495 1998 3550 lsa.
2029 3514 2150 3553 Lm
2177 3517 2190 3553 :

603 3570 755 3626 Sicut
795 3581 955 3624 mater
997 3571 1290 3624 consolatur
1338 3570 1504 3635 ﬁlios,
1552 3569 1623 3640 ita
1665 3578 1712 3624 ct
1758 3585 1850 3640 ego
1889 3570 2194 3622 consolabor

603 3659 713 3705 uos,
755 3650 907 3707 etc.;
958 3641 1124 3696 immo
1172 3650 1226 3695 et
1275 3640 1467 3706 aquilm
1507 3639 1730 3703 volanti,
1780 3639 1836 3693 et
1875 3641 2190 3708 provocanti

603 3714 782 3784 pullos
827 3729 954 3768 suos
991 3713 1062 3784 ad
1089 3710 1396 3784 volantium,
1448 3711 1609 3784 Digni.
1638 3723 1824 3772 xxxtt;
1871 3719 1927 3764 et
1977 3712 2190 3782 gallinae

603 3780 952 3856 congregauti
981 3783 1162 3856 pullos
1181 3783 1281 3835 sub
1302 3780 1650 3856 al_as,_MaIth.
1676 3796 1835 3856 _xxt_tt.

681 3850 1003 3911 (Sententia
1031 3862 1113 3907 est
1137 3852 1381 3920 Apostoli
1409 3851 1583 3921 (Rom.
1614 3850 1693 3921 xi)
1713 3869 1724 3902 :
1745 3851 2030 3906 0altitudo
2061 3853 2193 3906 divi-

605 3927 796 3980 tiarum
827 3926 1098 3993 sapientia:
1125 3935 1172 3977 et
1198 3925 1426 3977 scientia
1451 3922 1546 3975 Dei
1573 3921 1596 3977 !
1619 3939 1770 3991 quam
1799 3922 2191 3991 incomprehen-

602 3999 776 4070 sibilia
798 4007 915 4052 sunt
935 3997 1143 4070 judicia
1159 3997 1299 4070 ‘eius,
1323 4004 1370 4046 et
1391 3994 1771 4070 inuestigabiles
1793 3995 1888 4070 uite
1910 3996 2025 4070 ejus
2038 3993 2188 4070 (Ubi

604 4068 793 4123 Grteca
823 4064 1118 4122 vox'sonat
1157 4064 1546 4132 inscrutabilia,
1577 4065 1847 4131 quomodo
1871 4064 2033 4118 etiam
2064 4064 2192 4132 legit

604 4138 670 4192 D.
705 4140 1033 4206 Augustinus
1073 4136 1263 4206 lib._de
1315 4135 1495 4190 Gratia
1542 4148 1661 4204 cap.
1687 4136 1800 4206 (2'2.
1831 4136 1996 4202 Cujus
2042 4135 2190 4189 vocis

605 4204 904 4276 emphasim
941 4209 1145 4261 notavit
1166 4204 1633 4279 _Chr_ysostomus:
1663 4205 1798 4273 Quia
1834 4221 1937 4279 non
1956 4215 2186 4279 tantum,

601 4279 799 4346 inquit,
822 4295 924 4330 non
947 4277 1328 4348 comprehendi,
1354 4277 1444 4331 sed
1467 4293 1556 4332 nec
1584 4279 1810 4330 scrutari
1837 4277 2043 4348 quidem
2069 4293 2190 4348 pos-

603 4361 723 4403 sunt
758 4357 940 4402 :tanta
965 4357 1039 4403 est
1059 4347 1388 4418 profunditas
1401 4349 1722 4420 judiciorum
1755 4348 1868 4400 Dei.
1896 4347 2188 4420 [nvestiga-

605 4420 729 4475 biles
779 4430 958 4490 autem
993 4423 1240 4488 negative
1273 4420 1502 4487 positum
1526 4460 1540 4482 ,
1574 4434 1671 4486 pro
1691 4464 1705 4487 ,
1737 4419 2180 4490 impervestigabi-

604 4494 696 4546 les.
733 4489 936 4545 Alludit
972 4493 1113 4546 enim
1152 4491 1440 4561 Apostolus
1477 4490 1543 4544 ad
1575 4492 1751 4544 locum
1785 4489 1934 4543 ISaite
1982 4505 2034 4544 XI
2075 4489 2184 4543 :Et

603 4581 708 4617 non
757 4570 828 4617 est
865 4562 1185 4632 investigatio
1225 4564 1321 4618 vita
1365 4563 1496 4632 ejus,
1532 4568 1588 4615 tit
1613 4571 1834 4616 annotat
1863 4561 2077 4614 'ibidcm
2123 4561 2182 4614 ι).

602 4634 982 4705 Hieronymus.
1032 4633 1202 4689 Porro
1259 4634 1590 4704 multiplices
1633 4633 2185 4705 divina:_vocationis

602 4701 825 4771 modos,
841 4720 976 4777 quos
998 4705 1085 4761 hic
1111 4715 1358 4777 recenset
1373 4701 1602 4777 Auctor,
1633 4704 1830 4772 quibus
1855 4702 2100 4777 homines
2120 4701 2186 4777 ad

603 4778 830 4831 salutem
860 4773 1086 4832 attrahit
1124 4776 1288 4842 Deus,
1322 4775 1388 4830 ad
1417 4775 1515 4830 tria
1555 4789 1752 4845 genera
1786 4773 2062 4845 revncavit
2093 4774 2183 4828 ab-

601 4849 1062 4917 bas'Paphnutius
1083 4848 1264 4902 collat.
1309 4849 1343 4903 5
1369 4861 1488 4916 cap.
1515 4843 1580 4911 τ»,-
1611 4846 1699 4917 ubi
1729 4847 1803 4898 ait
1830 4861 1843 4896 :
1872 4843 2000 4898 Tres
2029 4859 2183 4902 vocn-

601 4916 954 4975 tionuntsunt
992 4920 1225 4986 ordines,
1253 4926 1397 4984 etc.;
1429 4933 1489 4971 ac
1516 4916 1712 4971 deinde
1743 4917 1990 4984 sequenti
2022 4930 2183 4984 cap.:

601 4990 814 5047 Primus
839 5008 903 5048 ex
935 4991 1040 5045 Deo
1068 4997 1162 5059 est,
1190 4990 1445 5044 secundus
1471 5005 1560 5061 per
1593 4987 1870 5052 hominem,
1904 4987 2090 5041 tertius
2121 5001 2182 5038 ea:

601 5065 922 5127 necessitate,
951 5071 1058 5117 etc.

675 5134 699 5172 ι)
727 5136 910 5190 Fallax
955 5129 1252 5206 propositio
1290 5130 1646 5206 disiunctiva,
1687 5143 1806 5200 quae
1846 5137 1906 5183 ut
1945 5142 2075 5181 vera
2116 5129 2187 5206 sit

599 5219 722 5258 cum
747 5199 982 5260 alterum
1004 5199 1376 5258 tantummodo
1402 5202 1699 5256 membrum
1728 5215 1917 5255 verum
1936 5215 2057 5254 esse
2079 5199 2187 5253 sul-

520 5326 522 5329 .
599 5276 762 5340 iiciat,
806 5275 1099 5331 secundum
1135 5273 1468 5340 dialecticos,
1503 5270 1580 5327 sic
1604 5282 1781 5326 tamen
1825 5272 2092 5341 ingeritur
2131 5278 2187 5324 et

594 5349 924 5414 proponitur
966 5361 1026 5400 ac
1057 5345 1101 5399 si
1132 5345 1403 5413 utrimque
1444 5360 1564 5399 vera
1593 5362 1607 5411 ;
1651 5343 1755 5398 hoc
1785 5352 1887 5406 est,
1939 5341 2185 5414 quasiin

597 5411 868 5485 aliquibus
924 5418 1066 5472 Deus
1098 5415 1256 5469 ﬁdem
1297 5411 1533 5483 reperiat
1575 5429 1735 5484 quam
1789 5429 1891 5466 non
1935 5411 2182 5485 dederit,

597 5482 739 5558 quod
775 5488 964 5543 falsum
1013 5496 1064 5542 ct
1104 5482 1514 5551 erroneutn;in
1561 5482 1679 5540 aliis
1711 5497 2023 5558 veroquam
2046 5482 2186 5558 _ipse

591 5552 820 5626 largitus
866 5561 974 5624 sit,
1023 5557 1162 5626 quod
1209 5573 1395 5611 verum
1447 5566 1608 5624 atque
1652 5555 1994 5626 catholicum.
2046 5552 2181 5626 Tota

597 5623 760 5697 porro
791 5623 1081 5681 difﬁcultas
1125 5628 1282 5694 hujus
1327 5623 1533 5697 capitis
1559 5631 1611 5682 itt
1641 5628 1745 5679 illis
1788 5625 1972 5697 verbis
2003 5623 2184 5697 consi-

596 5696 693 5747 stit
718 5713 729 5748 :
755 5699 1036 5748 secundum
1077 5712 1372 5750 mensuram
1397 5696 1552 5766 ﬁdei,
1579 5707 1684 5753 etc.
1715 5698 1918 5763 Quibus
1961 5696 2077 5750 ltatc
2111 5696 2184 5750 si-

2301 3079 2584 3148 percipere
2613 3080 2861 3148 gratiam.
2911 3077 3008 3132 Cui
3049 3079 3288 3146 Opinioni
3327 3078 3511 3148 favere
3552 3076 3767 3148 videtur
3804 3078 3898 3130 illa

2299 3145 2566 3204 cetttentia
2611 3145 2881 3216 parabolae
2931 3145 3281 3218 evangelicae,
3323 3165 3427 3218 qua
3469 3145 3667 3202 dicitur
3719 3145 3899 3201 Honto

2299 3236 2513 3289 peregre
2543 3221 2874 3289 proﬁciscens
2915 3220 3037 3288 (per
3059 3237 3218 3287 quem
3243 3219 3493 3275 Christus
3531 3218 3896 3288 signiﬁcatur)

2300 3289 2624 3346 distribuisse
2664 3309 2763 3344 sua
2790 3291 2921 3344 dona
2973 3291 3081 3344 sive
3129 3291 3326 3343 talenta
3353 3291 3462 3344 suis
3502 3293 3679 3353 servis,
3722 3299 3772 3342 et
3801 3291 3904 3342 uni

2298 3359 2500 3414 dedisse.
2535 3362 2781 3430 quinque,
2813 3359 2906 3411 alii
2943 3361 3068 3422 duo,
3109 3359 3352 3430 aliiiivero
3380 3376 3536 3412 unum
3561 3377 3581 3426 ;
3611 3360 3902 3430 unicuique

2295 3433 2574 3483 secundum
2595 3429 2858 3499 propriam
2879 3430 3116 3480 virtutem
3142 3429 3353 3496 (Matth.
3375 3431 3526 3499 xxv).
3563 3431 3731 3496 Quam
3765 3429 3904 3498 pro-

2296 3501 2462 3568 prium
2495 3497 2743 3554 virtutem
2773 3498 3039 3568 Pelagiani
3072 3497 3571 3564 interpretabantur
3594 3501 3759 3555 tidem
3797 3516 3907 3556 cu-

2290 3567 2499 3639 jusque,
2527 3586 2684 3637 quam
2728 3586 2796 3624 ex
2826 3568 2979 3623 nobis
3009 3567 3140 3638 ipsis
3178 3582 3302 3622 esse
3329 3577 3580 3635 oportere
3603 3570 3906 3639 dicebant,

2293 3649 2353 3693 ut
2379 3637 2588 3708 propria
2612 3641 2874 3710 cujusque
2895 3637 3066 3710 virtus
3099 3639 3201 3693 dici
3220 3643 3437 3710 posset;
3483 3653 3579 3705 pro
3603 3637 3766 3710 cujus
3797 3637 3906 3697 ca;

2292 3715 2522 3782 pacitate
2547 3713 2662 3766 sive
2685 3708 2937 3766 mensura
2971 3709 3117 3764 Deus
3147 3709 3301 3763 nobis
3330 3723 3480 3782 suam
3504 3708 3902 3782 gratiamplus

2297 3780 2543 3838 minusve
2589 3783 2894 3852 largiretur,
2945 3783 3097 3851 quasi
3141 3789 3344 3852 nonet
3382 3781 3496 3848 ipsa
3551 3780 3686 3834 ﬁdes
3740 3780 3904 3840 inter

2523 3851 2693 3910 rati-.e’
2721 3855 2934 3909 censeri
2983 3853 3226 3907 deberet.
3268 3851 3327 3909 ln
3379 3865 3486 3921 quo
3532 3865 3720 3906 errore
3757 3869 3896 3907 cum

2547 3972 2556 3980 .
2596 3927 2925 3996 Augustinus
2968 3923 3259 3996 aliquando
3302 3933 3548 3996 versatus
3577 3922 3790 3996 fuisset,
3838 3936 3897 3979 ut

2295 3852 2436 3908 dona

2295 3925 2460 3979 etiam

2295 3995 2524 4064 ipsemet
2574 3991 2816 4063 plur—ibus
2869 3999 2920 4049 in
2969 3995 3105 4049 locis
3149 3995 3346 4048 fatetur
3398 3991 3539 4050 (Lib.
3590 3991 3886 4064 tRetract.

2294 4082 2341 4117 c.
2374 4067 2445 4120 25
2484 4078 2531 4120 et
2553 4069 2644 4122 lib.
2673 4067 2738 4119 de
2769 4065 3022 4121 Prtrdest.
3049 4082 3093 4118 c.
3124 4068 3211 4135 3);
3242 4080 3301 4118 re
3329 4075 3504 4135 tamen
3536 4063 3723 4117 melius
3758 4079 3889 4131 per-

2293 4150 2497 4202 specta.
2534 4141 2768 4204 seipsnm
2799 4138 3068 4201 correxit;
3119 4133 3173 4189 et
3203 4135 3401 4205 Pelagii
3442 4133 3714 4197 haeresim,
3746 4151 3887 4202 pne-

2297 4215 2378 4260 ter
2417 4208 2550 4261 alios
2602 4208 2807 4271 Patres,
2853 4206 3028 4260 valide
3076 4219 3418 4275 oppugnatis,
3463 4205 3646 4259 docuit
3683 4206 3882 4273 quibus

2294 4277 2585 4345 Scriptum
2615 4278 2944 4330 testimoniis
2967 4277 3035 4329 ab
3062 4291 3127 4330 eo
3146 4291 3330 4330 errore
3355 4276 3545 4330 hiisset
3572 4285 3878 4331 revocatus.

2293 4346 2428 4401 Sunt
2469 4358 2646 4403 autem
2690 4348 2804 4401 haec
2834 4349 2949 4401 loca
2980 4348 3273 4416 praecipua,
3308 4348 3498 4417 quibus
3533 4347 3645 4400 haec
3674 4349 3882 4403 veritas

2289 4420 2574 4488 speciatim
2609 4419 3026 4489 comprobatur:
3062 4419 3247 4472 Matth.
3285 4434 3409 4471 xxix
3436 4434 3450 4471 :
3474 4417 3660 4489 Beatus
3686 4434 3758 4489 es,
3791 4420 3881 4472 Si-

2287 4487 2406 4563 mon
2426 4489 2701 4563 _Barjona.
2737 4487 2861 4560 quia
2880 4507 3014 4563 caro
3037 4489 3463 4563 et__sanguis_non
3489 4487 3726 4563 revela-uit
3758 4489 3877 4551 tibi,

2286 4562 2380 4614 sed
2412 4554 2570 4615 Pater
2613 4554 2760 4616 meus
2798 4562 2886 4631 qui
2923 4562 2976 4614 in
3002 4560 3141 4631 caelis
3183 4554 3279 4614 εΞε.
3323 4558 3606 4631 103mm:
3645 4554 3760 4631 Ιίος
3798 4570 3881 4613 est

2288 4648 2417 4700 opus
2443 4634 2555 4698 Dei,
2581 4644 2636 4686 ut
2654 4626 2876 4688 credatis
2899 4635 2954 4684 in
2978 4630 3124 4685 illum
3142 4648 3292 4702 quem
3313 4631 3448 4683 misit
3471 4627 3646 4682 Pater.
3665 4626 3877 4702 Ephes.

2287 4699 2329 4774 tt
2351 4721 2364 4755 :
2396 4703 2578 4756 Gratia
2599 4705 2780 4758 saluati
2809 4704 2927 4758 estis
2953 4720 3042 4774 per
3071 4699 3243 4769 ﬁdem,
3277 4712 3325 4774 et
3356 4703 3452 4754 hoc
3478 4717 3577 4754 non
3603 4715 3666 4754 ea:
3690 4699 3879 4774 uobis;

2291 4772 2387 4826 Dei
2415 4776 2548 4844 enim
2581 4775 2777 4829 donum
2818 4785 2911 4832 est.
2942 4771 3043 4826 non
3071 4790 3135 4827 ea:
3161 4773 3419 4844 operibus,
3460 4783 3513 4824 ut
3544 4787 3608 4824 ne
3633 4771 3749 4844 quis
3764 4773 3877 4839 glo-

2287 4845 2473 4899 rietur.
2519 4843 2754 4915 Philipp.
2781 4860 2820 4900 tt
2847 4860 2866 4900 :
2897 4844 3054 4898 Vobis
3079 4841 3325 4897 donatum
3357 4851 3598 4915 est,_nen
3626 4841 3797 4895 solum
3823 4852 3877 4895 ut

2285 4915 2342 4969 in
2370 4932 2486 4969 eum
2527 4913 2768 4981 credatis,
2811 4926 2918 4971 etc.
2943 4915 3024 4969 Ad
3058 4916 3173 4970 haec
3211 4923 3409 4985 praeter
3432 4913 3567 4967 alias
3608 4915 3867 4985 rationes,

2288 4996 2513 5040 utuntur
2560 4987 2746 5042 Patres
2783 4987 2884 5041 hac
2930 4983 3250 5056 probatione
3285 4986 3433 5040 velut
3476 4983 3871 5046 efﬁcacissima.

2287 5059 2431 5123 quod
2473 5057 2716 5112 Ecclesia
2746 5069 2863 5113 orat
2896 5072 2991 5124 pro
3036 5057 3367 5122 inﬁdelibus,
3397 5065 3455 5109 ut
3487 5063 3876 5110 convertantur

2287 5127 2354 5181 ad
2377 5128 2561 5196 ﬁdem,
2585 5139 2640 5183 et
2666 5145 2765 5198 pro
2800 5127 2991 5184 iisdem
3023 5132 3086 5182 ad
3115 5128 3273 5182 ﬁdem
3307 5126 3586 5198 conversis
3612 5125 3723 5198 Deo
3749 5140 3870 5194 gra-

2289 5198 2391 5252 tias
2421 5200 2551 5269 agit,
2583 5195 2808 5268 quorum
2837 5197 3511 5270 utrumque-certissimum
3544 5204 3631 5251 est
3668 5195 3870 5270 divinas

2285 5266 2477 5394 gratiae
2504 5266 2900 5339 argumentum.
2943 5266 3049 5326 His
3074 5271 3302 5326 accessit
3341 5270 3635 5324 auctoritas
3659 5266 3871 5322 concilii

2337 5341 2602 5394 rausicani
2636 5356 2844 5394 canone
2878 5343 2932 5394 5.
2961 5341 3015 5394 6.
3046 5342 3078 5394 7
3109 5348 3162 5394 et
3193 5343 3247 5394 8.
3280 5341 3476 5394 auibus
3506 5348 3699 5394 eontra
3727 5336 3871 5392 Pela-

2337 5336 2602 5395 rausicani
2636 5356 2844 5397 canone
2878 5343 2932 5405 5,
2961 5341 3015 5404 6,
3046 5342 3078 5396 7
3109 5348 3162 5396 et
3193 5343 3247 5405 8,
3280 5341 3478 5411 quibus
3506 5348 3699 5394 contra
3727 5336 3871 5392 Pela-

2286 5412 2478 5480 gianos
2519 5421 2574 5467 et
2604 5427 2789 5467 eorum
2834 5412 3085 5481 reliquias
3119 5410 3412 5467 deﬁnitur:
3449 5410 3600 5466 Sicut
3629 5425 3871 5481 augmen-

2286 5479 2420 5550 tum,
2449 5485 2523 5554 ita
2564 5493 2611 5537 et
2655 5485 2861 5537 initium
2901 5479 3044 5554 ﬁdei,
3087 5485 3358 5550 ipsumque
3392 5479 3719 5554 credulitatis
3757 5479 3872 5547 alie:

2286 5566 2426 5609 ctum
2458 5553 2553 5607 Dei
2594 5555 2784 5607 donum
2826 5553 2954 5617 esse,
3003 5555 3315 5608 damnantur
3357 5563 3532 5607 autem
3567 5553 3871 5624 quicumque

2286 5627 2363 5680 uel
2401 5627 2608 5679 iuitiunt
2647 5625 2769 5694 ﬁdei
2807 5627 3116 5680 naturaliter
3153 5624 3304 5678 nobis
3348 5627 3519 5678 inesse
3542 5623 3749 5688 dicunt,
3798 5623 3871 5676 uel

2288 5711 2381 5767 per
2404 5707 2603 5752 natura:
2622 5700 2843 5769 vigorem
2861 5694 3171 5768 evangelicae
3188 5695 3552 5768 praedicatiani
3579 5694 3871 5750 censenti"
