4054 6186
97 206 216 271 9M

1038 208 1386 268 COLLATIO
1417 209 1560 268 XIII.
1591 238 1665 254 --
1687 208 1777 266 DE
1814 209 2289 268 PRO'I'ECTIONE
2328 213 2461 272 DEI.

3271 219 3382 287 θιε

92 335 192 390 vel
221 335 370 389 sicut
395 333 686 404 unicuique
711 333 830 401 ipse
856 335 1088 403 partitus
1116 344 1220 400 est,
1261 335 1513 391 maluerit
1535 351 1694 392 exer-
1718 337 1772 399 Α
1795 333 1932 390 alios
1967 349 2098 390 vero
2131 335 2396 392 immensa
2432 335 2524 390 illa
2561 334 2956 398 beneﬁciorum
2979 335 3182 396 Christi
3225 342 3382 418 ab”.

91 442 254 490 cere,
305 427 627 482 Credentem
674 441 907 495 namque
950 427 1096 496 quod
1145 427 1209 481 ad
1254 428 1692 486 eundationem

91 519 281 587 leprae
309 534 423 574 suae
449 519 702 572 voluntas
737 518 936 572 Christi
966 519 1080 573 sola
1113 516 1416 585 sufﬁceret,
1454 523 1571 576 solo
1599 537 1695 578 vo-

91 611 343 665 luntatis
364 627 473 664 sua:
495 610 704 664 curavit
731 625 979 676 assensu,
1006 611 1191 665 dicens
1222 629 1235 664 :
1266 611 1422 678 Volo,
1448 614 1696 669 mundare

89 699 336 770 (Matth.
370 699 504 769 rm).
540 700 705 754 Alteri
738 700 1052 769 deprecanti
1077 709 1136 755 ut
1162 701 1456 756 adveniens
1485 718 1582 771 per
1604 705 1696 759 im-

95 793 440 858 positionem
483 805 675 848 manus
698 805 815 848 sua:
841 790 1148 848 defunctam
1181 793 1345 848 ﬁliam
1385 795 1692 862 suscitaret,

95 883 396 951 ingressus
426 881 643 937 domum
671 882 812 950 ejus,
837 883 1026 939 eodem
1059 883 1219 938 modo
1246 899 1354 953 quo
1385 884 1478 940 ille
1503 901 1692 955 spera-

94 981 286 1038 verat,
329 973 379 1028 id
410 974 551 1042 quod
598 975 882 1044 rogabatur
927 974 1147 1032 indulsit
1194 975 1406 1046 (Matth.
1437 979 1545 1046 ix).
1586 979 1694 1034 Alii

93 1067 357 1121 credenti
392 1079 652 1122 summam
679 1067 868 1121 salutis
899 1067 952 1124 in
989 1067 1139 1124 verbi
1165 1067 1281 1138 ejus
1312 1068 1695 1137 praedicatione

94 1157 434 1228 consistere,
469 1174 533 1213 ao
557 1159 921 1228 respondenti,
951 1159 1049 1215 Die
1072 1168 1266 1216 tantum
1297 1161 1446 1215 uerbo
1467 1171 1514 1216 et
1541 1177 1690 1216 satsa-

95 1249 248 1302 bitur
281 1265 410 1317 puer
446 1267 585 1305 meus
609 1251 822 1325 (Matth.
859 1250 956 1320 ix),
991 1268 1084 1321 per
1113 1253 1380 1307 sermonis
1403 1253 1692 1323 imperium

98 1340 383 1396 resolutos
433 1351 584 1398 artus
623 1343 850 1410 pristino
895 1345 1091 1399 robore
1135 1344 1414 1410 solidavit,
1463 1344 1688 1401 dicens:

104 1428 263 1483 Vade
295 1440 340 1486 et
369 1432 497 1486 sicut
525 1433 809 1492 credidisti.
853 1435 945 1502 fiat
973 1437 1062 1489 tibi
1093 1434 1307 1505 (Ibid.).
1341 1436 1479 1492 Aliis
1504 1437 1572 1491 de
1614 1446 1693 1492 ta-

97 1531 194 1575 ctu
240 1522 466 1578 ﬁmbria:
515 1524 632 1592 ejus
669 1527 1011 1593 sperantibus
1059 1528 1405 1595 medicinam,
1456 1528 1692 1583 ubertim

96 1613 356 1668 sanitatis
399 1614 534 1668 dona
571 1616 796 1684 largitus
828 1626 931 1672 est.
982 1618 1225 1673 Aliorum
1274 1619 1478 1674 morbis
1508 1619 1688 1675 mede-

1797 442 1892 482 sus
1921 428 1990 481 ita
2021 427 2268 482 obturata
2302 436 2409 494 est.
2433 438 2492 482 ut
2521 426 2728 482 dicatur.
2761 446 2770 478 :
2801 427 2868 486 Et
2897 447 3000 488 non
3029 443 3227 508 poterat
3249 437 3382 495 inter

1795 517 1914 573 illos
1941 517 2096 572 .lcsus
2132 518 2302 587 facere
2333 518 2543 572 uirtutes
2579 527 2788 592 propter
2819 519 3234 581 incredulitatem
3258 526 3380 584 illoc

1796 625 1912 662 rum
1936 607 2160 679 (Matth.
2178 610 2317 679 xm).
2348 608 2414 664 Et
2435 609 2507 666 ita
2529 609 2752 679 largitas
2777 609 2872 666 Dei
2900 615 3194 672 secundum
3217 633 3377 691 capa-

1795 701 2020 758 citatem
2048 701 2298 758 humanae
2341 700 2467 756 fidei
2503 705 2661 756 etiam
2691 700 2807 772 ipsa
2830 700 3118 773 formatur,
3149 718 3210 764 ut
3253 714 3376 770 huic

1797 791 2014 859 quidem
2041 792 2210 858 dicat,
2242 791 2539 848 Secundum
2567 792 2725 863 ﬁdem
2751 803 2892 848 tuam
2912 795 3005 864 fiat
3043 797 3135 850 tibi
3161 799 3372 870 (Matth.

1796 882 1904 955 lx);
1934 884 2012 939 illi
2045 900 2196 950 vero,
2234 883 2380 939 Vade
2407 893 2454 937 et
2480 887 2613 938 sicut
2643 885 2904 940 credidisti
2931 887 3021 956 ﬁat
3047 890 3137 942 tibi
3156 887 3372 960 (Matth.

1797 980 1944 1045 vui);
1977 977 2068 1032 alii
2099 987 2300 1042 autem,
2348 975 2467 1030 Fiat
2495 976 2586 1030 tibi
2625 978 2757 1030 sicut
2803 979 2876 1031 vis
2907 975 3127 1048 (Matth.
3165 981 3274 1050 xv),
3323 995 3378 1040 et

1795 1081 2010 1122 rursum
2036 1067 2220 1131 alteri,
2259 1065 2420 1121 Fides
2454 1076 2546 1119 tua
2577 1076 2624 1120 te
2651 1065 2849 1122 salvam
2877 1065 2997 1138 fecit
3025 1065 3247 1139 (Matth.
3277 1071 3371 1144 ix).

2381 1178 2608 1236 CAPUT
2646 1178 2786 1236 XVI.

1831 1269 1909 1326 De
1939 1273 2108 1342 gratia
2147 1270 2267 1336 Dei,
2311 1286 2371 1325 eo
2396 1271 2536 1341 quod
2579 1272 2822 1393 hpmanae
2856 1271 2979 1343 ﬁdei
3008 1279 3340 1332 transcendat

2446 1359 2609 1393 anaus
2637 1359 2735 1393 ιαδ.

2446 1359 2735 1412 angustias.

1864 1441 1893 1471 ι
1913 1433 2084 1488 Nemo
2110 1440 2291 1488 autem
2327 1431 2558 1488 aestimet
2580 1432 2697 1488 lucc
2723 1450 2752 1488 a
2784 1434 2940 1490 nobis
2970 1434 3041 1490 ob
3071 1436 3175 1493 hoc
3208 1437 3377 1497 fuisse

1794 1525 2027 1594 prolata,
2056 1535 2114 1580 ut
2145 1525 2382 1580 nitamur
2409 1535 2655 1581 astruere
2680 1541 2946 1582 summam
2976 1529 3170 1585 salutis
3201 1529 3255 1584 in
3280 1547 3377 1585 no-

1792 1623 1918 1671 stra:
1961 1615 2085 1671 ﬁdei
2140 1615 2347 1670 ditione
2397 1617 2729 1682 consistere;
2769 1619 3065 1672 secundum
3118 1634 3377 1689 quorum-

99 1704 215 1759 lam
243 1716 463 1775 rogatus
502 1707 748 1762 indulsit.
783 1709 918 1764 Aliis
939 1721 1288 1780 spontaneum
1314 1710 1556 1780 praestitit
1580 1726 1690 1766 tne-
1721 1707 1918 1782 Bdnm
1961 1708 2245 1778 profanam
2286 1708 2618 1778 Opinionem.
2666 1709 2756 1780 qui
2802 1718 2975 1766 totum
3014 1711 3190 1769 libero
3230 1715 3376 1770 arLi-

96 1798 364 1854 uicinam.
414 1801 564 1855 Alios
615 1800 862 1858 hortatus
909 1812 992 1860 est
1040 1813 1098 1859 ut
1135 1815 1434 1875 sperarent,
1468 1805 1686 1872 dicens;

108 1890 201 1946 Vis
226 1910 386 1947 sanus
406 1895 522 1964 fieri
548 1894 730 1962 (Joan.
760 1895 856 1966 v)?
887 1897 1022 1952 Aliis
1046 1913 1152 1952 non
1182 1897 1520 1967 sperantibus
1548 1898 1690 1952 ultro

96 1984 334 2053 ingessit
360 1987 635 2042 auxilium.
670 1989 918 2045 Aliorum
955 1990 1224 2048 desideria
1257 1991 1563 2062 priusquam
1593 2006 1689 2046 vo-

97 2076 301 2134 luntati
333 2093 521 2133 eorum
565 2081 906 2138 satisfaceret
933 2083 1255 2153 exploravit,
1290 2084 1514 2139 dicens:
1549 2085 1688 2150 Quid

97 2167 259 2222 vultis
299 2179 351 2221 ut
393 2172 577 2240 faciam
632 2171 769 2226 vobis
812 2173 1027 2241 (Matth.
1083 2172 1215 2243 xx)?
1260 2175 1366 2229 Alii
1417 2174 1688 2245 ignoranti

98 2259 248 2313 viam
286 2275 388 2329 qua
418 2261 471 2315 id
507 2262 647 2331 quod
689 2265 1040 2334 concupierat
1086 2264 1374 2330 obtineret,
1415 2265 1679 2335 benignus

97 2351 346 2408 ostendit
391 2371 400 2402 :
439 2335 523 2406 Si-
559 2354 854 2422 credideris,
910 2354 1175 2426 inquiens,
1226 2355 1414 2408 videbis
1461 2356 1678 2425 gloriam

98 2442 201 2496 ι)ιί
233 2442 410 2511 (Joan.
446 2440 546 2512 si).
591 2444 738 2500 Inter
767 2447 902 2502 alios
934 2448 1004 2501 ita
1049 2448 1301 2503 virtutem
1342 2449 1680 2502 curationum

101 2537 386 2594 affluenter
407 2539 611 2604 effudit,
645 2550 699 2594 ut
715 2541 780 2595 de
804 2542 883 2596 eis
905 2542 1238 2612 evangelista
1265 2554 1676 2610 commemoret,

103 2630 176 2684 Et
200 2634 392 2688 curavit
420 2649 590 2688 attines
617 2634 889 2706 languidos
927 2651 1102 2690 eorum
1129 2634 1344 2706 (Matth.
1373 2635 1506 2706 XIV).
1539 2635 1682 2690 Inter

1794 1799 1896 1854 trio
1948 1799 2313 1869 deputantes,
2374 1800 2600 1871 gratiam
2651 1800 2746 1856 Dei
2806 1802 3111 1871 dispensari
3179 1821 3376 1864 secun-

1789 1892 1915 1947 dum
1958 1893 2209 1948 meritum
2260 1892 2685 1964 uniuscujusque
2726 1892 3011 1950 deﬁniunt.
3057 1896 3164 1953 Sed
3214 1900 3375 1954 abso-

1787 1985 1898 2046 luta
1921 1986 2078 2057 plane
2107 1986 2517 2056 pronuntiamus
2545 1985 2839 2052 sententia,
2871 1988 3037 2043 etiam
3063 1988 3375 2047 exuberare

1785 2083 2013 2151 gratiam
2039 2081 2129 2136 Dei
2169 2090 2224 2136 et
2255 2079 2557 2151 transgredi
2597 2080 2867 2135 interdum
2901 2080 3151 2137 humanae
3180 2083 3373 2140 inﬁde-

1785 2172 1955 2228 litatis
2002 2173 2298 2242 angustias.
2339 2170 2493 2238 Quod
2544 2171 2599 2226 in
2650 2170 2743 2226 illo
2794 2172 3114 2243 evangelico
3165 2175 3366 2231 factum

1786 2263 1952 2319 fuisse
1980 2264 2164 2334 regulo
2192 2263 2592 2319 reminiscimur
2614 2305 2629 2329 ,
2655 2264 2747 2333 qui
2788 2263 2914 2317 dum
2957 2264 3168 2320 facilius
3197 2269 3373 2323 credit

1787 2363 2140 2426 aegrotantem
2169 2355 2335 2408 ﬁlium
2388 2369 2542 2410 suum
2578 2369 2735 2424 posse
2786 2357 2992 2420 curari,
3033 2371 3194 2426 quam
3225 2375 3371 2415 mor-

1786 2459 1936 2504 tuum
1959 2449 2595 2520 suscitari,pra:sentiam
2619 2447 2830 2501 Domini
2855 2433 3366 2520 festinusimplorat.

1785 2542 1970 2597 dicens
2004 2561 2016 2594 :
2052 2541 2271 2595 Domine
2292 2585 2308 2610 ,
2341 2540 2587 2594 descende
2619 2540 2917 2611 priusquam
2955 2542 3206 2596 moriatur
3234 2545 3371 2613 ﬁlius

1787 2636 2124 2710 meus(Joan.
2155 2636 2251 2709 tv).
2271 2636 2435 2707 Cujus
2465 2635 2836 2692 inﬁdelitatem
2861 2635 2984 2693 licet
3006 2637 3089 2692 his
3104 2640 3368 2692 sermoni-

1167 2767 1416 2822 ALARDI
1457 2766 1689 2824 GAZIEI
1727 2767 2292 2829 COMMENTARIUS.

104 2873 199 2910 nos
239 2873 386 2927 posse
411 2859 687 2927 afﬁrmant,
730 2859 916 2925 absque
955 2859 1336 2912 illuminatione
1375 2871 1424 2912 et
1455 2861 1678 2929 inspira-

106 2929 246 2980 tione
281 2929 508 2996 Spiritus
537 2931 720 2982 sancti.
749 2930 918 2996 Quam
957 2932 1274 2984 sententiam
1311 2930 1466 2984 iidem
1492 2931 1680 2991 Patres

105 3001 321 3065 plenius
351 3001 619 3066 explicant
655 3003 827 3068 capite
858 3001 1066 3060 ultimo,
1095 3013 1422 3062 asserentes,
1453 3018 1543 3053 nos
1564 3017 1676 3054 cre-

102 3069 228 3120 dcrc
254 3069 432 3122 debere
457 3069 593 3136 quod
617 3086 704 3139 per
725 3080 987 3140 peccatum
1011 3070 1162 3133 primi
1197 3071 1418 3123 h'nninis
1441 3073 1509 3123 ita
1534 3071 1678 3125 incli-

104 3149 286 3190 natum
308 3149 352 3192 et
373 3148 688 3192 attenuatum
709 3143 861 3206 fuerit
883 3141 1095 3194 liberum
1114 3140 1402 3200 arbitrium,
1429 3150 1481 3192 ιιι
1504 3141 1680 3196 nullus

105 3219 285 3283 postea
317 3211 370 3262 in
400 3210 566 3283 Deum
603 3214 808 3264 credere
846 3213 1023 3283 possit,
1058 3213 1156 3264 nisi
1181 3212 1346 3283 gratia
1375 3228 1491 3264 eum
1513 3222 1558 3264 et
1589 3215 1677 3265 mi-

105 3269 390 3339 sericordia
413 3281 587 3334 divina
612 3269 931 3348 provenerit.
960 3269 1209 3350 [denique
1233 3283 1394 3336 variis
1419 3283 1677 3352 exetuplis
1705 3269 1746 3329 (ἶ

107 3359 163 3402 et
189 3352 506 3404 testimoniis
545 3353 834 3419 Set-iplurm
864 3354 1156 3405 declarant.
1188 3353 1281 3408 Cui
1311 3353 1569 3406 doctrinm:
1598 3354 1674 3407 in-

111 3422 376 3474 lia-rentes
426 3422 609 3475 Patres
650 3424 861 3476 Concilii
899 3421 1197 3478 Tridentini
1241 3439 1375 3478 sess.
1424 3425 1455 3476 6
1482 3438 1602 3476 can.
1646 3426 1680 3480 3

109 3493 435 3546 anathemate
473 3492 739 3563 damnant,
772 3495 815 3545 si
842 3495 960 3560 quis
995 3495 1178 3547 dictet-it
1216 3496 1325 3547 sine
1346 3495 1681 3563 praeveniente

111 3563 341 3626 Spiritus
379 3562 544 3618 sancti
571 3565 908 3633 inspiratione
942 3575 1088 3632 atque
1117 3562 1376 3634 adjutorio
1421 3567 1677 3618 hominem

111 3634 310 3706 credere
336 3651 503 3706 posse,
526 3636 656 3706 sicut
679 3645 873 3705 Oportet
899 3651 914 3687 :
938 3637 1075 3706 quod
1113 3652 1213 3687 non
1245 3647 1324 3689 est
1348 3636 1487 3706 aliud
1517 3651 1675 3701 quam

111 3704 328 3758 Credere
368 3705 469 3758 lide
495 3704 817 3770 Christiana,
857 3704 970 3758 sive
1000 3707 1282 3765 catholica,
1318 3720 1420 3757 non
1453 3705 1556 3758 ﬁde
1583 3712 1678 3758 htt-

115 3789 289 3837 rnana,
316 3785 406 3829 aut
430 3791 769 3845 quocumque
791 3791 1014 3829 assensu
1037 3792 1215 3829 rerum
1239 3777 1564 3836 divinarum,
1590 3777 1677 3843 qtti

118 3861 222 3898 non
261 3846 516 3901 innitatur
547 3848 732 3916 primm
775 3849 1006 3910 veritati,
1040 3848 1133 3901 sed
1172 3848 1255 3900 vel
1301 3847 1672 3916 experientiae,

117 3917 196 3988 vel
225 3915 556 3988 cuicumque
574 3917 767 3971 rationi
799 3920 1067 3988 humanm,
1100 3915 1401 3983 cujusmodi
1433 3917 1592 3988 etiam
1623 3916 1674 3969 in

113 3985 522 4042 dattnouihus'et
558 3990 608 4040 in
643 3988 951 4040 infidelibus
983 3986 1114 4040 ﬁdes
1144 3988 1429 4056 reperitur.
1466 3985 1604 4037 Nam
1630 3997 1675 4040 et

114 4059 364 4111 titantones
413 4060 627 4112 credunt
666 4068 713 4110 et
760 4060 1170 4122 contremiscunt,
1214 4059 1293 4112 ait
1333 4057 1395 4111 D.
1442 4058 1676 4111 Jacobus

117 4126 253 4197 (Jac.
284 4138 364 4195 ιι).
408 4131 560 4194 Quod
609 4139 786 4182 autem
828 4132 1021 4181 attinet
1068 4128 1132 4181 ad
1164 4129 1307 4181 illam
1357 4127 1674 4194 particulam

113 4199 379 4270 parabolae
406 4201 730 4270 evangelicae
757 4215 770 4252 :
801 4197 1088 4270 Unicuique
1112 4200 1390 4270 secundum
1412 4201 1675 4269 pt-Opriam

114 4269 341 4341 uirtutem
387 4269 600 4339 (Matth.
644 4269 798 4341 xxv),
854 4269 1075 4341 optime
1103 4269 1167 4323 D.
1220 4271 1580 4340 Hieronymus
1623 4279 1676 4324 et

111 4337 254 4393 Beda
293 4337 412 4394 eam
460 4337 906 4409 interpretantur,
957 4348 1015 4395 ut
1065 4340 1204 4396 idem
1251 4342 1341 4406 sit,
1384 4337 1469 4405 ac,
1515 4350 1672 4410 prout

112 4412 332 4482 quisque
362 4427 422 4467 se
449 4411 515 4465 ad
561 4410 920 4480 recipiendam
954 4413 1178 4482 gratiam
1219 4413 1386 4481 magis
1429 4414 1672 4466 minusve

114 4481 362 4552 disponit,
410 4484 581 4546 gratia
623 4484 833 4537 scilicet
872 4481 974 4536 Dei
1017 4484 1377 4549 prtevenicnte
1423 4492 1476 4537 et
1521 4483 1674 4552 adju-

114 4563 282 4620 vanle,
316 4563 374 4608 ut
401 4554 559 4608 docet
597 4554 882 4607 concilium
913 4552 1288 4606 Tridentinum
1321 4553 1488 4621 (St'ss.
1523 4555 1575 4616 6,
1624 4570 1668 4606 c.

118 4622 154 4697 β
182 4631 225 4674 et
251 4623 345 4697 6)._
380 4624 491 4678 Hoc
521 4627 667 4676 enim
715 4624 1144 4697 ecclesiasticum
1176 4630 1259 4697 est
1287 4623 1502 4697 dogma,
1547 4625 1671 4697 licet
1698 4638 1750 4697 υ

114 4691 348 4746 harretici
379 4701 700 4760 repugnent,
725 4709 830 4758 quo
870 4694 1095 4762 quisque
1128 4693 1324 4757 majori
1373 4693 1476 4746 lide
1505 4703 1558 4746 et
1587 4695 1666 4746 di-

114 4763 338 4831 lectione
375 4778 434 4816 se
460 4764 526 4816 ad
550 4763 983 4827 justiﬁcationem
1013 4764 1270 4828 di5p0nit,
1313 4779 1376 4816 eo
1408 4763 1666 4831 majorem

113 4829 205 4887 Dei
244 4831 470 4901 gratiam
510 4831 714 4885 infundi
746 4849 758 4885 :
786 4832 1078 4886 dummodo
1121 4832 1234 4887 hinc
1273 4833 1424 4897 ﬁdes,
1457 4829 1511 4888 et
1539 4836 1672 4888 dile-

114 4905 236 4962 ctio,
276 4915 328 4957 et
355 4917 709 4973 quaecumque
748 4903 848 4957 alia
874 4903 1180 4972 dispositio,
1213 4920 1276 4956 ex
1312 4905 1402 4958 Dei
1446 4905 1588 4957 dono
1620 4913 1675 4959 et

115 4974 306 5043 auxilio
332 4989 454 5029 esse
479 4982 823 5041 agnoscatur,
853 4975 1011 5043 eique
1040 4986 1254 5042 accepta
1284 4973 1504 5028 feratur.
1537 4974 1672 5030 Hinc

116 5041 177 5096 D.
206 5043 432 5101 Thomas
459 5045 528 5100 ad
567 5041 936 5113 objectioneni
966 5045 1109 5114 illam
1149 5044 1249 5098 sibi
1283 5060 1344 5097 ex
1380 5046 1673 5114 Evangelio

114 5114 308 5187 factam
331 5115 405 5170 ita
445 5116 735 5185 re~p0ndet
769 5114 915 5187 (2-2,
954 5132 1004 5186 q.
1051 5113 1139 5179 21,
1175 5133 1224 5166 a.
1256 5114 1313 5187 ὅ)
1347 5134 1356 5166 :
1389 5113 1674 5187 Dicendum

114 5186 244 5252 quod
270 5185 363 5239 illa
401 5187 586 5249 virtus.
624 5185 902 5240 secundum
929 5185 1078 5252 quam
1121 5202 1214 5238 sua
1247 5185 1382 5240 dena
1417 5185 1552 5238 Deus
1585 5187 1674 5240 dat

115 5255 394 5327 unicuique,
441 5266 512 5310 est
554 5257 842 5327 dispositio,
897 5258 972 5310 rel
1002 5260 1310 5327 pra'puratio
1358 5257 1668 5327 praecedens,

116 5325 220 5399 sive
251 5323 461 5399 conatus
487 5323 709 5399 gratiam
731 5323 1055 5399 accipientis;
1090 5323 1538 5399 s'edA/tanc'etiam
1568 5329 1670 5382 dis-

117 5397 411 5462 positionem
458 5395 534 5450 vel
591 5395 852 5452 conatum'
886 5400 1124 5464 prazvenit
1170 5396 1395 5465 Spiritus
1440 5408 1670 5464 sanctus,

115 5482 303 5539 movens
343 5475 562 5539 mentem
601 5465 844 5533 hominis,
874 5467 952 5522 vel
979 5468 1118 5539 plus,
1165 5472 1238 5521 vel
1264 5471 1449 5536 minus,
1492 5486 1671 5524 secun-

117 5537 231 5590 dum
258 5552 401 5590 suam
430 5538 758 5606 voluntatem,
794 5546 898 5593 etc.

183 5611 208 5640 ⁸
235 5605 524 5671 Sollicitus,
559 5618 617 5662 ut
644 5620 881 5675 apparet,
915 5619 967 5664 et
997 5611 1194 5664 anxius
1224 5608 1485 5674 Coilator,
1516 5624 1582 5663 ne
1608 5625 1675 5663 ex

114 5679 223 5740 suis
245 5679 456 5748 scriptis
487 5681 904 5735 convinceretur
931 5695 1050 5735 cum
1081 5679 1296 5749 l'elagiu
1325 5681 1527 5736 sentire
1555 5695 1679 5748 gra-

1781 2863 1917 2936 tiam
1943 2862 2033 2915 Dei
2061 2863 2360 2916 secundum
2409 2863 2600 2936 merita
2641 2871 2824 2936 nostra
2855 2863 3012 2936 dari;
3044 2873 3102 2921 et
3138 2869 3369 2936 proinde

1779 2931 2010 3000 gratiam
2044 2947 2149 2987 non
2184 2948 2304 2987 esse
2349 2933 2576 3003 gratiam
2601 2973 2617 2999 ,
2647 2934 2788 3000 quod
2820 2942 2927 2989 tam
2959 2931 3255 2994 absurdum
3287 2943 3366 2993 vi-

1780 3016 1901 3078 sum
1945 3011 2027 3056 est
2080 3003 2367 3078 Patribtts,
2404 3003 2541 3078 utin
2593 3005 2822 3078 concilio
2873 3005 3159 3078 Palaestino
3205 3010 3369 3078 (quod

1782 3075 2016 3146 primum
2045 3083 2230 3146 contra
2257 3073 2528 3146 Pelagium
2559 3075 2892 3146 celebratum
2929 3076 3032 3140 est)
3062 3078 3182 3146 ipse
3204 3073 3366 3135 etiam

1783 3143 2028 3216 Pelagius
2055 3189 2079 3216 ,ν
2105 3144 2231 3216 licet
2263 3144 2384 3198 ﬁcte
2426 3154 2482 3198 et
2509 3145 2760 3201 simulate
2783 3189 2796 3206 .
2828 3147 2964 3200 illud
2993 3143 3367 3216 detnnaverit;

1781 3214 1980 3292 duplici
2006 3214 2339 3292 subterfugio
2361 3229 2420 3269 se
2448 3230 2712 3271 excusare
2743 3216 2930 3292 nititur
2958 3236 2969 3270 :
3003 3220 3198 3292 primo,
3225 3214 3368 3292 quod

1783 3286 2102 3359 non_dixerit
2125 3286 2314 3340 salutis
2340 3295 2541 3340 nostra:
2567 3302 2827 3341 summam
2855 3286 3035 3359 (quam
3060 3290 3191 3344 alias
3215 3286 3370 3347 v'ncat

1783 3356 2170 3429 perfectionem
2225 3356 2979 3429 consummationemque)'in
3027 3373 3217 3416 nostra:
3247 3365 3370 3429 ﬁdei

1782 3428 1972 3501 ditione
2000 3429 2297 3501 consistere,
2331 3429 2432 3482 hoc
2461 3437 2544 3501 est
2571 3431 2622 3482 in
2649 3429 2755 3484 fide
2779 3428 2938 3500 quam
2961 3447 3025 3486 es
3048 3432 3206 3488 nobis
3237 3428 3368 3501 ipsis

1779 3495 2486 3574 habere_possimu_s,_quasi
2527 3509 2696 3574 totum
2739 3495 2932 3574 edulis
2969 3514 3171 3574 nostris
3201 3495 3369 3574 nego-

1780 3569 1911 3620 tium
1943 3567 2113 3622 libero
2142 3569 2368 3622 arbitrio
2405 3569 2718 3640 ascriberet,
2764 3571 2858 3624 sed
2890 3571 3115 3640 gratiam
3145 3567 3365 3630 omnino

1781 3641 2139 3690 necessariam
2174 3650 2427 3706 agnoscat
2462 3639 2543 3708 ad
2592 3639 2979 3708 perfectionem
3033 3651 3090 3695 et
3133 3643 3362 3698 salutem

1778 3708 2243 3774 consequendam;
2277 3707 2552 3777 secundo,
2573 3707 2716 3775 quod
2759 3709 3002 3762 eamdem
3033 3714 3258 3777 gratiam
3287 3713 3366 3766 fa-

1779 3785 1952 3848 teatur
1991 3790 2361 3848 satpenumero
2389 3775 2676 3848 excedere,
2734 3789 2788 3832 et
2823 3775 3082 3848 superare
3109 3783 3360 3839 meritum

1778 3847 1905 3900 ﬁdei
1936 3857 2134 3901 nostra:
2159 3885 2173 3911 ,
2218 3846 2358 3913 quod
2385 3846 2624 3915 pluribus
2645 3846 2936 3914 Scriptura:
2967 3851 3234 3918 exemplis
3269 3853 3361 3908 de-

1777 3918 1963 3992 clarat.
2000 3917 2066 3969 At
2091 3923 2272 3992 contra
2292 3924 2583 3992 utramque
2611 3918 3011 3992 excusationem
3045 3917 3145 3974 tria
3177 3922 3362 3992 objicit

1779 3987 2032 4056 Prosper,
2063 3988 2261 4055 quibus
2291 3988 2462 4060 ipsum
2504 3990 2740 4042 ostendit
2785 3989 2840 4043 in
2871 3989 3048 4060 illam,
3079 3987 3364 4060 quam'vo-

1776 4066 1894 4132 cat,
1930 4065 2204 4132 projanam
2232 4058 2574 4132 opinionem,
2609 4061 2708 4132 hoc
2734 4069 2852 4132 est,
2899 4058 3108 4129 dogma
3125 4060 3360 4132 Pelagii,

1777 4127 1938 4191 velit,
1957 4130 2110 4200 nolit,
2140 4127 2408 4200 incidere:
2440 4128 2496 4182 1⁸
2517 4129 2669 4195 Quod
2689 4131 2790 4184 etsi
2817 4145 2921 4183 non
2951 4127 3356 4200 perfectioném,

1774 4207 1956 4271 tamen
1991 4199 2196 4271 initium
2231 4199 2418 4253 Salutis
2463 4214 2530 4253 ex
2564 4201 2717 4254 nobis
2753 4216 2873 4254 esse
2902 4200 3184 4266 docuerit,
3213 4199 3359 4271 quod

1775 4269 1988 4340 quidem
2020 4269 2217 4323 snfﬁcit
2261 4278 2318 4322 ut
2363 4273 2530 4338 gratia
2583 4271 2792 4324 dicatur
2828 4272 3126 4325 setundum
3166 4269 3358 4328 merita

1775 4352 1955 4413 nostra
1988 4341 2128 4413 dari.
2161 4340 2371 4413 Initium
2394 4341 2537 4395 enim
2560 4341 2752 4413 salutis
2778 4342 2863 4413 vel
2895 4341 3215 4411 intelligitur
3239 4345 3358 4413 ipsa

1775 4411 1928 4484 fides.
1960 4411 2082 4484 quia
2111 4422 2200 4484 est,
2224 4411 2948 4484 fundamentutnetinitium
2983 4414 3146 4484 totius
3187 4411 3356 4484 justi-

1777 4482 2150 4556 ﬁcationistnt
2172 4483 2380 4556 docent
2398 4482 2581 4556 Patres
2607 4482 2906 4556 Tridentini
2928 4498 3063 4538 sess.
3088 4483 3122 4538 ϐ
3147 4482 3266 4556 cap.
3301 4486 3358 4554 8,

1775 4554 1858 4626 vel
1885 4552 2000 4620 ipse
2023 4552 2245 4626 aﬁ‘ectus
2268 4560 2323 4605 et
2349 4551 2674 4626 desiderium
2703 4554 2913 4626 salutis,
2945 4568 3040 4622 per
3056 4559 3200 4624 quod
3214 4551 3356 4626 ἐι-ιιὲ

1774 4624 1928 4689 tiam,
1957 4639 2059 4694 qua
2090 4623 2378 4694 salvemur,
2410 4623 2780 4692 impetramus.
2813 4625 2997 4694 Itaque
3027 4623 3250 4680 initium
3272 4641 3362 4680 sa-

1775 4694 1900 4746 lutis
1944 4693 2066 4747 esse
2100 4709 2166 4746 ex
2204 4693 2388 4757 nobis,
2419 4705 2500 4746 est
2548 4708 2707 4760 posse
2756 4710 2852 4749 nos
2903 4693 3100 4750 mereri
3149 4697 3356 4753 donum

1775 4763 1920 4824 ﬁdei,
1953 4773 2008 4817 et
2029 4764 2207 4828 reipsa
2235 4764 2491 4833 consequi
2520 4764 2690 4832 ipsam
2719 4763 2901 4831 ﬁdem,
2932 4766 3206 4822 credendo
3239 4768 3360 4823 sine

1776 4835 1976 4888 auxilio
1990 4836 2172 4904 gratiae
2201 4835 2422 4895 Dei;vel
2449 4850 2607 4904 posse
2630 4837 2916 4902 c0ncipere
2943 4836 3141 4891 serium
3171 4838 3363 4895 salutis

1775 4904 2125 4963 desiderium,
2156 4919 2262 4970 quo
2291 4905 2526 4977 gratiam
2557 4905 2958 4974 justilicationis
3007 4907 3360 4977 impetremus

1773 4985 1830 5046 et
1879 4989 2229 5046 mereamur,
2264 4978 2453 5029 saltem
2499 4975 2568 5031 de
2612 4992 2883 5046 congruo,
2926 4986 2984 5031 ut
3021 4975 3225 5046 dictum
3253 4988 3357 5034 est.

1773 5045 1838 5099 2°
1869 5044 2023 5112 Quod
2064 5045 2258 5100 dixerit
2305 5044 2913 5112 centurionemfcujus
2962 5045 3098 5100 ﬁdes
3142 5047 3364 5103 Domini

1775 5129 1908 5186 voce
1939 5115 2149 5186 laudata
2183 5125 2264 5169 est
2291 5114 2514 5184 (Matth.
2540 5115 2677 5186 vni),
2707 5117 2915 5186 nullius
2934 5114 3050 5169 forte
3092 5117 3268 5171 laudis
3296 5133 3362 5173 ac

1775 5185 1986 5250 meriti,
2021 5187 2065 5238 si
2095 5185 2146 5239 id
2177 5186 2227 5240 in
2273 5202 2341 5239 eo
2372 5187 2514 5242 Deus
2534 5184 2676 5256 quod
2728 5187 2845 5254 ipse
2887 5184 3183 5240 donaverat
3211 5201 3362 5256 com-

1776 5256 2112 5312 mendasset:
2167 5257 2306 5312 unde
2356 5255 2597 5325 sequitur
2643 5265 2808 5310 totum
2864 5256 3118 5309 meritum
3155 5256 3208 5310 in
3254 5255 3360 5313 ﬁde

1777 5327 1994 5396 propria
2022 5369 2034 5392 ,
2085 5342 2190 5382 non
2223 5344 2249 5379 ει
2285 5327 2394 5381 Deo
2421 5328 2616 5380 donata
2646 5326 2963 5396 consistere.
2995 5327 3058 5379 3°
3088 5325 3240 5394 Quod
3271 5342 3364 5382 su-

1777 5393 1976 5468 periori
1995 5413 2112 5466 cap.
2129 5399 2340 5451 disertis
2361 5397 2539 5468 verbis
2563 5393 2856 5468 asseruerit
2872 5395 3034 5450 Deum
3059 5393 3357 5468 secundum

1778 5464 2131 5538 capacitatem
2196 5465 2615 5538 uniuscujusque
2664 5464 2891 5532 gratiam
2937 5481 3050 5538 sum
3101 5466 3362 5537 largitatis

1779 5533 2079 5609 impertire,
2109 5536 2249 5609 quod
2283 5534 2407 5602 quid
2439 5533 2689 5609 a_iiu_d‘est
2719 5548 2880 5602 quam
2906 5533 3364 5606 gratiam-iocul-

1779 5600 1904 5663 duin
1933 5600 2418 5674 merita'cujus‘que
2443 5601 2556 5656 dari
2575 5600 2600 5652 τ
