4054 6186
632 159 736 225 9ιό

1691 159 1964 218 JOANNIS
2001 160 2314 219 CASSlANl
2348 159 2835 221 COLLATIONES.

3804 165 3905 223 9N

632 282 734 339 bus
755 278 1003 336 Christus
1023 277 1440 351 arguerit:Nisi
1465 278 1613 349 signa
1633 283 1684 330 et
1709 277 1943 348 prodigia
1968 278 2211 346 videritis,
2244 284 2452 343 Arata:
2502 280 2691 335 salutis
2735 280 2976 351 praemiis
3014 279 3384 352 locupletant,
3435 281 3650 340 dicente
3700 283 3901 343 Petro:

634 390 740 429 non
761 374 973 428 creditis
1000 372 1180 447 (Joan.
1204 369 1302 441 tv),
1328 380 1508 426 tamen
1538 370 1833 426 secundum
1859 372 2219 428 inﬁrmitatem

634 469 764 525 ﬁdei
792 467 934 539 ejus,
954 467 1183 537 gratiam
1211 480 1321 521 sure
1338 464 1637 521 divinitatis
1662 466 1926 530 exercuit,
1960 480 2059 521 nec
2085 481 2223 535 pras-

636 563 811 621 sentia
870 560 1186 631 corporali,
1242 557 1700 630 quemadmodum
1743 558 1837 614 ille
1879 558 2218 632 crediderat,

636 655 871 712 lethales
898 652 1127 707 febrium
1174 650 1395 706 morbos
1414 692 1429 716 ,
1478 650 1575 706 sed
1602 650 1770 706 verbo
1798 665 1908 706 suae
1939 654 2225 719 potestatis

638 746 892 813 exclusit,
909 745 1097 800 dicens
1123 762 1136 799 :
1161 743 1328 810 Vade,
1356 745 1497 813 ﬁlius
1524 755 1641 799 tuus
1666 744 1784 798 vivit
1810 742 2025 817 (Ibid.).
2050 744 2223 810 Quam

638 838 1189 911 superabundantiam
1227 838 1435 909 gratiae,
1464 839 1625 894 etiam
1668 840 1722 892 in
1766 837 1912 893 illius
1943 837 2225 909 paralytici

638 936 923 994 curatione
938 934 1220 989 Dominum
1238 933 1464 1003 legimus
1476 932 1874 1001 eﬁ‘udisse,cum
1890 937 1940 989 ei
1956 932 2227 1003 languoris

640 1034 722 1085 sui
746 1039 953 1085 tantum
979 1042 1087 1099 quo
1114 1042 1313 1097 corpus
1343 1027 1520 1081 fuerat
1546 1028 1840 1082 resolutum
1869 1027 2101 1081 remedia
2134 1040 2228 1097 po-

640 1123 835 1190 scenti,
862 1124 1056 1176 animas
1082 1121 1229 1191 prius
1253 1122 1449 1190 ingerit
1474 1120 1813 1190 sospitatem,
1841 1120 2028 1174 dicens
2051 1136 2066 1174 :
2091 1118 2227 1175 Con-

640 1226 783 1270 stans
809 1225 937 1281 esto,
968 1216 1066 1283 ﬁli,
1088 1214 1418 1267 dimittuntur
1439 1213 1529 1265 tibi
1548 1222 1758 1280 peccata
1781 1222 1866 1265 tua
1888 1210 2100 1284 (Matth.
2126 1212 2224 1284 rx).

644 1306 777 1362 Post
803 1306 945 1375 quod
968 1347 983 1374 ,
1015 1321 1123 1362 non
1152 1304 1499 1360 credentibus
1550 1303 1752 1358 Scribis
1802 1318 1960 1372 posse
1996 1318 2117 1357 eum
2145 1320 2228 1358 re-

642 1401 858 1453 mittere
890 1398 1123 1453 humana
1152 1406 1394 1467 peccata,
1419 1396 1485 1452 ad
1516 1395 1950 1452 confundendam
1980 1395 2230 1451 incredu-

645 1492 855 1547 litatem
877 1507 1087 1557 eorum,
1135 1492 1298 1546 etiam
1329 1490 1569 1545 membra
1599 1489 1717 1559 ejus
1741 1489 2051 1561 paralyseos
2081 1490 2229 1544 vale-

648 1585 831 1639 tudine
873 1584 1110 1639 resoluta
1131 1625 1145 1648 ,
1172 1583 1457 1653 potesmtis
1486 1597 1597 1637 sua:
1638 1597 1890 1637 sermone
1908 1580 2228 1646 restrinxit,

2322 372 2602 444 Argentum
2628 385 2676 427 et
2716 388 2903 426 aurum
2942 389 3044 428 non
3072 382 3147 428 est
3188 374 3354 442 mihi;
3382 376 3517 446 quod
3543 386 3717 431 autem
3752 377 3901 435 habeo

2322 462 2419 517 hoc
2448 463 2542 516 tibi
2568 463 2633 517 do
2654 505 2669 530 ,
2700 464 2755 517 in
2785 465 2989 518 nomine
3019 463 3147 519 Jesu
3175 465 3371 520 Christi
3411 464 3717 537 Nazareni,
3763 487 3899 543 surge

2323 562 2372 610 et
2397 554 2607 609 ambula
2636 553 2835 626 (Actor.
2870 553 2973 626 tu).

2909 650 3138 708 CAPUT
3169 652 3327 708 XVII.

2629 744 2708 800 De
2731 746 3052 801 inscrutabili
3078 748 3459 821 dispensatione
3490 750 3604 807 Dei.

2399 844 2427 873 ι
2451 834 2558 892 Per
2583 834 2699 891 haec
2724 837 2891 907 igitur
2925 841 3173 910 exempla
3196 856 3318 911 quae
3341 842 3409 898 de
3434 845 3763 915 evangelicis
3789 864 3902 918 pro-

2327 927 2546 984 tulimus
2584 932 2980 1002 monumentis,
3020 933 3428 992 evidentissime
3474 941 3781 1007 poterimus
3821 946 3905 999 ad-

2328 1029 2561 1089 vertere,
2590 1022 2821 1078 diversis
2848 1034 3011 1096 atque
3038 1025 3340 1083 innumeris
3363 1030 3537 1087 modis
3571 1043 3623 1088 et
3644 1034 3906 1091 inscruta-

2327 1111 2526 1167 bilihus
2548 1114 2669 1179 viis,
2687 1114 2857 1170 Deum
2879 1116 3107 1171 salutem
3127 1117 3347 1174 humani
3362 1124 3583 1191 generis
3598 1140 3901 1193 procurare,

2328 1214 2384 1263 et
2409 1208 2765 1277 quorumdam
2804 1211 3021 1280 quidem
3051 1212 3347 1269 volentium
3380 1225 3435 1271 et
3459 1218 3754 1274 sitientium
3793 1238 3909 1277 cur-

2328 1314 2447 1356 sum
2475 1301 2542 1355 ad
2565 1302 2821 1371 majorem
2845 1305 3075 1361 invitare
3096 1305 3472 1377 ﬂagrantiam;
3497 1313 3756 1382 quosdam
3788 1333 3908 1373 vero

2329 1392 2492 1447 etiam
2541 1394 2789 1449 nolentes
2819 1396 3130 1467 invitosque
3159 1401 3511 1470 compellere,
3543 1415 3599 1459 et
3626 1422 3768 1462 nunc
3799 1411 3913 1479 qui-

2330 1485 2453 1541 dem
2474 1495 2536 1541 ut
2556 1488 2888 1556 impleantur
2904 1505 2972 1545 ea
2995 1507 3115 1562 quae
3142 1494 3351 1550 utiliter
3377 1512 3407 1551 a
3429 1497 3584 1553 nobis
3610 1499 3913 1559 desiderata

2332 1582 2700 1649 perspexerit,
2731 1582 3014 1652 adjuvare;
3047 1602 3190 1642 nunc
3212 1602 3341 1644 vero
3370 1590 3531 1645 etiam
3558 1592 3724 1661 ipsius
3740 1597 3915 1651 sancti

645 1676 832 1732 dicens
857 1694 870 1729 :
900 1677 1037 1743 Quid
1063 1677 1297 1746 cogitatis
1326 1675 1465 1728 mala
1492 1676 1547 1727 in
1579 1674 1818 1728 cordibus
1841 1674 2018 1728 vestris
2040 1675 2063 1727 ?
2089 1673 2227 1741 Quid
2255 1666 2305 1727 B
2331 1673 2588 1729 desiderii
2628 1674 2892 1745 inspirare
2942 1677 3204 1747 principia
3229 1722 3242 1745 ,
3287 1688 3341 1735 ct
3386 1683 3475 1737 vel
3525 1685 3734 1740 initium
3787 1688 3914 1744 boni

645 1780 721 1824 est
748 1770 955 1838 facilius
985 1769 1192 1823 dicere:
1240 1768 1601 1824 Remittuntur
1626 1769 1718 1821 tibi
1745 1778 1987 1837 peccata,
2034 1779 2121 1823 aut
2149 1769 2233 1823 di-

645 1880 756 1918 cere
780 1880 797 1916 :
829 1862 1021 1934 Surge,
1046 1872 1095 1916 et
1127 1864 1333 1916 ambula
1357 1864 1381 1917 ?
1413 1862 1483 1918 Ut
1508 1862 1679 1916 sciatis
1708 1872 1879 1917 autem
1906 1863 2028 1933 quia
2061 1862 2232 1919 Filius

646 1953 867 2009 hominis
896 1962 1192 2025 potestatem
1225 1953 1373 2008 habet
1413 1954 1469 2007 in
1496 1961 1637 2007 terra
1663 1954 1957 2009 dimittendi
1982 1964 2190 2024 peccata
2214 1997 2229 2022 ,

646 2056 767 2100 tunc
795 2046 868 2099 ait
905 2044 1198 2117 paralytico
1223 2062 1241 2101 :
1293 2045 1465 2117 Surge
1490 2090 1504 2115 ,
1537 2055 1584 2100 et
1613 2047 1734 2100 tolle
1754 2047 1940 2100 lectum
1974 2055 2117 2101 tuum
2141 2089 2154 2113 ,
2185 2057 2233 2102 et

644 2140 773 2195 vade
812 2140 866 2193 in
907 2140 1117 2193 domum
1144 2150 1283 2193 tuam
1315 2138 1530 2209 (Ibid.).
1563 2140 1826 2196 Similiter
1854 2150 2035 2196 autem
2058 2143 2113 2196 in
2140 2140 2233 2196 illo

644 2235 737 2305 qui
759 2234 974 2303 triginta
996 2243 1050 2289 et
1078 2242 1201 2288 octo
1217 2248 1389 2288 annos
1414 2234 1566 2304 juxta
1595 2237 1877 2290 natatoriae
1900 2237 2231 2306 crepidinem

648 2327 844 2381 frustra
874 2326 1227 2393 decumbens,
1257 2326 1325 2380 de
1357 2342 1512 2395 aqua:
1552 2327 1696 2382 illius
1727 2337 1878 2382 motu
1919 2339 2235 2398 speraverat

649 2418 995 2487 medicinam,
1019 2417 1446 2472 muniﬁcentiam
1475 2418 1738 2473 ultronea:
1763 2420 2026 2488 largitatis
2052 2430 2235 2476 osten-

649 2511 748 2566 dit.
780 2509 912 2564 Nam
935 2524 1057 2563 cum
1080 2509 1271 2564 volens
1309 2524 1431 2564 eum
1462 2510 1527 2564 ad
1558 2510 1747 2565 salutis
1770 2512 2008 2567 remedia
2038 2528 2235 2581 provo-

647 2617 795 2669 care,
825 2602 1055 2657 dixisset
1082 2601 1133 2656 ei
1160 2618 1173 2655 :
1212 2600 1303 2654 Vis
1329 2618 1487 2655 sanus
1514 2602 1629 2670 fieri
1652 2600 1831 2674 (Joan.
1867 2604 1959 2667 v)?
1989 2606 2235 2675 Cumque

649 2696 744 2751 ille
771 2694 839 2749 de
870 2693 1088 2747 humani
1119 2692 1374 2763 adjutorii
1402 2693 1580 2763 inopia
1608 2705 1928 2763 quereretur
1951 2737 1969 2764 ,
2006 2712 2068 2751 ac
2088 2697 2234 2754 dice-

649 2797 771 2843 ret:
799 2785 1076 2841 Hominem
1098 2802 1199 2840 non
1231 2786 1410 2851 habeo,
1442 2794 1501 2840 ut
1532 2803 1649 2841 cum
1671 2788 1873 2842 turbata
1894 2790 2047 2859 fuerit
2074 2806 2231 2861 aqua,

646 2883 816 2936 mittat
841 2898 921 2936 me
948 2882 1002 2934 in
1032 2880 1322 2952 piscinam;
1344 2880 1708 2935 incredulitati
1738 2882 1857 2951 ejus
1886 2894 1939 2937 et
1975 2884 2231 2953 ignoran-

648 2976 737 3031 tiae
766 2976 976 3030 veniam
1002 2972 1266 3038 tribuens,
1308 2973 1547 3042 pristinaa
1581 2988 1703 3028 eum
1732 2975 1974 3043 sanitati,
2008 2990 2113 3030 non
2141 2976 2232 3033 illa

2334 1767 2516 1836 operis
2540 1767 2624 1823 vel
2658 1770 3120 1837 perseverantiam
3150 1771 3481 1829 condonare.
3513 1774 3639 1831 Inde
3664 1786 3745 1832 est
3773 1780 3919 1848 quod

2334 1869 2556 1915 orantes
2585 1875 2695 1915 non
2738 1861 2914 1916 solum
2944 1871 3310 1932 protectorem
3334 1880 3396 1920 ac
3425 1866 3749 1923 salvatorem
3768 1910 3783 1935 ,
3822 1872 3919 1925 sed

2333 1952 2498 2006 etiam
2528 1951 2829 2022 adjutorem
2870 1969 2934 2009 ac
2972 1965 3340 2025 susceptorem
3394 1959 3675 2015 Dominum
3704 1962 3923 2030 procla-

2333 2060 2563 2101 mamus.
2591 2045 2646 2100 In
2670 2062 2736 2101 eo
2751 2048 2894 2101 enim
2916 2048 3061 2118 quod
3085 2048 3236 2118 prior
3262 2050 3512 2118 advocat,
3534 2062 3586 2107 et
3607 2053 3922 2122 ignorantes

2334 2153 2435 2193 nos
2457 2146 2621 2209 atque
2648 2140 2845 2195 invitos
2867 2140 3091 2196 attrahit
3114 2141 3182 2197 ad
3202 2142 3447 2210 salutem,
3464 2153 3733 2215 protector
3756 2156 3924 2216 atque

2333 2233 2569 2289 salvator
2612 2242 2727 2299 est;
2780 2235 2833 2288 in
2876 2249 2943 2289 eo
2989 2242 3169 2289 autem
3192 2236 3332 2305 quod
3368 2237 3733 2294 annitentibus
3760 2240 3925 2293 nobis

2334 2340 2493 2394 opem
2547 2326 2726 2392 ferre,
2785 2326 3224 2398 refugientesque
3272 2329 3551 2398 suscipere
3595 2345 3658 2385 ac
3706 2333 3923 2386 munire

2335 2420 2647 2485 consuevit,
2679 2428 2961 2490 susceptor
2989 2435 3054 2475 ac
3094 2420 3359 2491 refugium
3392 2422 3725 2477 nominatur.
3757 2424 3926 2479 Deni-

2336 2526 2441 2580 que
2471 2510 2610 2566 hanc
2639 2510 3062 2582 dispensationis
3094 2512 3186 2568 Dei
3222 2512 3567 2583 multiplicem
3598 2514 3928 2586 largitatem

2336 2603 2528 2658 beatus
2558 2604 2854 2672 Apostolus
2887 2616 3069 2661 mente
3118 2613 3443 2675 pertractans
3470 2614 3526 2661 et
3561 2606 3617 2661 in
3641 2607 3929 2676 quoddam

2337 2695 2660 2759 immensum
2688 2706 2852 2767 atque
2900 2699 3300 2754 interminabile
3329 2699 3542 2769 pictatis
3568 2698 3669 2756 Dei
3702 2700 3928 2771 pelagus

2335 2802 2397 2843 se
2419 2788 2679 2845 incidisse
2706 2790 3066 2860 conspiciens,
3118 2790 3470 2851 exclamavit:
3511 2792 3556 2847 0
3588 2792 3818 2847 altitudo
3843 2794 3926 2847 di-

2334 2882 2589 2938 vitiarum
2633 2884 2920 2953 sapientiae
2942 2892 2998 2940 et
3022 2885 3264 2941 scientia:
3294 2885 3388 2941 Dei
3414 2888 3429 2940 l
3462 2901 3622 2956 quam
3657 2884 3927 2940 inscruta-

2336 2974 2466 3029 bilia
2494 2984 2619 3030 sunt
2663 2975 2868 3046 judicia
2914 2977 3057 3046 ejus,
3092 2986 3149 3032 et
3176 2976 3582 3047 investigabiles
3624 2979 3725 3032 via:
3761 2977 3925 3046 ejus!

647 3084 753 3139 qua
781 3076 1094 3137 speraverat
1114 3068 1221 3131 via,
1252 3068 1347 3121 sed
1376 3081 1480 3136 qua
1520 3066 1776 3123 Dominus
1804 3068 1974 3123 voluit
2006 3070 2233 3124 misera-
2260 3045 2307 3110 (ἶ
2338 3069 2470 3137 Quis
2490 3071 2632 3126 enim
2664 3071 2918 3141 cognovit
2948 3084 3170 3141 sensum
3201 3072 3415 3127 Domini
3458 3071 3635 3143 (Rom.
3667 3070 3780 3141 xi)?
3814 3070 3932 3124 liu-

648 3160 797 3215 tione
822 3159 1078 3227 restituit,
1104 3158 1291 3213 dicens
1316 3174 1329 3212 :
1365 3157 1535 3230 Surge
1561 3200 1575 3225 ,
1626 3160 1746 3214 tolle
1776 3158 1964 3214 lectum
1988 3170 2154 3229 tuum,
2186 3172 2235 3217 et

649 3256 776 3310 vade
803 3256 859 3309 in
878 3255 1087 3309 domum
1116 3262 1257 3307 tuam
1282 3252 1473 3326 (Ibid.)
1502 3254 1569 3308 Et
1591 3254 1720 3323 quid
1752 3256 1946 3310 mirum
1972 3300 1987 3322 ,
2034 3257 2079 3311 si
2118 3257 2234 3314 llaec

649 3348 865 3403 Domini
892 3354 1162 3417 potestate
1190 3352 1339 3416 gesta
1368 3355 1677 3414 narrantur,
1702 3362 1821 3402 cum
1843 3348 2040 3403 similia
2067 3349 2231 3405 etiam

650 3456 749 3512 per
772 3453 961 3494 servos
988 3453 1118 3493 suos
1148 3438 1325 3493 divina
1352 3440 1525 3509 gratia
1562 3439 1723 3495 fuerit
1754 3443 2020 3510 operata?
2046 3441 2233 3513 Ingre-

649 3532 927 3587 dientibus
950 3544 1181 3600 namque
1204 3530 1462 3600 templum
1486 3530 1645 3585 Petro
1668 3539 1722 3585 et
1750 3530 1978 3598 Joanne,
2001 3548 2122 3588 cum
2142 3534 2236 3589 ille

649 3626 874 3683 claudus
902 3641 970 3680 ex
1009 3632 1165 3680 utero
1195 3624 1384 3678 matris
1412 3624 1504 3693 qui
1552 3639 1797 3694 gressum
1827 3626 2039 3695 penitus
2085 3627 2236 3696 igno-

650 3721 833 3787 rabat,
862 3718 1263 3787 eleemosynam
1297 3717 1634 3786 postularet;
1682 3717 1758 3772 illi
1803 3734 1909 3772 non
1957 3718 2083 3772 vilia
2125 3732 2233 3772 aera

650 3828 769 3882 quas
792 3810 1051 3882 poscebat
1084 3810 1334 3866 inﬁrmus
1357 3851 1373 3875 ,
1405 3809 1501 3864 sed
1531 3824 1749 3878 gressus
1776 3810 1955 3865 ofﬁcia
2001 3810 2239 3879 largiun-

652 3916 761 3975 tur,
807 3914 862 3963 et
891 3906 1227 3977 parvissima:
1271 3903 1430 3974 stipis
1469 3912 1775 3974 sperantem
1811 3904 2021 3973 solatia,
2057 3904 2238 3973 inspe-

2332 3163 2422 3233 jus
2448 3179 2574 3234 ergo
2604 3163 2847 3219 scientia:
2898 3162 3317 3220 admirationem
3371 3180 3530 3233 quam
3574 3164 3664 3219 ille
3713 3163 3838 3217 talis
3865 3178 3937 3218 ac

2343 3264 2525 3309 tantus
2549 3256 2791 3324 gentium
2815 3253 3072 3323 magister
3098 3256 3333 3325 expavit,
3357 3271 3620 3312 evacuare
3645 3255 3941 3310 conabitur

2338 3347 2580 3417 quisquis
2591 3346 2882 3401 crediderit
2904 3346 3051 3402 illius
3071 3348 3468 3404 inaestimabilis
3493 3350 3675 3421 abyssi
3702 3348 3942 3420 profun-

2336 3438 2555 3492 ditatem
2589 3437 2819 3491 humsna
2860 3436 3072 3491 ratione
3109 3451 3170 3492 se
3210 3452 3370 3507 posse
3414 3439 3620 3495 metiri.
3654 3439 3791 3494 Nam
3841 3438 3945 3510 qui

2338 3529 2404 3583 ad
2436 3528 2655 3597 plenum
2705 3528 3144 3597 dispensationes
3189 3528 3315 3593 Dei,
3363 3529 3558 3597 quibus
3606 3532 3851 3587 salutem
3880 3534 3942 3587 in

2341 3621 2650 3675 hominibus
2673 3629 2953 3691 operatur,
2985 3620 3068 3674 vel
3090 3628 3268 3674 mente
3297 3620 3602 3689 concipere,
3632 3622 3721 3674 vel
3752 3622 3947 3678 disse-

2335 3728 2460 3769 rere
2489 3728 2550 3769 se
2578 3728 2738 3784 posse
2760 3710 3004 3777 conﬁdit,
3036 3709 3396 3780 proculdubio
3423 3710 3752 3779 impugnans
3778 3712 3941 3782 Apo-

2342 3808 2552 3864 stolica:
2592 3806 2877 3863 sententiae
2904 3805 3186 3860 veritatem
3219 3802 3533 3859 scrutabilia
3563 3817 3689 3859 esse
3724 3802 3831 3859 Dei
3852 3805 3946 3874 juo

2343 3903 2485 3958 dicia
2513 3911 2569 3958 et
2598 3900 2945 3971 vestigabiles
2987 3899 3102 3955 vias
3145 3899 3298 3969 ejus,
3344 3897 3568 3968 profana
3615 3899 3942 3969 pronuntia-

1698 4061 1952 4117 ALARDI
1990 4060 2226 4117 ϐ-ΑΖᾸΞΙ
2262 4058 2834 4118 COMMENTARIUS.

740 4180 1069 4237 "Conclusio
1110 4189 1188 4234 est
1230 4187 1284 4234 et
1316 4177 1428 4232 fere
1467 4177 1770 4245 complexio
1807 4175 2229 4245 praecedentium

652 4268 918 4310 errorum.
947 4251 1080 4303 Cum
1111 4250 1255 4304 enim
1285 4251 1542 4303 hactenus
1572 4248 1813 4301 docuerit
1840 4247 2100 4315 quosdam
2133 4262 2227 4299 na-

655 4336 788 4378 tura:
817 4320 1046 4385 meritis,
1095 4321 1352 4386 quosdam
1399 4320 1568 4388 gratia
1598 4318 1691 4372 Dei
1715 4317 1958 4388 salvari;
1980 4316 2093 4388 sive
2122 4318 2228 4388 inie

656 4397 789 4448 tium
818 4390 1007 4445 salutis
1029 4400 1084 4444 et
1106 4394 1289 4460 gratia:
1317 4391 1371 4443 in
1399 4386 1710 4460 quibusdam
1743 4404 1805 4441 ex
1847 4387 2047 4460 viribus
2072 4386 2228 4441 liberi

653 4463 883 4529 arbitrii,
918 4462 969 4515 in
1001 4457 1130 4515 aliis
1169 4476 1233 4516 ex
1266 4460 1638 4530 prmveniente
1679 4459 1775 4512 Dei
1806 4457 2006 4511 auxilio
2036 4473 2229 4526 prove-

653 4537 792 4599 nire,
824 4547 1158 4602 consequens
1203 4529 1289 4587 est
1324 4532 1429 4586 duo
1472 4545 1592 4584 esse
1621 4546 1815 4598 genera
1866 4529 2142 4602 hominum
2174 4530 2229 4584 in

2334 4176 2427 4229 Sic
2452 4176 2594 4229 enim
2644 4173 3012 4241 propositione
3064 4172 3253 4244 tertia.
3288 4172 3375 4226 ubi
3412 4172 3647 4228 admittit
3688 4175 3933 4244 aliquam

2334 4247 2539 4315 peccati
2590 4243 3005 4315 detestationem
3034 4243 3366 4315 etdolorem
3411 4259 3485 4315 ex
3528 4246 3648 4298 solo
3692 4243 3935 4302 naturali

2329 4312 2534 4385 judicio
2565 4324 2621 4369 et
2650 4314 2922 4378 facultate,
2952 4314 3042 4382 qui
3074 4313 3145 4368 sit
3172 4312 3837 4381 initiumjustiticationis;
3874 4327 3934 4371 et

2333 4386 2530 4440 ibidem
2554 4386 2749 4441 fatetur
2780 4386 2947 4441 Deum
2980 4385 3335 4453 quorumdam
3362 4397 3483 4439 esse
3526 4396 3933 4454 susceptorem,

2333 4458 2685 4525 quorumdam
2717 4472 2846 4511 vero
2878 4456 3231 4512 salvatorem:
3259 4455 3389 4525 quia,
3411 4456 3506 4508 hos
3529 4455 3753 4509 omnino
3784 4474 3938 4525 prae-

2334 4524 2520 4594 venit,
2564 4529 2631 4581 ab
2662 4529 2783 4581 aliis
2810 4527 3137 4595 przevenitur
3164 4525 3320 4596 (Gab.
3378 4524 3596 4596 Vasques
3621 4526 3672 4576 in
3716 4540 3740 4596 r
3773 4524 3932 4594 part.

653 4590 918 4668 Ecclesia,
943 4590 1108 4679 unum
1132 4619 1320 4657 eorum
1352 4603 1440 4671 qui
1464 4590 1705 4679 volentes
1733 4612 1787 4654 et
1813 4601 2227 4679 spontaneisal-
2262 4590 2309 4651 D
2334 4600 2470 4670 disp.
2508 4590 2586 4679 '_9l
2643 4615 2762 4679 cap.
2812 4590 2926 4679 tl).
2967 4590 3350 4679 Propos'itione
3396 4590 3631 4678 secunda
3680 4590 3939 4654 admittit

652 4687 879 4739 ventur,
908 4674 1135 4729 alterum
1179 4689 1364 4729 eorum
1396 4675 1483 4742 qui
1534 4672 1782 4726 nolentes
1809 4682 1863 4725 et
1895 4672 2027 4724 nihil
2056 4672 2231 4725 minus

650 4749 953 4817 Cogitantes
977 4747 1268 4800 invitentur
1292 4754 1348 4800 et
1373 4745 1683 4817 trahantur;
1718 4742 1942 4817 proinde
1958 4742 2229 4796 Christum

651 4813 760 4873 non
788 4817 1025 4871 omnium
1053 4818 1371 4870 salvatorem
1395 4854 1410 4880 ,
1469 4814 1565 4869 sed
1593 4813 1943 4882 quorumdam
1994 4821 2230 4866 tantum-

652 4888 817 4944 modo
847 4897 1217 4957 susceptorem
1260 4895 1314 4940 et
1332 4884 1641 4957 adjutorem
1686 4883 1792 4937 dici
1816 4884 2049 4957 debere,
2090 4883 2231 4957 quod

653 4961 836 5017 multis
859 4954 1188 5022 argumentis
1212 4956 1457 5011 confutat
1481 4956 1539 5008 ι).
1569 4954 1816 5022 Prosper.
1846 4954 1957 5019 Qua
1990 4956 2234 5009 occasio-

654 5050 742 5097 ne,
776 5030 917 5101 quod
947 5029 1221 5101 hucusque
1266 5028 1487 5101 dilatum
1513 5035 1626 5087 est,
1670 5040 1773 5078 non
1821 5027 2234 5089 praetermitten-

651 5096 915 5160 dum'hoc
964 5100 1084 5153 loco
1112 5099 1326 5152 videtur
1364 5105 1420 5148 ut
1464 5096 1721 5150 lectorem
1770 5110 2116 5157 moneamus,
2164 5111 2231 5148 ex

651 5176 738 5229 his
764 5187 885 5243 quae
906 5171 1164 5243 hactenus
1184 5177 1317 5243 sunt
1332 5167 1596 5243 disputata
1614 5164 1953 5243 manifestum
1977 5166 2228 5243 evadere,

653 5260 760 5300 non
783 5232 1072 5296 'immerito
1101 5254 1129 5291 a
1168 5232 1503 5308 gravissimis
1552 5236 1816 5304 theologis
1848 5235 2092 5308 redargui
2124 5232 2228 5289 Pe-

652 5326 795 5371 trum
822 5306 1428 5375 Ciaconium,*Cassiani
1453 5350 1467 5371 ,
1502 5316 1559 5360 ut
1584 5315 1812 5372 vocant,
1847 5306 2227 5369 scholiastem,

652 5384 797 5455 quod
841 5383 967 5437 dum
1022 5381 1318 5455 Cassiano,
1377 5378 1661 5455 plusquam
1720 5377 1997 5455 oportuit,
2050 5376 2231 5429 favere

652 5446 879 5522 ejusque
900 5452 1243 5517 sententiam,
1267 5460 1373 5504 tam
1394 5449 1444 5503 in
1459 5447 1616 5522 libris
1640 5446 2042 5522 [institutionum
2070 5459 2229 5514 quam

652 5516 1032 5590 C'ulla‘tionttm,
1082 5524 1149 5575 ab
1179 5535 1366 5577 errore
1420 5519 1693 5574 vindicare
1741 5516 1977 5590 studuit,
2033 5517 2144 5590 ipse
2173 5532 2232 5570 se

654 5597 848 5651 iisdem
873 5586 1117 5647 errorum
1148 5590 1352 5659 laqueis
1379 5590 1685 5657 implicarit,
1738 5586 2041 5641 concedens
2073 5588 2233 5659 plane

655 5679 777 5718 cum
804 5666 921 5730 ipso
959 5661 1177 5730 aliquod
1198 5657 1404 5715 initium
1433 5660 1623 5728 gratia:
1650 5668 1705 5712 et
1730 5660 1917 5712 saluus
1957 5674 2024 5713 ex
2057 5657 2230 5714 nobis.

2334 4668 2621 4738 quamdam
2646 4668 3056 4736 dispositionem
3088 4678 3142 4723 et
3171 4668 3617 4737 praeparationem
3647 4678 3937 4722 remotam

2335 4743 2399 4793 all
2432 4741 2685 4809 gratiam,
2710 4755 2777 4794 ex
2800 4740 2943 4794 bono
2967 4753 3064 4791 usu
3087 4750 3140 4793 et
3162 4739 3421 4809 Operibus
3443 4738 3739 4809 moralibus
3764 4738 3941 4794 liberi

2335 4807 2566 4879 arbitrii,
2590 4820 2777 4865 contra
2801 4823 3139 4863 communem
3165 4807 3491 4864 sententiam
3518 4807 3937 4877 theologorum,

2337 4884 2405 4937 de
2435 4897 2539 4947 qua
2586 4882 2707 4935 vide
2748 4879 3134 4935 Bellarminum
3178 4879 3251 4933 lib
3299 4896 3346 4933 vr
3392 4880 3461 4934 de
3490 4879 3671 4935 Gratia
3700 4894 3835 4949 cap.
3876 4882 3935 4935 5.

2336 4952 2714 5020 Propositione
2743 4951 2929 5019 quinta
2982 4959 3168 5019 aperte
3198 4949 3399 5004 fatetur
3453 4950 3753 5004 orationem
3775 4991 3790 5015 ,
3827 4966 3937 5005 seu

2337 5022 2530 5077 orandi
2560 5022 2811 5077 aﬁ'ectnm
2838 5029 2893 5075 et
2917 5028 3166 5075 conatum
3188 5021 3419 5089 aliquem
3442 5036 3511 5075 ex
3537 5022 3679 5077 bono
3711 5033 3936 5075 natura:

2338 5108 2498 5162 posse
2527 5093 2801 5164 depromi,
2847 5103 2906 5147 ut
2935 5106 3033 5163 per
3056 5106 3177 5145 eum
3198 5092 3597 5164 quadamtenus
3625 5091 3799 5160 gratia
3836 5093 3935 5145 Dei

2338 5164 2485 5232 digni
2536 5162 2859 5231 reddamur,
2920 5172 2975 5217 et
3018 5178 3136 5217 eam
3194 5162 3579 5231 impetremus:
3620 5176 3742 5231 qua:
3795 5172 3935 5215 sunt

2339 5235 2608 5302 ipsissima
2642 5234 3053 5289 Massiliensium
3085 5233 3303 5301 placita,
3335 5247 3363 5286 a
3386 5234 3615 5287 summis
3643 5232 3935 5302 pontiﬁci-

2338 5302 2458 5366 bus,
2488 5305 2732 5360 conciliis
2757 5316 2811 5360 et
2841 5306 2959 5359 aliis
2989 5303 3241 5358 Patribus
3263 5304 3535 5369 damnata,
3578 5312 3638 5357 ut
3666 5319 3735 5357 ex
3762 5302 3933 5358 dictis

2338 5386 2574 5442 constat.
2605 5377 2730 5431 Haec
2755 5388 2809 5431 et
2835 5376 2940 5429 alia
2972 5376 3023 5428 in
3057 5375 3515 5443 propositionibus
3560 5372 3803 5430 Ciaconii
3859 5390 3931 5428 ex

2339 5444 2605 5507 Cassiano
2630 5446 2875 5501 collectis
2892 5462 2998 5500 non
3028 5446 3158 5498 satis
3179 5455 3335 5499 caute
3355 5448 3575 5513 scripta,
3600 5453 3660 5500 et
3680 5459 3787 5498 non
3820 5444 3931 5498 levi

2340 5518 2810 5578 animadversione
2841 5517 3021 5585 digna,
3066 5515 3342 5570 studiosus
3380 5517 3550 5572 lector
3567 5515 3930 5581 observabit,

2342 5602 2461 5655 quae
2486 5588 2746 5644 hactenus
2785 5590 2916 5643 satis
2939 5600 3209 5657 superque
3237 5596 3363 5643 sunt
3385 5588 3637 5643 refutata.

4020 632 4023 711 l

4016 1476 4024 1759 l
