4048 6198
62 366 204 423 945
1045 373 1389 431 COLLATIO
1426 375 1562 432 XIII.
1596 407 1668 419 --
1712 377 1801 434 DE
1840 379 2316 438 PROTECTIONE
2355 380 2485 438 DEI.
3286 390 3401 452 9‘0

58 484 167 539 bit
225 486 509 555 audacia,
551 488 671 559 ipso
719 482 933 560 quoque
980 491 1210 573 Domino
1251 494 1364 548 hare
1402 494 1465 549 ad
1508 510 1601 550 eos
1641 496 1713 551 ita
1738 496 1793 558 Α
1819 513 2044 568 Operum
2078 511 2386 555 nostrorum
2422 500 2637 567 merito,
2668 502 2763 557 sed
2792 501 2997 558 caelesti
3025 504 3212 574 gratiae
3231 506 3401 578 depu-

60 583 357 631 testante
384 595 397 631 :
429 576 555 632 Non
589 582 723 634 enim
767 570 1101 643 cogitationes
1123 601 1249 638 mea:
1282 588 1611 655 cogitationes
1631 604 1714 644 ve-
1815 591 2032 646 tandam
2058 634 2074 658 ,
2122 594 2197 647 ita
2223 594 2439 648 Domini
2470 592 2641 661 ipsius
2688 593 2909 649 vocibus
2955 595 3275 654 edocemur:
3329 599 3401 655 Et

55 674 250 730 stne,
290 680 463 738 neque
483 670 577 723 via:
595 681 774 725 vestrm
800 673 894 726 vice
934 690 1080 740 mea,
1128 675 1253 729 dicit
1273 675 1563 747 Dominus;
1588 683 1713 751 quia
1812 684 2208 737 recordabimini
2239 685 2443 738 viarum
2479 694 2763 739 vestrarum
2802 695 2851 740 et
2898 691 3123 742 omnium
3151 690 3400 747 scelerum

56 759 232 811 sicut
265 760 575 814 exaltantur
600 764 714 816 coeli
737 772 935 825 aterra.
964 767 1039 819 sic
1069 767 1312 823 exaltatae
1334 780 1453 824 sunt
1472 774 1564 827 vite
1589 791 1712 830 mea:
1811 784 2092 829 vestrorum
2130 777 2313 845 quibus
2341 778 2529 846 polluti
2558 780 2677 833 estis
2721 781 2776 833 in
2816 796 2887 833 eis
2914 821 2928 845 ,
2976 791 3024 834 et
3064 782 3397 849 displicebitis

62 866 105 900 a
140 850 255 902 viis
291 853 500 917 vestris,
537 862 587 905 et
617 855 952 924 cogitationes
990 874 1119 912 mea:
1146 876 1179 912 a
1213 864 1609 933 coqitationibus
1630 884 1711 922 ve-
1809 865 1949 920 vobis
1977 868 2033 919 in
2074 876 2349 937 conspectu
2376 877 2542 921 vestro
2562 909 2575 931 ι
2617 871 2670 923 in
2701 871 2936 924 οηιηίίηιε
2963 871 3173 925 ηταιίιίίδ
3217 877 3397 930 υεεινίε

59 942 218 994 stris
269 939 462 1011 (Isaia:
489 941 603 1015 ιν).
638 944 787 1001 Hanc
837 946 999 1017 igitur
1040 948 1503 1019 dispensationem
1548 967 1710 1030 atque
1809 974 1934 1028 quas
1958 960 2173 1029 fecistis,
2202 968 2249 1012 et
2273 961 2446 1015 scietis
2482 963 2604 1031 quia
2632 978 2725 1031 ego
2766 961 3018 1015 Dominus
3042 980 3157 1017 cum
3190 964 3395 1034 benefe-

60 1046 357 1088 amorem
388 1048 542 1089 suum
564 1078 579 1101 ,
615 1050 772 1104 quem
802 1039 959 1093 nobis
1004 1041 1242 1098 tribuere
1269 1044 1531 1103 Dominus
1557 1050 1709 1107 inde-
1805 1063 1922 1101 cero
1943 1049 2082 1103 vobis
2108 1058 2312 1120 propter
2342 1066 2527 1104 nomen
2568 1067 2765 1117 meum,
2818 1067 2919 1103 non
2958 1052 3241 1106 secundum
3281 1057 3390 1109 vias

64 1125 239 1179 I‘eSsa
279 1126 491 1196 pietate
538 1126 789 1196 dignatur
812 1170 828 1195 ,
878 1131 1065 1186 volens
1108 1133 1357 1191 humanae
1409 1140 1706 1199 aliectionis
1804 1150 1993 1197 vestras
2014 1144 2209 1209 malas,
2240 1160 2399 1212 neque
2425 1145 2709 1198 secundum
2729 1146 2921 1200 scelera
2950 1156 3115 1202 vestra
3142 1151 3386 1221 pessima,

70 1225 259 1269 motu
293 1216 624 1286 exprimere,
644 1232 743 1274 nec
769 1220 1051 1279 inveniens
1072 1224 1123 1278 in
1143 1225 1245 1280 hac
1275 1239 1517 1286 creatura
1540 1234 1702 1290 talem
1805 1232 1987 1287 domus
2014 1232 2182 1289 Israel
2204 1234 2419 1299 (Ezeclt.
2451 1237 2565 1306 xx).
2598 1236 2668 1289 Et
2690 1236 2892 1292 idcirco
2917 1238 3019 1293 hoc
3038 1240 3107 1295 ab
3134 1216 3389 1298 erunibus

70 1306 401 1363 charitatis
429 1308 703 1379 aﬂ'ectum,
730 1313 815 1366 cui
842 1328 967 1369 eum
999 1330 1315 1386 comparare
1342 1321 1554 1392 dignius
1573 1340 1702 1396 pos-
1804 1323 2089 1378 catholicis
2123 1324 2374 1379 Patribus
2405 1324 2684 1392 delinitur,
2733 1327 2821 1396 qui
2850 1328 3237 1397 perfectionem
3266 1347 3389 1387 cor-

68 1408 204 1469 set,
238 1402 554 1457 tenerrimis
577 1403 676 1472 piae
706 1406 897 1460 matris
932 1408 1237 1466 visceribus
1266 1416 1623 1482 comparavit,
1647 1427 1702 1474 et
1802 1414 1908 1480 dis,
1936 1430 2043 1470 non
2068 1415 2213 1471 inani
2254 1417 2615 1485 dieputatione
2653 1420 2939 1473 verborum
2966 1462 2981 1487 ,
3008 1424 3104 1477 sed
3134 1439 3191 1477 re
3221 1433 3387 1495 atque

72 1492 279 1547 utitur
310 1493 529 1563 quidem
559 1494 661 1549 hoc
690 1497 986 1567 exemplo,
1037 1501 1162 1570 quia
1192 1501 1408 1559 cbarius
1454 1507 1598 1563 aliud
1642 1510 1698 1565 in
1800 1522 1964 1577 opere
1988 1548 2004 1575 ,
2038 1509 2349 1565 didicerunt
2398 1511 2561 1565 divini
2593 1526 2713 1567 esse
2754 1514 3015 1569 muneris.
3059 1492 3386 1573 Primum—ut

72 1592 298 1638 natura
330 1583 607 1640 hominum
641 1602 746 1641 non
777 1598 956 1656 potest
987 1592 1240 1663 inveniri,
1273 1596 1493 1653 dicens:
1528 1599 1699 1654 Nunt-
1799 1601 2123 1657 accendatur
2145 1603 2510 1674 unusquisque
2532 1603 2599 1658 ad
2617 1603 3028 1660 desiderantium
3056 1622 3217 1665 omne
3237 1612 3382 1681 quod

71 1677 223 1745 quid
256 1677 494 1732 oblivisci
521 1687 687 1751 potest
731 1682 919 1735 mulier
962 1684 1213 1756 infantem
1258 1705 1406 1743 suum
1432 1731 1447 1753 ,
1495 1702 1551 1745 ut
1594 1710 1695 1749 non
1796 1692 1998 1748 bonum
2024 1704 2127 1758 est,
2158 1694 2252 1749 sed
2282 1696 2355 1749 ita
2388 1704 2445 1749 ut
2473 1696 2527 1750 in
2558 1696 2875 1751 alterutram
2922 1706 3126 1766 partem
3157 1677 3381 1769 plenum

72 1772 411 1825 misereatur
442 1770 552 1841 ﬁlio
580 1773 710 1827 uteri
734 1776 818 1827 sui
849 1775 1032 1848 (Isaia:
1060 1780 1252 1851 xux)?
1279 1782 1384 1839 Sed
1426 1799 1533 1839 non
1564 1801 1693 1841 con-
1797 1784 1869 1839 sit
1906 1785 2089 1839 liberae
2134 1784 2426 1841 voluntatis
2472 1787 2779 1841 arbitrium.
2830 1786 3071 1858 Itemque
3097 1793 3258 1846 etiam
3296 1809 3383 1848 se-

73 1869 284 1917 tentus
320 1862 425 1917 hac
455 1865 879 1934 comparatione,
916 1872 1246 1927 transcendit
1270 1890 1388 1930 eam
1408 1879 1669 1935 confestin

1796 1876 2054 1943 cundum,
2084 1876 2278 1932 divina:
2307 1892 2428 1933 esse
2456 1878 2645 1947 gratiae
2673 1886 2732 1932 ut
2761 1876 2900 1932 efﬁci
2927 1881 3143 1935 valeant
3173 1883 3383 1938 exerci-

71 1964 262 2024 atque
298 1954 603 2026 subjungit,
633 1956 859 2017 dicens:
892 1961 961 2015 Et
999 1964 1043 2017 si
1066 1965 1160 2020 illa
1184 1966 1341 2022 oblita
1380 1972 1566 2039 fuerit,
1599 1989 1690 2044 ego
1796 1967 1869 2021 tia
1912 1968 2167 2037 praedicta
2213 1972 2470 2023 virtutum
2497 2010 2513 2036 ,
2562 1969 2655 2024 sed
2702 1970 2773 2027 ita
2806 1980 2866 2027 ut
2894 1973 3232 2043 possibilitas
3274 1990 3383 2031 non

72 2054 267 2101 tamen
288 2063 397 2100 non
419 2046 693 2102 obliviscar
724 2051 800 2103 tui
822 2048 1038 2124 (Ibid.).

667 2181 894 2240 CAPUT
933 2186 1115 2243 XVIII.

73 2292 352 2361 Deﬁnitio
419 2293 640 2371 Patrum
664 2337 698 2371 ,_
726 2314 785 2353 eo
845 2303 982 2371 quod
1040 2303 1258 2360 liberum
1305 2308 1585 2367 arbitrium
1615 2317 1686 2370 ad

486 2368 785 2423 salvaudum
815 2368 917 2426 non
945 2375 1013 2427 sit
1045 2376 1306 2432 idoneum.

161 2499 272 2554 Per
298 2500 442 2570 quod
466 2503 704 2560 evidenti
731 2506 939 2564 ratione
964 2512 1238 2584 colligitur
1260 2516 1328 2572 ab
1350 2517 1434 2573 his
1462 2522 1551 2590 qui
1574 2539 1680 2579 non

81 2592 416 2661 loquacibus
451 2595 660 2664 verbis,
694 2598 788 2653 sed
820 2603 1148 2670 experientia
1176 2605 1333 2673 duce,
1377 2611 1459 2665 vel
1483 2614 1685 2684 magni-

87 2682 342 2738 tudinem
387 2685 613 2755 gratize,
665 2689 749 2743 vel
795 2693 1072 2748 modulum
1124 2696 1342 2753 humani
1386 2682 1683 2761 metiuntur

79 2774 323 2844 arbitrii,
356 2778 477 2846 quia
512 2791 616 2835 non
650 2780 863 2839 levibus
891 2799 1100 2854 cursus,
1158 2805 1260 2845 nec
1289 2792 1518 2851 fortibus
1542 2812 1681 2867 prae-

82 2868 247 2932 lium,
275 2884 377 2924 nec
399 2872 733 2941 sapientibus
762 2876 939 2946 panis,
962 2894 1063 2934 nec
1081 2883 1432 2950 prudentibus
1453 2888 1673 2957 divitiae,

84 2973 195 3013 nec
226 2960 519 3015 scientibus
547 2964 753 3032 gratia,
789 2967 880 3021 sed
908 2980 1152 3036 operatur
1181 2972 1289 3027 haec
1332 2979 1504 3032 omnia
1547 2996 1679 3035 unus

82 3056 251 3113 atque
264 3049 397 3103 idem
413 3044 638 3123 Spiritus
651 3054 886 3111 dividens
902 3060 1179 3131 unicuique
1198 3074 1350 3131 prout
1369 3067 1475 3120 vult
1495 3069 1539 3140 (I
1552 3069 1674 3126 Cor.

87 3144 214 3212 xu).
252 3141 318 3196 Et
346 3143 545 3199 idcirco
573 3146 676 3202 tide
701 3162 809 3203 non
836 3150 997 3206 dubia
1033 3162 1118 3219 et,
1153 3164 1211 3208 ut
1239 3157 1309 3210 ita
1332 3158 1531 3229 dicam,
1560 3165 1672 3231 pal-

1793 2060 2167 2128 exstinguatur
2191 2060 2423 2114 arbitrii.
2468 2060 2709 2116 Tertium
2740 2078 2993 2134 quoque,
3037 2065 3103 2119 ad
3138 2066 3233 2121 Dei
3264 2082 3384 2121 mu-

1791 2167 1922 2207 nera
1954 2153 2257 2221 pertinere,
2308 2160 2367 2206 ut
2394 2154 2675 2223 acquisitae
2714 2156 2931 2210 virtutis
2978 2160 3378 2226 perseverantia

1791 2252 2057 2310 teneatur,
2082 2245 2176 2300 sed
2203 2245 2275 2299 ita
2306 2253 2365 2298 ut
2386 2245 2754 2313 captivitatem
2785 2247 3009 2302 libertas
3034 2249 3250 2304 addicta
3268 2265 3377 2305 non

1787 2339 2005 2391 sentiat.
2034 2337 2124 2393 Sic
2147 2339 2291 2393 enim
2321 2339 2691 2393 universitatis
2722 2340 2864 2395 Deus
2908 2344 3087 2396 omnia
3117 2345 3169 2398 in
3203 2346 3377 2399 omni-

1784 2428 1888 2483 bus
1917 2430 2218 2485 credendus
2246 2438 2331 2485 est
2358 2432 2593 2499 operari,
2622 2440 2683 2485 ut
2702 2424 2914 2499 incitet,
2941 2443 3183 2505 protegat
3212 2445 3375 2505 atque

1785 2523 2090 2589 conﬁrmet,
2126 2537 2232 2577 non
2263 2532 2321 2576 ut
2351 2522 2562 2578 auferat
2581 2538 2741 2593 quam
2768 2525 2934 2578 semel
2962 2526 3078 2594 ipse
3105 2529 3375 2582 concessit

1784 2614 1994 2669 arbitrii
2040 2614 2368 2670 libertatem.
2420 2614 2477 2671 Si
2521 2614 2648 2684 quid
2676 2629 2806 2669 sane
2837 2617 3106 2671 versutius
3137 2616 3372 2674 humana

1781 2706 2250 2776 argumentatione
2274 2720 2339 2760 ac
2363 2704 2580 2761 ratione
2608 2707 2895 2762 collectum
2926 2707 3055 2763 huic
3079 2711 3264 2764 sensui
3297 2711 3374 2766 vi-

1781 2796 1940 2852 detur
1964 2798 2259 2864 obsistere,
2288 2797 2571 2851 vitandum
2596 2797 2766 2867 magis
2787 2807 2870 2854 est
2886 2814 3047 2869 quam
3067 2800 3131 2854 ad
3156 2800 3372 2857 destru-

1779 2889 2015 2944 ctionem
2054 2888 2178 2944 ﬁdei
2206 2891 2631 2959 provocandum.
2660 2889 2778 2945 Non
2817 2891 2962 2945 enim
2994 2892 3155 2947 ﬁdem
3181 2908 3249 2949 ex
3284 2895 3371 2950 in-

1778 2981 2038 3045 tellectu,
2092 2980 2187 3035 sed
2241 2979 2573 3035 intellectum
2608 2995 2672 3035 ex
2719 2981 2824 3036 lide
2870 2996 3182 3052 meremur,
3230 2986 3370 3042 sicut

1777 3074 2036 3143 scriptum
2053 3084 2130 3128 eSI
2142 3113 2156 3139 ,
2179 3072 2298 3127 Nisi
2315 3074 2656 3139 credideritis,
2674 3090 2776 3127 non
2793 3075 3082 3146 intelligetis
3103 3076 3288 3147 (Isaia:
3300 3079 3363 3150 ι),

1777 3166 1901 3237 quia
1924 3164 2375 3236 quemadmodum
2400 3176 2454 3219 et
2481 3166 2621 3219 Deus
2635 3167 2813 3221 omnia
2834 3178 3087 3236 operetur
3108 3169 3161 3223 in
3186 3170 3363 3237 nobis,

88 3232 262 3301 pabili
291 3237 623 3304 experientia
651 3242 1054 3314 comprobatur,
1084 3248 1449 3309 universitatis
1480 3254 1669 3324 Deum,
1700 3238 1747 3303 (ἶ
1780 3232 1836 3314 et
1862 3232 2031 3313 totum
2061 3256 2259 3313 libero
2282 3258 2585 3313 ascribatur
2629 3232 2891 3329 arbitrio,
2922 3262 3010 3315 cui
3034 3261 3258 3318 dicitur:
3303 3264 3368 3318 Si

96 3323 249 3377 velut
295 3325 593 3393 piissimum
628 3339 833 3400 patrem
856 3374 872 3399 ,
905 3334 1457 3414 benignissimumque
1499 3323 1671 3403 medi?

90 3433 254 3484 cum,
287 3420 579 3476 secundum
632 3425 948 3494 Apostolum
995 3430 1364 3491 indiﬂ’erenter
1412 3441 1588 3495 omnia
1616 3442 1671 3497 in

92 3510 347 3566 omnibus
368 3516 583 3583 operari
610 3560 625 3585 ,
673 3528 727 3573 et
755 3535 900 3574 nunc
926 3522 1140 3593 quidem
1171 3528 1359 3584 salutis
1406 3532 1672 3604 inspirare

92 3601 372 3673 principia,
399 3614 454 3660 et
483 3606 726 3664 inserere
754 3611 1043 3683 unicuique
1069 3616 1226 3673 bona:
1263 3601 1553 3679 voluntatis
1585 3641 1676 3682 ar-

96 3697 313 3761 dorem;
346 3712 487 3753 nunc
531 3714 662 3756 vero
708 3702 878 3771 ipsius
924 3710 1254 3777 operationis
1286 3714 1533 3773 effectum
1560 3764 1574 3788 ,
1621 3729 1675 3776 et

101 3794 609 3849 consummationem
643 3795 848 3854 donare
874 3800 1155 3871 virtutum,
1191 3814 1247 3861 et
1283 3824 1425 3863 nunc
1455 3825 1483 3862 a
1516 3813 1672 3867 ruina

95 3881 210 3949 jam
234 3884 470 3951 proxima
496 3886 753 3956 lapsuque
784 3892 1043 3963 praecipiti
1080 3896 1245 3950 etiam
1276 3898 1471 3953 invitos
1505 3910 1559 3954 et
1588 3902 1674 3955 in-

96 3973 239 4026 scios
264 3988 551 4042 revocare;
603 3993 744 4035 nunc
773 3990 950 4038 autem
997 3987 1309 4043 occasiones
1334 3998 1389 4044 et
1417 4004 1672 4060 opportu-

98 4065 290 4119 nitates
318 4067 507 4122 salutis
538 4069 783 4139 ingerere
802 4117 816 4141 ,
845 4089 910 4130 ac
952 4080 1257 4149 pmcipites
1301 4082 1672 4155 violentosque

97 4169 315 4213 conatus
357 4175 387 4213 a
434 4161 720 4218 lcthalibus
766 4166 1211 4238 dispositionibus
1250 4174 1524 4245 inhibere;
1568 4187 1673 4233 atet

97 4249 239 4301 alios
266 4250 476 4318 quidem
500 4254 759 4321 volentes,
791 4270 1178 4334 currentesque
1200 4268 1511 4337 suscipere;
1536 4270 1672 4326 alios

97 4355 230 4395 vero
258 4342 493 4399 nolentes
518 4390 532 4414 ,
567 4349 971 4422 renitentesque
1001 4357 1347 4427 pertrahere,
1396 4369 1451 4416 et
1478 4362 1545 4416 ad
1576 4363 1673 4417 bo-

98 4452 221 4492 nam
267 4453 453 4509 cogere
494 4443 845 4502 voluntatem.
890 4448 1083 4505 Totnm
1127 4468 1258 4508 vero
1301 4469 1407 4511 non
1453 4471 1672 4527 semper

107 4529 502 4599 resistentibus,
553 4551 653 4591 nec
682 4551 1097 4607 perseveranter
1127 4544 1309 4600 invitis
1351 4547 1506 4603 nobis
1528 4563 1557 4602 a
1587 4549 1667 4604 di-

1778 3352 2045 3407 volueritis
2072 3361 2119 3406 et
2162 3353 2431 3406 audieritis
2458 3370 2536 3407 me
2556 3395 2570 3419 ,
2598 3371 2712 3424 qua:
2745 3355 2878 3410 bona
2901 3367 3022 3411 sunt
3051 3368 3198 3412 terra:
3219 3375 3366 3412 man-

1779 3428 2033 3498 ducabitis
2066 3442 2253 3514 (Isaiw
2280 3446 2399 3516 vn),
2430 3444 2457 3483 δ
2498 3446 2562 3499 ad
2593 3448 2809 3516 plenum
2856 3448 3091 3503 humano
3118 3464 3281 3505 sensu
3302 3467 3366 3506 ac

1777 3538 1987 3592 ratione
2007 3552 2114 3591 non
2147 3549 2323 3609 potest
2367 3542 2450 3611 (ut
2475 3541 2728 3613 arbitror)
2776 3544 3181 3612 comprehendi.

2370 3650 2598 3705 CAPUT
2638 3652 2779 3705 XIX;

1776 3739 2031 3794 Doctrina
2063 3742 2315 3794 catholica
2344 3741 2483 3792 beati
2507 3741 2743 3811 Dionysii
2773 3743 2993 3796 Richelii
3018 3742 3356 3801 Carthusiani

1978 3812 2286 3880 prtccedenti
2316 3811 2580 3863 collationi
2612 3817 2676 3865 ab
2706 3814 2816 3880 ipso
2848 3815 3145 3866 substituta.

1848 3901 2290 3970 lnseparabiliter
2336 3900 2493 3953 adest
2540 3900 2701 3956 nobis
2750 3902 2928 3956 divina
2983 3904 3269 3972 protectio,
3303 3915 3360 3960 et

1774 4003 1921 4049 tanta
1944 3992 2531 4062 estpietasSalvatoris
2556 3993 2699 4047 circa
2730 3994 3003 4061 prepriam
3028 4005 3354 4061 creaturam,

1777 4094 1835 4140 ut
1863 4100 1969 4140 non
1999 4085 2173 4139 solum
2222 4086 2535 4150 comitetur,
2560 4086 2652 4140 sed
2681 4093 2736 4139 et
2758 4087 3031 4154 pra-cedat
3061 4102 3180 4141 eam
3212 4088 3353 4157 jugi-

1778 4188 1860 4235 ter
1891 4180 2225 4249 providentia
2251 4195 2371 4234 sua.
2400 4179 2553 4245 Quod
2579 4188 2839 4247 expertus
2870 4179 3139 4248 Propheta
3168 4180 3356 4235 Domi-

1774 4287 1843 4327 no
1870 4273 2212 4342 apertissime
2241 4272 2529 4326 conﬁtetur
2569 4288 2584 4323 :
2629 4271 2772 4326 Deus
2819 4288 2979 4342 meus,
3003 4274 3355 4329 misericordia

1773 4366 1885 4435 ejus
1915 4367 2156 4436 prtevenit
2181 4381 2260 4418 me
2282 4363 2454 4436 (Psal.
2474 4364 2643 4437 Lvm).

1844 4455 1955 4510 Nec
1984 4457 2158 4511 solum
2191 4455 2425 4523 benigne
2456 4455 2686 4524 inspirat
2715 4454 2986 4511 desideria
3021 4459 3353 4525 sancta;sed

1774 4557 1831 4603 et
1867 4551 2188 4603 occasiones
2244 4556 2465 4617 praestat
2519 4549 2734 4615 salutis,
2776 4557 2831 4602 et
2885 4551 3349 4616 Opportunitatem

99 4624 311 4679 vinitate
340 4627 563 4682 concedi
590 4643 605 4693 ;
661 4639 715 4685 et
742 4645 1008 4689 summam
1054 4635 1245 4693 salutis
1292 4648 1526 4707 nostrae,
1556 4656 1664 4696 non
1692 4633 1746 4694 D
1769 4642 1929 4696 bonis
1951 4640 2254 4703 eli‘ectibus,
2278 4638 2699 4709 errantibusque
2721 4639 3060 4694 demonstrat
3089 4639 3350 4695 directio-

1136 4770 1391 4827 ALARDI
1430 4772 1666 4831 GAZEI
1702 4771 2262 4831 COMMENTARIUS.

172 4887 196 4915 α
232 4875 442 4962 Nonnita
487 4886 674 4951 tamen,
704 4885 781 4962 ait
819 4885 877 4962 S.
921 4886 1175 4962 Prosper,
1202 4900 1260 4942 ut
1279 4893 1438 4962 juxta
1479 4907 1663 4945 novam

100 4949 237 5002 illam
251 4950 571 5027 partitionem
590 4949 842 5024 superiori
865 4959 1031 5023 capite
1057 4949 1299 5027 positam:
1318 4964 1540 5016 aliorum
1557 4962 1665 5015 sal-

101 5030 253 5099 vator,
279 5021 496 5074 aliorum
525 5021 817 5099 susceptor,
850 5021 939 5080 sed
958 5021 1322 5099 usquequaque
1343 5032 1569 5085 omnium
1602 5033 1664 5099 fi-

107 5089 280 5162 delium
291 5100 332 5143 et
343 5102 604 5162 susceptor
625 5089 679 5149 et
699 5095 925 5151 salvator
937 5100 1002 5152 sit
1020 5089 1273 5155 Christus.
1294 5101 1442 5155 Unde
1457 5089 1663 5156 oranles

117 5161 847 5241 ronaliquorumprotectorem
877 5178 925 5221 et
944 5170 1270 5238 salvatorem,
1300 5180 1347 5224 et
1371 5173 1662 5241 aliquorum

115 5230 373 5309 tdiutorem
399 5249 463 5285 ac
484 5245 854 5305 susceptorem,
882 5248 941 5293 ut
962 5243 1210 5309 superius
1239 5230 1377 5295 dixit
1397 5230 1654 5308 collator,

110 5302 189 5353 sed
214 5303 423 5381 omnium
458 5311 507 5357 et
542 5302 901 5381 protectorem,
936 5320 981 5363 et
1020 5302 1342 5373 salvatorem,
1376 5322 1425 5366 et
1448 5302 1659 5381 adjuto;

101 5379 283 5451 renitet
306 5378 844 5451 susceptoremipsunt
878 5382 1278 5449 proclamamus.
1307 5381 1413 5436 Sed
1442 5378 1661 5451 quomo-

102 5442 169 5520 do
195 5440 595 5520 hiepaulo’ante
608 5440 765 5520 dixit,
782 5440 947 5503 Deum
969 5452 1104 5504 velut
1128 5452 1415 5517 piissimum
1435 5440 1655 5520 patrem,

104 5510 597 5587 benignissimumque
624 5510 901 5581 medicum.
930 5510 1211 5575 secundum
1238 5510 1563 5587 Apostolum,
1586 5510 1661 5577 in:

105 5580 373 5660 (ii/ferent"
402 5580 580 5660 omnia
604 5588 658 5640 in
685 5590 924 5660 omnibus
965 5593 1191 5660 operari,
1216 5592 1259 5644 si
1288 5580 1428 5647 'vera
1460 5595 1530 5647 sit
1552 5580 1657 5649 ieta

102 5653 353 5729 distinctio
382 5662 437 5729 et
478 5655 783 5729 differentia
836 5661 904 5714 ab
950 5653 1065 5729 ipso
1112 5653 1435 5729 excogitata,
1465 5674 1524 5717 ut
1567 5664 1658 5718 alii

104 5722 441 5801 siut_salvati,
491 5727 584 5801 alii
630 5722 1005 5801 tantummodo
1052 5722 1329 5801 suscepti?
1377 5722 1658 5800 Quomodo

100 5789 476 5872 indiderenter,
507 5797 552 5849 si
599 5804 709 5851 tam
755 5799 1067 5872 difl’erenter
1096 5789 1234 5857 Deus
1280 5789 1421 5872 erga
1458 5804 1559 5859 bos
1608 5814 1663 5860 et

106 5863 222 5919 .llos
240 5877 293 5918 se
318 5862 515 5920 habeat
540 5874 596 5921 et
618 5871 912 5934 operetur?
942 5872 1008 5925 Et
1035 5888 1156 5929 cum
1186 5873 1239 5927 in
1263 5862 1475 5931 caeleris
1505 5877 1663 5932 bene-

1768 4893 1905 4949 ﬁciis
1930 4894 2078 4962 prius
2120 4893 2451 4948 enumeratis
2482 4900 2651 4948 totum
2687 4894 2797 4951 Deo
2842 4894 3129 4961 tribuatur,
3162 4914 3259 4955 cur
3289 4903 3341 4956 in

1768 4964 1871 5019 hoc
1905 4973 2194 5032 postremo,
2218 4963 2359 5033 quod
2387 4972 2469 5017 est
2490 4966 2701 5020 salvare
2729 4966 2815 5020 vel
2842 4966 3164 5023 salvatorem
3195 4987 3337 5035 esse,

1768 5049 1877 5105 quo
1941 5043 2135 5088 caetera
2188 5034 2367 5087 omnia
2425 5036 2821 5089 concluduntur
2867 5046 2922 5091 et
2969 5034 3337 5105 continentur,

1769 5120 1892 5174 pars
1920 5106 1968 5158 ei
1998 5104 2370 5158 tantummodo
2394 5106 2735 5173 assignatur?

1839 5174 1950 5248 δβί
1987 5189 2101 5248 non
2141 5173 2206 5248 ad
2261 5177 2500 5248 plenum,
2534 5186 2682 5248 certe
2706 5176 2786 5248 ad
2836 5176 3157 5231 sobrietatem
3189 5179 3345 5248 (quo-

1768 5245 1928 5317 modo
1969 5244 2264 5311 Apostolus
2296 5245 2478 5317 Illam.
2504 5245 2604 5317 xu]
2643 5246 2794 5315 jubet
2845 5261 2943 5301 nos
2986 5244 3341 5317 sapere,izon

1762 5316 2036 5385 plusquam
2053 5325 2282 5386 aperiet,
2316 5316 2520 5385 sapere)
2554 5316 2663 5385 jam
2696 5325 2983 5386 utcumque
3015 5316 3081 5372 ex
3127 5320 3194 5372 iis
3218 5335 3339 5381 qua:

1763 5384 2021 5440 hactenus
2050 5384 2105 5440 in
2140 5386 2277 5458 hanc
2305 5384 2650 5440 collationem
2680 5389 2879 5458 scripta
2898 5384 3065 5451 'sunt,
3090 5403 3342 5458 compre~

1764 5456 1988 5510 hensum
2021 5464 2076 5510 et
2119 5457 2445 5523 explicatum
2497 5466 2643 5523 puto.
2678 5456 2732 5508 In
2774 5459 2969 5525 quibus
3002 5473 3136 5515 sane
3179 5456 3341 5525 spero

1762 5528 2029 5582 neminem
2062 5526 2194 5580 mibi
2217 5527 2347 5580 vitio
2369 5527 2614 5580 daturum
2637 5528 2777 5594 quod
2809 5528 2876 5582 de
2904 5530 3075 5582 nostri
3105 5530 3342 5584 Collatu-

1761 5598 1857 5662 ris,
1892 5598 1945 5651 id
1971 5605 2074 5663 est,
2090 5596 2333 5651 Cassiani
2361 5599 2643 5651 erroribus
2674 5607 2779 5652 tam
2808 5598 2997 5665 libere,
3019 5608 3125 5653 tam
3150 5608 3342 5668 aperte

1761 5668 2091 5735 scripserim,
2117 5681 2320 5736 eosque
2368 5668 2698 5735 prOpalarim
2748 5684 2810 5723 ac
2853 5668 3156 5737 refutarim,
3202 5684 3340 5738 quos

1762 5739 1930 5805 magis
1959 5746 2139 5807 tegere
2170 5748 2261 5792 aut
2290 5753 2551 5792 excusare
2581 5739 2882 5793 debuerim.
2910 5739 3061 5794 Absit
3091 5741 3233 5794 enim
3280 5750 3339 5795 ut

1761 5808 2021 5875 Cassiani,
2053 5824 2210 5877 quam
2242 5809 2491 5864 veritatis
2511 5824 2573 5862 ac
2600 5809 2827 5876 publica:
2855 5810 3106 5864 utilitatis
3132 5810 3328 5864 studio.

1768 5879 1904 5943 sior,
1932 5889 2152 5946 praeter,
2181 5879 2345 5935 immo
2368 5888 2555 5934 contra
2588 5880 2745 5934 tidem
2773 5890 2825 5936 et
2855 5881 3092 5938 oiticium
3117 5882 3340 5949 ingenu‘
