4048 6198
689 382 797 447 9η

694 517 818 558 nem
867 499 973 556 vite
1015 497 1271 556 salubris.
1326 496 1484 554 Unde
1532 495 1592 552 lit
1635 505 1697 551 ut
1737 495 2042 553 inveniatur
2089 511 2118 551 a
2166 508 2276 550 non
2304 491 2577 562 Acxm).
2628 491 2724 544 Vel
2765 489 2907 558 quod
2934 492 3155 544 orantes
3205 485 3438 544 dicimus
3481 498 3619 542 cum
3665 481 3939 554 Propheta
4000 477 4001 530 l

697 592 1068 663 quaerentibus
1094 605 1178 657 se,
1201 598 1257 646 et
1293 590 1467 658 palam
1511 595 1776 658 appareat
1824 590 1967 644 inter
2013 588 2136 642 illos
2183 587 2274 655 qui

699 700 822 740 eum
851 698 961 740 non
987 685 1417 751 interrogabant,
1441 689 1662 751 totaque
1684 681 1773 736 die
1795 679 2063 750 expandat
2085 693 2276 734 manus

701 793 827 832 suas
857 776 924 831 ad
957 777 1216 846 populum
1253 791 1362 829 non
1393 774 1703 829 credentem
1733 783 1786 829 et
1812 775 2276 829 contradicentem

697 868 800 922 sibi
832 883 848 923 :
877 865 1194 922 resistentes
1224 880 1436 935 queque
1462 875 1516 921 et
1555 867 1720 935 longe
1761 867 1962 935 positos
1987 875 2164 930 vocet,
2195 864 2280 918 in-

697 957 840 1014 vitos
869 959 1070 1014 alliciat
1092 959 1158 1013 ad
1184 959 1436 1025 salutem,
1471 971 1698 1028 peccare
1724 957 2030 1012 volent-ibus
2059 971 2120 1010 su
2132 956 2279 1010 btre-

706 1049 797 1105 hat
827 1049 1036 1120 copiam
1068 1049 1364 1104 voluntatis
1396 1047 1697 1118 explendae,
1722 1054 1779 1102 et
1806 1047 2036 1117 benigne
2064 1047 2280 1100 resistat

705 1141 1120 1213 properantibus
1140 1140 1207 1195 ad
1232 1140 1396 1206 mala,
1418 1146 1478 1194 ut
1495 1139 1607 1209 jam
1635 1154 1738 1192 non
1763 1139 1828 1192 sit
1859 1138 2095 1204 uolentis,
2117 1153 2278 1206 neque

703 1235 976 1300 currentis,
998 1233 1087 1288 sed
1119 1234 1403 1287 miserantis
1449 1231 1544 1287 Dei
1581 1232 1758 1302 (Rom.
1783 1229 1882 1300 ix),
1907 1233 1991 1303 qui
2023 1240 2281 1302 soporatur

701 1330 757 1383 in
789 1329 934 1384 nobis
963 1328 1091 1382 velle
1119 1333 1168 1380 et
1205 1328 1448 1396 perﬁcere
1479 1340 1574 1398 pro
1605 1324 1739 1378 bona
1769 1323 2031 1378 uoluntate
2052 1321 2277 1397 (Philip.

703 1423 792 1491 n):
820 1429 866 1474 et
892 1419 988 1474 hoc
1018 1435 1118 1473 non
1147 1433 1210 1473 ex
1235 1418 1384 1472 nobis
1416 1416 1550 1472 :sed
1586 1417 1780 1470 donum
1816 1415 1914 1470 Dei
1963 1424 2058 1479 est,
2089 1432 2192 1469 non
2219 1431 2284 1470 ea:

704 1513 967 1584 operibus,
997 1529 1061 1566 ne
1087 1511 1201 1580 quis
1231 1512 1480 1582 glorietur
1501 1507 1721 1583 (Ephes.
1749 1506 1833 1580 tl).
1867 1509 2005 1574 Quid
2035 1517 2118 1563 est
2137 1508 2279 1563 enim

704 1603 846 1673 quod
873 1605 949 1657 ait
976 1601 1264 1658 Salvator?
1292 1599 1462 1656 Nemo
1500 1602 1638 1655 venit
1671 1599 1740 1654 ad
1783 1598 2020 1662 Patrem,
2059 1599 2162 1653 nisi
2192 1613 2283 1667 per

704 1712 784 1750 me
807 1693 989 1768 (Joan.
1013 1691 1149 1764 xrv).
1181 1694 1247 1748 Et
1276 1693 1442 1747 Nemo
1465 1695 1604 1747 venit
1635 1693 1703 1746 ad
1730 1709 1830 1760 me,
1862 1694 1963 1746 nisi
1995 1691 2155 1745 Pater
2171 1699 2285 1745 tra-

704 1788 839 1841 xerit
858 1785 1008 1840 illum
1031 1783 1247 1855 (Joann.
1271 1785 1366 1852 vi).
1389 1785 1530 1851 Quid
1563 1785 1687 1838 item
1732 1792 1817 1838 est
1855 1783 1998 1853 quod
2029 1783 2282 1836 oramus?

1737 379 2020 440 JOANNIS
2054 360 2364 438 cassum
2400 370 2888 434 commones.
3903 369 3978 427 ω

2379 582 2631 637 Illumina
2677 580 2857 634 oculos
2902 595 3061 645 meos,
3127 594 3194 634 ne
3238 595 3488 650 umquam
3540 577 3892 632 elidor-snio.
3935 583 4001 656 at

2383 682 2602 728 mortem
2633 670 2803 742 (Psal.
2836 668 2958 742 sit);
2989 671 3093 725 nisi
3119 670 3263 741 quod
3301 671 3353 724 in
3387 670 3476 725 bis
3509 669 3797 726 omnibus
3824 671 3966 725 deris
4000 717 4001 732 χ

2379 777 2531 823 ratur
2556 768 2728 838 gratia
2758 765 2881 831 Dei,
2913 781 3021 837 qua
3039 767 3200 820 homo
3226 779 3448 836 semper
3469 763 3733 835 indigeat
3753 764 3969 835 odim.
4000 773 4001 848 (

2379 876 2408 916 α
2433 861 2703 915 Domino?
4000 861 4001 898 l

2447 952 2822 1007 Inﬁrmitatem
2848 952 3050 1022 quippe
3092 949 3249 1006 liberi
3285 949 3497 1004 arbitrii
3527 949 3858 1018 Apostolus
3888 965 3968 1003 ει
4000 965 4001 988 1

2382 1042 2621 1108 nifestat,
2652 1044 2880 1099 dicens:
2915 1042 3167 1096 Dominus
3196 1042 3454 1094 custodiat
3498 1040 3679 1093 corda
3725 1051 3925 1100 om,
3947 1057 3974 1094 ε

2379 1135 2752 1207 intelligentias
2788 1143 2984 1188 uestras
3035 1130 3298 1206 (Philipp.
3335 1132 3430 1201 tv).
3482 1130 3774 1187 Eamdem
3833 1133 3972 1186 Dari;

2381 1228 2592 1284 orando
2621 1227 2807 1292 docet,
2839 1241 2961 1280 cum
2992 1225 3167 1295 inquit
3194 1240 3207 1276 :
3241 1221 3452 1276 Inclina
3479 1239 3573 1277 car
3613 1239 3808 1278 "rem
3841 1230 3895 1277 in
3930 1236 3978 1275 te-

2383 1319 2626 1374 stimonia
2655 1327 2765 1383 tua,
2784 1327 2954 1370 etnon
2982 1316 3037 1370 in
3063 1316 3339 1369 auaritiam
3370 1312 3548 1384 (Psal.
3579 1315 3816 1384 cxvm).
3851 1314 3978 1370 Salo-

2378 1427 2509 1468 mon
2540 1427 2752 1481 quoque
2782 1427 2796 1465 :
2830 1409 3054 1464 Inclinat
3098 1410 3259 1465 corda
3300 1417 3480 1462 nostra
3507 1409 3582 1462 ad
3610 1424 3696 1475 se,
3731 1421 3793 1464 ut
3823 1413 3980 1463 ambs-

2379 1505 2548 1560 lemus
2585 1506 2638 1557 in
2667 1505 2920 1558 uniuersis
2948 1505 3045 1558 viis
3073 1506 3204 1576 ejus,
3227 1512 3276 1557 et
3315 1503 3691 1557 custodiamus
3742 1507 3978 1558 mandati

2379 1600 2517 1668 ejus,
2560 1605 2606 1649 et
2634 1596 2962 1650 caremonias
2989 1598 3101 1668 ejus
3127 1593 3223 1663 (ll!
3253 1595 3382 1666 Reg.
3428 1592 3572 1665 Vill).
3605 1595 3976 1651 lnﬁrmitaten

2382 1693 2629 1763 ejusdem
2669 1691 2869 1748 fatetur
2911 1691 3000 1745 illa
3049 1691 3225 1746 oratio
3252 1700 3439 1745 nostra
3471 1707 3488 1748 :
3525 1688 3699 1755 Pone,
3742 1689 3977 1752 Doctior,

2387 1786 2675 1840 custodiam
2704 1786 2782 1839 ori
2802 1799 2933 1854 meo,
2963 1792 3014 1838 et
3038 1784 3224 1837 ostium
3251 1784 3659 1837 circumstantic
3689 1785 3852 1839 labiis
3867 1788 3975 1838 men

705 1875 887 1946 Dirige
933 1877 988 1928 in
1043 1883 1312 1946 conspectu
1353 1883 1440 1929 tuo
1487 1877 1621 1929 uiam
1667 1890 1835 1930 meam
1869 1873 2042 1947 (Psal.
2089 1872 2167 1944 v),
2191 1883 2283 1930 et:
2317 1883 2365 1944 Β
2395 1877 2616 1949 (Psalm.
2647 1880 2792 1948 csa).
2820 1877 2951 1932 Item
2988 1876 3248 1946 prepheta
3277 1892 3289 1928 :
3321 1875 3603 1940 Dominus,
3648 1877 3858 1945 inquit,
3888 1878 3974 1930 sal-

706 1966 909 2034 Perﬁce
938 1983 1140 2038 gressus
1168 1983 1306 2021 meos
1327 1968 1383 2021 in
1410 1969 1602 2022 semitis
1629 1968 1749 2032 tuis,
1776 1975 1834 2020 ut
1863 1983 1966 2022 non
1989 1978 2288 2022 moveantur

708 2059 920 2130 vestigia
949 2073 1060 2113 mea
1083 2059 1256 2129 (Psal.
1281 2059 1414 2129 ινι).
1437 2059 1576 2127 Quid
1605 2060 1823 2114 tandem
1863 2068 1947 2115 est
1972 2063 2112 2129 quod
2144 2060 2288 2115 Deus

707 2151 1009 2222 promittit?
1035 2152 1182 2206 Dabo
1233 2153 1306 2207 eis
1353 2169 1444 2208 cor
1491 2169 1677 2208 nouum
1713 2164 1761 2208 et
1809 2156 2049 2227 spiritum
2099 2173 2288 2210 norum

709 2243 930 2299 tribuam
949 2244 1006 2299 in
1023 2244 1307 2300 visceribus
1333 2262 1530 2300 eorum.
1556 2245 1625 2300 Et
1648 2247 1885 2316 auferam
1914 2264 2001 2302 cor
2025 2249 2290 2318 lapideum

707 2336 774 2392 de
788 2353 943 2392 carne
967 2347 1154 2406 oestro,
1189 2345 1238 2391 et
1261 2338 1395 2392 dabo
1417 2337 1559 2394 vobis
1579 2355 1669 2394 cor
1689 2357 1953 2410 corneum,
1982 2352 2039 2395 ut
2067 2344 2123 2395 in
2143 2357 2282 2411 prte-

709 2431 869 2502 ceptis
914 2431 1040 2484 meis
1079 2427 1370 2496 ambuletis,
1401 2438 1448 2484 et
1487 2429 1699 2503 judicia
1740 2447 1852 2485 mea
1901 2433 2207 2487 custodiatis
2245 2442 2291 2486 et

709 2524 990 2594 operemini
1007 2521 1226 2597 (Ezech.
1255 2523 1461 2595 xxxvi).
1490 2524 1558 2579 Et
1583 2524 1710 2595 quid
1733 2534 1817 2580 est
1844 2527 1989 2596 quod
2019 2527 2290 2596 Propheta

708 2627 738 2666 a
763 2612 992 2667 Domino
1020 2615 1120 2668 hoc
1155 2615 1331 2683 ipsum
1367 2617 1604 2684 postulat
1631 2618 1825 2673 dicens
1855 2636 1867 2672 :
1897 2616 2001 2672 Cor
2043 2621 2291 2672 mundum

708 2717 828 2756 creo
857 2703 912 2756 in
950 2721 1053 2770 me,
1088 2703 1228 2760 Deus
1258 2704 1433 2777 (Psal.
1463 2706 1538 2779 ι).
1570 2707 1636 2763 Et
1677 2710 1898 2766 denuo:
1931 2710 2152 2766 Lavabis
2186 2729 2286 2780 me,

712 2793 904 2862 inquit,
930 2803 978 2847 et
1023 2811 1184 2863 super.
1227 2799 1393 2852 nivem
1438 2799 1716 2855 dealbabor
1756 2799 1968 2874 (Ibid.).
1996 2801 2126 2857 Item
2157 2803 2287 2873 quid

712 2892 794 2940 est
815 2886 960 2954 quod
981 2885 1151 2944 fertur
1173 2889 1239 2944 de
1265 2890 1415 2946 Deo?
1441 2892 1546 2959 Qui
1570 2893 1715 2948 docet
1738 2895 1993 2950 hominem
2021 2897 2288 2950 scientiam

711 2977 888 3048 (Psal.
938 2980 1112 3054 1cm).
1170 2983 1257 3053 Et,
1309 2982 1566 3042 Dominus
1608 2986 1880 3044 illuminat
1918 3006 2078 3045 ctecos
2112 2987 2285 3060 (Psal.

2387 1972 2458 2024 vit
2486 1970 2822 2038 compeditos,
2847 1966 3104 2021 Dominus
3133 1967 3398 2020 illuminat
3423 1965 3787 2039 cacos(Psal.
3806 1971 3971 2032 cur),
4000 2001 4001 2010 ι

2391 2063 2458 2116 Et
2507 2077 2693 2115 rursus
2726 2079 2737 2113 :
2776 2061 3027 2127 Diruptsti
3075 2059 3281 2112 vincula
3347 2073 3462 2113 mea
3487 2059 3615 2131 (Ps.
3665 2061 3821 2133 ειν),
3882 2071 3972 2115 ets.

2389 2157 2518 2210 Item
2549 2153 2797 2208 Christus
2826 2154 2970 2222 apud
2999 2153 3264 2210 Joannem
3298 2171 3312 2206 :
3341 2151 3533 2224 Nemo,
3570 2155 3852 2224 inquiens,
3888 2175 3970 2223 p1.-

2389 2255 2484 2302 test
2532 2249 2698 2301 venire
2739 2248 2806 2300 ad
2835 2264 2932 2312 me,
2967 2248 3070 2301 nisi
3112 2245 3294 2311 Pater,
3322 2248 3410 2318 qui
3458 2249 3596 2300 misit
3637 2266 3743 2313 me,
3769 2253 3970 2303 traxerit

2391 2358 2505 2395 eum
2537 2339 2717 2412 (Joan.
2753 2339 2849 2411 γι).
2881 2339 2947 2395 Ει
2985 2339 3330 2396 beatiSsimus
3357 2339 3594 2394 Joannes
3617 2341 3864 2410 Baptista
3894 2358 3969 2393 as-

2392 2434 2561 2487 serit:
2594 2431 2715 2485 Non
2748 2440 2910 2499 potest
2941 2431 3090 2484 homo
3121 2449 3151 2484 a
3173 2447 3228 2485 se
3268 2433 3496 2498 accipere
3523 2433 3847 2498 quidquam,
3883 2434 3967 2484 nisi

2393 2528 2546 2599 fuerit
2573 2529 2618 2580 ei
2641 2525 2821 2580 datum
2846 2525 2909 2580 de
2934 2523 3061 2579 coelo
3083 2521 3263 2595 (Joan.
3297 2524 3392 2591 ut).
3427 2522 3574 2577 Unde
3606 2535 3656 2577 et
3693 2522 3966 2592 Proriheta

2388 2622 2444 2676 in
2508 2620 2697 2690 spiritu
2748 2619 2989 2672 clamans
3036 2634 3048 2670 :
3084 2617 3223 2684 Nisi,
3249 2617 3338 2679 ait,
3363 2615 3610 2668 Dominus
3652 2618 3967 2671 custodierit

2389 2711 2486 2764 civi
2493 2719 2662 2777 tatem,
2680 2713 2876 2782 frustra
2902 2708 3080 2778 vigilat
3093 2710 3184 2776 qui
3204 2707 3417 2762 custodit
3440 2724 3544 2761 eam
3559 2705 3720 2775 (Psal
3732 2749 3744 2759 .
3761 2709 3962 2774 cxxvtfl.

2394 2804 2460 2857 Et
2483 2803 2773 2872 Apostolus
2802 2821 2815 2856 :
2848 2801 2988 2855 Deus
3012 2811 3106 2867 est,
3134 2800 3325 2868 inquit,
3354 2804 3438 2871 qui
3467 2809 3714 2868 operatur
3753 2800 3807 2853 in
3839 2801 3960 2853 nobis

2390 2897 2521 2951 uelle
2555 2905 2601 2949 et
2631 2895 2875 2968 perﬁcere
2905 2911 2997 2963 pro
3022 2894 3156 2948 bona
3191 2894 3448 2948 uoluntate
3475 2891 3710 2964 (Philip.
3742 2895 3824 2962 ll).

2467 2989 2658 3053 Porro,
2691 2989 2738 3043 si
2789 2987 3008 3043 arbitrio
3049 2997 3235 3042 nostro
3272 2985 3597 3041 ascribimus
3628 3000 3953 3040 consumma

737 3214 743 3220 ,
1770 3149 2027 3205 ALARDI
2065 3147 2300 3206 (ΞΑΖᾶὶί
2336 3148 2906 3206 COMMENTARIUS.

713 3255 1165 3335 interpretisyel
1211 3271 1423 3335 errasse
1445 3261 1804 3335 dissimulem,
1838 3263 1923 3335 vel
1968 3271 2142 3318 errata
2195 3263 2290 3316 de-
2313 3255 2362 3327 C
2390 3278 2493 3317 non
2517 3264 2791 3335 ambigam.
2824 3262 2966 3317 Alios
2987 3273 3158 3316 autem
3187 3261 3322 3333 lego,
3355 3271 3410 3316 ut
3438 3261 3763 3332 quantalibet
3790 3266 3958 3316 sancti-

712 3325 947 3402 fendam.
977 3328 1116 3397 Quin
1136 3332 1360 3402 potius,
1387 3334 1527 3401 quod
1556 3335 1608 3386 in
1640 3325 1956 3402 praelatione
1987 3347 2103 3386 mea
2153 3349 2289 3400 prse-

716 3400 897 3452 monui
925 3414 988 3453 ac
1031 3400 1302 3473 professus
1339 3400 1482 3466 sum,
1513 3403 1616 3458 hoc
1642 3400 1950 3458 identidem
2007 3404 2285 3473 proﬁteor,

712 3482 775 3546 ac
805 3484 920 3546 prae
946 3485 1031 3523 me
1062 3469 1179 3546 fero
1207 3489 1219 3524 :
1245 3470 1456 3546 {imicus
1482 3475 1687 3546 quidem
1717 3469 2146 3546 Cassiantts';rsed
2177 3469 2287 3529 ma;

711 3539 790 3608 gis
817 3541 985 3616 amica
1013 3543 1218 3616 veritas.
1252 3542 1415 3596 Error
1441 3539 1598 3608 enim,
1633 3546 1718 3616 cui
1748 3562 1846 3597 non
1882 3545 2156 3608 resistitur,
2189 3565 2285 3616 ap-

715 3609 1003 3688 probatur;
1023 3620 1070 3666 et
1095 3615 1281 3688 veritas
1308 3631 1421 3668 cum
1453 3618 1658 3688 minime
1688 3615 2004 3688 defensatur,
2032 3609 2286 3688 opprimi-

713 3687 829 3757 εις,
870 3683 946 3757 a_i_t
989 3682 1333 3740 Innocentius
1379 3685 1614 3753 pontifex
1667 3682 1838 3757 (Apud
1885 3682 2122 3740 Gratia'n.
2162 3689 2281 3742 dist.

712 3748 835 3820 8‘5).
887 3753 1185 3807 Humanum
1249 3748 1448 3823 quippe
1488 3767 1570 3810 est
1609 3748 1806 3811 lahi'et
1853 3773 2073 3823 errare,
2127 3766 2181 3812 at
2230 3759 2286 3814 in

714 3835 901 3878 errore
952 3839 1302 3892 perseverare
1347 3827 1670 3884 diabolicum
1726 3841 1815 3883 aut
1862 3829 2175 3884 hmreticum
2207 3847 2219 3882 :
2255 3844 2286 3883 a

714 3905 818 3961 qua
855 3895 1070 3963 quidem
1103 3905 1233 3968 nota,
1260 3896 1571 3968 lQltgi82-illle
1601 3915 1816 3968 semper
1860 3900 2031 3954 abfuit
2071 3900 2286 3954 Cassia-

715 3977 838 4030 nus,
879 3981 1095 4039 semper
1135 3966 1453 4035 eatholicus,
1483 3982 1644 4039 atque
1689 3966 1829 4025 inter
1855 3971 2149 4027 catholicos
2180 3987 2278 4026 au-

716 4044 897 4090 ctores
944 4037 1177 4102 habitus,
1199 4039 1282 4091 vel
1317 4040 1430 4105 ipso
1461 4037 1595 4094 teste
1620 4040 1683 4094 D.
1719 4042 1993 4106 Prospero
2040 4043 2153 4110 ejus
2186 4044 2284 4095 iut-

719 4117 1018 4180 pugnatore
1046 4117 1098 4160 et
1146 4111 1488 4180 antagonista
1534 4113 1799 4164 acerrimo
1829 4112 1994 4180 (Vide
2036 4112 2185 4179 plura
2230 4113 2285 4166 in

714 4177 920 4248 prtefttl.
971 4179 1195 4248 nostra).
1247 4179 1386 4244 Quid
1437 4194 1570 4233 vero
1617 4182 1810 4234 mirum
1840 4177 1933 4248 'si,
1994 4177 2052 4236 ut
2098 4181 2278 4247 homo,

713 4246 916 4313 aliquid
969 4247 1190 4302 humani
1241 4264 1426 4313 passus
1467 4252 1558 4314 sit,
1592 4260 1648 4304 et
1678 4246 2284 4307 nimioveritatisiudm

713 4316 901 4381 gandse
930 4318 1109 4370 studio
1137 4319 1366 4373 subinde
1391 4336 1421 4373 a
1447 4323 1691 4376 veritatis
1734 4322 1945 4376 tramite
1995 4326 2277 4386 aherrarit,

717 4386 1027 4460 prmsertitn
1062 4388 1128 4439 iis
1157 4388 1208 4440 in
1238 4389 1402 4460 rebus
1432 4393 1568 4446 adeo
1599 4391 1843 4446 obscuris
1871 4403 1921 4445 et
1950 4393 2278 4460 difﬁcilibus,

715 4453 946 4532 necdum
979 4456 1030 4532 id
1046 4459 1323 4532 temporis
1352 4461 1420 4513 ab
1442 4461 1686 4532 Ecclesia
1716 4463 1951 4516 detinitis
1977 4474 2029 4516 et
2065 4465 2128 4517 ad
2173 4453 2282 4532 ple;

715 4539 842 4609 nam
883 4524 1203 4609 elucidatis?
1233 4528 1369 4583 Num
1401 4531 1453 4586 id
1483 4533 1566 4609 vel
1588 4533 1717 4609 _eju_s
1758 4535 2066 4609 auctoritati
2095 4535 2147 4589 in
2174 4524 2282 4609 cte-

715 4600 1089 4680 terisscriptis
1127 4600 1412 4680 derogare,
1440 4603 1524 4680 vel
1554 4600 1766 4672 ab‘ejus
1793 4604 2068 4659 lectitandi
2101 4607 2281 4680 studio

716 4666 990 4735 religionis
1019 4684 1081 4723 ac
1109 4666 1325 4734 pietatis
1351 4673 1625 4729 studiosos
1663 4666 1915 4730 avertere
1952 4686 2043 4730 aut
2079 4677 2282 4729 ahalte-

715 4750 846 4791 nare
879 4738 1118 4815 _debeat?_
1169 4743 1390 4815 minime
1436 4761 1594 4812 vero;
1639 4748 1804 4806 immo
1845 4747 2020 4814 potius
2067 4747 2133 4801 ad
2164 4750 2282 4815 ejus

714 4809 1074 4887 complexum,
1105 4810 1393 4887 lectionem
1423 4830 1486 4870 ac
1539 4809 1770 4872 studium
1802 4809 1950 4872 tanto
1993 4818 2158 4887 magis
2190 4809 2278 4872 ac-

715 4878 948 4959 cendere
976 4889 1137 4959 atque
1164 4883 1525 4951 inﬂammare,
1555 4890 1694 4956 quod
1715 4889 1826 4959 jam
1859 4889 2003 4942 omni
2046 4878 2164 4955 eius
2196 4905 2282 4942 er-

714 4962 843 5025 rore
862 4950 1288 5025 palatuiletecto,
1307 4967 1360 5009 et
1379 4950 1646 5013 contraria
1673 4950 1897 5014 veritate
1921 4950 2278 5025 manilestata,

714 5020 916 5102 nullius
939 5023 1160 5102 periculi
1181 5027 1262 5080 vel
1285 5027 1486 5082 fraudis
1513 5044 1686 5084 metus
1707 5040 1796 5084 aut
1816 5030 2049 5096 suspicio
2071 5020 2282 5086 residua

715 5097 787 5146 sit
809 5133 831 5167 ,_
856 5097 1143 5162 quominus
1170 5105 1284 5150 tuto
1313 5112 1376 5151 ac
1422 5113 1610 5153 secure
1640 5103 1690 5153 in
1727 5115 1792 5154 eo
1820 5102 2022 5154 versari
2056 5117 2285 5167 eumque

715 5163 964 5237 evolvere
1004 5181 1066 5218 ac
1108 5167 1391 5221 revolvere
1427 5168 1603 5233 liceat,
1633 5171 1986 5237 praesentibus
2027 5163 2284 5226 antidotis

713 5241 770 5288 et
797 5235 1133 5290 documentis
1175 5237 1374 5306 ubique
1404 5239 1457 5292 in
1492 5235 1742 5306 promptu
1772 5253 1825 5296 et
1866 5242 1919 5294 in
1959 5257 2175 5296 omnem
2205 5244 2284 5296 in-

697 5317 930 5359 cursum
951 5315 1006 5381 _et
1025 5307 1362 5381 occasionem
1385 5309 1639 5366 exhibitis
1666 5326 1730 5366 ac
1756 5312 2130 5381 suppeditatis.
2152 5313 2283 5368 Nam

714 5385 788 5452 ut
804 5377 1060 5452 praeclare
1089 5377 1277 5452 scribit
1298 5379 1369 5452 _l).
1396 5381 1771 5452 (Hieronymus
1810 5377 1875 5435 ad
1923 5385 2280 5449 Augustinum

713 5443 909 5522 (Epist.
945 5447 1077 5517 97):
1121 5446 1262 5522 Solis
1287 5443 1673 5522 Scripturaru'm
1707 5453 1887 5522 libris,
1933 5443 2036 5522 qui
2053 5457 2284 5508 canonici

710 5517 1063 5593 appellantur,
1095 5519 1252 5572 didici
1281 5517 1418 5574 hunc
1438 5525 1668 5577 timorem
1694 5517 2034 5591 honoremque
2059 5523 2278 5593 deferre,

710 5596 771 5658 sit
817 5588 1017 5642 nullum
1040 5605 1222 5643 eorum
1258 5604 1516 5647 auctorem
1537 5594 1808 5648 scribendo
1844 5588 2042 5658 aliquid
2083 5588 2281 5650 errasse

711 5655 1007 5739 ﬁrmissime
1029 5662 1269 5739 credam;
1297 5671 1351 5714 at
1373 5664 1418 5716 si
1437 5663 1635 5739 aliquid
1662 5667 1718 5739 in
1735 5667 1828 5739 “eis
1851 5655 2117 5739 offendero
2142 5665 2280 5739 quod

707 5728 946 5804 uideatur
983 5733 1312 5804 contrarium,
1355 5728 1592 5800 ueritali;
1635 5735 1767 5787 nihil
1804 5728 1953 5787 aliud
2002 5728 2162 5804 quam
2201 5736 2280 5790 vel

708 5797 1015 5849 meiidosum
1040 5813 1150 5872 esse
1194 5801 1443 5872 codicem,
1485 5807 1563 5857 vel
1573 5797 1913 5872 interpretem
1942 5797 2041 5857 non
2077 5821 2280 5860 assecu-

713 5873 826 5918 tlnt
846 5877 960 5918 esse
995 5867 1136 5930 quod
1167 5869 1366 5922 dictum
1404 5879 1498 5934 est,
1526 5875 1606 5926 uel
1637 5867 1949 5927 me'minime
1968 5875 2276 5932 intellexisse

2394 3342 2516 3399 tate,
2541 3338 2876 3406 doctrinaque
2911 3337 3270 3405 prccpolleant,
3312 3351 3414 3386 nim
3443 3335 3560 3406 ideo
3582 3405 3587 3406 γ
3609 3349 3784 3386 verum
3811 3346 3958 3401 patera

2391 3406 2516 3474 quia
2543 3407 2642 3474 ipsi
2673 3407 2745 3459 ita
2773 3404 3060 3468 senserunt,
3094 3406 3186 3460 sed
3203 3408 3333 3472 quia
3361 3404 3488 3460 mihi
3509 3405 3589 3458 uel
3615 3422 3712 3469 per
3741 3406 3858 3458 illos
3880 3422 3958 3456 ou-

2389 3488 2553 3530 ctorcs
2598 3479 2889 3541 canonicos,
2929 3477 3005 3529 vel
3047 3476 3298 3538 probabili
3341 3477 3566 3536 ratione,
3598 3478 3738 3544 quod
3782 3494 3814 3528 a
3859 3493 3956 3527 rem

2389 3562 2494 3600 non
2520 3546 2807 3612 abhorreat,
2843 3549 3148 3618 persuadere
3180 3556 3474 3618 potuerunt.
3505 3545 3576 3599 Ita
3618 3548 3676 3598 Π.
3713 3547 3959 3615 Hierony-

2389 3633 2530 3672 mus.
2592 3619 2656 3671 Et
2708 3620 2834 3672 alibi
2869 3617 3072 3688 (Epist.
3125 3617 3224 3688 'lt‘i)
3261 3621 3326 3670 tle
3375 3618 3692 3684 huiusmodi
3736 3621 3955 3686 antiquis

2387 3689 2774 3758 scriptoribus,
2826 3705 3056 3759 quorum
3110 3693 3308 3754 scrinia
3369 3691 3649 3744 nonnullis
3693 3690 3956 3744 errorihua

2388 3773 2609 3829 aspersa
2662 3771 2976 3823 noscuntur,
3011 3776 3166 3820 suam
3211 3763 3540 3820 sententiam
3589 3770 3646 3815 et
3687 3761 3954 3814 consilium

2387 3832 2596 3898 profert
2629 3832 2712 3885 llis
2740 3832 2924 3884 verbis
2958 3849 2969 3882 :
3004 3830 3116 3901 Ego
3150 3831 3420 3902 Origenem
3469 3843 3676 3901 propter
3726 3833 3953 3902 eruditio-

2387 3917 2501 3974 nem
2530 3905 2601 3955 sic
2625 3903 2882 3974 interdum
2906 3902 3174 3974 legendum
3197 3903 3442 3964 arbitror,
3474 3903 3731 3965 φροντιοάο
3763 3901 3953 3955 Tertul-

2385 3971 2603 4038 lianum,
2638 3973 2919 4034 Nouatum,
2955 3971 3261 4036 Arnobium,
3310 3975 3713 4039 Apollinarium,
3747 3985 3796 4027 et
3837 3990 3952 4024 non-

2386 4045 2558 4096 nullos
2587 4045 2954 4098 ecclesiasticos
2985 4043 3507 4112 scriptores,Grtccos
3531 4047 3724 4114 pariter
3748 4055 3793 4097 et
3825 4043 3951 4097 Lati-

2387 4131 2514 4186 nos;
2547 4123 2601 4167 ut
2642 4115 2774 4168 bona
2807 4132 2979 4168 eorum
3015 4115 3304 4186 eligamus,
3337 4118 3649 4185 vitemusqne
3681 4117 3948 4174 contraria,

2375 4185 2538 4251 juxta
2591 4187 2890 4254 Apostolum
2937 4185 3185 4240 dicentem
3235 4202 3254 4238 :
3284 4185 3471 4238 Omnia
3518 4186 3722 4249 probate
3766 4203 3776 4235 :
3824 4186 3950 4254 quod

2379 4255 2572 4308 bonum
2601 4268 2697 4316 est,
2732 4266 2912 4319 tenete,
2936 4269 3041 4311 etc.
3071 4258 3159 4312 Sic
3192 4258 3356 4326 igitur
3379 4256 3672 4312 Cassianus
3703 4256 3946 4320 legendus

2388 4336 2442 4380 ut
2469 4328 2646 4394 quivis
2686 4329 2822 4382 alius
2850 4339 3038 4382 auctor
3073 4328 3389 4393 catholicus,
3420 4337 3480 4382 ut
3518 4328 3778 4395 quidquid
3815 4328 3866 4380 in
3894 4340 3947 4380 eo

2386 4399 2595 4451 veritati
2647 4414 2708 4451 ac
2758 4399 2946 4466 pietati
2997 4409 3416 4454 consentaneum
3467 4397 3944 4464 amplectamur;si

2383 4468 2508 4534 quid
2535 4483 2663 4523 vero
2690 4471 2941 4528 alienum,
2975 4485 3320 4539 respuamus,
3349 4478 3398 4523 et
3429 4469 3680 4539 veritatis
3712 4468 3946 4521 antidoto

2383 4539 2635 4594 falsitatis
2671 4542 2816 4594 virus
2852 4535 3135 4594 alid-amns.
3171 4543 3426 4594 Cretes-um
3453 4551 3571 4589 cum
3615 4535 3755 4589 adeo
3803 4541 3945 4590 vari:

2383 4609 2667 4681 etdiversa
2699 4613 2807 4672 sint
2832 4612 3108 4666 hominum
3152 4613 3383 4681 ingenia,
3415 4617 3466 4662 et
3495 4607 3769 4681 variorum
3796 4608 3944 4675 inge-

2388 4679 2594 4753 lliorutn
2615 4684 2743 4734 varii
2765 4691 2950 4747 gustus
2980 4694 3032 4734 et
3058 4678 3483 4753 veluli'quzrdaln
3502 4678 3708 4753 ὀρέξεις,
3733 4690 3791 4731 ut
3813 4680 3941 4746 quod

2387 4752 2476 4804 uni
2505 4753 2678 4820 sapiat
2706 4753 2859 4807 alteri
2889 4767 3142 4806 nauseam
3190 4762 3244 4805 et
3275 4752 3545 4806 l’aSIidium
3581 4754 3782 4815 pariat;
3811 4766 3942 4802 com-

2389 4822 2602 4876 mittere
2633 4833 2778 4877 certe
2821 4822 2990 4884 nolui,
3022 4825 3149 4889 quin
3179 4823 3319 4875 aliud
3351 4822 3537 4874 itidem
3589 4820 3847 4873 ferculum
3875 4821 3940 4872 le-

2385 4891 2655 4960 gentibus,
2683 4893 2832 4954 quasi
2861 4895 3124 4959 convivis,
3160 4905 3508 4962 apponet-em,
3542 4889 3685 4962 quod
3733 4891 3939 4944 fortasse

2389 4964 2564 5033 magis
2583 4964 2862 5033 stridebit,
2893 4979 3052 5033 quam
3082 4961 3500 5032 praepedentimn
3529 4961 3937 5033 disputationum

2387 5029 2625 5086 dilticills
2653 5045 2702 5087 et
2735 5029 2964 5089 obscura
2999 5029 3243 5088 tractatio
3279 5050 3291 5088 :
3320 5047 3504 5085 sanam
3547 5031 3669 5085 dico
3697 5042 3748 5086 et
3771 5031 3937 5085 catho-

2391 5103 2548 5156 licam
2572 5105 2868 5158 doctrinam
2889 5105 3130 5174 Dionysii
3153 5103 3495 5157 tiarthusiani
3524 5101 3627 5156 viri
3650 5119 3752 5155 non
3781 5103 3935 5174 minus

2389 5177 2678 5227 sanctitate
2707 5189 2866 5244 quam
2900 5171 3204 5230 eruditione
3232 5174 3544 5238 clarissimi,
3579 5175 3644 5226 de
3669 5173 3828 5244 gratia
3858 5171 3931 5244 Dei

2388 5254 2444 5298 et
2476 5245 2644 5298 libero
2671 5243 2904 5299 hominis
2953 5248 3193 5306 arbitrio,
3235 5259 3396 5313 quam
3433 5259 3501 5297 ex
3546 5244 3707 5298 dictis
3746 5243 3932 5297 abbatis

2387 5314 2755 5370 Chaeremonis
2779 5317 2968 5384 majori
2991 5330 3055 5370 ex
3077 5326 3230 5385 parte
3249 5320 3318 5368 ita
3338 5314 3632 5369 artiﬁciose
3652 5314 3932 5384 collegium

2385 5385 2671 5453 expunctis
2719 5398 2772 5440 et
2821 5389 3078 5441 abstersis
3124 5387 3400 5442 erroribus
3429 5393 3596 5438 totam
3635 5397 3933 5454 punimur-

2387 5455 2699 5522 thodoxam,
2733 5459 2873 5524 piam
2920 5471 2984 5512 ac
3023 5459 3314 5512 salutarem
3364 5457 3676 5520 exhiberet;
3731 5467 3931 5522 eamque

2392 5537 2511 5608 post
2544 5528 2700 5608 tinem
2736 5530 2942 5608 capitis.
2963 5529 3157 5608 decimi
3197 5528 3395 5608 octavi,
3429 5528 3582 5608 quasi
3625 5540 3695 5608 εξ
3729 5537 3930 5608 persona

2389 5571 2560 5667 ipsius
2607 5571 3260 5668 tlltmreinonlsjvr’eliquvmv
3287 5571 3566 5667 col-latium
3609 5571 3930 5651 subsiitseret

2388 5683 2451 5722 ac
2484 5670 2796 5739 subrogaret
2829 5688 2840 5722 :
2868 5667 3193 5725 tunctushac
3220 5670 3275 5724 in
3305 5677 3477 5737 parte,
3509 5683 3616 5722 non
3660 5667 3932 5739 paraphra-

2388 5746 2506 5803 stas,
2541 5751 2594 5792 ut
2619 5737 2668 5793 ni
2691 5741 2924 5802 creteris,
2942 5743 3037 5796 sed
3065 5741 3308 5795 censoris
3326 5747 3381 5795 et
3402 5740 3727 5792 cerreatoris
3755 5737 3930 5791 ofﬁcio.

2389 5808 2476 5884 Sic
2509 5811 2666 5884 igitur
2696 5810 2983 5884 Dionysius
3011 5811 3358 5866 collationem
3398 5807 3769 5884 Chaeremonis
3811 5823 3840 5861 ι
3861 5821 3936 5861 ca-

2385 5880 2497 5948 pite
2521 5877 2734 5935 decimo
2758 5877 2952 5937 oriavo
2989 5885 3057 5938 ad
3088 5884 3246 5936 tinem
3274 5895 3446 5949 usque
3466 5877 3827 5947 prosequitur.
