  <div class='ocr_page' id='page_1' title='image "/cluster/home/n/w/nwhite01/storage/ocr_20150623/49/uva.x000827093/482.png"; bbox 0 0 4048 6198; ppageno 0'>
   <div class='ocr_carea' id='block_1_1' title="bbox 126 254 3490 339">
    <p class='ocr_par' dir='ltr' id='par_1_1' title="bbox 126 254 3490 339">
     <span class='ocr_line' id='line_1_1' title="bbox 126 254 3490 339; baseline -0.003 0"><span class='ocrx_word' id='word_1_1' title='bbox 126 282 276 339; x_wconf 70' lang='lat'><strong>949</strong></span> <span class='ocrx_word' id='word_1_2' title='bbox 1133 256 1476 336; x_wconf 57' lang='lat' dir='ltr'><strong>COLLA&#39;I‘IO</strong></span> <span class='ocrx_word' id='word_1_3' title='bbox 1517 254 1869 329; x_wconf 67' lang='lat' dir='ltr'><strong>ium—DE</strong></span> <span class='ocrx_word' id='word_1_4' title='bbox 1910 266 2392 330; x_wconf 81' lang='lat' dir='ltr'><strong>PRO’I‘ECTIONE</strong></span> <span class='ocrx_word' id='word_1_5' title='bbox 2435 272 2568 330; x_wconf 87' lang='lat' dir='ltr'><strong>DEI.</strong></span> <span class='ocrx_word' id='word_1_6' title='bbox 3385 272 3490 329; x_wconf 80' lang='lat'><strong>950</strong></span> 
     </span>
    </p>
   </div>
   <div class='ocr_carea' id='block_1_2' title="bbox 128 385 3489 468">
    <p class='ocr_par' dir='ltr' id='par_1_2' title="bbox 128 385 3489 468">
     <span class='ocr_line' id='line_1_2' title="bbox 128 385 3489 468; baseline -0.005 -11"><span class='ocrx_word' id='word_1_7' title='bbox 128 402 400 457; x_wconf 84' lang='lat' dir='ltr'><strong>tionem</strong></span> <span class='ocrx_word' id='word_1_8' title='bbox 462 403 761 468; x_wconf 85' lang='lat' dir='ltr'><strong>virtutum,</strong></span> <span class='ocrx_word' id='word_1_9' title='bbox 813 398 1323 465; x_wconf 87' lang='lat' dir='ltr'><strong>exsecutionemque</strong></span> <span class='ocrx_word' id='word_1_10' title='bbox 1381 393 1791 459; x_wconf 74' lang='lat' dir='ltr'><strong>mandatorum,</strong></span> <span class='ocrx_word' id='word_1_11' title='bbox 1821 395 1877 455; x_wconf 72' lang='grc' dir='ltr'><strong>Α</strong></span> <span class='ocrx_word' id='word_1_12' title='bbox 1902 390 2083 461; x_wconf 78' lang='lat' dir='ltr'><strong>(Joan.</strong></span> <span class='ocrx_word' id='word_1_13' title='bbox 2114 389 2188 460; x_wconf 88' lang='lat' dir='ltr'><strong>v).</strong></span> <span class='ocrx_word' id='word_1_14' title='bbox 2231 390 2294 444; x_wconf 82' lang='lat' dir='ltr'><strong>Et</strong></span> <span class='ocrx_word' id='word_1_15' title='bbox 2331 408 2344 445; x_wconf 91' lang='lat'><strong>:</strong></span> <span class='ocrx_word' id='word_1_16' title='bbox 2382 385 2578 444; x_wconf 78' lang='lat' dir='ltr'><strong>Beatus</strong></span> <span class='ocrx_word' id='word_1_17' title='bbox 2607 405 2678 455; x_wconf 86' lang='lat' dir='ltr'><strong>es,</strong></span> <span class='ocrx_word' id='word_1_18' title='bbox 2724 388 2909 443; x_wconf 89' lang='lat' dir='ltr'><strong>Simon</strong></span> <span class='ocrx_word' id='word_1_19' title='bbox 2935 385 3192 459; x_wconf 83' lang='lat' dir='ltr'><strong>Barjona,</strong></span> <span class='ocrx_word' id='word_1_20' title='bbox 3239 390 3489 458; x_wconf 86' lang='lat' dir='ltr'><strong>quoniam</strong></span> 
     </span>
    </p>
   </div>
   <div class='ocr_carea' id='block_1_3' title="bbox 136 478 3493 566">
    <p class='ocr_par' dir='ltr' id='par_1_3' title="bbox 136 478 3493 566">
     <span class='ocr_line' id='line_1_3' title="bbox 136 478 3493 566; baseline -0.005 -15"><span class='ocrx_word' id='word_1_21' title='bbox 136 495 479 566; x_wconf 84' lang='lat' dir='ltr'><strong>quomodo</strong></span> <span class='ocrx_word' id='word_1_22' title='bbox 510 508 734 549; x_wconf 90' lang='lat' dir='ltr'><strong>oramus</strong></span> <span class='ocrx_word' id='word_1_23' title='bbox 760 510 773 546; x_wconf 88' lang='lat'><strong>:</strong></span> <span class='ocrx_word' id='word_1_24' title='bbox 804 490 1070 559; x_wconf 77' lang='lat' dir='ltr'><strong>Conﬁrma</strong></span> <span class='ocrx_word' id='word_1_25' title='bbox 1102 487 1223 555; x_wconf 86' lang='lat' dir='ltr'><strong>hoc,</strong></span> <span class='ocrx_word' id='word_1_26' title='bbox 1252 487 1413 557; x_wconf 89' lang='lat' dir='ltr'><strong>Deus,</strong></span> <span class='ocrx_word' id='word_1_27' title='bbox 1447 488 1584 559; x_wconf 91' lang='lat' dir='ltr'><strong>quod</strong></span> <span class='ocrx_word' id='word_1_28' title='bbox 1614 502 1798 556; x_wconf 87' lang='lat' dir='ltr'><strong>opera-</strong></span> <span class='ocrx_word' id='word_1_29' title='bbox 1898 502 2024 541; x_wconf 88' lang='lat' dir='ltr'><strong>caro</strong></span> <span class='ocrx_word' id='word_1_30' title='bbox 2056 496 2104 542; x_wconf 90' lang='lat' dir='ltr'><strong>et</strong></span> <span class='ocrx_word' id='word_1_31' title='bbox 2134 486 2346 556; x_wconf 88' lang='lat' dir='ltr'><strong>sanguis</strong></span> <span class='ocrx_word' id='word_1_32' title='bbox 2372 502 2476 540; x_wconf 87' lang='lat' dir='ltr'><strong>non</strong></span> <span class='ocrx_word' id='word_1_33' title='bbox 2498 484 2736 539; x_wconf 87' lang='lat' dir='ltr'><strong>revelavit</strong></span> <span class='ocrx_word' id='word_1_34' title='bbox 2766 482 2893 547; x_wconf 89' lang='lat' dir='ltr'><strong>tibi;</strong></span> <span class='ocrx_word' id='word_1_35' title='bbox 2928 481 3020 535; x_wconf 89' lang='lat' dir='ltr'><strong>sed</strong></span> <span class='ocrx_word' id='word_1_36' title='bbox 3043 478 3203 535; x_wconf 85' lang='lat' dir='ltr'><strong>Pater</strong></span> <span class='ocrx_word' id='word_1_37' title='bbox 3230 497 3373 535; x_wconf 79' lang='lat' dir='ltr'><strong>meus</strong></span> <span class='ocrx_word' id='word_1_38' title='bbox 3403 482 3493 550; x_wconf 88' lang='lat' dir='ltr'><strong>qui</strong></span> 
     </span>
    </p>
   </div>
   <div class='ocr_carea' id='block_1_4' title="bbox 135 572 3493 657">
    <p class='ocr_par' dir='ltr' id='par_1_4' title="bbox 135 572 3493 657">
     <span class='ocr_line' id='line_1_4' title="bbox 135 572 3493 657; baseline -0.004 -17"><span class='ocrx_word' id='word_1_39' title='bbox 135 598 250 641; x_wconf 81' lang='lat' dir='ltr'><strong>tus</strong></span> <span class='ocrx_word' id='word_1_40' title='bbox 280 604 349 641; x_wconf 85' lang='lat' dir='ltr'><strong>es</strong></span> <span class='ocrx_word' id='word_1_41' title='bbox 374 588 432 640; x_wconf 90' lang='lat' dir='ltr'><strong>in</strong></span> <span class='ocrx_word' id='word_1_42' title='bbox 464 585 609 640; x_wconf 87' lang='lat' dir='ltr'><strong>nobis</strong></span> <span class='ocrx_word' id='word_1_43' title='bbox 636 583 810 657; x_wconf 87' lang='lat' dir='ltr'><strong>(Psal.</strong></span> <span class='ocrx_word' id='word_1_44' title='bbox 837 580 986 653; x_wconf 81' lang='lat' dir='ltr'><strong>Lvn).</strong></span> <span class='ocrx_word' id='word_1_45' title='bbox 1012 582 1098 648; x_wconf 82' lang='lat' dir='ltr'><strong>Et,</strong></span> <span class='ocrx_word' id='word_1_46' title='bbox 1128 580 1298 649; x_wconf 84' lang='lat' dir='ltr'><strong><em>Opera</em></strong></span> <span class='ocrx_word' id='word_1_47' title='bbox 1321 597 1567 634; x_wconf 88' lang='lat' dir='ltr'><strong>manuum</strong></span> <span class='ocrx_word' id='word_1_48' title='bbox 1594 587 1799 632; x_wconf 81' lang='lat' dir='ltr'><strong>nostra-</strong></span> <span class='ocrx_word' id='word_1_49' title='bbox 1899 583 1955 635; x_wconf 89' lang='lat' dir='ltr'><strong>in</strong></span> <span class='ocrx_word' id='word_1_50' title='bbox 1982 581 2123 637; x_wconf 82' lang='lat' dir='ltr'><strong>ccelis</strong></span> <span class='ocrx_word' id='word_1_51' title='bbox 2158 590 2232 635; x_wconf 88' lang='lat' dir='ltr'><strong>est</strong></span> <span class='ocrx_word' id='word_1_52' title='bbox 2254 576 2469 652; x_wconf 73' lang='lat' dir='ltr'><strong>(Matth.</strong></span> <span class='ocrx_word' id='word_1_53' title='bbox 2497 579 2631 645; x_wconf 73' lang='lat' dir='ltr'><strong>xw).</strong></span> <span class='ocrx_word' id='word_1_54' title='bbox 2666 576 2779 632; x_wconf 85' lang='lat' dir='ltr'><strong>Hac</strong></span> <span class='ocrx_word' id='word_1_55' title='bbox 2810 573 2998 645; x_wconf 80' lang='lat' dir='ltr'><strong>regula</strong></span> <span class='ocrx_word' id='word_1_56' title='bbox 3037 572 3173 628; x_wconf 87' lang='lat' dir='ltr'><strong>nulli</strong></span> <span class='ocrx_word' id='word_1_57' title='bbox 3210 572 3493 626; x_wconf 84' lang='lat' dir='ltr'><strong>hominum</strong></span> 
     </span>
    </p>
   </div>
   <div class='ocr_carea' id='block_1_5' title="bbox 138 663 3487 752">
    <p class='ocr_par' dir='ltr' id='par_1_5' title="bbox 138 663 3487 752">
     <span class='ocr_line' id='line_1_5' title="bbox 138 663 3487 752; baseline -0.005 -18"><span class='ocrx_word' id='word_1_58' title='bbox 138 698 294 734; x_wconf 85' lang='lat' dir='ltr'><strong>rum</strong></span> <span class='ocrx_word' id='word_1_59' title='bbox 334 681 511 752; x_wconf 78' lang='lat' dir='ltr'><strong>dirige</strong></span> <span class='ocrx_word' id='word_1_60' title='bbox 553 696 707 749; x_wconf 85' lang='lat' dir='ltr'><strong>super</strong></span> <span class='ocrx_word' id='word_1_61' title='bbox 728 694 818 733; x_wconf 89' lang='lat' dir='ltr'><strong>nos</strong></span> <span class='ocrx_word' id='word_1_62' title='bbox 844 674 1020 747; x_wconf 89' lang='lat' dir='ltr'><strong>(Psal.</strong></span> <span class='ocrx_word' id='word_1_63' title='bbox 1047 673 1271 745; x_wconf 78' lang='lat' dir='ltr'><strong>Lxxxtx)</strong></span> <span class='ocrx_word' id='word_1_64' title='bbox 1296 674 1319 727; x_wconf 68' lang='grc' dir='ltr'><em>Ἰ</em></span> <span class='ocrx_word' id='word_1_65' title='bbox 1340 673 1549 729; x_wconf 83' lang='lat' dir='ltr'><strong>Scimus</strong></span> <span class='ocrx_word' id='word_1_66' title='bbox 1577 672 1796 727; x_wconf 81' lang='lat' dir='ltr'><strong>Balaam</strong></span> <span class='ocrx_word' id='word_1_67' title='bbox 1901 673 2147 727; x_wconf 73' lang='lat' dir='ltr'><strong>aufertur</strong></span> <span class='ocrx_word' id='word_1_68' title='bbox 2185 673 2451 739; x_wconf 89' lang='lat' dir='ltr'><strong>voluntas,</strong></span> <span class='ocrx_word' id='word_1_69' title='bbox 2477 672 2601 739; x_wconf 84' lang='lat' dir='ltr'><strong>quia</strong></span> <span class='ocrx_word' id='word_1_70' title='bbox 2627 668 2798 723; x_wconf 89' lang='lat' dir='ltr'><strong>virtus</strong></span> <span class='ocrx_word' id='word_1_71' title='bbox 2834 666 3023 737; x_wconf 68' lang='lat' dir='ltr'><strong>gratias</strong></span> <span class='ocrx_word' id='word_1_72' title='bbox 3045 680 3153 719; x_wconf 91' lang='lat' dir='ltr'><strong>non</strong></span> <span class='ocrx_word' id='word_1_73' title='bbox 3185 663 3365 719; x_wconf 91' lang='lat' dir='ltr'><strong>hocin</strong></span> <span class='ocrx_word' id='word_1_74' title='bbox 3390 674 3487 717; x_wconf 80' lang='lat' dir='ltr'><strong>vo-</strong></span> 
     </span>
    </p>
   </div>
   <div class='ocr_carea' id='block_1_6' title="bbox 142 754 3493 831">
    <p class='ocr_par' dir='ltr' id='par_1_6' title="bbox 142 754 3493 831">
     <span class='ocr_line' id='line_1_6' title="bbox 142 754 3493 831; baseline -0.005 -5"><span class='ocrx_word' id='word_1_75' title='bbox 142 772 363 826; x_wconf 82' lang='lat' dir='ltr'><strong>fuisse</strong></span> <span class='ocrx_word' id='word_1_76' title='bbox 391 769 725 825; x_wconf 80' lang='lat' dir='ltr'><strong>conducmm</strong></span> <span class='ocrx_word' id='word_1_77' title='bbox 757 764 823 821; x_wconf 86' lang='lat' dir='ltr'><strong>ad</strong></span> <span class='ocrx_word' id='word_1_78' title='bbox 854 766 1293 821; x_wconf 89' lang='lat' dir='ltr'><strong>maledicendum</strong></span> <span class='ocrx_word' id='word_1_79' title='bbox 1322 764 1450 818; x_wconf 86' lang='lat' dir='ltr'><strong>filiis</strong></span> <span class='ocrx_word' id='word_1_80' title='bbox 1478 763 1677 827; x_wconf 82' lang='lat' dir='ltr'><strong>Israel;</strong></span> <span class='ocrx_word' id='word_1_81' title='bbox 1704 759 1800 816; x_wconf 87' lang='lat' dir='ltr'><strong>sed</strong></span> <span class='ocrx_word' id='word_1_82' title='bbox 1904 764 2201 819; x_wconf 88' lang='lat' dir='ltr'><strong>luntatibus</strong></span> <span class='ocrx_word' id='word_1_83' title='bbox 2255 769 2534 831; x_wconf 83' lang='lat' dir='ltr'><strong>Operatur,</strong></span> <span class='ocrx_word' id='word_1_84' title='bbox 2566 768 2626 815; x_wconf 85' lang='lat' dir='ltr'><strong>ut</strong></span> <span class='ocrx_word' id='word_1_85' title='bbox 2655 775 2760 814; x_wconf 91' lang='lat' dir='ltr'><strong>non</strong></span> <span class='ocrx_word' id='word_1_86' title='bbox 2791 759 2921 825; x_wconf 90' lang='lat' dir='ltr'><strong>sint,</strong></span> <span class='ocrx_word' id='word_1_87' title='bbox 2954 757 3050 813; x_wconf 84' lang='lat' dir='ltr'><strong>sed</strong></span> <span class='ocrx_word' id='word_1_88' title='bbox 3101 766 3158 812; x_wconf 93' lang='lat' dir='ltr'><strong>ut</strong></span> <span class='ocrx_word' id='word_1_89' title='bbox 3212 770 3282 812; x_wconf 81' lang='lat' dir='ltr'><strong>ex</strong></span> <span class='ocrx_word' id='word_1_90' title='bbox 3330 754 3493 810; x_wconf 79' lang='lat' dir='ltr'><strong>malis</strong></span> 
     </span>
    </p>
   </div>
   <div class='ocr_carea' id='block_1_7' title="bbox 150 850 3499 930">
    <p class='ocr_par' dir='ltr' id='par_1_7' title="bbox 150 850 3499 930">
     <span class='ocr_line' id='line_1_7' title="bbox 150 850 3499 930; baseline -0.005 -12"><span class='ocrx_word' id='word_1_91' title='bbox 150 862 451 918; x_wconf 83' lang='lat' dir='ltr'><strong>videmus</strong></span> <span class='ocrx_word' id='word_1_92' title='bbox 481 860 582 917; x_wconf 87' lang='lat' dir='ltr'><strong>sibi</strong></span> <span class='ocrx_word' id='word_1_93' title='bbox 618 860 672 915; x_wconf 91' lang='lat' dir='ltr'><strong>id</strong></span> <span class='ocrx_word' id='word_1_94' title='bbox 705 860 940 930; x_wconf 89' lang='lat' dir='ltr'><strong>cupienti</strong></span> <span class='ocrx_word' id='word_1_95' title='bbox 964 873 1072 915; x_wconf 89' lang='lat' dir='ltr'><strong>non</strong></span> <span class='ocrx_word' id='word_1_96' title='bbox 1106 874 1227 913; x_wconf 88' lang='lat' dir='ltr'><strong>esse</strong></span> <span class='ocrx_word' id='word_1_97' title='bbox 1258 856 1579 928; x_wconf 88' lang='lat' dir='ltr'><strong>permissum</strong></span> <span class='ocrx_word' id='word_1_98' title='bbox 1606 854 1799 928; x_wconf 80' lang='lat' dir='ltr'><strong>(Num.</strong></span> <span class='ocrx_word' id='word_1_99' title='bbox 1906 860 2090 925; x_wconf 62' lang='lat' dir='ltr'><strong>bonae,</strong></span> <span class='ocrx_word' id='word_1_100' title='bbox 2114 866 2169 913; x_wconf 90' lang='lat' dir='ltr'><strong>et</strong></span> <span class='ocrx_word' id='word_1_101' title='bbox 2197 871 2265 912; x_wconf 80' lang='lat' dir='ltr'><strong>ex</strong></span> <span class='ocrx_word' id='word_1_102' title='bbox 2294 854 2607 911; x_wconf 90' lang='lat' dir='ltr'><strong>inﬁdelibus</strong></span> <span class='ocrx_word' id='word_1_103' title='bbox 2631 852 2741 908; x_wconf 85' lang='lat' dir='ltr'><strong>sint</strong></span> <span class='ocrx_word' id='word_1_104' title='bbox 2769 852 2975 917; x_wconf 86' lang='lat' dir='ltr'><strong>ﬁdeles,</strong></span> <span class='ocrx_word' id='word_1_105' title='bbox 3005 856 3060 906; x_wconf 88' lang='lat' dir='ltr'><strong>et</strong></span> <span class='ocrx_word' id='word_1_106' title='bbox 3085 850 3177 921; x_wconf 86' lang='lat' dir='ltr'><strong>qui</strong></span> <span class='ocrx_word' id='word_1_107' title='bbox 3203 864 3270 904; x_wconf 85' lang='lat' dir='ltr'><strong>ex</strong></span> <span class='ocrx_word' id='word_1_108' title='bbox 3295 857 3499 903; x_wconf 87' lang='lat' dir='ltr'><strong>semet-</strong></span> 
     </span>
    </p>
   </div>
   <div class='ocr_carea' id='block_1_8' title="bbox 150 939 3497 1026">
    <p class='ocr_par' dir='ltr' id='par_1_8' title="bbox 150 939 3497 1026">
     <span class='ocr_line' id='line_1_8' title="bbox 150 939 3497 1026; baseline -0.004 -16"><span class='ocrx_word' id='word_1_109' title='bbox 150 957 359 1026; x_wconf 79' lang='lat' dir='ltr'><strong>xm).</strong></span> <span class='ocrx_word' id='word_1_110' title='bbox 387 954 707 1010; x_wconf 86' lang='lat' dir='ltr'><strong>Custoditus</strong></span> <span class='ocrx_word' id='word_1_111' title='bbox 736 963 820 1008; x_wconf 90' lang='lat' dir='ltr'><strong>est</strong></span> <span class='ocrx_word' id='word_1_112' title='bbox 862 950 1208 1017; x_wconf 80' lang='lat' dir='ltr'><strong>Abimelcch,</strong></span> <span class='ocrx_word' id='word_1_113' title='bbox 1239 967 1307 1006; x_wconf 93' lang='lat' dir='ltr'><strong>ne</strong></span> <span class='ocrx_word' id='word_1_114' title='bbox 1344 950 1644 1006; x_wconf 81' lang='lat' dir='ltr'><strong>Rebeccam</strong></span> <span class='ocrx_word' id='word_1_115' title='bbox 1688 957 1806 1004; x_wconf 87' lang='lat' dir='ltr'><strong>tan-</strong></span> <span class='ocrx_word' id='word_1_116' title='bbox 1906 949 2037 1019; x_wconf 88' lang='lat' dir='ltr'><strong>ipsis</strong></span> <span class='ocrx_word' id='word_1_117' title='bbox 2059 958 2211 1003; x_wconf 88' lang='lat' dir='ltr'><strong>erant</strong></span> <span class='ocrx_word' id='word_1_118' title='bbox 2238 949 2487 1004; x_wconf 63' lang='lat' dir='ltr'><strong>tenebrae</strong></span> <span class='ocrx_word' id='word_1_119' title='bbox 2528 946 2620 1001; x_wconf 81' lang='lat' dir='ltr'><strong>lux</strong></span> <span class='ocrx_word' id='word_1_120' title='bbox 2651 943 2959 1001; x_wconf 83' lang='lat' dir='ltr'><strong>efﬁciantur</strong></span> <span class='ocrx_word' id='word_1_121' title='bbox 2984 942 3038 999; x_wconf 90' lang='lat' dir='ltr'><strong>iu</strong></span> <span class='ocrx_word' id='word_1_122' title='bbox 3069 941 3324 1011; x_wconf 88' lang='lat' dir='ltr'><strong>Domino,</strong></span> <span class='ocrx_word' id='word_1_123' title='bbox 3349 939 3497 1011; x_wconf 88' lang='lat' dir='ltr'><strong>quod</strong></span> 
     </span>
    </p>
   </div>
   <div class='ocr_carea' id='block_1_9' title="bbox 155 1032 3497 1122">
    <p class='ocr_par' dir='ltr' id='par_1_9' title="bbox 155 1032 3497 1122">
     <span class='ocr_line' id='line_1_9' title="bbox 155 1032 3497 1122; baseline -0.005 -17"><span class='ocrx_word' id='word_1_124' title='bbox 155 1049 381 1121; x_wconf 82' lang='lat' dir='ltr'><strong>gendo</strong></span> <span class='ocrx_word' id='word_1_125' title='bbox 429 1058 680 1122; x_wconf 87' lang='lat' dir='ltr'><strong>peccaret</strong></span> <span class='ocrx_word' id='word_1_126' title='bbox 709 1046 763 1101; x_wconf 92' lang='lat' dir='ltr'><strong>in</strong></span> <span class='ocrx_word' id='word_1_127' title='bbox 797 1048 1086 1101; x_wconf 89' lang='lat' dir='ltr'><strong>Dominum</strong></span> <span class='ocrx_word' id='word_1_128' title='bbox 1138 1045 1367 1117; x_wconf 90' lang='lat' dir='ltr'><strong>(Genes.</strong></span> <span class='ocrx_word' id='word_1_129' title='bbox 1401 1063 1496 1101; x_wconf 78' lang='lat' dir='ltr'><strong>xxi</strong></span> <span class='ocrx_word' id='word_1_130' title='bbox 1518 1046 1559 1117; x_wconf 94' lang='lat'><strong>).</strong></span> <span class='ocrx_word' id='word_1_131' title='bbox 1600 1044 1802 1115; x_wconf 89' lang='lat' dir='ltr'><strong>Joseph</strong></span> <span class='ocrx_word' id='word_1_132' title='bbox 1906 1052 2179 1099; x_wconf 88' lang='lat' dir='ltr'><strong>mortuum</strong></span> <span class='ocrx_word' id='word_1_133' title='bbox 2204 1032 3497 1109; x_wconf 82' lang='lat' dir='ltr'><strong>eratvivlflcetur,quodjacebaterigatur,quod</strong></span> 
     </span>
    </p>
   </div>
   <div class='ocr_carea' id='block_1_10' title="bbox 160 1127 3497 1205">
    <p class='ocr_par' dir='ltr' id='par_1_10' title="bbox 160 1127 3497 1205">
     <span class='ocr_line' id='line_1_10' title="bbox 160 1127 3497 1205; baseline -0.005 -9"><span class='ocrx_word' id='word_1_134' title='bbox 160 1143 435 1198; x_wconf 75' lang='lat' dir='ltr'><strong>fratrum</strong></span> <span class='ocrx_word' id='word_1_135' title='bbox 465 1142 637 1197; x_wconf 87' lang='lat' dir='ltr'><strong>livore</strong></span> <span class='ocrx_word' id='word_1_136' title='bbox 661 1149 747 1196; x_wconf 90' lang='lat' dir='ltr'><strong>est</strong></span> <span class='ocrx_word' id='word_1_137' title='bbox 771 1140 1059 1205; x_wconf 88' lang='lat' dir='ltr'><strong>venditus;</strong></span> <span class='ocrx_word' id='word_1_138' title='bbox 1090 1148 1145 1193; x_wconf 90' lang='lat' dir='ltr'><strong>ut</strong></span> <span class='ocrx_word' id='word_1_139' title='bbox 1174 1139 1328 1194; x_wconf 87' lang='lat' dir='ltr'><strong>ﬁeret</strong></span> <span class='ocrx_word' id='word_1_140' title='bbox 1352 1140 1639 1194; x_wconf 84' lang='lat' dir='ltr'><strong>descensio</strong></span> <span class='ocrx_word' id='word_1_141' title='bbox 1665 1140 1803 1193; x_wconf 89' lang='lat' dir='ltr'><strong>lilio-</strong></span> <span class='ocrx_word' id='word_1_142' title='bbox 1906 1136 2144 1205; x_wconf 89' lang='lat' dir='ltr'><strong>perierat</strong></span> <span class='ocrx_word' id='word_1_143' title='bbox 2174 1135 2502 1189; x_wconf 77' lang='lat' dir='ltr'><strong>inveniatur.</strong></span> <span class='ocrx_word' id='word_1_144' title='bbox 2529 1133 2643 1187; x_wconf 90' lang='lat' dir='ltr'><strong>Hoc</strong></span> <span class='ocrx_word' id='word_1_145' title='bbox 2668 1133 2722 1186; x_wconf 90' lang='lat' dir='ltr'><strong>in</strong></span> <span class='ocrx_word' id='word_1_146' title='bbox 2747 1128 2996 1187; x_wconf 88' lang='lat' dir='ltr'><strong>omnibus</strong></span> <span class='ocrx_word' id='word_1_147' title='bbox 3023 1144 3241 1199; x_wconf 88' lang='lat' dir='ltr'><strong>prorsus</strong></span> <span class='ocrx_word' id='word_1_148' title='bbox 3261 1127 3497 1182; x_wconf 87' lang='lat' dir='ltr'><strong>homini-</strong></span> 
     </span>
    </p>
   </div>
   <div class='ocr_carea' id='block_1_11' title="bbox 165 1223 3497 1306">
    <p class='ocr_par' dir='ltr' id='par_1_11' title="bbox 165 1223 3497 1306">
     <span class='ocr_line' id='line_1_11' title="bbox 165 1223 3497 1306; baseline -0.005 -16"><span class='ocrx_word' id='word_1_149' title='bbox 165 1252 324 1291; x_wconf 85' lang='lat' dir='ltr'><strong>rum</strong></span> <span class='ocrx_word' id='word_1_150' title='bbox 360 1233 414 1290; x_wconf 92' lang='lat' dir='ltr'><strong>in</strong></span> <span class='ocrx_word' id='word_1_151' title='bbox 442 1233 755 1306; x_wconf 66' lang='lat' dir='ltr'><strong>Egyptum,</strong></span> <span class='ocrx_word' id='word_1_152' title='bbox 783 1245 834 1290; x_wconf 89' lang='lat' dir='ltr'><strong>et</strong></span> <span class='ocrx_word' id='word_1_153' title='bbox 864 1233 972 1288; x_wconf 90' lang='lat' dir='ltr'><strong>illis</strong></span> <span class='ocrx_word' id='word_1_154' title='bbox 1014 1234 1082 1289; x_wconf 91' lang='lat' dir='ltr'><strong>de</strong></span> <span class='ocrx_word' id='word_1_155' title='bbox 1111 1248 1244 1288; x_wconf 88' lang='lat' dir='ltr'><strong>nece</strong></span> <span class='ocrx_word' id='word_1_156' title='bbox 1274 1232 1477 1303; x_wconf 85' lang='lat' dir='ltr'><strong>Josepb</strong></span> <span class='ocrx_word' id='word_1_157' title='bbox 1521 1233 1805 1288; x_wconf 88' lang='lat' dir='ltr'><strong>tractanti-</strong></span> <span class='ocrx_word' id='word_1_158' title='bbox 1907 1225 2027 1291; x_wconf 88' lang='lat' dir='ltr'><strong>bus,</strong></span> <span class='ocrx_word' id='word_1_159' title='bbox 2061 1229 2151 1300; x_wconf 89' lang='lat' dir='ltr'><strong>qui</strong></span> <span class='ocrx_word' id='word_1_160' title='bbox 2183 1237 2439 1282; x_wconf 89' lang='lat' dir='ltr'><strong>eruuntur</strong></span> <span class='ocrx_word' id='word_1_161' title='bbox 2461 1229 2523 1280; x_wconf 90' lang='lat' dir='ltr'><strong>de</strong></span> <span class='ocrx_word' id='word_1_162' title='bbox 2545 1234 2794 1294; x_wconf 76' lang='lat' dir='ltr'><strong>potestate</strong></span> <span class='ocrx_word' id='word_1_163' title='bbox 2823 1223 3168 1291; x_wconf 85' lang='lat' dir='ltr'><strong>tenebrarum,</strong></span> <span class='ocrx_word' id='word_1_164' title='bbox 3202 1231 3250 1275; x_wconf 88' lang='lat' dir='ltr'><strong>et</strong></span> <span class='ocrx_word' id='word_1_165' title='bbox 3273 1225 3497 1291; x_wconf 77' lang='lat' dir='ltr'><strong>transfe-</strong></span> 
     </span>
    </p>
   </div>
   <div class='ocr_carea' id='block_1_12' title="bbox 165 1312 3496 1402">
    <p class='ocr_par' dir='ltr' id='par_1_12' title="bbox 165 1312 3496 1402">
     <span class='ocr_line' id='line_1_12' title="bbox 165 1312 3496 1402; baseline -0.006 -15"><span class='ocrx_word' id='word_1_166' title='bbox 165 1331 299 1387; x_wconf 83' lang='lat' dir='ltr'><strong>bus</strong></span> <span class='ocrx_word' id='word_1_167' title='bbox 336 1331 718 1402; x_wconf 80' lang='lat' dir='ltr'><strong>provideretur</strong></span> <span class='ocrx_word' id='word_1_168' title='bbox 752 1330 877 1383; x_wconf 88' lang='lat' dir='ltr'><strong>fami</strong></span> <span class='ocrx_word' id='word_1_169' title='bbox 908 1328 1123 1395; x_wconf 65' lang='lat' dir='ltr'><strong>futurae,</strong></span> <span class='ocrx_word' id='word_1_170' title='bbox 1150 1328 1293 1398; x_wconf 89' lang='lat' dir='ltr'><strong>quod</strong></span> <span class='ocrx_word' id='word_1_171' title='bbox 1342 1328 1543 1399; x_wconf 78' lang='lat' dir='ltr'><strong>Joseph</strong></span> <span class='ocrx_word' id='word_1_172' title='bbox 1571 1344 1598 1381; x_wconf 88' lang='lat' dir='ltr'><strong>a</strong></span> <span class='ocrx_word' id='word_1_173' title='bbox 1624 1327 1802 1383; x_wconf 75' lang='lat' dir='ltr'><strong>fratri-</strong></span> <span class='ocrx_word' id='word_1_174' title='bbox 1906 1330 2094 1375; x_wconf 86' lang='lat' dir='ltr'><strong>runtur</strong></span> <span class='ocrx_word' id='word_1_175' title='bbox 2114 1320 2169 1374; x_wconf 86' lang='lat' dir='ltr'><strong>in</strong></span> <span class='ocrx_word' id='word_1_176' title='bbox 2210 1336 2424 1391; x_wconf 84' lang='lat' dir='ltr'><strong>regnum</strong></span> <span class='ocrx_word' id='word_1_177' title='bbox 2448 1316 2743 1372; x_wconf 89' lang='lat' dir='ltr'><strong>dilectionis</strong></span> <span class='ocrx_word' id='word_1_178' title='bbox 2770 1316 2994 1389; x_wconf 87' lang='lat' dir='ltr'><strong>(Coloss.</strong></span> <span class='ocrx_word' id='word_1_179' title='bbox 3026 1314 3078 1385; x_wconf 82' lang='grc' dir='ltr'><strong>ι)</strong></span> <span class='ocrx_word' id='word_1_180' title='bbox 3106 1315 3197 1369; x_wconf 88' lang='lat' dir='ltr'><strong>lilii</strong></span> <span class='ocrx_word' id='word_1_181' title='bbox 3220 1312 3343 1380; x_wconf 79' lang='lat' dir='ltr'><strong>Dei,</strong></span> <span class='ocrx_word' id='word_1_182' title='bbox 3377 1313 3496 1368; x_wconf 85' lang='lat' dir='ltr'><strong>sine</strong></span> 
     </span>
    </p>
   </div>
   <div class='ocr_carea' id='block_1_13' title="bbox 170 1410 3498 1493">
    <p class='ocr_par' dir='ltr' id='par_1_13' title="bbox 170 1410 3498 1493">
     <span class='ocr_line' id='line_1_13' title="bbox 170 1410 3498 1493; baseline -0.005 -15"><span class='ocrx_word' id='word_1_183' title='bbox 170 1423 299 1478; x_wconf 83' lang='lat' dir='ltr'><strong>bus</strong></span> <span class='ocrx_word' id='word_1_184' title='bbox 330 1424 553 1493; x_wconf 82' lang='lat' dir='ltr'><strong>agnitus</strong></span> <span class='ocrx_word' id='word_1_185' title='bbox 574 1432 786 1478; x_wconf 76' lang='lat' dir='ltr'><strong>reserat</strong></span> <span class='ocrx_word' id='word_1_186' title='bbox 811 1422 998 1478; x_wconf 87' lang='lat' dir='ltr'><strong>dicens</strong></span> <span class='ocrx_word' id='word_1_187' title='bbox 1027 1439 1040 1475; x_wconf 89' lang='lat'><strong>:</strong></span> <span class='ocrx_word' id='word_1_188' title='bbox 1065 1420 1240 1475; x_wconf 82' lang='lat' dir='ltr'><strong>Nolite</strong></span> <span class='ocrx_word' id='word_1_189' title='bbox 1263 1437 1466 1490; x_wconf 87' lang='lat' dir='ltr'><strong>pavere,</strong></span> <span class='ocrx_word' id='word_1_190' title='bbox 1496 1439 1586 1474; x_wconf 89' lang='lat' dir='ltr'><strong>nec</strong></span> <span class='ocrx_word' id='word_1_191' title='bbox 1611 1421 1802 1475; x_wconf 82' lang='lat' dir='ltr'><strong>durum</strong></span> <span class='ocrx_word' id='word_1_192' title='bbox 1906 1416 2226 1485; x_wconf 86' lang='lat' dir='ltr'><strong>cujusquam</strong></span> <span class='ocrx_word' id='word_1_193' title='bbox 2256 1415 2575 1484; x_wconf 82' lang='lat' dir='ltr'><strong>exceptione</strong></span> <span class='ocrx_word' id='word_1_194' title='bbox 2608 1428 2857 1483; x_wconf 83' lang='lat' dir='ltr'><strong>personae</strong></span> <span class='ocrx_word' id='word_1_195' title='bbox 2890 1426 3054 1482; x_wconf 83' lang='lat' dir='ltr'><strong>agere</strong></span> <span class='ocrx_word' id='word_1_196' title='bbox 3077 1410 3351 1466; x_wconf 88' lang='lat' dir='ltr'><strong>credimus</strong></span> <span class='ocrx_word' id='word_1_197' title='bbox 3373 1424 3498 1478; x_wconf 84' lang='lat' dir='ltr'><strong>gra-</strong></span> 
     </span>
    </p>
   </div>
   <div class='ocr_carea' id='block_1_14' title="bbox 170 1504 3497 1588">
    <p class='ocr_par' dir='ltr' id='par_1_14' title="bbox 170 1504 3497 1588">
     <span class='ocr_line' id='line_1_14' title="bbox 170 1504 3497 1588; baseline -0.005 -16"><span class='ocrx_word' id='word_1_198' title='bbox 170 1518 340 1573; x_wconf 84' lang='lat' dir='ltr'><strong>vobis</strong></span> <span class='ocrx_word' id='word_1_199' title='bbox 372 1518 610 1571; x_wconf 82' lang='lat' dir='ltr'><strong>videatur</strong></span> <span class='ocrx_word' id='word_1_200' title='bbox 654 1517 793 1588; x_wconf 89' lang='lat' dir='ltr'><strong>quod</strong></span> <span class='ocrx_word' id='word_1_201' title='bbox 832 1516 1143 1569; x_wconf 87' lang='lat' dir='ltr'><strong>vendidistis</strong></span> <span class='ocrx_word' id='word_1_202' title='bbox 1174 1531 1252 1567; x_wconf 90' lang='lat' dir='ltr'><strong>me</strong></span> <span class='ocrx_word' id='word_1_203' title='bbox 1276 1513 1330 1568; x_wconf 90' lang='lat' dir='ltr'><strong>in</strong></span> <span class='ocrx_word' id='word_1_204' title='bbox 1367 1514 1445 1567; x_wconf 89' lang='lat' dir='ltr'><strong>his</strong></span> <span class='ocrx_word' id='word_1_205' title='bbox 1476 1515 1792 1582; x_wconf 76' lang='lat' dir='ltr'><strong>regionibus.</strong></span> <span class='ocrx_word' id='word_1_206' title='bbox 1907 1511 2034 1564; x_wconf 89' lang='lat' dir='ltr'><strong>tiam</strong></span> <span class='ocrx_word' id='word_1_207' title='bbox 2083 1508 2403 1566; x_wconf 87' lang='lat' dir='ltr'><strong>Salvatoris.</strong></span> <span class='ocrx_word' id='word_1_208' title='bbox 2436 1509 2569 1576; x_wconf 84' lang='lat' dir='ltr'><strong>Quia</strong></span> <span class='ocrx_word' id='word_1_209' title='bbox 2602 1510 2741 1562; x_wconf 87' lang='lat' dir='ltr'><strong>sicut</strong></span> <span class='ocrx_word' id='word_1_210' title='bbox 2773 1508 2861 1561; x_wconf 85' lang='lat' dir='ltr'><strong>hic</strong></span> <span class='ocrx_word' id='word_1_211' title='bbox 2883 1504 3114 1578; x_wconf 84' lang='lat' dir='ltr'><strong>[Auctor</strong></span> <span class='ocrx_word' id='word_1_212' title='bbox 3143 1504 3302 1574; x_wconf 85' lang='lat' dir='ltr'><strong>hujus</strong></span> <span class='ocrx_word' id='word_1_213' title='bbox 3329 1504 3497 1559; x_wconf 84' lang='lat' dir='ltr'><strong>colla-</strong></span> 
     </span>
    </p>
   </div>
   <div class='ocr_carea' id='block_1_15' title="bbox 176 1596 3498 1677">
    <p class='ocr_par' dir='ltr' id='par_1_15' title="bbox 176 1596 3498 1677">
     <span class='ocr_line' id='line_1_15' title="bbox 176 1596 3498 1677; baseline -0.004 -15"><span class='ocrx_word' id='word_1_214' title='bbox 176 1608 307 1663; x_wconf 89' lang='lat' dir='ltr'><strong>Pro</strong></span> <span class='ocrx_word' id='word_1_215' title='bbox 337 1607 510 1662; x_wconf 88' lang='lat' dir='ltr'><strong>salute</strong></span> <span class='ocrx_word' id='word_1_216' title='bbox 533 1609 674 1663; x_wconf 88' lang='lat' dir='ltr'><strong>enim</strong></span> <span class='ocrx_word' id='word_1_217' title='bbox 703 1616 872 1662; x_wconf 88' lang='lat' dir='ltr'><strong>vestra</strong></span> <span class='ocrx_word' id='word_1_218' title='bbox 894 1608 1033 1661; x_wconf 84' lang='lat' dir='ltr'><strong>misit</strong></span> <span class='ocrx_word' id='word_1_219' title='bbox 1061 1622 1139 1660; x_wconf 91' lang='lat' dir='ltr'><strong>me</strong></span> <span class='ocrx_word' id='word_1_220' title='bbox 1170 1604 1309 1661; x_wconf 84' lang='lat' dir='ltr'><strong>Deus</strong></span> <span class='ocrx_word' id='word_1_221' title='bbox 1340 1616 1458 1659; x_wconf 87' lang='lat' dir='ltr'><strong>ante</strong></span> <span class='ocrx_word' id='word_1_222' title='bbox 1480 1622 1565 1662; x_wconf 83' lang='lat' dir='ltr'><strong>vos</strong></span> <span class='ocrx_word' id='word_1_223' title='bbox 1591 1603 1799 1677; x_wconf 86' lang='lat' dir='ltr'><strong>(Genes.</strong></span> <span class='ocrx_word' id='word_1_224' title='bbox 1906 1598 2093 1673; x_wconf 80' lang='lat' dir='ltr'><strong>tionis]</strong></span> <span class='ocrx_word' id='word_1_225' title='bbox 2145 1602 2285 1657; x_wconf 90' lang='lat' dir='ltr'><strong>idem</strong></span> <span class='ocrx_word' id='word_1_226' title='bbox 2337 1601 2695 1672; x_wconf 85' lang='lat' dir='ltr'><strong>probabiliter</strong></span> <span class='ocrx_word' id='word_1_227' title='bbox 2744 1599 3014 1664; x_wconf 81' lang='lat' dir='ltr'><strong>definivit,</strong></span> <span class='ocrx_word' id='word_1_228' title='bbox 3047 1596 3277 1653; x_wconf 89' lang='lat' dir='ltr'><strong>dicimus</strong></span> <span class='ocrx_word' id='word_1_229' title='bbox 3334 1605 3498 1665; x_wconf 88' lang='lat' dir='ltr'><strong>atque</strong></span> 
     </span>
    </p>
   </div>
   <div class='ocr_carea' id='block_1_16' title="bbox 177 1688 3499 1774">
    <p class='ocr_par' dir='ltr' id='par_1_16' title="bbox 177 1688 3499 1774">
     <span class='ocr_line' id='line_1_16' title="bbox 177 1688 3499 1774; baseline -0.004 -18"><span class='ocrx_word' id='word_1_230' title='bbox 177 1700 353 1774; x_wconf 74' lang='lat' dir='ltr'><strong>xu).</strong></span> <span class='ocrx_word' id='word_1_231' title='bbox 384 1702 452 1756; x_wconf 88' lang='lat' dir='ltr'><strong>Et</strong></span> <span class='ocrx_word' id='word_1_232' title='bbox 482 1716 672 1756; x_wconf 89' lang='lat' dir='ltr'><strong>rursus</strong></span> <span class='ocrx_word' id='word_1_233' title='bbox 704 1715 719 1754; x_wconf 88' lang='lat'>:</span> <span class='ocrx_word' id='word_1_234' title='bbox 751 1695 1014 1755; x_wconf 81' lang='lat' dir='ltr'><strong>Prtemisit</strong></span> <span class='ocrx_word' id='word_1_235' title='bbox 1044 1700 1186 1767; x_wconf 81' lang='lat' dir='ltr'><strong>enim</strong></span> <span class='ocrx_word' id='word_1_236' title='bbox 1231 1716 1309 1752; x_wconf 88' lang='lat' dir='ltr'><strong>me</strong></span> <span class='ocrx_word' id='word_1_237' title='bbox 1350 1697 1508 1767; x_wconf 89' lang='lat' dir='ltr'><strong>Deus,</strong></span> <span class='ocrx_word' id='word_1_238' title='bbox 1537 1710 1591 1753; x_wconf 90' lang='lat' dir='ltr'><strong>ut</strong></span> <span class='ocrx_word' id='word_1_239' title='bbox 1634 1715 1802 1753; x_wconf 87' lang='lat' dir='ltr'><strong>reser-</strong></span> <span class='ocrx_word' id='word_1_240' title='bbox 1906 1695 2271 1765; x_wconf 87' lang='lat' dir='ltr'><strong>defendimus,</strong></span> <span class='ocrx_word' id='word_1_241' title='bbox 2305 1709 2411 1749; x_wconf 90' lang='lat' dir='ltr'><strong>non</strong></span> <span class='ocrx_word' id='word_1_242' title='bbox 2444 1695 2622 1749; x_wconf 88' lang='lat' dir='ltr'><strong>solum</strong></span> <span class='ocrx_word' id='word_1_243' title='bbox 2655 1699 2895 1755; x_wconf 85' lang='lat' dir='ltr'><strong>actuum,</strong></span> <span class='ocrx_word' id='word_1_244' title='bbox 2928 1705 3112 1745; x_wconf 89' lang='lat' dir='ltr'><strong>verum</strong></span> <span class='ocrx_word' id='word_1_245' title='bbox 3144 1689 3309 1743; x_wconf 89' lang='lat' dir='ltr'><strong>etiam</strong></span> <span class='ocrx_word' id='word_1_246' title='bbox 3345 1688 3499 1757; x_wconf 83' lang='lat' dir='ltr'><strong>cogi-</strong></span> 
     </span>
    </p>
   </div>
   <div class='ocr_carea' id='block_1_17' title="bbox 179 1778 3500 1861">
    <p class='ocr_par' dir='ltr' id='par_1_17' title="bbox 179 1778 3500 1861">
     <span class='ocr_line' id='line_1_17' title="bbox 179 1778 3500 1861; baseline -0.005 -14"><span class='ocrx_word' id='word_1_247' title='bbox 179 1792 393 1847; x_wconf 77' lang='lat' dir='ltr'><strong>oemini</strong></span> <span class='ocrx_word' id='word_1_248' title='bbox 419 1808 576 1860; x_wconf 82' lang='lat' dir='ltr'><strong>super</strong></span> <span class='ocrx_word' id='word_1_249' title='bbox 608 1801 821 1856; x_wconf 87' lang='lat' dir='ltr'><strong>terram,</strong></span> <span class='ocrx_word' id='word_1_250' title='bbox 847 1798 895 1843; x_wconf 88' lang='lat' dir='ltr'><strong>et</strong></span> <span class='ocrx_word' id='word_1_251' title='bbox 922 1806 1063 1843; x_wconf 81' lang='lat' dir='ltr'><strong>escas</strong></span> <span class='ocrx_word' id='word_1_252' title='bbox 1094 1789 1161 1843; x_wconf 92' lang='lat' dir='ltr'><strong>ad</strong></span> <span class='ocrx_word' id='word_1_253' title='bbox 1189 1791 1455 1844; x_wconf 73' lang='lat' dir='ltr'><strong>vitandum</strong></span> <span class='ocrx_word' id='word_1_254' title='bbox 1479 1788 1663 1843; x_wconf 83' lang='lat' dir='ltr'><strong>habere</strong></span> <span class='ocrx_word' id='word_1_255' title='bbox 1682 1807 1803 1861; x_wconf 91' lang='lat' dir='ltr'><strong>pos-</strong></span> <span class='ocrx_word' id='word_1_256' title='bbox 1834 1783 1883 1845; x_wconf 85' lang='grc' dir='ltr'><strong>Β</strong></span> <span class='ocrx_word' id='word_1_257' title='bbox 1913 1790 2176 1844; x_wconf 85' lang='lat' dir='ltr'><strong>talionum</strong></span> <span class='ocrx_word' id='word_1_258' title='bbox 2222 1787 2489 1843; x_wconf 87' lang='lat' dir='ltr'><strong>bonarum</strong></span> <span class='ocrx_word' id='word_1_259' title='bbox 2536 1801 2603 1840; x_wconf 80' lang='lat' dir='ltr'><strong>ex</strong></span> <span class='ocrx_word' id='word_1_260' title='bbox 2651 1785 2762 1839; x_wconf 88' lang='lat' dir='ltr'><strong>Deo</strong></span> <span class='ocrx_word' id='word_1_261' title='bbox 2829 1797 2951 1838; x_wconf 87' lang='lat' dir='ltr'><strong>esse</strong></span> <span class='ocrx_word' id='word_1_262' title='bbox 2996 1780 3346 1850; x_wconf 85' lang='lat' dir='ltr'><strong>principium,</strong></span> <span class='ocrx_word' id='word_1_263' title='bbox 3405 1778 3500 1849; x_wconf 89' lang='lat' dir='ltr'><strong>qui</strong></span> 
     </span>
    </p>
   </div>
   <div class='ocr_carea' id='block_1_18' title="bbox 182 1872 3501 1951">
    <p class='ocr_par' dir='ltr' id='par_1_18' title="bbox 182 1872 3501 1951">
     <span class='ocr_line' id='line_1_18' title="bbox 182 1872 3501 1951; baseline -0.005 -11"><span class='ocrx_word' id='word_1_264' title='bbox 182 1887 342 1940; x_wconf 83' lang='lat' dir='ltr'><strong>sitis.</strong></span> <span class='ocrx_word' id='word_1_265' title='bbox 376 1884 500 1940; x_wconf 87' lang='lat' dir='ltr'><strong>Non</strong></span> <span class='ocrx_word' id='word_1_266' title='bbox 523 1894 693 1939; x_wconf 86' lang='lat' dir='ltr'><strong>vestro</strong></span> <span class='ocrx_word' id='word_1_267' title='bbox 715 1884 954 1951; x_wconf 88' lang='lat' dir='ltr'><strong>consilio,</strong></span> <span class='ocrx_word' id='word_1_268' title='bbox 978 1882 1066 1938; x_wconf 85' lang='lat' dir='ltr'><strong>sed</strong></span> <span class='ocrx_word' id='word_1_269' title='bbox 1088 1882 1185 1937; x_wconf 87' lang='lat' dir='ltr'><strong>Dei</strong></span> <span class='ocrx_word' id='word_1_270' title='bbox 1207 1883 1466 1937; x_wconf 88' lang='lat' dir='ltr'><strong>voluntate</strong></span> <span class='ocrx_word' id='word_1_271' title='bbox 1486 1882 1589 1936; x_wconf 89' lang='lat' dir='ltr'><strong>huc</strong></span> <span class='ocrx_word' id='word_1_272' title='bbox 1617 1886 1802 1939; x_wconf 85' lang='lat' dir='ltr'><strong>missus</strong></span> <span class='ocrx_word' id='word_1_273' title='bbox 1906 1882 2064 1937; x_wconf 89' lang='lat' dir='ltr'><strong>uobis</strong></span> <span class='ocrx_word' id='word_1_274' title='bbox 2100 1889 2155 1937; x_wconf 89' lang='lat' dir='ltr'><strong>et</strong></span> <span class='ocrx_word' id='word_1_275' title='bbox 2185 1882 2395 1936; x_wconf 89' lang='lat' dir='ltr'><strong>initium</strong></span> <span class='ocrx_word' id='word_1_276' title='bbox 2440 1880 2596 1935; x_wconf 82' lang='lat' dir='ltr'><strong>bonae</strong></span> <span class='ocrx_word' id='word_1_277' title='bbox 2624 1876 2918 1932; x_wconf 85' lang='lat' dir='ltr'><strong>voluntatis</strong></span> <span class='ocrx_word' id='word_1_278' title='bbox 2951 1874 3207 1944; x_wconf 86' lang='lat' dir='ltr'><strong>inspirat,</strong></span> <span class='ocrx_word' id='word_1_279' title='bbox 3239 1881 3297 1927; x_wconf 91' lang='lat' dir='ltr'><strong>et</strong></span> <span class='ocrx_word' id='word_1_280' title='bbox 3326 1872 3501 1926; x_wconf 88' lang='lat' dir='ltr'><strong>virtu-</strong></span> 
     </span>
    </p>
   </div>
   <div class='ocr_carea' id='block_1_19' title="bbox 186 1965 3503 2051">
    <p class='ocr_par' dir='ltr' id='par_1_19' title="bbox 186 1965 3503 2051">
     <span class='ocr_line' id='line_1_19' title="bbox 186 1965 3503 2051; baseline -0.004 -18"><span class='ocrx_word' id='word_1_281' title='bbox 186 1997 341 2045; x_wconf 88' lang='lat' dir='ltr'><strong>sum,</strong></span> <span class='ocrx_word' id='word_1_282' title='bbox 375 1979 465 2050; x_wconf 89' lang='lat' dir='ltr'><strong>qui</strong></span> <span class='ocrx_word' id='word_1_283' title='bbox 495 1979 616 2051; x_wconf 76' lang='lat' dir='ltr'><strong>fecit</strong></span> <span class='ocrx_word' id='word_1_284' title='bbox 635 1996 713 2033; x_wconf 89' lang='lat' dir='ltr'><strong>me</strong></span> <span class='ocrx_word' id='word_1_285' title='bbox 733 1979 882 2050; x_wconf 89' lang='lat' dir='ltr'><strong>quasi</strong></span> <span class='ocrx_word' id='word_1_286' title='bbox 902 1989 1098 2050; x_wconf 88' lang='lat' dir='ltr'><strong>patrem</strong></span> <span class='ocrx_word' id='word_1_287' title='bbox 1119 1978 1434 2044; x_wconf 86' lang='lat' dir='ltr'><strong>Pharaonis,</strong></span> <span class='ocrx_word' id='word_1_288' title='bbox 1458 1988 1505 2033; x_wconf 89' lang='lat' dir='ltr'><strong>et</strong></span> <span class='ocrx_word' id='word_1_289' title='bbox 1536 1980 1803 2033; x_wconf 89' lang='lat' dir='ltr'><strong>dominum</strong></span> <span class='ocrx_word' id='word_1_290' title='bbox 1907 1985 2015 2031; x_wconf 88' lang='lat' dir='ltr'><strong>tem</strong></span> <span class='ocrx_word' id='word_1_291' title='bbox 2044 1985 2203 2045; x_wconf 84' lang='lat' dir='ltr'><strong>atque</strong></span> <span class='ocrx_word' id='word_1_292' title='bbox 2227 1972 2685 2043; x_wconf 84' lang='lat' dir='ltr'><strong>opportunitatem</strong></span> <span class='ocrx_word' id='word_1_293' title='bbox 2710 1985 2903 2027; x_wconf 89' lang='lat' dir='ltr'><strong>eorum</strong></span> <span class='ocrx_word' id='word_1_294' title='bbox 2940 1984 3059 2038; x_wconf 70' lang='lat' dir='ltr'><strong>qua:</strong></span> <span class='ocrx_word' id='word_1_295' title='bbox 3082 1974 3229 2022; x_wconf 90' lang='lat' dir='ltr'><strong>recte</strong></span> <span class='ocrx_word' id='word_1_296' title='bbox 3254 1965 3503 2034; x_wconf 80' lang='lat' dir='ltr'><strong>cupimus</strong></span> 
     </span>
    </p>
   </div>
   <div class='ocr_carea' id='block_1_20' title="bbox 188 2060 3504 2146">
    <p class='ocr_par' dir='ltr' id='par_1_20' title="bbox 188 2060 3504 2146">
     <span class='ocr_line' id='line_1_20' title="bbox 188 2060 3504 2146; baseline -0.005 -19"><span class='ocrx_word' id='word_1_297' title='bbox 188 2075 366 2129; x_wconf 84' lang='lat' dir='ltr'><strong>totius</strong></span> <span class='ocrx_word' id='word_1_298' title='bbox 406 2074 594 2127; x_wconf 89' lang='lat' dir='ltr'><strong>domus</strong></span> <span class='ocrx_word' id='word_1_299' title='bbox 621 2078 757 2146; x_wconf 83' lang='lat' dir='ltr'><strong>ejus,</strong></span> <span class='ocrx_word' id='word_1_300' title='bbox 795 2083 842 2128; x_wconf 92' lang='lat' dir='ltr'><strong>et</strong></span> <span class='ocrx_word' id='word_1_301' title='bbox 863 2075 1153 2146; x_wconf 86' lang='lat' dir='ltr'><strong>principem</strong></span> <span class='ocrx_word' id='word_1_302' title='bbox 1174 2076 1227 2127; x_wconf 88' lang='lat' dir='ltr'><strong>in</strong></span> <span class='ocrx_word' id='word_1_303' title='bbox 1250 2075 1385 2128; x_wconf 89' lang='lat' dir='ltr'><strong>omni</strong></span> <span class='ocrx_word' id='word_1_304' title='bbox 1410 2085 1547 2129; x_wconf 86' lang='lat' dir='ltr'><strong>terra</strong></span> <span class='ocrx_word' id='word_1_305' title='bbox 1577 2074 1805 2146; x_wconf 66' lang='lat' dir='ltr'><strong>diggpti</strong></span> <span class='ocrx_word' id='word_1_306' title='bbox 1906 2066 2097 2121; x_wconf 88' lang='lat' dir='ltr'><strong>tribuit</strong></span> <span class='ocrx_word' id='word_1_307' title='bbox 2152 2064 2487 2136; x_wconf 85' lang='lat' dir='ltr'><strong>peragendi:</strong></span> <span class='ocrx_word' id='word_1_308' title='bbox 2520 2061 2686 2117; x_wconf 86' lang='lat' dir='ltr'><strong>Omne</strong></span> <span class='ocrx_word' id='word_1_309' title='bbox 2724 2063 2868 2118; x_wconf 88' lang='lat' dir='ltr'><strong>enim</strong></span> <span class='ocrx_word' id='word_1_310' title='bbox 2916 2062 3096 2114; x_wconf 88' lang='lat' dir='ltr'><strong>datum</strong></span> <span class='ocrx_word' id='word_1_311' title='bbox 3144 2060 3417 2129; x_wconf 90' lang='lat' dir='ltr'><strong>optimum,</strong></span> <span class='ocrx_word' id='word_1_312' title='bbox 3452 2064 3504 2111; x_wconf 82' lang='lat' dir='ltr'><strong>et</strong></span> 
     </span>
    </p>
   </div>
   <div class='ocr_carea' id='block_1_21' title="bbox 192 2153 3504 2238">
    <p class='ocr_par' dir='ltr' id='par_1_21' title="bbox 192 2153 3504 2238">
     <span class='ocr_line' id='line_1_21' title="bbox 192 2153 3504 2238; baseline -0.004 -19"><span class='ocrx_word' id='word_1_313' title='bbox 192 2167 431 2238; x_wconf 88' lang='lat' dir='ltr'><strong>(Ibid).</strong></span> <span class='ocrx_word' id='word_1_314' title='bbox 460 2167 707 2236; x_wconf 80' lang='lat' dir='ltr'><strong>Cumque</strong></span> <span class='ocrx_word' id='word_1_315' title='bbox 736 2178 858 2238; x_wconf 86' lang='lat' dir='ltr'><strong>post</strong></span> <span class='ocrx_word' id='word_1_316' title='bbox 885 2167 1092 2222; x_wconf 89' lang='lat' dir='ltr'><strong>obitum</strong></span> <span class='ocrx_word' id='word_1_317' title='bbox 1122 2168 1290 2237; x_wconf 81' lang='lat' dir='ltr'><strong>patris</strong></span> <span class='ocrx_word' id='word_1_318' title='bbox 1319 2168 1404 2221; x_wconf 91' lang='lat' dir='ltr'><strong>sui</strong></span> <span class='ocrx_word' id='word_1_319' title='bbox 1435 2167 1676 2223; x_wconf 87' lang='lat' dir='ltr'><strong>auferret</strong></span> <span class='ocrx_word' id='word_1_320' title='bbox 1714 2186 1804 2222; x_wconf 83' lang='lat' dir='ltr'><strong>su-</strong></span> <span class='ocrx_word' id='word_1_321' title='bbox 1907 2176 2056 2213; x_wconf 86' lang='lat' dir='ltr'><strong>omne</strong></span> <span class='ocrx_word' id='word_1_322' title='bbox 2104 2159 2297 2212; x_wconf 86' lang='lat' dir='ltr'><strong>donum</strong></span> <span class='ocrx_word' id='word_1_323' title='bbox 2338 2161 2624 2229; x_wconf 77' lang='lat' dir='ltr'><strong>perfectum</strong></span> <span class='ocrx_word' id='word_1_324' title='bbox 2671 2156 2941 2211; x_wconf 82' lang='lat' dir='ltr'><strong>desursum</strong></span> <span class='ocrx_word' id='word_1_325' title='bbox 2991 2163 3091 2221; x_wconf 90' lang='lat' dir='ltr'><strong>est,</strong></span> <span class='ocrx_word' id='word_1_326' title='bbox 3124 2153 3439 2208; x_wconf 78' lang='lat' dir='ltr'><strong>descendens</strong></span> <span class='ocrx_word' id='word_1_327' title='bbox 3470 2168 3504 2206; x_wconf 89' lang='lat' dir='ltr'><strong>a</strong></span> 
     </span>
    </p>
   </div>
   <div class='ocr_carea' id='block_1_22' title="bbox 195 2259 1805 2330">
    <p class='ocr_par' dir='ltr' id='par_1_22' title="bbox 195 2259 1805 2330">
     <span class='ocr_line' id='line_1_22' title="bbox 195 2259 1805 2330; baseline 0 -15"><span class='ocrx_word' id='word_1_328' title='bbox 195 2260 513 2330; x_wconf 80' lang='lat' dir='ltr'><strong>SpiciOuem</strong></span> <span class='ocrx_word' id='word_1_329' title='bbox 546 2261 761 2315; x_wconf 87' lang='lat' dir='ltr'><strong>timoris</strong></span> <span class='ocrx_word' id='word_1_330' title='bbox 791 2259 1209 2316; x_wconf 82' lang='lat' dir='ltr'><strong>formidantibus</strong></span> <span class='ocrx_word' id='word_1_331' title='bbox 1233 2259 1495 2317; x_wconf 86' lang='lat' dir='ltr'><strong>fratribus</strong></span> <span class='ocrx_word' id='word_1_332' title='bbox 1519 2262 1631 2317; x_wconf 90' lang='lat' dir='ltr'><strong>suis</strong></span> <span class='ocrx_word' id='word_1_333' title='bbox 1655 2281 1665 2315; x_wconf 89' lang='lat'><strong>:</strong></span> <span class='ocrx_word' id='word_1_334' title='bbox 1689 2261 1805 2316; x_wconf 84' lang='lat' dir='ltr'><strong>No—</strong></span> 
     </span>
    </p>
   </div>
   <div class='ocr_carea' id='block_1_23' title="bbox 199 2354 1804 2425">
    <p class='ocr_par' dir='ltr' id='par_1_23' title="bbox 199 2354 1804 2425">
     <span class='ocr_line' id='line_1_23' title="bbox 199 2354 1804 2425; baseline 0.001 -17"><span class='ocrx_word' id='word_1_335' title='bbox 199 2356 322 2420; x_wconf 84' lang='lat' dir='ltr'><strong>lite,</strong></span> <span class='ocrx_word' id='word_1_336' title='bbox 360 2355 553 2424; x_wconf 91' lang='lat' dir='ltr'><strong>inquit,</strong></span> <span class='ocrx_word' id='word_1_337' title='bbox 584 2355 782 2421; x_wconf 87' lang='lat' dir='ltr'><strong>timere,</strong></span> <span class='ocrx_word' id='word_1_338' title='bbox 816 2355 1064 2424; x_wconf 86' lang='lat' dir='ltr'><strong>numquid</strong></span> <span class='ocrx_word' id='word_1_339' title='bbox 1112 2354 1211 2409; x_wconf 85' lang='lat' dir='ltr'><strong>Dei</strong></span> <span class='ocrx_word' id='word_1_340' title='bbox 1252 2357 1486 2410; x_wconf 83' lang='lat' dir='ltr'><strong>resistere</strong></span> <span class='ocrx_word' id='word_1_341' title='bbox 1526 2373 1804 2425; x_wconf 86' lang='lat' dir='ltr'><strong>possumus</strong></span> 
     </span>
    </p>
   </div>
   <div class='ocr_carea' id='block_1_24' title="bbox 198 2448 1805 2519">
    <p class='ocr_par' dir='ltr' id='par_1_24' title="bbox 198 2448 1805 2519">
     <span class='ocr_line' id='line_1_24' title="bbox 198 2448 1805 2519; baseline 0 -16"><span class='ocrx_word' id='word_1_342' title='bbox 198 2449 504 2503; x_wconf 85' lang='lat' dir='ltr'><strong>voluntati?</strong></span> <span class='ocrx_word' id='word_1_343' title='bbox 543 2448 643 2503; x_wconf 77' lang='lat' dir='ltr'><strong>Vos</strong></span> <span class='ocrx_word' id='word_1_344' title='bbox 663 2450 928 2519; x_wconf 84' lang='lat' dir='ltr'><strong>cogitastis</strong></span> <span class='ocrx_word' id='word_1_345' title='bbox 954 2450 1228 2503; x_wconf 84' lang='lat' dir='ltr'><strong>adversum</strong></span> <span class='ocrx_word' id='word_1_346' title='bbox 1255 2465 1335 2503; x_wconf 89' lang='lat' dir='ltr'><strong>me</strong></span> <span class='ocrx_word' id='word_1_347' title='bbox 1353 2451 1564 2513; x_wconf 89' lang='lat' dir='ltr'><strong>malum,</strong></span> <span class='ocrx_word' id='word_1_348' title='bbox 1594 2462 1640 2504; x_wconf 88' lang='lat' dir='ltr'><strong>et</strong></span> <span class='ocrx_word' id='word_1_349' title='bbox 1664 2449 1805 2503; x_wconf 85' lang='lat' dir='ltr'><strong>Deus</strong></span> 
     </span>
    </p>
   </div>
   <div class='ocr_carea' id='block_1_25' title="bbox 200 2518 1807 2610">
    <p class='ocr_par' dir='ltr' id='par_1_25' title="bbox 200 2518 1807 2610">
     <span class='ocr_line' id='line_1_25' title="bbox 200 2518 1807 2610; baseline -0.001 -13"><span class='ocrx_word' id='word_1_350' title='bbox 200 2518 359 2597; x_wconf 68' lang='lat' dir='ltr'><strong>verlil</strong></span> <span class='ocrx_word' id='word_1_351' title='bbox 399 2542 535 2596; x_wconf 87' lang='lat' dir='ltr'><strong>illud</strong></span> <span class='ocrx_word' id='word_1_352' title='bbox 580 2544 631 2597; x_wconf 90' lang='lat' dir='ltr'><strong>in</strong></span> <span class='ocrx_word' id='word_1_353' title='bbox 665 2544 872 2610; x_wconf 88' lang='lat' dir='ltr'><strong>bonum,</strong></span> <span class='ocrx_word' id='word_1_354' title='bbox 906 2554 961 2596; x_wconf 89' lang='lat' dir='ltr'><strong>ut</strong></span> <span class='ocrx_word' id='word_1_355' title='bbox 984 2543 1236 2597; x_wconf 69' lang='lat' dir='ltr'><strong>exultaret</strong></span> <span class='ocrx_word' id='word_1_356' title='bbox 1266 2560 1366 2608; x_wconf 90' lang='lat' dir='ltr'><strong>me,</strong></span> <span class='ocrx_word' id='word_1_357' title='bbox 1408 2544 1540 2596; x_wconf 87' lang='lat' dir='ltr'><strong>sicut</strong></span> <span class='ocrx_word' id='word_1_358' title='bbox 1577 2544 1629 2595; x_wconf 88' lang='lat' dir='ltr'><strong>in</strong></span> <span class='ocrx_word' id='word_1_359' title='bbox 1673 2558 1807 2609; x_wconf 75' lang='lat' dir='ltr'><strong>prte-</strong></span> 
     </span>
    </p>
   </div>
   <div class='ocr_carea' id='block_1_26' title="bbox 202 2634 1802 2708">
    <p class='ocr_par' dir='ltr' id='par_1_26' title="bbox 202 2634 1802 2708">
     <span class='ocr_line' id='line_1_26' title="bbox 202 2634 1802 2708; baseline 0 -18"><span class='ocrx_word' id='word_1_360' title='bbox 202 2637 490 2691; x_wconf 89' lang='lat' dir='ltr'><strong>sentiarum</strong></span> <span class='ocrx_word' id='word_1_361' title='bbox 521 2636 759 2701; x_wconf 85' lang='lat' dir='ltr'><strong>cernitis,</strong></span> <span class='ocrx_word' id='word_1_362' title='bbox 787 2644 832 2690; x_wconf 86' lang='lat' dir='ltr'><strong>et</strong></span> <span class='ocrx_word' id='word_1_363' title='bbox 851 2636 1071 2690; x_wconf 84' lang='lat' dir='ltr'><strong>salvaret</strong></span> <span class='ocrx_word' id='word_1_364' title='bbox 1095 2638 1313 2708; x_wconf 88' lang='lat' dir='ltr'><strong>populos</strong></span> <span class='ocrx_word' id='word_1_365' title='bbox 1342 2636 1530 2689; x_wconf 87' lang='lat' dir='ltr'><strong>multos</strong></span> <span class='ocrx_word' id='word_1_366' title='bbox 1548 2634 1698 2704; x_wconf 87' lang='lat' dir='ltr'><strong>(Gen.</strong></span> <span class='ocrx_word' id='word_1_367' title='bbox 1724 2635 1802 2706; x_wconf 78' lang='grc' dir='ltr'><strong>ι).</strong></span> 
     </span>
    </p>
   </div>
   <div class='ocr_carea' id='block_1_27' title="bbox 205 2728 1804 2800">
    <p class='ocr_par' dir='ltr' id='par_1_27' title="bbox 205 2728 1804 2800">
     <span class='ocr_line' id='line_1_27' title="bbox 205 2728 1804 2800; baseline -0.001 -16"><span class='ocrx_word' id='word_1_368' title='bbox 205 2728 361 2797; x_wconf 85' lang='lat' dir='ltr'><strong>Quod</strong></span> <span class='ocrx_word' id='word_1_369' title='bbox 382 2729 544 2785; x_wconf 91' lang='lat' dir='ltr'><strong>etiam</strong></span> <span class='ocrx_word' id='word_1_370' title='bbox 577 2730 775 2784; x_wconf 70' lang='lat' dir='ltr'><strong>factum</strong></span> <span class='ocrx_word' id='word_1_371' title='bbox 801 2730 1199 2785; x_wconf 88' lang='lat' dir='ltr'><strong>oeconomicum</strong></span> <span class='ocrx_word' id='word_1_372' title='bbox 1228 2745 1320 2785; x_wconf 90' lang='lat' dir='ltr'><strong>seu</strong></span> <span class='ocrx_word' id='word_1_373' title='bbox 1346 2731 1804 2800; x_wconf 88' lang='lat' dir='ltr'><strong>dispensatorium</strong></span> 
     </span>
    </p>
   </div>
   <div class='ocr_carea' id='block_1_28' title="bbox 210 2821 1805 2893">
    <p class='ocr_par' dir='ltr' id='par_1_28' title="bbox 210 2821 1805 2893">
     <span class='ocr_line' id='line_1_28' title="bbox 210 2821 1805 2893; baseline 0.002 -20"><span class='ocrx_word' id='word_1_374' title='bbox 210 2821 380 2876; x_wconf 87' lang='lat' dir='ltr'><strong>David</strong></span> <span class='ocrx_word' id='word_1_375' title='bbox 427 2821 576 2876; x_wconf 84' lang='lat' dir='ltr'><strong>cauit</strong></span> <span class='ocrx_word' id='word_1_376' title='bbox 612 2821 669 2876; x_wconf 92' lang='lat' dir='ltr'><strong>in</strong></span> <span class='ocrx_word' id='word_1_377' title='bbox 718 2822 977 2892; x_wconf 88' lang='lat' dir='ltr'><strong>psalmo:</strong></span> <span class='ocrx_word' id='word_1_378' title='bbox 1021 2822 1253 2890; x_wconf 83' lang='lat' dir='ltr'><strong>Voeavit,</strong></span> <span class='ocrx_word' id='word_1_379' title='bbox 1299 2824 1570 2893; x_wconf 86' lang='lat' dir='ltr'><strong>inquiens,</strong></span> <span class='ocrx_word' id='word_1_380' title='bbox 1616 2826 1805 2892; x_wconf 74' lang='lat' dir='ltr'><strong>fantem</strong></span> 
     </span>
    </p>
   </div>
   <div class='ocr_carea' id='block_1_29' title="bbox 210 2918 1803 2990">
    <p class='ocr_par' dir='ltr' id='par_1_29' title="bbox 210 2918 1803 2990">
     <span class='ocr_line' id='line_1_29' title="bbox 210 2918 1803 2990; baseline 0.001 -21"><span class='ocrx_word' id='word_1_381' title='bbox 210 2932 368 2985; x_wconf 85' lang='lat' dir='ltr'><strong>super</strong></span> <span class='ocrx_word' id='word_1_382' title='bbox 400 2925 612 2982; x_wconf 88' lang='lat' dir='ltr'><strong>terram,</strong></span> <span class='ocrx_word' id='word_1_383' title='bbox 643 2926 691 2971; x_wconf 91' lang='lat' dir='ltr'><strong>et</strong></span> <span class='ocrx_word' id='word_1_384' title='bbox 732 2933 885 2971; x_wconf 81' lang='lat' dir='ltr'><strong>autne</strong></span> <span class='ocrx_word' id='word_1_385' title='bbox 920 2918 1306 2987; x_wconf 79' lang='lat' dir='ltr'><strong>ﬁrmamentum</strong></span> <span class='ocrx_word' id='word_1_386' title='bbox 1353 2918 1507 2990; x_wconf 87' lang='lat' dir='ltr'><strong>panis</strong></span> <span class='ocrx_word' id='word_1_387' title='bbox 1544 2919 1803 2972; x_wconf 87' lang='lat' dir='ltr'><strong>contrivit.</strong></span> 
     </span>
    </p>
   </div>
   <div class='ocr_carea' id='block_1_30' title="bbox 214 3006 1806 3083">
    <p class='ocr_par' dir='ltr' id='par_1_30' title="bbox 214 3006 1806 3083">
     <span class='ocr_line' id='line_1_30' title="bbox 214 3006 1806 3083; baseline 0.003 -22"><span class='ocrx_word' id='word_1_388' title='bbox 214 3006 366 3061; x_wconf 82' lang='lat' dir='ltr'><strong>Misit</strong></span> <span class='ocrx_word' id='word_1_389' title='bbox 393 3019 510 3063; x_wconf 87' lang='lat' dir='ltr'><strong>ante</strong></span> <span class='ocrx_word' id='word_1_390' title='bbox 532 3027 617 3065; x_wconf 86' lang='lat' dir='ltr'><strong>eos</strong></span> <span class='ocrx_word' id='word_1_391' title='bbox 639 3011 838 3078; x_wconf 85' lang='lat' dir='ltr'><strong>virum;</strong></span> <span class='ocrx_word' id='word_1_392' title='bbox 858 3013 910 3064; x_wconf 90' lang='lat' dir='ltr'><strong>in</strong></span> <span class='ocrx_word' id='word_1_393' title='bbox 927 3028 1130 3066; x_wconf 86' lang='lat' dir='ltr'><strong>servum</strong></span> <span class='ocrx_word' id='word_1_394' title='bbox 1153 3013 1475 3066; x_wconf 80' lang='lat' dir='ltr'><strong>venundatus</strong></span> <span class='ocrx_word' id='word_1_395' title='bbox 1508 3023 1581 3066; x_wconf 87' lang='lat' dir='ltr'><strong>est</strong></span> <span class='ocrx_word' id='word_1_396' title='bbox 1611 3012 1806 3083; x_wconf 86' lang='lat' dir='ltr'><strong>Joseph</strong></span> 
     </span>
    </p>
   </div>
   <div class='ocr_carea' id='block_1_31' title="bbox 218 3098 1809 3173">
    <p class='ocr_par' dir='ltr' id='par_1_31' title="bbox 218 3098 1809 3173">
     <span class='ocr_line' id='line_1_31' title="bbox 218 3098 1809 3173; baseline 0.004 -21"><span class='ocrx_word' id='word_1_397' title='bbox 218 3098 393 3172; x_wconf 87' lang='lat' dir='ltr'><strong>(Psal.</strong></span> <span class='ocrx_word' id='word_1_398' title='bbox 417 3100 547 3173; x_wconf 80' lang='lat' dir='ltr'><strong>Civ).</strong></span> <span class='ocrx_word' id='word_1_399' title='bbox 575 3102 666 3159; x_wconf 89' lang='lat' dir='ltr'><strong>Sic</strong></span> <span class='ocrx_word' id='word_1_400' title='bbox 702 3104 862 3173; x_wconf 79' lang='lat' dir='ltr'><strong>igitur</strong></span> <span class='ocrx_word' id='word_1_401' title='bbox 890 3102 1148 3158; x_wconf 80' lang='lat' dir='ltr'><strong>virtutem</strong></span> <span class='ocrx_word' id='word_1_402' title='bbox 1182 3102 1592 3173; x_wconf 83' lang='lat' dir='ltr'><strong>efﬁcaciamque</strong></span> <span class='ocrx_word' id='word_1_403' title='bbox 1618 3106 1809 3173; x_wconf 61' lang='lat' dir='ltr'><strong>gratia:</strong></span> 
     </span>
    </p>
   </div>
   <div class='ocr_carea' id='block_1_32' title="bbox 1909 2246 3504 2324">
    <p class='ocr_par' dir='ltr' id='par_1_32' title="bbox 1909 2246 3504 2324">
     <span class='ocr_line' id='line_1_32' title="bbox 1909 2246 3504 2324; baseline -0.004 -17"><span class='ocrx_word' id='word_1_404' title='bbox 1909 2251 2071 2307; x_wconf 87' lang='lat' dir='ltr'><strong>Patre</strong></span> <span class='ocrx_word' id='word_1_405' title='bbox 2121 2252 2372 2307; x_wconf 86' lang='lat' dir='ltr'><strong>luminum</strong></span> <span class='ocrx_word' id='word_1_406' title='bbox 2405 2251 2555 2324; x_wconf 86' lang='lat' dir='ltr'><strong>(Jac.</strong></span> <span class='ocrx_word' id='word_1_407' title='bbox 2595 2249 2674 2321; x_wconf 79' lang='grc' dir='ltr'><strong>ι).</strong></span> <span class='ocrx_word' id='word_1_408' title='bbox 2705 2249 2805 2317; x_wconf 84' lang='lat' dir='ltr'><strong>Qui</strong></span> <span class='ocrx_word' id='word_1_409' title='bbox 2856 2256 2910 2303; x_wconf 91' lang='lat' dir='ltr'><strong>et</strong></span> <span class='ocrx_word' id='word_1_410' title='bbox 2957 2246 3145 2316; x_wconf 85' lang='lat' dir='ltr'><strong>incipit</strong></span> <span class='ocrx_word' id='word_1_411' title='bbox 3194 2262 3314 2315; x_wconf 76' lang='lat' dir='ltr'><strong>qua:</strong></span> <span class='ocrx_word' id='word_1_412' title='bbox 3360 2246 3504 2301; x_wconf 81' lang='lat' dir='ltr'><strong>bona</strong></span> 
     </span>
    </p>
   </div>
   <div class='ocr_carea' id='block_1_33' title="bbox 1907 2339 3495 2415">
    <p class='ocr_par' dir='ltr' id='par_1_33' title="bbox 1907 2339 3495 2415">
     <span class='ocr_line' id='line_1_33' title="bbox 1907 2339 3495 2415; baseline -0.006 -12"><span class='ocrx_word' id='word_1_413' title='bbox 1907 2356 2053 2414; x_wconf 89' lang='lat' dir='ltr'><strong>sunt,</strong></span> <span class='ocrx_word' id='word_1_414' title='bbox 2088 2356 2143 2400; x_wconf 87' lang='lat' dir='ltr'><strong>et.</strong></span> <span class='ocrx_word' id='word_1_415' title='bbox 2186 2346 2506 2415; x_wconf 81' lang='lat' dir='ltr'><strong>exsequitur</strong></span> <span class='ocrx_word' id='word_1_416' title='bbox 2558 2352 2614 2399; x_wconf 90' lang='lat' dir='ltr'><strong>et</strong></span> <span class='ocrx_word' id='word_1_417' title='bbox 2656 2350 3002 2398; x_wconf 88' lang='lat' dir='ltr'><strong>consummat</strong></span> <span class='ocrx_word' id='word_1_418' title='bbox 3031 2341 3085 2395; x_wconf 92' lang='lat' dir='ltr'><strong>in</strong></span> <span class='ocrx_word' id='word_1_419' title='bbox 3134 2339 3313 2395; x_wconf 90' lang='lat' dir='ltr'><strong>nobis.</strong></span> <span class='ocrx_word' id='word_1_420' title='bbox 3355 2339 3495 2393; x_wconf 86' lang='lat' dir='ltr'><strong>Cum</strong></span> 
     </span>
    </p>
   </div>
   <div class='ocr_carea' id='block_1_34' title="bbox 1908 2429 3501 2506">
    <p class='ocr_par' dir='ltr' id='par_1_34' title="bbox 1908 2429 3501 2506">
     <span class='ocr_line' id='line_1_34' title="bbox 1908 2429 3501 2506; baseline -0.005 -13"><span class='ocrx_word' id='word_1_421' title='bbox 1908 2438 2053 2494; x_wconf 87' lang='lat' dir='ltr'><strong>enim</strong></span> <span class='ocrx_word' id='word_1_422' title='bbox 2086 2436 2228 2492; x_wconf 89' lang='lat' dir='ltr'><strong>Deus</strong></span> <span class='ocrx_word' id='word_1_423' title='bbox 2277 2451 2375 2491; x_wconf 85' lang='lat' dir='ltr'><strong>nos</strong></span> <span class='ocrx_word' id='word_1_424' title='bbox 2408 2435 2651 2506; x_wconf 89' lang='lat' dir='ltr'><strong>tepuisse</strong></span> <span class='ocrx_word' id='word_1_425' title='bbox 2689 2429 3064 2502; x_wconf 80' lang='lat' dir='ltr'><strong>conspexerit,</strong></span> <span class='ocrx_word' id='word_1_426' title='bbox 3090 2429 3290 2500; x_wconf 78' lang='lat' dir='ltr'><strong>ingerit</strong></span> <span class='ocrx_word' id='word_1_427' title='bbox 3318 2430 3501 2485; x_wconf 87' lang='lat' dir='ltr'><strong>cordi.-</strong></span> 
     </span>
    </p>
   </div>
   <div class='ocr_carea' id='block_1_35' title="bbox 1909 2517 3497 2598">
    <p class='ocr_par' dir='ltr' id='par_1_35' title="bbox 1909 2517 3497 2598">
     <span class='ocr_line' id='line_1_35' title="bbox 1909 2517 3497 2598; baseline -0.006 -13"><span class='ocrx_word' id='word_1_428' title='bbox 1909 2529 2011 2585; x_wconf 87' lang='lat' dir='ltr'><strong>bus</strong></span> <span class='ocrx_word' id='word_1_429' title='bbox 2055 2529 2258 2583; x_wconf 91' lang='lat' dir='ltr'><strong>nostris</strong></span> <span class='ocrx_word' id='word_1_430' title='bbox 2291 2529 2569 2582; x_wconf 89' lang='lat' dir='ltr'><strong>orationes</strong></span> <span class='ocrx_word' id='word_1_431' title='bbox 2605 2522 2716 2598; x_wconf 85' lang='grc' dir='ltr'><strong>[Αι.</strong></span> <span class='ocrx_word' id='word_1_432' title='bbox 2744 2517 3123 2594; x_wconf 82' lang='lat' dir='ltr'><strong>cogitationes]</strong></span> <span class='ocrx_word' id='word_1_433' title='bbox 3165 2522 3497 2585; x_wconf 89' lang='lat' dir='ltr'><strong>salutiferas,</strong></span> 
     </span>
    </p>
   </div>
   <div class='ocr_carea' id='block_1_36' title="bbox 1910 2613 3304 2695">
    <p class='ocr_par' dir='ltr' id='par_1_36' title="bbox 1910 2613 3304 2695">
     <span class='ocr_line' id='line_1_36' title="bbox 1910 2613 3304 2695; baseline -0.009 -18"><span class='ocrx_word' id='word_1_434' title='bbox 1910 2621 2108 2693; x_wconf 85' lang='lat' dir='ltr'><strong>quibus</strong></span> <span class='ocrx_word' id='word_1_435' title='bbox 2134 2620 2271 2676; x_wconf 89' lang='lat' dir='ltr'><strong>bona</strong></span> <span class='ocrx_word' id='word_1_436' title='bbox 2297 2620 2552 2675; x_wconf 82' lang='lat' dir='ltr'><strong>voluntas</strong></span> <span class='ocrx_word' id='word_1_437' title='bbox 2584 2616 2918 2673; x_wconf 88' lang='lat' dir='ltr'><strong>reformatur</strong></span> <span class='ocrx_word' id='word_1_438' title='bbox 2949 2616 3001 2669; x_wconf 91' lang='lat' dir='ltr'><strong>in</strong></span> <span class='ocrx_word' id='word_1_439' title='bbox 3031 2613 3206 2668; x_wconf 89' lang='lat' dir='ltr'><strong>nobis.</strong></span> <span class='ocrx_word' id='word_1_440' title='bbox 3290 2681 3304 2695; x_wconf 41' lang='grc' dir='ltr'><strong><em>ο</em></strong></span> 
     </span>
    </p>
   </div>
   <div class='ocr_carea' id='block_1_37' title="bbox 1982 2710 3501 2783">
    <p class='ocr_par' dir='ltr' id='par_1_37' title="bbox 1982 2710 3501 2783">
     <span class='ocr_line' id='line_1_37' title="bbox 1982 2710 3501 2783; baseline -0.007 -14"><span class='ocrx_word' id='word_1_441' title='bbox 1982 2715 2208 2770; x_wconf 77' lang='lat' dir='ltr'><strong>Rectum</strong></span> <span class='ocrx_word' id='word_1_442' title='bbox 2257 2713 2477 2783; x_wconf 84' lang='lat' dir='ltr'><strong>quidem</strong></span> <span class='ocrx_word' id='word_1_443' title='bbox 2508 2720 2561 2766; x_wconf 90' lang='lat' dir='ltr'><strong>et</strong></span> <span class='ocrx_word' id='word_1_444' title='bbox 2589 2713 2736 2767; x_wconf 88' lang='lat' dir='ltr'><strong>omni</strong></span> <span class='ocrx_word' id='word_1_445' title='bbox 2766 2710 2900 2763; x_wconf 88' lang='lat' dir='ltr'><strong>vitio</strong></span> <span class='ocrx_word' id='word_1_446' title='bbox 2933 2717 3209 2763; x_wconf 88' lang='lat' dir='ltr'><strong>carentem</strong></span> <span class='ocrx_word' id='word_1_447' title='bbox 3256 2715 3501 2761; x_wconf 89' lang='lat' dir='ltr'><strong>creatum</strong></span> 
     </span>
    </p>
   </div>
   <div class='ocr_carea' id='block_1_38' title="bbox 1911 2800 3504 2878">
    <p class='ocr_par' dir='ltr' id='par_1_38' title="bbox 1911 2800 3504 2878">
     <span class='ocr_line' id='line_1_38' title="bbox 1911 2800 3504 2878; baseline -0.008 -13"><span class='ocrx_word' id='word_1_448' title='bbox 1911 2825 2036 2865; x_wconf 91' lang='lat' dir='ltr'><strong>esse</strong></span> <span class='ocrx_word' id='word_1_449' title='bbox 2077 2810 2352 2864; x_wconf 88' lang='lat' dir='ltr'><strong>hominem</strong></span> <span class='ocrx_word' id='word_1_450' title='bbox 2396 2807 2651 2878; x_wconf 91' lang='lat' dir='ltr'><strong>primum,</strong></span> <span class='ocrx_word' id='word_1_451' title='bbox 2696 2806 2748 2859; x_wconf 93' lang='lat' dir='ltr'><strong>in</strong></span> <span class='ocrx_word' id='word_1_452' title='bbox 2788 2818 2896 2875; x_wconf 91' lang='lat' dir='ltr'><strong>quo</strong></span> <span class='ocrx_word' id='word_1_453' title='bbox 2938 2803 3180 2859; x_wconf 90' lang='lat' dir='ltr'><strong>omnium</strong></span> <span class='ocrx_word' id='word_1_454' title='bbox 3223 2800 3504 2855; x_wconf 89' lang='lat' dir='ltr'><strong>hominum</strong></span> 
     </span>
    </p>
   </div>
   <div class='ocr_carea' id='block_1_39' title="bbox 1910 2898 3502 2967">
    <p class='ocr_par' dir='ltr' id='par_1_39' title="bbox 1910 2898 3502 2967">
     <span class='ocr_line' id='line_1_39' title="bbox 1910 2898 3502 2967; baseline -0.006 -9"><span class='ocrx_word' id='word_1_455' title='bbox 1910 2912 2195 2958; x_wconf 88' lang='lat' dir='ltr'><strong>concreata</strong></span> <span class='ocrx_word' id='word_1_456' title='bbox 2230 2912 2420 2956; x_wconf 91' lang='lat' dir='ltr'><strong>natura</strong></span> <span class='ocrx_word' id='word_1_457' title='bbox 2451 2909 2572 2967; x_wconf 88' lang='lat' dir='ltr'><strong>est,</strong></span> <span class='ocrx_word' id='word_1_458' title='bbox 2618 2899 2868 2954; x_wconf 88' lang='lat' dir='ltr'><strong>dubitare</strong></span> <span class='ocrx_word' id='word_1_459' title='bbox 2896 2898 2973 2952; x_wconf 91' lang='lat' dir='ltr'><strong>fas</strong></span> <span class='ocrx_word' id='word_1_460' title='bbox 3004 2912 3109 2953; x_wconf 90' lang='lat' dir='ltr'><strong>non</strong></span> <span class='ocrx_word' id='word_1_461' title='bbox 3138 2904 3243 2963; x_wconf 88' lang='lat' dir='ltr'><strong>est,</strong></span> <span class='ocrx_word' id='word_1_462' title='bbox 3271 2909 3502 2964; x_wconf 89' lang='lat' dir='ltr'><strong>eumque</strong></span> 
     </span>
    </p>
   </div>
   <div class='ocr_carea' id='block_1_40' title="bbox 1912 2986 3505 3063">
    <p class='ocr_par' dir='ltr' id='par_1_40' title="bbox 1912 2986 3505 3063">
     <span class='ocr_line' id='line_1_40' title="bbox 1912 2986 3505 3063; baseline -0.005 -15"><span class='ocrx_word' id='word_1_463' title='bbox 1912 2994 2018 3049; x_wconf 86' lang='lat' dir='ltr'><strong>tale</strong></span> <span class='ocrx_word' id='word_1_464' title='bbox 2054 2993 2332 3063; x_wconf 87' lang='lat' dir='ltr'><strong>accepisse</strong></span> <span class='ocrx_word' id='word_1_465' title='bbox 2361 2991 2591 3048; x_wconf 88' lang='lat' dir='ltr'><strong>liberum</strong></span> <span class='ocrx_word' id='word_1_466' title='bbox 2623 2989 2934 3057; x_wconf 86' lang='lat' dir='ltr'><strong>arbitrium,</strong></span> <span class='ocrx_word' id='word_1_467' title='bbox 2968 2997 3028 3043; x_wconf 91' lang='lat' dir='ltr'><strong>ut</strong></span> <span class='ocrx_word' id='word_1_468' title='bbox 3064 2988 3109 3043; x_wconf 87' lang='lat' dir='ltr'><strong>si</strong></span> <span class='ocrx_word' id='word_1_469' title='bbox 3149 2986 3505 3042; x_wconf 80' lang='lat' dir='ltr'><strong>auxiliantem</strong></span> 
     </span>
    </p>
   </div>
   <div class='ocr_carea' id='block_1_41' title="bbox 1913 3079 3505 3152">
    <p class='ocr_par' dir='ltr' id='par_1_41' title="bbox 1913 3079 3505 3152">
     <span class='ocr_line' id='line_1_41' title="bbox 1913 3079 3505 3152; baseline -0.005 -11"><span class='ocrx_word' id='word_1_470' title='bbox 1913 3087 2015 3143; x_wconf 87' lang='lat' dir='ltr'><strong>sibi</strong></span> <span class='ocrx_word' id='word_1_471' title='bbox 2048 3086 2326 3141; x_wconf 89' lang='lat' dir='ltr'><strong>dominum</strong></span> <span class='ocrx_word' id='word_1_472' title='bbox 2370 3098 2477 3140; x_wconf 91' lang='lat' dir='ltr'><strong>non</strong></span> <span class='ocrx_word' id='word_1_473' title='bbox 2513 3083 2814 3150; x_wconf 87' lang='lat' dir='ltr'><strong>desereret,</strong></span> <span class='ocrx_word' id='word_1_474' title='bbox 2856 3092 3076 3152; x_wconf 87' lang='lat' dir='ltr'><strong>possent</strong></span> <span class='ocrx_word' id='word_1_475' title='bbox 3106 3082 3163 3135; x_wconf 90' lang='lat' dir='ltr'><strong>in</strong></span> <span class='ocrx_word' id='word_1_476' title='bbox 3194 3079 3357 3135; x_wconf 88' lang='lat' dir='ltr'><strong>nobis</strong></span> <span class='ocrx_word' id='word_1_477' title='bbox 3382 3094 3505 3150; x_wconf 79' lang='lat' dir='ltr'><strong>quae</strong></span> 
     </span>
    </p>
   </div>
   <div class='ocr_carea' id='block_1_42' title="bbox 216 3169 1805 3267">
    <p class='ocr_par' dir='ltr' id='par_1_42' title="bbox 216 3193 1805 3267">
     <span class='ocr_line' id='line_1_42' title="bbox 216 3193 1805 3267; baseline 0.001 -18"><span class='ocrx_word' id='word_1_478' title='bbox 216 3193 313 3250; x_wconf 90' lang='lat' dir='ltr'><strong>Dei</strong></span> <span class='ocrx_word' id='word_1_479' title='bbox 343 3205 669 3263; x_wconf 88' lang='lat' dir='ltr'><strong>statuamus,</strong></span> <span class='ocrx_word' id='word_1_480' title='bbox 703 3212 768 3251; x_wconf 88' lang='lat' dir='ltr'><strong>ne</strong></span> <span class='ocrx_word' id='word_1_481' title='bbox 794 3197 1099 3252; x_wconf 82' lang='lat' dir='ltr'><strong>excessisse</strong></span> <span class='ocrx_word' id='word_1_482' title='bbox 1135 3198 1375 3267; x_wconf 77' lang='lat' dir='ltr'><strong>regulam</strong></span> <span class='ocrx_word' id='word_1_483' title='bbox 1414 3196 1805 3252; x_wconf 67' lang='lat' dir='ltr'><strong>ecclesiastica:</strong></span> 
     </span>
    </p>
   </div>
   <div class='ocr_carea' id='block_1_43' title="bbox 1917 3169 3509 3267">
    <p class='ocr_par' dir='ltr' id='par_1_43' title="bbox 1917 3173 3509 3249">
     <span class='ocr_line' id='line_1_43' title="bbox 1917 3173 3509 3249; baseline -0.007 -13"><span class='ocrx_word' id='word_1_484' title='bbox 1917 3180 2237 3236; x_wconf 86' lang='lat' dir='ltr'><strong>naturaliter</strong></span> <span class='ocrx_word' id='word_1_485' title='bbox 2279 3187 2588 3249; x_wconf 80' lang='lat' dir='ltr'><strong>acceperat,</strong></span> <span class='ocrx_word' id='word_1_486' title='bbox 2631 3191 3013 3248; x_wconf 88' lang='lat' dir='ltr'><strong>perseverare,</strong></span> <span class='ocrx_word' id='word_1_487' title='bbox 3045 3175 3168 3245; x_wconf 89' lang='lat' dir='ltr'><strong>quia</strong></span> <span class='ocrx_word' id='word_1_488' title='bbox 3214 3173 3418 3238; x_wconf 84' lang='lat' dir='ltr'><strong>vellet;</strong></span> <span class='ocrx_word' id='word_1_489' title='bbox 3451 3181 3509 3228; x_wconf 87' lang='lat' dir='ltr'><strong>et</strong></span> 
     </span>
    </p>
   </div>
   <div class='ocr_carea' id='block_1_44' title="bbox 217 3268 1805 3361">
    <p class='ocr_par' dir='ltr' id='par_1_44' title="bbox 217 3289 1805 3361">
     <span class='ocr_line' id='line_1_44' title="bbox 217 3289 1805 3361; baseline 0.001 -17"><span class='ocrx_word' id='word_1_490' title='bbox 217 3289 344 3344; x_wconf 83' lang='lat' dir='ltr'><strong>fidei</strong></span> <span class='ocrx_word' id='word_1_491' title='bbox 377 3291 675 3347; x_wconf 87' lang='lat' dir='ltr'><strong>videamur.</strong></span> <span class='ocrx_word' id='word_1_492' title='bbox 706 3290 1084 3347; x_wconf 75' lang='lat' dir='ltr'><strong>Ecclesiastica</strong></span> <span class='ocrx_word' id='word_1_493' title='bbox 1128 3291 1313 3361; x_wconf 82' lang='lat' dir='ltr'><strong>regula</strong></span> <span class='ocrx_word' id='word_1_494' title='bbox 1336 3300 1441 3359; x_wconf 89' lang='lat' dir='ltr'><strong>est,</strong></span> <span class='ocrx_word' id='word_1_495' title='bbox 1474 3290 1805 3360; x_wconf 77' lang='lat' dir='ltr'><strong>praedicante</strong></span> 
     </span>
    </p>
   </div>
   <div class='ocr_carea' id='block_1_45' title="bbox 1917 3268 3511 3361">
    <p class='ocr_par' dir='ltr' id='par_1_45' title="bbox 1918 3268 3511 3345">
     <span class='ocr_line' id='line_1_45' title="bbox 1918 3268 3511 3345; baseline -0.005 -16"><span class='ocrx_word' id='word_1_496' title='bbox 1918 3276 2113 3331; x_wconf 88' lang='lat' dir='ltr'><strong>merito</strong></span> <span class='ocrx_word' id='word_1_497' title='bbox 2147 3272 2564 3345; x_wconf 67' lang='lat' dir='ltr'><strong>perseverantiae</strong></span> <span class='ocrx_word' id='word_1_498' title='bbox 2606 3273 2659 3327; x_wconf 91' lang='lat' dir='ltr'><strong>in</strong></span> <span class='ocrx_word' id='word_1_499' title='bbox 2689 3271 2935 3327; x_wconf 86' lang='lat' dir='ltr'><strong>eamdem</strong></span> <span class='ocrx_word' id='word_1_500' title='bbox 2965 3268 3357 3327; x_wconf 89' lang='lat' dir='ltr'><strong>beatitudinem</strong></span> <span class='ocrx_word' id='word_1_501' title='bbox 3388 3283 3511 3337; x_wconf 85' lang='lat' dir='ltr'><strong>per-</strong></span> 
     </span>
    </p>
   </div>
   <div class='ocr_carea' id='block_1_46' title="bbox 222 3363 3507 3454">
    <p class='ocr_par' dir='ltr' id='par_1_46' title="bbox 222 3363 3507 3454">
     <span class='ocr_line' id='line_1_46' title="bbox 222 3363 3507 3454; baseline -0.007 -19"><span class='ocrx_word' id='word_1_502' title='bbox 222 3386 521 3454; x_wconf 75' lang='lat' dir='ltr'><strong>Apostoln:</strong></span> <span class='ocrx_word' id='word_1_503' title='bbox 567 3384 737 3438; x_wconf 74' lang='lat' dir='ltr'><strong>Nemo</strong></span> <span class='ocrx_word' id='word_1_504' title='bbox 773 3392 935 3454; x_wconf 60' lang='lat' dir='ltr'><strong>potest</strong></span> <span class='ocrx_word' id='word_1_505' title='bbox 972 3384 1139 3437; x_wconf 68' lang='lat' dir='ltr'><strong>dicere</strong></span> <span class='ocrx_word' id='word_1_506' title='bbox 1167 3381 1449 3436; x_wconf 69' lang='lat' dir='ltr'><strong>Dominum</strong></span> <span class='ocrx_word' id='word_1_507' title='bbox 1474 3380 1677 3449; x_wconf 67' lang='grc' dir='ltr'><strong>ιρεηηι,</strong></span> <span class='ocrx_word' id='word_1_508' title='bbox 1712 3381 1813 3436; x_wconf 54' lang='lat' dir='ltr'><strong>nisi</strong></span> <span class='ocrx_word' id='word_1_509' title='bbox 1916 3370 2217 3433; x_wconf 88' lang='lat' dir='ltr'><strong>veniret,ut</strong></span> <span class='ocrx_word' id='word_1_510' title='bbox 2240 3384 2339 3423; x_wconf 89' lang='lat' dir='ltr'><strong>uec</strong></span> <span class='ocrx_word' id='word_1_511' title='bbox 2356 3365 2781 3423; x_wconf 80' lang='lat' dir='ltr'><strong>velletdecidere</strong></span> <span class='ocrx_word' id='word_1_512' title='bbox 2806 3366 2861 3420; x_wconf 91' lang='lat' dir='ltr'><strong>in</strong></span> <span class='ocrx_word' id='word_1_513' title='bbox 2883 3363 3152 3447; x_wconf 88' lang='lat' dir='ltr'><strong>deteriora</strong></span> <span class='ocrx_word' id='word_1_514' title='bbox 3176 3377 3277 3418; x_wconf 87' lang='lat' dir='ltr'><strong>nec</strong></span> <span class='ocrx_word' id='word_1_515' title='bbox 3296 3370 3507 3432; x_wconf 85' lang='lat' dir='ltr'><strong>posset:</strong></span> 
     </span>
    </p>
   </div>
   <div class='ocr_carea' id='block_1_47' title="bbox 225 3453 3513 3550">
    <p class='ocr_par' dir='ltr' id='par_1_47' title="bbox 225 3453 3513 3550">
     <span class='ocr_line' id='line_1_47' title="bbox 225 3453 3513 3550; baseline -0.007 -21"><span class='ocrx_word' id='word_1_516' title='bbox 225 3477 282 3530; x_wconf 86' lang='lat' dir='ltr'><strong>in</strong></span> <span class='ocrx_word' id='word_1_517' title='bbox 328 3476 532 3549; x_wconf 84' lang='lat' dir='ltr'><strong>Spiritu</strong></span> <span class='ocrx_word' id='word_1_518' title='bbox 562 3488 743 3532; x_wconf 79' lang='lat' dir='ltr'><strong>sancto</strong></span> <span class='ocrx_word' id='word_1_519' title='bbox 775 3477 829 3550; x_wconf 87' lang='grc' dir='ltr'><strong>(Ι</strong></span> <span class='ocrx_word' id='word_1_520' title='bbox 871 3478 988 3531; x_wconf 80' lang='lat' dir='ltr'><strong>Cor.</strong></span> <span class='ocrx_word' id='word_1_521' title='bbox 1042 3476 1168 3544; x_wconf 79' lang='lat' dir='ltr'><strong>xu).</strong></span> <span class='ocrx_word' id='word_1_522' title='bbox 1201 3476 1581 3530; x_wconf 82' lang='lat' dir='ltr'><strong>EcclesiaStica</strong></span> <span class='ocrx_word' id='word_1_523' title='bbox 1627 3476 1812 3544; x_wconf 84' lang='lat' dir='ltr'><strong>regula</strong></span> <span class='ocrx_word' id='word_1_524' title='bbox 1918 3462 2013 3518; x_wconf 89' lang='lat' dir='ltr'><strong>sed</strong></span> <span class='ocrx_word' id='word_1_525' title='bbox 2055 3463 2172 3532; x_wconf 91' lang='lat' dir='ltr'><strong>ipso</strong></span> <span class='ocrx_word' id='word_1_526' title='bbox 2201 3461 2374 3517; x_wconf 90' lang='lat' dir='ltr'><strong>libero</strong></span> <span class='ocrx_word' id='word_1_527' title='bbox 2404 3461 2657 3526; x_wconf 89' lang='lat' dir='ltr'><strong>arbitrio,</strong></span> <span class='ocrx_word' id='word_1_528' title='bbox 2685 3475 2797 3528; x_wconf 91' lang='lat' dir='ltr'><strong>quo</strong></span> <span class='ocrx_word' id='word_1_529' title='bbox 2827 3456 3087 3527; x_wconf 90' lang='lat' dir='ltr'><strong>quamdiu</strong></span> <span class='ocrx_word' id='word_1_530' title='bbox 3126 3456 3319 3524; x_wconf 90' lang='lat' dir='ltr'><strong>voluit,</strong></span> <span class='ocrx_word' id='word_1_531' title='bbox 3338 3453 3513 3510; x_wconf 88' lang='lat' dir='ltr'><strong>bonus</strong></span> 
     </span>
    </p>
   </div>
   <div class='ocr_carea' id='block_1_48' title="bbox 228 3547 1805 3638">
    <p class='ocr_par' dir='ltr' id='par_1_48' title="bbox 228 3547 1805 3638">
     <span class='ocr_line' id='line_1_48' title="bbox 228 3547 1805 3638; baseline -0.001 -17"><span class='ocrx_word' id='word_1_532' title='bbox 228 3576 310 3621; x_wconf 89' lang='lat' dir='ltr'><strong>est</strong></span> <span class='ocrx_word' id='word_1_533' title='bbox 340 3547 555 3622; x_wconf 74' lang='lat' dir='ltr'><strong>:Cratia</strong></span> <span class='ocrx_word' id='word_1_534' title='bbox 586 3566 685 3623; x_wconf 86' lang='lat' dir='ltr'><strong>Dei</strong></span> <span class='ocrx_word' id='word_1_535' title='bbox 712 3547 826 3622; x_wconf 86' lang='lat' dir='ltr'><strong>sum</strong></span> <span class='ocrx_word' id='word_1_536' title='bbox 850 3566 905 3623; x_wconf 86' lang='lat' dir='ltr'><strong>id</strong></span> <span class='ocrx_word' id='word_1_537' title='bbox 935 3567 1072 3638; x_wconf 91' lang='lat' dir='ltr'><strong>quod</strong></span> <span class='ocrx_word' id='word_1_538' title='bbox 1098 3584 1234 3634; x_wconf 88' lang='lat' dir='ltr'><strong>sum,</strong></span> <span class='ocrx_word' id='word_1_539' title='bbox 1265 3577 1311 3619; x_wconf 86' lang='lat' dir='ltr'><strong>et</strong></span> <span class='ocrx_word' id='word_1_540' title='bbox 1339 3567 1510 3637; x_wconf 86' lang='lat' dir='ltr'><strong>gratia</strong></span> <span class='ocrx_word' id='word_1_541' title='bbox 1528 3570 1640 3637; x_wconf 83' lang='lat' dir='ltr'><strong>ejus</strong></span> <span class='ocrx_word' id='word_1_542' title='bbox 1659 3567 1713 3618; x_wconf 89' lang='lat' dir='ltr'><strong>in</strong></span> <span class='ocrx_word' id='word_1_543' title='bbox 1738 3582 1805 3619; x_wconf 71' lang='lat' dir='ltr'><strong>me</strong></span> 
     </span>
    </p>
   </div>
   <div class='ocr_carea' id='block_1_49' title="bbox 1917 3547 3514 3638">
    <p class='ocr_par' dir='ltr' id='par_1_49' title="bbox 1920 3547 3514 3626">
     <span class='ocr_line' id='line_1_49' title="bbox 1920 3547 3514 3626; baseline -0.007 -15"><span class='ocrx_word' id='word_1_544' title='bbox 1920 3558 2140 3619; x_wconf 84' lang='lat' dir='ltr'><strong>mansit,</strong></span> <span class='ocrx_word' id='word_1_545' title='bbox 2164 3570 2192 3609; x_wconf 89' lang='lat' dir='ltr'><strong>a</strong></span> <span class='ocrx_word' id='word_1_546' title='bbox 2227 3556 2508 3626; x_wconf 89' lang='lat' dir='ltr'><strong>proposita</strong></span> <span class='ocrx_word' id='word_1_547' title='bbox 2550 3555 2651 3607; x_wconf 91' lang='lat' dir='ltr'><strong>sibi</strong></span> <span class='ocrx_word' id='word_1_548' title='bbox 2697 3552 2815 3621; x_wconf 84' lang='lat' dir='ltr'><strong>lege</strong></span> <span class='ocrx_word' id='word_1_549' title='bbox 2851 3549 3137 3612; x_wconf 86' lang='lat' dir='ltr'><strong>discessit;</strong></span> <span class='ocrx_word' id='word_1_550' title='bbox 3168 3562 3268 3602; x_wconf 90' lang='lat' dir='ltr'><strong>nec</strong></span> <span class='ocrx_word' id='word_1_551' title='bbox 3303 3547 3514 3601; x_wconf 86' lang='lat' dir='ltr'><strong>denun-</strong></span> 
     </span>
    </p>
   </div>
   <div class='ocr_carea' id='block_1_50' title="bbox 231 3639 3516 3731">
    <p class='ocr_par' dir='ltr' id='par_1_50' title="bbox 231 3639 3516 3731">
     <span class='ocr_line' id='line_1_50' title="bbox 231 3639 3516 3731; baseline -0.008 -14"><span class='ocrx_word' id='word_1_552' title='bbox 231 3678 391 3716; x_wconf 85' lang='lat' dir='ltr'><strong>vacua</strong></span> <span class='ocrx_word' id='word_1_553' title='bbox 435 3679 541 3716; x_wconf 86' lang='lat' dir='ltr'><strong>non</strong></span> <span class='ocrx_word' id='word_1_554' title='bbox 573 3662 692 3731; x_wconf 83' lang='lat' dir='ltr'><strong>fuit,</strong></span> <span class='ocrx_word' id='word_1_555' title='bbox 720 3662 810 3716; x_wconf 87' lang='lat' dir='ltr'><strong>sed</strong></span> <span class='ocrx_word' id='word_1_556' title='bbox 838 3661 953 3731; x_wconf 86' lang='lat' dir='ltr'><strong>plus</strong></span> <span class='ocrx_word' id='word_1_557' title='bbox 993 3660 1224 3714; x_wconf 83' lang='lat' dir='ltr'><strong>omnibus</strong></span> <span class='ocrx_word' id='word_1_558' title='bbox 1264 3660 1369 3713; x_wconf 81' lang='lat' dir='ltr'><strong>illis</strong></span> <span class='ocrx_word' id='word_1_559' title='bbox 1415 3659 1661 3713; x_wconf 84' lang='lat' dir='ltr'><strong>laboravi.</strong></span> <span class='ocrx_word' id='word_1_560' title='bbox 1695 3657 1816 3711; x_wconf 83' lang='lat' dir='ltr'><strong>Non</strong></span> <span class='ocrx_word' id='word_1_561' title='bbox 1921 3648 2046 3704; x_wconf 91' lang='lat' dir='ltr'><strong>tiari</strong></span> <span class='ocrx_word' id='word_1_562' title='bbox 2095 3649 2195 3703; x_wconf 89' lang='lat' dir='ltr'><strong>sibi</strong></span> <span class='ocrx_word' id='word_1_563' title='bbox 2248 3648 2441 3701; x_wconf 90' lang='lat' dir='ltr'><strong>mortis</strong></span> <span class='ocrx_word' id='word_1_564' title='bbox 2489 3645 2813 3713; x_wconf 87' lang='lat' dir='ltr'><strong>supplicium</strong></span> <span class='ocrx_word' id='word_1_565' title='bbox 2872 3639 3210 3717; x_wconf 87' lang='lat' dir='ltr'><strong>formidavit,</strong></span> <span class='ocrx_word' id='word_1_566' title='bbox 3252 3639 3516 3693; x_wconf 88' lang='lat' dir='ltr'><strong>deserens</strong></span> 
     </span>
    </p>
   </div>
   <div class='ocr_carea' id='block_1_51' title="bbox 232 3728 3517 3829">
    <p class='ocr_par' dir='ltr' id='par_1_51' title="bbox 232 3728 3517 3829">
     <span class='ocr_line' id='line_1_51' title="bbox 232 3728 3517 3829; baseline -0.009 -19"><span class='ocrx_word' id='word_1_567' title='bbox 232 3766 401 3810; x_wconf 87' lang='lat' dir='ltr'><strong>autem</strong></span> <span class='ocrx_word' id='word_1_568' title='bbox 430 3772 543 3829; x_wconf 80' lang='lat' dir='ltr'><strong>ego,</strong></span> <span class='ocrx_word' id='word_1_569' title='bbox 573 3728 666 3811; x_wconf 72' lang='lat' dir='ltr'><strong>sed</strong></span> <span class='ocrx_word' id='word_1_570' title='bbox 693 3728 867 3826; x_wconf 83' lang='lat' dir='ltr'><strong>gratia</strong></span> <span class='ocrx_word' id='word_1_571' title='bbox 892 3754 986 3807; x_wconf 85' lang='lat' dir='ltr'><strong>Dei</strong></span> <span class='ocrx_word' id='word_1_572' title='bbox 1009 3770 1203 3807; x_wconf 88' lang='lat' dir='ltr'><strong>mecum</strong></span> <span class='ocrx_word' id='word_1_573' title='bbox 1228 3752 1272 3822; x_wconf 81' lang='grc' dir='ltr'>(Ι</span> <span class='ocrx_word' id='word_1_574' title='bbox 1300 3750 1420 3806; x_wconf 87' lang='lat' dir='ltr'><strong>Cor.</strong></span> <span class='ocrx_word' id='word_1_575' title='bbox 1444 3753 1553 3818; x_wconf 84' lang='lat' dir='ltr'><strong>xv).</strong></span> <span class='ocrx_word' id='word_1_576' title='bbox 1589 3752 1687 3804; x_wconf 88' lang='lat' dir='ltr'><strong>Et:</strong></span> <span class='ocrx_word' id='word_1_577' title='bbox 1717 3748 1818 3800; x_wconf 74' lang='grc' dir='ltr'><strong>Μὶ-</strong></span> <span class='ocrx_word' id='word_1_578' title='bbox 1923 3740 2116 3829; x_wconf 81' lang='lat' dir='ltr'><strong>Deum,</strong></span> <span class='ocrx_word' id='word_1_579' title='bbox 2150 3748 2203 3793; x_wconf 91' lang='lat' dir='ltr'><strong>et</strong></span> <span class='ocrx_word' id='word_1_580' title='bbox 2246 3751 2483 3805; x_wconf 90' lang='lat' dir='ltr'><strong>sequens</strong></span> <span class='ocrx_word' id='word_1_581' title='bbox 2510 3734 2822 3829; x_wconf 81' lang='lat' dir='ltr'><strong>diabolum;</strong></span> <span class='ocrx_word' id='word_1_582' title='bbox 2855 3731 3077 3785; x_wconf 88' lang='lat' dir='ltr'><strong>rebellis</strong></span> <span class='ocrx_word' id='word_1_583' title='bbox 3128 3728 3364 3829; x_wconf 55' lang='lat' dir='ltr'><strong>Domino</strong></span> <span class='ocrx_word' id='word_1_584' title='bbox 3397 3742 3517 3781; x_wconf 83' lang='lat' dir='ltr'><strong>ser-</strong></span> 
     </span>
    </p>
   </div>
   <div class='ocr_carea' id='block_1_52' title="bbox 237 3818 3516 3914">
    <p class='ocr_par' dir='ltr' id='par_1_52' title="bbox 237 3818 3516 3914">
     <span class='ocr_line' id='line_1_52' title="bbox 237 3818 3516 3914; baseline -0.009 -11"><span class='ocrx_word' id='word_1_585' title='bbox 237 3850 572 3904; x_wconf 86' lang='lat' dir='ltr'><strong>sericordiam</strong></span> <span class='ocrx_word' id='word_1_586' title='bbox 607 3856 911 3902; x_wconf 87' lang='lat' dir='ltr'><strong>consecutus</strong></span> <span class='ocrx_word' id='word_1_587' title='bbox 949 3863 1098 3912; x_wconf 87' lang='lat' dir='ltr'><strong>sum;</strong></span> <span class='ocrx_word' id='word_1_588' title='bbox 1140 3856 1192 3899; x_wconf 85' lang='lat' dir='ltr'><strong>ut</strong></span> <span class='ocrx_word' id='word_1_589' title='bbox 1232 3846 1401 3914; x_wconf 82' lang='lat' dir='ltr'><strong>ﬁdelis</strong></span> <span class='ocrx_word' id='word_1_590' title='bbox 1434 3860 1591 3897; x_wconf 87' lang='lat' dir='ltr'><strong>essem</strong></span> <span class='ocrx_word' id='word_1_591' title='bbox 1622 3843 1665 3912; x_wconf 91' lang='lat' dir='ltr'><strong>(l</strong></span> <span class='ocrx_word' id='word_1_592' title='bbox 1696 3840 1814 3895; x_wconf 84' lang='lat' dir='ltr'><strong>Cor.</strong></span> <span class='ocrx_word' id='word_1_593' title='bbox 1924 3828 2118 3894; x_wconf 86' lang='lat' dir='ltr'><strong>vatori,</strong></span> <span class='ocrx_word' id='word_1_594' title='bbox 2150 3836 2203 3883; x_wconf 88' lang='lat' dir='ltr'><strong>et</strong></span> <span class='ocrx_word' id='word_1_595' title='bbox 2232 3828 2452 3881; x_wconf 88' lang='lat' dir='ltr'><strong>inimico</strong></span> <span class='ocrx_word' id='word_1_596' title='bbox 2500 3824 2759 3880; x_wconf 82' lang='lat' dir='ltr'><strong>obediens</strong></span> <span class='ocrx_word' id='word_1_597' title='bbox 2806 3819 3162 3892; x_wconf 87' lang='lat' dir='ltr'><strong>peremptori.</strong></span> <span class='ocrx_word' id='word_1_598' title='bbox 3208 3818 3331 3873; x_wconf 81' lang='lat' dir='ltr'><strong>Fuit</strong></span> <span class='ocrx_word' id='word_1_599' title='bbox 3383 3834 3516 3890; x_wconf 79' lang='lat' dir='ltr'><strong>ergo</strong></span> 
     </span>
    </p>
   </div>
   <div class='ocr_carea' id='block_1_53' title="bbox 242 3910 3513 4011">
    <p class='ocr_par' dir='ltr' id='par_1_53' title="bbox 242 3910 3513 4011">
     <span class='ocr_line' id='line_1_53' title="bbox 242 3910 3513 4011; baseline -0.006 -16"><span class='ocrx_word' id='word_1_600' title='bbox 242 3940 359 4011; x_wconf 85' lang='lat' dir='ltr'><strong>vu).</strong></span> <span class='ocrx_word' id='word_1_601' title='bbox 392 3940 769 3996; x_wconf 78' lang='lat' dir='ltr'><strong>Ecclesiastica</strong></span> <span class='ocrx_word' id='word_1_602' title='bbox 802 3948 923 3994; x_wconf 82' lang='lat' dir='ltr'><strong>est:</strong></span> <span class='ocrx_word' id='word_1_603' title='bbox 956 3937 1217 3993; x_wconf 82' lang='lat' dir='ltr'><strong>Habemus</strong></span> <span class='ocrx_word' id='word_1_604' title='bbox 1245 3939 1546 3990; x_wconf 86' lang='lat' dir='ltr'><strong>thesaurum</strong></span> <span class='ocrx_word' id='word_1_605' title='bbox 1584 3910 1737 3985; x_wconf 81' lang='lat' dir='ltr'><strong>istum</strong></span> <span class='ocrx_word' id='word_1_606' title='bbox 1766 3934 1817 3985; x_wconf 88' lang='lat' dir='ltr'><strong>in</strong></span> <span class='ocrx_word' id='word_1_607' title='bbox 1925 3922 2120 3990; x_wconf 76' lang='lat' dir='ltr'><strong>Adam,</strong></span> <span class='ocrx_word' id='word_1_608' title='bbox 2171 3928 2222 3973; x_wconf 71' lang='grc' dir='ltr'><strong>ει</strong></span> <span class='ocrx_word' id='word_1_609' title='bbox 2296 3920 2350 3973; x_wconf 73' lang='lat' dir='ltr'><strong>in</strong></span> <span class='ocrx_word' id='word_1_610' title='bbox 2398 3917 2493 3972; x_wconf 81' lang='grc' dir='ltr'><strong>ίΗο</strong></span> <span class='ocrx_word' id='word_1_611' title='bbox 2554 3915 2751 3970; x_wconf 52' lang='lat' dir='ltr'><strong>(&quot;imus</strong></span> <span class='ocrx_word' id='word_1_612' title='bbox 2818 3928 3027 3969; x_wconf 71' lang='grc' dir='ltr'><strong>οῐηηθεο</strong></span> <span class='ocrx_word' id='word_1_613' title='bbox 3086 3911 3257 3966; x_wconf 62' lang='lat' dir='ltr'><strong>Peri“</strong></span> <span class='ocrx_word' id='word_1_614' title='bbox 3316 3910 3513 3975; x_wconf 65' lang='lat' dir='ltr'><strong>Adam.</strong></span> 
     </span>
    </p>
   </div>
   <div class='ocr_carea' id='block_1_54' title="bbox 242 4002 3517 4105">
    <p class='ocr_par' dir='ltr' id='par_1_54' title="bbox 242 4002 3517 4105">
     <span class='ocr_line' id='line_1_54' title="bbox 242 4002 3517 4105; baseline -0.005 -16"><span class='ocrx_word' id='word_1_615' title='bbox 242 4037 373 4090; x_wconf 77' lang='lat' dir='ltr'><strong>vasis</strong></span> <span class='ocrx_word' id='word_1_616' title='bbox 397 4035 667 4105; x_wconf 82' lang='lat' dir='ltr'><strong>ﬁctilibus,</strong></span> <span class='ocrx_word' id='word_1_617' title='bbox 690 4041 746 4089; x_wconf 83' lang='lat' dir='ltr'><strong>ut</strong></span> <span class='ocrx_word' id='word_1_618' title='bbox 780 4033 1069 4088; x_wconf 86' lang='lat' dir='ltr'><strong>sublimitas</strong></span> <span class='ocrx_word' id='word_1_619' title='bbox 1095 4033 1162 4086; x_wconf 85' lang='lat' dir='ltr'><strong>sit</strong></span> <span class='ocrx_word' id='word_1_620' title='bbox 1202 4032 1365 4085; x_wconf 84' lang='lat' dir='ltr'><strong>virtus</strong></span> <span class='ocrx_word' id='word_1_621' title='bbox 1395 4029 1511 4096; x_wconf 86' lang='lat' dir='ltr'><strong>Dei,</strong></span> <span class='ocrx_word' id='word_1_622' title='bbox 1538 4039 1705 4080; x_wconf 81' lang='lat' dir='ltr'><strong>etnon</strong></span> <span class='ocrx_word' id='word_1_623' title='bbox 1750 4041 1815 4080; x_wconf 80' lang='lat' dir='ltr'><strong>ea:</strong></span> <span class='ocrx_word' id='word_1_624' title='bbox 1927 4025 1980 4071; x_wconf 76' lang='lat' dir='ltr'><strong>et</strong></span> <span class='ocrx_word' id='word_1_625' title='bbox 2027 4032 2092 4070; x_wconf 84' lang='lat' dir='ltr'><strong>ex</strong></span> <span class='ocrx_word' id='word_1_626' title='bbox 2146 4014 2237 4068; x_wconf 85' lang='lat' dir='ltr'><strong>illo</strong></span> <span class='ocrx_word' id='word_1_627' title='bbox 2291 4012 2571 4084; x_wconf 75' lang='lat' dir='ltr'><strong>perierunt</strong></span> <span class='ocrx_word' id='word_1_628' title='bbox 2619 4022 2829 4064; x_wconf 72' lang='lat' dir='ltr'><strong>omnes.</strong></span> <span class='ocrx_word' id='word_1_629' title='bbox 2889 4005 3047 4074; x_wconf 84' lang='lat' dir='ltr'><strong>Quod</strong></span> <span class='ocrx_word' id='word_1_630' title='bbox 3099 4006 3329 4105; x_wconf 47' lang='lat' dir='ltr'><strong>itajon</strong></span> <span class='ocrx_word' id='word_1_631' title='bbox 3380 4002 3517 4104; x_wconf 51' lang='lat' dir='ltr'><strong>falso</strong></span> 
     </span>
    </p>
   </div>
   <div class='ocr_carea' id='block_1_55' title="bbox 245 4093 3519 4199">
    <p class='ocr_par' dir='ltr' id='par_1_55' title="bbox 245 4093 3519 4199">
     <span class='ocr_line' id='line_1_55' title="bbox 245 4093 3519 4199; baseline -0.011 -16"><span class='ocrx_word' id='word_1_632' title='bbox 245 4093 485 4199; x_wconf 49' lang='lat' dir='ltr'><strong>nobis&#39;(ll</strong></span> <span class='ocrx_word' id='word_1_633' title='bbox 514 4093 761 4196; x_wconf 43' lang='lat' dir='ltr'><strong>Con-tv).</strong></span> <span class='ocrx_word' id='word_1_634' title='bbox 794 4126 1175 4180; x_wconf 80' lang='lat' dir='ltr'><strong>Ecclesiastica</strong></span> <span class='ocrx_word' id='word_1_635' title='bbox 1207 4122 1392 4193; x_wconf 84' lang='lat' dir='ltr'><strong>regula</strong></span> <span class='ocrx_word' id='word_1_636' title='bbox 1419 4093 1545 4175; x_wconf 83' lang='lat' dir='ltr'><strong>est:</strong></span> <span class='ocrx_word' id='word_1_637' title='bbox 1582 4118 1645 4172; x_wconf 90' lang='lat' dir='ltr'><strong>In</strong></span> <span class='ocrx_word' id='word_1_638' title='bbox 1674 4118 1821 4172; x_wconf 87' lang='lat' dir='ltr'><strong>nullo</strong></span> <span class='ocrx_word' id='word_1_639' title='bbox 1927 4107 2066 4163; x_wconf 87' lang='lat' dir='ltr'><strong>dixit</strong></span> <span class='ocrx_word' id='word_1_640' title='bbox 2137 4106 2325 4160; x_wconf 86' lang='lat' dir='ltr'><strong>beatus</strong></span> <span class='ocrx_word' id='word_1_641' title='bbox 2402 4103 2748 4199; x_wconf 46' lang='lat' dir='ltr'><strong>Ambrosius,</strong></span> <span class='ocrx_word' id='word_1_642' title='bbox 2810 4100 2949 4155; x_wconf 89' lang='lat' dir='ltr'><strong>sicut</strong></span> <span class='ocrx_word' id='word_1_643' title='bbox 3004 4112 3114 4152; x_wconf 90' lang='lat' dir='ltr'><strong>non</strong></span> <span class='ocrx_word' id='word_1_644' title='bbox 3189 4094 3327 4150; x_wconf 88' lang='lat' dir='ltr'><strong>falso</strong></span> <span class='ocrx_word' id='word_1_645' title='bbox 3389 4093 3519 4199; x_wconf 47' lang='lat' dir='ltr'><strong>lipsa</strong></span> 
     </span>
    </p>
   </div>
   <div class='ocr_carea' id='block_1_56' title="bbox 251 4184 3520 4289">
    <p class='ocr_par' dir='ltr' id='par_1_56' title="bbox 251 4184 3520 4289">
     <span class='ocr_line' id='line_1_56' title="bbox 251 4184 3520 4289; baseline -0.011 -18"><span class='ocrx_word' id='word_1_646' title='bbox 251 4220 539 4275; x_wconf 84' lang='lat' dir='ltr'><strong>terreamini</strong></span> <span class='ocrx_word' id='word_1_647' title='bbox 570 4217 631 4271; x_wconf 89' lang='lat' dir='ltr'><strong>ab</strong></span> <span class='ocrx_word' id='word_1_648' title='bbox 654 4218 996 4283; x_wconf 84' lang='lat' dir='ltr'><strong>adversariis;</strong></span> <span class='ocrx_word' id='word_1_649' title='bbox 1028 4233 1141 4289; x_wconf 74' lang='lat' dir='ltr'><strong>qum</strong></span> <span class='ocrx_word' id='word_1_650' title='bbox 1163 4225 1233 4269; x_wconf 88' lang='lat' dir='ltr'><strong>est</strong></span> <span class='ocrx_word' id='word_1_651' title='bbox 1258 4215 1364 4268; x_wconf 87' lang='lat' dir='ltr'><strong>illis</strong></span> <span class='ocrx_word' id='word_1_652' title='bbox 1387 4228 1543 4267; x_wconf 86' lang='lat' dir='ltr'><strong>causa</strong></span> <span class='ocrx_word' id='word_1_653' title='bbox 1575 4210 1822 4282; x_wconf 87' lang='lat' dir='ltr'><strong>perditio-</strong></span> <span class='ocrx_word' id='word_1_654' title='bbox 1930 4201 2137 4257; x_wconf 79' lang='lat' dir='ltr'><strong>veritas</strong></span> <span class='ocrx_word' id='word_1_655' title='bbox 2178 4200 2252 4253; x_wconf 85' lang='lat' dir='ltr'><strong>ait</strong></span> <span class='ocrx_word' id='word_1_656' title='bbox 2280 4215 2293 4252; x_wconf 90' lang='lat'><strong>:</strong></span> <span class='ocrx_word' id='word_1_657' title='bbox 2328 4195 2480 4251; x_wconf 76' lang='lat' dir='ltr'><strong>Venit</strong></span> <span class='ocrx_word' id='word_1_658' title='bbox 2508 4190 2679 4248; x_wconf 87' lang='lat' dir='ltr'><strong>Filius</strong></span> <span class='ocrx_word' id='word_1_659' title='bbox 2718 4192 2942 4246; x_wconf 89' lang='lat' dir='ltr'><strong>hominis</strong></span> <span class='ocrx_word' id='word_1_660' title='bbox 2975 4204 3202 4261; x_wconf 73' lang='lat' dir='ltr'><strong>qutrrere</strong></span> <span class='ocrx_word' id='word_1_661' title='bbox 3240 4196 3288 4241; x_wconf 85' lang='lat' dir='ltr'><strong>et</strong></span> <span class='ocrx_word' id='word_1_662' title='bbox 3320 4184 3520 4240; x_wconf 78' lang='lat' dir='ltr'><strong>salvum</strong></span> 
     </span>
    </p>
   </div>
   <div class='ocr_carea' id='block_1_57' title="bbox 254 4280 3520 4377">
    <p class='ocr_par' dir='ltr' id='par_1_57' title="bbox 254 4280 3520 4377">
     <span class='ocr_line' id='line_1_57' title="bbox 254 4280 3520 4377; baseline -0.01 -10"><span class='ocrx_word' id='word_1_663' title='bbox 254 4313 359 4377; x_wconf 86' lang='lat' dir='ltr'><strong>nis,</strong></span> <span class='ocrx_word' id='word_1_664' title='bbox 389 4311 527 4365; x_wconf 88' lang='lat' dir='ltr'><strong>vobis</strong></span> <span class='ocrx_word' id='word_1_665' title='bbox 554 4318 725 4366; x_wconf 89' lang='lat' dir='ltr'><strong>autem</strong></span> <span class='ocrx_word' id='word_1_666' title='bbox 755 4280 1049 4375; x_wconf 18' lang='lat' dir='ltr'><strong>salutis,ret&#39;</strong></span> <span class='ocrx_word' id='word_1_667' title='bbox 1084 4308 1179 4361; x_wconf 91' lang='lat' dir='ltr'><strong>hoc</strong></span> <span class='ocrx_word' id='word_1_668' title='bbox 1208 4324 1238 4361; x_wconf 93' lang='lat' dir='ltr'><strong>a</strong></span> <span class='ocrx_word' id='word_1_669' title='bbox 1270 4304 1402 4360; x_wconf 91' lang='lat' dir='ltr'><strong>Deo.</strong></span> <span class='ocrx_word' id='word_1_670' title='bbox 1447 4280 1598 4359; x_wconf 82' lang='lat' dir='ltr'><strong>Vobis</strong></span> <span class='ocrx_word' id='word_1_671' title='bbox 1648 4305 1825 4355; x_wconf 85' lang='lat' dir='ltr'><strong>datum</strong></span> <span class='ocrx_word' id='word_1_672' title='bbox 1931 4296 2099 4367; x_wconf 81' lang='lat' dir='ltr'><strong>facere</strong></span> <span class='ocrx_word' id='word_1_673' title='bbox 2148 4290 2289 4365; x_wconf 87' lang='lat' dir='ltr'><strong>quod</strong></span> <span class='ocrx_word' id='word_1_674' title='bbox 2339 4292 2562 4360; x_wconf 88' lang='lat' dir='ltr'><strong>perierat</strong></span> <span class='ocrx_word' id='word_1_675' title='bbox 2605 4285 2756 4361; x_wconf 86' lang='lat' dir='ltr'><strong>(Luc.</strong></span> <span class='ocrx_word' id='word_1_676' title='bbox 2816 4286 2954 4357; x_wconf 79' lang='lat' dir='ltr'><strong>xix).</strong></span> <span class='ocrx_word' id='word_1_677' title='bbox 2997 4285 3215 4339; x_wconf 66' lang='lat' dir='ltr'><strong>Natura:</strong></span> <span class='ocrx_word' id='word_1_678' title='bbox 3254 4282 3395 4337; x_wconf 86' lang='lat' dir='ltr'><strong>enim</strong></span> <span class='ocrx_word' id='word_1_679' title='bbox 3418 4280 3520 4335; x_wconf 85' lang='lat' dir='ltr'><strong>hu-</strong></span> 
     </span>
    </p>
   </div>
   <div class='ocr_carea' id='block_1_58' title="bbox 254 4376 3520 4476">
    <p class='ocr_par' dir='ltr' id='par_1_58' title="bbox 254 4376 3520 4476">
     <span class='ocr_line' id='line_1_58' title="bbox 254 4376 3520 4476; baseline -0.01 -15"><span class='ocrx_word' id='word_1_680' title='bbox 254 4413 320 4461; x_wconf 83' lang='lat' dir='ltr'><strong>est</strong></span> <span class='ocrx_word' id='word_1_681' title='bbox 337 4420 424 4476; x_wconf 88' lang='lat' dir='ltr'><strong>per</strong></span> <span class='ocrx_word' id='word_1_682' title='bbox 455 4402 735 4469; x_wconf 84' lang='lat' dir='ltr'><strong>Christum,</strong></span> <span class='ocrx_word' id='word_1_683' title='bbox 769 4418 875 4457; x_wconf 88' lang='lat' dir='ltr'><strong>non</strong></span> <span class='ocrx_word' id='word_1_684' title='bbox 906 4401 1075 4457; x_wconf 88' lang='lat' dir='ltr'><strong>solum</strong></span> <span class='ocrx_word' id='word_1_685' title='bbox 1102 4410 1155 4454; x_wconf 89' lang='lat' dir='ltr'><strong>ut</strong></span> <span class='ocrx_word' id='word_1_686' title='bbox 1186 4402 1240 4453; x_wconf 89' lang='lat' dir='ltr'><strong>in</strong></span> <span class='ocrx_word' id='word_1_687' title='bbox 1288 4416 1404 4453; x_wconf 90' lang='lat' dir='ltr'><strong>eum</strong></span> <span class='ocrx_word' id='word_1_688' title='bbox 1446 4396 1703 4465; x_wconf 85' lang='lat' dir='ltr'><strong>credatis,</strong></span> <span class='ocrx_word' id='word_1_689' title='bbox 1738 4395 1827 4449; x_wconf 90' lang='lat' dir='ltr'><strong>sed</strong></span> <span class='ocrx_word' id='word_1_690' title='bbox 1932 4394 2104 4444; x_wconf 74' lang='lat' dir='ltr'><strong>manae‘</strong></span> <span class='ocrx_word' id='word_1_691' title='bbox 2151 4386 2237 4439; x_wconf 85' lang='lat' dir='ltr'><strong>illa</strong></span> <span class='ocrx_word' id='word_1_692' title='bbox 2296 4382 2755 4454; x_wconf 62' lang='lat' dir='ltr'><strong>praevaricationis</strong></span> <span class='ocrx_word' id='word_1_693' title='bbox 2804 4378 3127 4434; x_wconf 74' lang='lat' dir='ltr'><strong>universalis</strong></span> <span class='ocrx_word' id='word_1_694' title='bbox 3182 4376 3366 4439; x_wconf 88' lang='lat' dir='ltr'><strong>ruina,</strong></span> <span class='ocrx_word' id='word_1_695' title='bbox 3420 4388 3520 4428; x_wconf 88' lang='lat' dir='ltr'><strong>nec</strong></span> 
     </span>
    </p>
   </div>
   <div class='ocr_carea' id='block_1_59' title="bbox 255 4468 3521 4568">
    <p class='ocr_par' dir='ltr' id='par_1_59' title="bbox 255 4468 3521 4568">
     <span class='ocr_line' id='line_1_59' title="bbox 255 4468 3521 4568; baseline -0.01 -15"><span class='ocrx_word' id='word_1_696' title='bbox 255 4468 396 4554; x_wconf 77' lang='lat' dir='ltr'><strong>etiam</strong></span> <span class='ocrx_word' id='word_1_697' title='bbox 440 4507 496 4551; x_wconf 87' lang='lat' dir='ltr'><strong>ut</strong></span> <span class='ocrx_word' id='word_1_698' title='bbox 542 4495 819 4568; x_wconf 83' lang='lat' dir='ltr'><strong>patiamini</strong></span> <span class='ocrx_word' id='word_1_699' title='bbox 864 4511 957 4568; x_wconf 86' lang='lat' dir='ltr'><strong>pro</strong></span> <span class='ocrx_word' id='word_1_700' title='bbox 999 4510 1057 4548; x_wconf 88' lang='lat' dir='ltr'><strong>eo</strong></span> <span class='ocrx_word' id='word_1_701' title='bbox 1086 4492 1308 4565; x_wconf 86' lang='lat' dir='ltr'><strong>(Philip.</strong></span> <span class='ocrx_word' id='word_1_702' title='bbox 1346 4492 1407 4561; x_wconf 83' lang='grc' dir='ltr'><strong>ι).</strong></span> <span class='ocrx_word' id='word_1_703' title='bbox 1446 4488 1826 4544; x_wconf 88' lang='lat' dir='ltr'><strong>Ecclesiastica</strong></span> <span class='ocrx_word' id='word_1_704' title='bbox 1857 4553 1902 4568; x_wconf 44' lang='lat' dir='ltr'><strong>ﬁ</strong></span> <span class='ocrx_word' id='word_1_705' title='bbox 1934 4478 2234 4536; x_wconf 87' lang='lat' dir='ltr'><strong>substantia</strong></span> <span class='ocrx_word' id='word_1_706' title='bbox 2292 4484 2556 4547; x_wconf 61' lang='lat' dir='ltr'><strong>praerepta</strong></span> <span class='ocrx_word' id='word_1_707' title='bbox 2593 4483 2706 4535; x_wconf 81' lang='lat' dir='ltr'><strong>est.</strong></span> <span class='ocrx_word' id='word_1_708' title='bbox 2744 4487 2843 4528; x_wconf 91' lang='lat' dir='ltr'><strong>nec</strong></span> <span class='ocrx_word' id='word_1_709' title='bbox 2873 4473 3148 4537; x_wconf 86' lang='lat' dir='ltr'><strong>voluntas;</strong></span> <span class='ocrx_word' id='word_1_710' title='bbox 3208 4468 3302 4523; x_wconf 90' lang='lat' dir='ltr'><strong>sed</strong></span> <span class='ocrx_word' id='word_1_711' title='bbox 3340 4468 3521 4521; x_wconf 90' lang='lat' dir='ltr'><strong>lumen</strong></span> 
     </span>
    </p>
   </div>
   <div class='ocr_carea' id='block_1_60' title="bbox 257 4553 3521 4663">
    <p class='ocr_par' dir='ltr' id='par_1_60' title="bbox 257 4553 3521 4663">
     <span class='ocr_line' id='line_1_60' title="bbox 257 4553 3521 4663; baseline -0.011 -17"><span class='ocrx_word' id='word_1_712' title='bbox 257 4591 430 4663; x_wconf 76' lang='lat' dir='ltr'><strong>regula</strong></span> <span class='ocrx_word' id='word_1_713' title='bbox 460 4553 579 4647; x_wconf 51' lang='lat' dir='ltr'><strong>est&#39;:</strong></span> <span class='ocrx_word' id='word_1_714' title='bbox 614 4590 743 4646; x_wconf 88' lang='lat' dir='ltr'><strong>Cum</strong></span> <span class='ocrx_word' id='word_1_715' title='bbox 784 4553 1004 4644; x_wconf 70' lang='lat' dir='ltr'><strong>tremore</strong></span> <span class='ocrx_word' id='word_1_716' title='bbox 1040 4553 1298 4641; x_wconf 44' lang='lat' dir='ltr'><strong>et‘timore</strong></span> <span class='ocrx_word' id='word_1_717' title='bbox 1334 4592 1557 4637; x_wconf 86' lang='lat' dir='ltr'><strong>vestram</strong></span> <span class='ocrx_word' id='word_1_718' title='bbox 1596 4582 1830 4650; x_wconf 90' lang='lat' dir='ltr'><strong>ipsorum</strong></span> <span class='ocrx_word' id='word_1_719' title='bbox 1857 4553 1907 4614; x_wconf 83' lang='grc' dir='ltr'><strong>Ῑ)</strong></span> <span class='ocrx_word' id='word_1_720' title='bbox 1935 4574 2208 4642; x_wconf 88' lang='lat' dir='ltr'><strong>decusque</strong></span> <span class='ocrx_word' id='word_1_721' title='bbox 2233 4571 2511 4634; x_wconf 82' lang='lat' dir='ltr'><strong>virtutum,</strong></span> <span class='ocrx_word' id='word_1_722' title='bbox 2559 4567 2753 4638; x_wconf 92' lang='lat' dir='ltr'><strong>quibus</strong></span> <span class='ocrx_word' id='word_1_723' title='bbox 2794 4565 2985 4620; x_wconf 88' lang='lat' dir='ltr'><strong>fraude</strong></span> <span class='ocrx_word' id='word_1_724' title='bbox 3023 4561 3313 4618; x_wconf 89' lang='lat' dir='ltr'><strong>invidentis</strong></span> <span class='ocrx_word' id='word_1_725' title='bbox 3362 4568 3521 4613; x_wconf 82' lang='lat' dir='ltr'><strong>exuta</strong></span> 
     </span>
    </p>
   </div>
   <div class='ocr_carea' id='block_1_61' title="bbox 261 4656 3523 4748">
    <p class='ocr_par' dir='ltr' id='par_1_61' title="bbox 261 4656 3523 4748">
     <span class='ocr_line' id='line_1_61' title="bbox 261 4656 3523 4748; baseline -0.01 -13"><span class='ocrx_word' id='word_1_726' title='bbox 261 4656 470 4735; x_wconf 79' lang='lat' dir='ltr'><strong>salutem</strong></span> <span class='ocrx_word' id='word_1_727' title='bbox 518 4682 823 4748; x_wconf 83' lang='lat' dir='ltr'><strong>operamini.</strong></span> <span class='ocrx_word' id='word_1_728' title='bbox 855 4677 995 4735; x_wconf 88' lang='lat' dir='ltr'><strong>Deus</strong></span> <span class='ocrx_word' id='word_1_729' title='bbox 1044 4679 1182 4733; x_wconf 88' lang='lat' dir='ltr'><strong>enim</strong></span> <span class='ocrx_word' id='word_1_730' title='bbox 1210 4687 1307 4742; x_wconf 89' lang='lat' dir='ltr'><strong>est,</strong></span> <span class='ocrx_word' id='word_1_731' title='bbox 1341 4676 1428 4744; x_wconf 89' lang='lat' dir='ltr'><strong>qui</strong></span> <span class='ocrx_word' id='word_1_732' title='bbox 1482 4683 1729 4745; x_wconf 88' lang='lat' dir='ltr'><strong>operatur</strong></span> <span class='ocrx_word' id='word_1_733' title='bbox 1778 4671 1832 4724; x_wconf 91' lang='lat' dir='ltr'><strong>in</strong></span> <span class='ocrx_word' id='word_1_734' title='bbox 1938 4675 2040 4724; x_wconf 91' lang='lat' dir='ltr'><strong>est.</strong></span> <span class='ocrx_word' id='word_1_735' title='bbox 2110 4663 2340 4719; x_wconf 85' lang='lat' dir='ltr'><strong>Perditis</strong></span> <span class='ocrx_word' id='word_1_736' title='bbox 2391 4670 2569 4716; x_wconf 88' lang='lat' dir='ltr'><strong>autem</strong></span> <span class='ocrx_word' id='word_1_737' title='bbox 2619 4674 2715 4730; x_wconf 90' lang='lat' dir='ltr'><strong>per</strong></span> <span class='ocrx_word' id='word_1_738' title='bbox 2773 4672 2892 4727; x_wconf 63' lang='lat' dir='ltr'><strong>quae</strong></span> <span class='ocrx_word' id='word_1_739' title='bbox 2937 4656 3003 4711; x_wconf 90' lang='lat' dir='ltr'><strong>ad</strong></span> <span class='ocrx_word' id='word_1_740' title='bbox 3050 4666 3305 4710; x_wconf 67' lang='lat' dir='ltr'><strong>aeternam</strong></span> <span class='ocrx_word' id='word_1_741' title='bbox 3363 4658 3523 4719; x_wconf 83' lang='lat' dir='ltr'><strong>atque</strong></span> 
     </span>
    </p>
   </div>
   <div class='ocr_carea' id='block_1_62' title="bbox 262 4742 3523 4844">
    <p class='ocr_par' dir='ltr' id='par_1_62' title="bbox 262 4742 3523 4844">
     <span class='ocr_line' id='line_1_62' title="bbox 262 4742 3523 4844; baseline -0.01 -17"><span class='ocrx_word' id='word_1_742' title='bbox 262 4774 396 4827; x_wconf 87' lang='lat' dir='ltr'><strong>nobis</strong></span> <span class='ocrx_word' id='word_1_743' title='bbox 428 4781 474 4826; x_wconf 86' lang='lat' dir='ltr'><strong>et</strong></span> <span class='ocrx_word' id='word_1_744' title='bbox 500 4742 627 4827; x_wconf 79' lang='lat' dir='ltr'><strong>velle</strong></span> <span class='ocrx_word' id='word_1_745' title='bbox 651 4780 699 4827; x_wconf 87' lang='lat' dir='ltr'><strong>et</strong></span> <span class='ocrx_word' id='word_1_746' title='bbox 728 4773 963 4844; x_wconf 87' lang='lat' dir='ltr'><strong>operari,</strong></span> <span class='ocrx_word' id='word_1_747' title='bbox 997 4787 1091 4843; x_wconf 90' lang='lat' dir='ltr'><strong>pro</strong></span> <span class='ocrx_word' id='word_1_748' title='bbox 1128 4770 1261 4824; x_wconf 91' lang='lat' dir='ltr'><strong>bona</strong></span> <span class='ocrx_word' id='word_1_749' title='bbox 1298 4742 1559 4821; x_wconf 80' lang='lat' dir='ltr'><strong>voluntate</strong></span> <span class='ocrx_word' id='word_1_750' title='bbox 1602 4763 1828 4835; x_wconf 83' lang='lat' dir='ltr'><strong>(Philip.</strong></span> <span class='ocrx_word' id='word_1_751' title='bbox 1938 4756 2346 4816; x_wconf 89' lang='lat' dir='ltr'><strong>inamissibilem</strong></span> <span class='ocrx_word' id='word_1_752' title='bbox 2413 4753 2657 4823; x_wconf 85' lang='lat' dir='ltr'><strong>corporis</strong></span> <span class='ocrx_word' id='word_1_753' title='bbox 2709 4752 3011 4820; x_wconf 80' lang='lat' dir='ltr'><strong>animaeque</strong></span> <span class='ocrx_word' id='word_1_754' title='bbox 3064 4742 3523 4815; x_wconf 89' lang='lat' dir='ltr'><strong>incorruptionem</strong></span> 
     </span>
    </p>
   </div>
   <div class='ocr_carea' id='block_1_63' title="bbox 263 4840 3528 4937">
    <p class='ocr_par' dir='ltr' id='par_1_63' title="bbox 263 4840 3528 4937">
     <span class='ocr_line' id='line_1_63' title="bbox 263 4840 3528 4937; baseline -0.009 -15"><span class='ocrx_word' id='word_1_755' title='bbox 263 4869 340 4934; x_wconf 77' lang='grc' dir='ltr'><strong>ιι).</strong></span> <span class='ocrx_word' id='word_1_756' title='bbox 371 4840 965 4937; x_wconf 48' lang='grc' dir='ltr'><strong>Εοριθείθεῑίοένθςιιιθ</strong></span> <span class='ocrx_word' id='word_1_757' title='bbox 994 4840 1120 4919; x_wconf 82' lang='lat' dir='ltr'><strong>est:</strong></span> <span class='ocrx_word' id='word_1_758' title='bbox 1166 4862 1289 4916; x_wconf 90' lang='lat' dir='ltr'><strong>Non</strong></span> <span class='ocrx_word' id='word_1_759' title='bbox 1314 4863 1433 4931; x_wconf 88' lang='lat' dir='ltr'><strong>quia</strong></span> <span class='ocrx_word' id='word_1_760' title='bbox 1464 4859 1632 4913; x_wconf 87' lang='lat' dir='ltr'><strong>idonei</strong></span> <span class='ocrx_word' id='word_1_761' title='bbox 1672 4858 1834 4911; x_wconf 86' lang='lat' dir='ltr'><strong>simus</strong></span> <span class='ocrx_word' id='word_1_762' title='bbox 1939 4862 2151 4926; x_wconf 86' lang='lat' dir='ltr'><strong>poterat</strong></span> <span class='ocrx_word' id='word_1_763' title='bbox 2205 4850 2532 4922; x_wconf 87' lang='lat' dir='ltr'><strong>pervenire,</strong></span> <span class='ocrx_word' id='word_1_764' title='bbox 2577 4847 2706 4918; x_wconf 89' lang='lat' dir='ltr'><strong>quid</strong></span> <span class='ocrx_word' id='word_1_765' title='bbox 2754 4848 2804 4902; x_wconf 90' lang='lat' dir='ltr'><strong>ei</strong></span> <span class='ocrx_word' id='word_1_766' title='bbox 2871 4844 3170 4912; x_wconf 90' lang='lat' dir='ltr'><strong>remansit,</strong></span> <span class='ocrx_word' id='word_1_767' title='bbox 3225 4841 3327 4897; x_wconf 91' lang='lat' dir='ltr'><strong>nisi</strong></span> <span class='ocrx_word' id='word_1_768' title='bbox 3386 4840 3528 4912; x_wconf 92' lang='lat' dir='ltr'><strong>quod</strong></span> 
     </span>
    </p>
   </div>
   <div class='ocr_carea' id='block_1_64' title="bbox 267 4934 3529 5032">
    <p class='ocr_par' dir='ltr' id='par_1_64' title="bbox 267 4934 3529 5032">
     <span class='ocr_line' id='line_1_64' title="bbox 267 4934 3529 5032; baseline -0.008 -21"><span class='ocrx_word' id='word_1_769' title='bbox 267 4959 479 5032; x_wconf 81' lang='lat' dir='ltr'><strong>cogitare</strong></span> <span class='ocrx_word' id='word_1_770' title='bbox 510 4957 711 5028; x_wconf 84' lang='lat' dir='ltr'><strong>aliquid</strong></span> <span class='ocrx_word' id='word_1_771' title='bbox 732 4974 795 5013; x_wconf 77' lang='lat' dir='ltr'><strong>ea:</strong></span> <span class='ocrx_word' id='word_1_772' title='bbox 819 4934 967 5012; x_wconf 88' lang='lat' dir='ltr'><strong>nobis</strong></span> <span class='ocrx_word' id='word_1_773' title='bbox 993 4957 1143 5028; x_wconf 88' lang='lat' dir='ltr'><strong>quasi</strong></span> <span class='ocrx_word' id='word_1_774' title='bbox 1171 4973 1233 5010; x_wconf 78' lang='lat' dir='ltr'><strong>ea;</strong></span> <span class='ocrx_word' id='word_1_775' title='bbox 1260 4954 1406 5008; x_wconf 88' lang='lat' dir='ltr'><strong>nobis</strong></span> <span class='ocrx_word' id='word_1_776' title='bbox 1434 4954 1579 5021; x_wconf 84' lang='lat' dir='ltr'><strong>ipsis,</strong></span> <span class='ocrx_word' id='word_1_777' title='bbox 1611 4950 1702 5006; x_wconf 88' lang='lat' dir='ltr'><strong>sed</strong></span> <span class='ocrx_word' id='word_1_778' title='bbox 1724 4950 1836 5020; x_wconf 79' lang='lat' dir='ltr'><strong>suf-</strong></span> <span class='ocrx_word' id='word_1_779' title='bbox 1939 4948 2007 5002; x_wconf 92' lang='lat' dir='ltr'><strong>ad</strong></span> <span class='ocrx_word' id='word_1_780' title='bbox 2040 4946 2392 5016; x_wconf 90' lang='lat' dir='ltr'><strong>temporalem</strong></span> <span class='ocrx_word' id='word_1_781' title='bbox 2424 4942 2657 5012; x_wconf 87' lang='lat' dir='ltr'><strong>pertinet</strong></span> <span class='ocrx_word' id='word_1_782' title='bbox 2685 4941 2876 5007; x_wconf 87' lang='lat' dir='ltr'><strong>vitam,</strong></span> <span class='ocrx_word' id='word_1_783' title='bbox 2907 4952 3026 5008; x_wconf 82' lang='lat' dir='ltr'><strong>quae</strong></span> <span class='ocrx_word' id='word_1_784' title='bbox 3056 4944 3163 4991; x_wconf 89' lang='lat' dir='ltr'><strong>tota</strong></span> <span class='ocrx_word' id='word_1_785' title='bbox 3196 4945 3281 4991; x_wconf 89' lang='lat' dir='ltr'><strong>est</strong></span> <span class='ocrx_word' id='word_1_786' title='bbox 3306 4934 3529 4989; x_wconf 84' lang='lat' dir='ltr'><strong>damna-</strong></span> 
     </span>
    </p>
   </div>
   <div class='ocr_carea' id='block_1_65' title="bbox 267 5022 3531 5124">
    <p class='ocr_par' dir='ltr' id='par_1_65' title="bbox 267 5022 3531 5124">
     <span class='ocr_line' id='line_1_65' title="bbox 267 5022 3531 5124; baseline -0.01 -18"><span class='ocrx_word' id='word_1_787' title='bbox 267 5022 475 5124; x_wconf 78' lang='lat' dir='ltr'><strong>ficientia</strong></span> <span class='ocrx_word' id='word_1_788' title='bbox 504 5022 682 5107; x_wconf 78' lang='lat' dir='ltr'><strong>nostra</strong></span> <span class='ocrx_word' id='word_1_789' title='bbox 703 5069 768 5107; x_wconf 81' lang='lat' dir='ltr'><strong>ea:</strong></span> <span class='ocrx_word' id='word_1_790' title='bbox 798 5051 905 5106; x_wconf 90' lang='lat' dir='ltr'><strong>Deo</strong></span> <span class='ocrx_word' id='word_1_791' title='bbox 932 5022 1013 5105; x_wconf 70' lang='lat' dir='ltr'><strong>est</strong></span> <span class='ocrx_word' id='word_1_792' title='bbox 1037 5052 1105 5121; x_wconf 91' lang='lat' dir='ltr'><strong>(Il</strong></span> <span class='ocrx_word' id='word_1_793' title='bbox 1133 5049 1253 5105; x_wconf 88' lang='lat' dir='ltr'><strong>Cor.</strong></span> <span class='ocrx_word' id='word_1_794' title='bbox 1281 5048 1385 5121; x_wconf 89' lang='grc' dir='ltr'><strong>ιιι).</strong></span> <span class='ocrx_word' id='word_1_795' title='bbox 1414 5048 1561 5101; x_wconf 82' lang='lat' dir='ltr'><strong>Hauc</strong></span> <span class='ocrx_word' id='word_1_796' title='bbox 1593 5046 1834 5113; x_wconf 82' lang='lat' dir='ltr'><strong>regulam</strong></span> <span class='ocrx_word' id='word_1_797' title='bbox 1941 5039 2065 5095; x_wconf 87' lang='lat' dir='ltr'><strong>bilis</strong></span> <span class='ocrx_word' id='word_1_798' title='bbox 2091 5044 2147 5092; x_wconf 87' lang='lat' dir='ltr'><strong>et</strong></span> <span class='ocrx_word' id='word_1_799' title='bbox 2176 5035 2389 5105; x_wconf 59' lang='lat' dir='ltr'><strong>paenae?</strong></span> <span class='ocrx_word' id='word_1_800' title='bbox 2418 5032 2650 5101; x_wconf 84' lang='lat' dir='ltr'><strong>Propter</strong></span> <span class='ocrx_word' id='word_1_801' title='bbox 2679 5027 2822 5098; x_wconf 89' lang='lat' dir='ltr'><strong>quod</strong></span> <span class='ocrx_word' id='word_1_802' title='bbox 2853 5037 3008 5081; x_wconf 86' lang='lat' dir='ltr'><strong>natos</strong></span> <span class='ocrx_word' id='word_1_803' title='bbox 3039 5028 3093 5079; x_wconf 89' lang='lat' dir='ltr'><strong>in</strong></span> <span class='ocrx_word' id='word_1_804' title='bbox 3125 5024 3293 5124; x_wconf 76' lang='lat' dir='ltr'><strong>Adam</strong></span> <span class='ocrx_word' id='word_1_805' title='bbox 3322 5022 3531 5075; x_wconf 87' lang='lat' dir='ltr'><strong>renasci</strong></span> 
     </span>
    </p>
   </div>
   <div class='ocr_carea' id='block_1_66' title="bbox 268 5115 3534 5214">
    <p class='ocr_par' dir='ltr' id='par_1_66' title="bbox 268 5115 3534 5214">
     <span class='ocr_line' id='line_1_66' title="bbox 268 5115 3534 5214; baseline -0.011 -15"><span class='ocrx_word' id='word_1_806' title='bbox 268 5146 431 5199; x_wconf 84' lang='lat' dir='ltr'><strong>firmat</strong></span> <span class='ocrx_word' id='word_1_807' title='bbox 468 5145 610 5199; x_wconf 86' lang='lat' dir='ltr'><strong>Deus</strong></span> <span class='ocrx_word' id='word_1_808' title='bbox 647 5143 831 5199; x_wconf 88' lang='lat' dir='ltr'><strong>dicens</strong></span> <span class='ocrx_word' id='word_1_809' title='bbox 860 5162 874 5199; x_wconf 89' lang='lat'><strong>:</strong></span> <span class='ocrx_word' id='word_1_810' title='bbox 912 5144 1080 5198; x_wconf 89' lang='lat' dir='ltr'><strong>Nemo</strong></span> <span class='ocrx_word' id='word_1_811' title='bbox 1109 5152 1272 5214; x_wconf 84' lang='lat' dir='ltr'><strong>potest</strong></span> <span class='ocrx_word' id='word_1_812' title='bbox 1306 5144 1470 5195; x_wconf 79' lang='lat' dir='ltr'><strong>venire</strong></span> <span class='ocrx_word' id='word_1_813' title='bbox 1502 5142 1569 5194; x_wconf 86' lang='lat' dir='ltr'><strong>ad</strong></span> <span class='ocrx_word' id='word_1_814' title='bbox 1598 5157 1707 5204; x_wconf 89' lang='lat' dir='ltr'><strong>me,</strong></span> <span class='ocrx_word' id='word_1_815' title='bbox 1738 5139 1838 5192; x_wconf 86' lang='lat' dir='ltr'><strong>nisi</strong></span> <span class='ocrx_word' id='word_1_816' title='bbox 1943 5138 2157 5201; x_wconf 89' lang='lat' dir='ltr'><strong>oportet</strong></span> <span class='ocrx_word' id='word_1_817' title='bbox 2187 5129 2241 5183; x_wconf 92' lang='lat' dir='ltr'><strong>iu</strong></span> <span class='ocrx_word' id='word_1_818' title='bbox 2273 5124 2511 5190; x_wconf 87' lang='lat' dir='ltr'><strong>Christo,</strong></span> <span class='ocrx_word' id='word_1_819' title='bbox 2555 5137 2624 5178; x_wconf 89' lang='lat' dir='ltr'><strong>ne</strong></span> <span class='ocrx_word' id='word_1_820' title='bbox 2666 5123 2718 5176; x_wconf 92' lang='lat' dir='ltr'><strong>in</strong></span> <span class='ocrx_word' id='word_1_821' title='bbox 2746 5121 2835 5175; x_wconf 89' lang='lat' dir='ltr'><strong>illa</strong></span> <span class='ocrx_word' id='word_1_822' title='bbox 2869 5119 2988 5188; x_wconf 85' lang='lat' dir='ltr'><strong>quis</strong></span> <span class='ocrx_word' id='word_1_823' title='bbox 3032 5115 3339 5214; x_wconf 63' lang='lat' dir='ltr'><strong>inveniatur</strong></span> <span class='ocrx_word' id='word_1_824' title='bbox 3367 5128 3534 5183; x_wconf 81' lang='lat' dir='ltr'><strong>geno-</strong></span> 
     </span>
    </p>
   </div>
   <div class='ocr_carea' id='block_1_67' title="bbox 273 5204 3587 5310">
    <p class='ocr_par' dir='ltr' id='par_1_67' title="bbox 273 5204 3587 5310">
     <span class='ocr_line' id='line_1_67' title="bbox 273 5204 3587 5310; baseline -0.009 -20"><span class='ocrx_word' id='word_1_825' title='bbox 273 5238 438 5292; x_wconf 83' lang='lat' dir='ltr'><strong>datum</strong></span> <span class='ocrx_word' id='word_1_826' title='bbox 488 5240 646 5310; x_wconf 77' lang='lat' dir='ltr'><strong>fuerit</strong></span> <span class='ocrx_word' id='word_1_827' title='bbox 698 5241 741 5292; x_wconf 90' lang='lat' dir='ltr'><strong>ei</strong></span> <span class='ocrx_word' id='word_1_828' title='bbox 783 5254 813 5291; x_wconf 87' lang='lat' dir='ltr'><strong>a</strong></span> <span class='ocrx_word' id='word_1_829' title='bbox 846 5250 990 5306; x_wconf 89' lang='lat' dir='ltr'><strong>patre</strong></span> <span class='ocrx_word' id='word_1_830' title='bbox 1018 5204 1129 5292; x_wconf 80' lang='lat' dir='ltr'><strong>meo</strong></span> <span class='ocrx_word' id='word_1_831' title='bbox 1160 5236 1379 5309; x_wconf 84' lang='lat' dir='ltr'><strong>(Joann.</strong></span> <span class='ocrx_word' id='word_1_832' title='bbox 1411 5234 1508 5307; x_wconf 87' lang='lat' dir='ltr'><strong>vt).</strong></span> <span class='ocrx_word' id='word_1_833' title='bbox 1535 5236 1604 5289; x_wconf 86' lang='lat' dir='ltr'><strong>Et</strong></span> <span class='ocrx_word' id='word_1_834' title='bbox 1636 5252 1648 5285; x_wconf 91' lang='lat'>:</span> <span class='ocrx_word' id='word_1_835' title='bbox 1681 5233 1842 5287; x_wconf 86' lang='lat' dir='ltr'><strong>Omne</strong></span> <span class='ocrx_word' id='word_1_836' title='bbox 1918 5225 2154 5281; x_wconf 84' lang='lat' dir='ltr'><strong>&#39;ratioue</strong></span> <span class='ocrx_word' id='word_1_837' title='bbox 2181 5238 2299 5293; x_wconf 66' lang='lat' dir='ltr'><strong>quae</strong></span> <span class='ocrx_word' id='word_1_838' title='bbox 2333 5219 2513 5290; x_wconf 85' lang='lat' dir='ltr'><strong>periit.</strong></span> <span class='ocrx_word' id='word_1_839' title='bbox 2542 5216 2674 5272; x_wconf 85' lang='lat' dir='ltr'><strong>Nam</strong></span> <span class='ocrx_word' id='word_1_840' title='bbox 2716 5216 2761 5269; x_wconf 89' lang='lat' dir='ltr'><strong>si</strong></span> <span class='ocrx_word' id='word_1_841' title='bbox 2808 5210 3008 5283; x_wconf 87' lang='lat' dir='ltr'><strong>posteri</strong></span> <span class='ocrx_word' id='word_1_842' title='bbox 3042 5207 3173 5310; x_wconf 63' lang='lat' dir='ltr'><strong>Adae</strong></span> <span class='ocrx_word' id='word_1_843' title='bbox 3200 5208 3253 5261; x_wconf 90' lang='lat' dir='ltr'><strong>in</strong></span> <span class='ocrx_word' id='word_1_844' title='bbox 3285 5204 3393 5310; x_wconf 70' lang='lat' dir='ltr'><strong>illis</strong></span> <span class='ocrx_word' id='word_1_845' title='bbox 3430 5207 3539 5259; x_wconf 42' lang='lat' dir='ltr'><strong>vir:</strong></span> <span class='ocrx_word' id='word_1_846' title='bbox 3576 5207 3587 5243; x_wconf 72' lang='grc' dir='ltr'>ἶ</span> 
     </span>
    </p>
   </div>
   <div class='ocr_carea' id='block_1_68' title="bbox 272 5297 3589 5401">
    <p class='ocr_par' dir='ltr' id='par_1_68' title="bbox 272 5297 3589 5401">
     <span class='ocr_line' id='line_1_68' title="bbox 272 5297 3589 5401; baseline -0.011 -18"><span class='ocrx_word' id='word_1_847' title='bbox 272 5331 390 5401; x_wconf 89' lang='lat' dir='ltr'><strong>quod</strong></span> <span class='ocrx_word' id='word_1_848' title='bbox 422 5297 511 5384; x_wconf 51' lang='lat' dir='ltr'><strong>da&#39;t</strong></span> <span class='ocrx_word' id='word_1_849' title='bbox 560 5331 688 5385; x_wconf 87' lang='lat' dir='ltr'><strong>mihi</strong></span> <span class='ocrx_word' id='word_1_850' title='bbox 741 5297 920 5399; x_wconf 73' lang='lat' dir='ltr'><strong>Pater,</strong></span> <span class='ocrx_word' id='word_1_851' title='bbox 946 5332 1078 5385; x_wconf 86' lang='lat' dir='ltr'><strong>venit</strong></span> <span class='ocrx_word' id='word_1_852' title='bbox 1107 5297 1178 5383; x_wconf 79' lang='lat' dir='ltr'><strong>ad</strong></span> <span class='ocrx_word' id='word_1_853' title='bbox 1223 5346 1301 5382; x_wconf 88' lang='lat' dir='ltr'><strong>me</strong></span> <span class='ocrx_word' id='word_1_854' title='bbox 1331 5297 1547 5397; x_wconf 63' lang='lat' dir='ltr'><strong>(Ibid).</strong></span> <span class='ocrx_word' id='word_1_855' title='bbox 1574 5326 1638 5381; x_wconf 85' lang='lat' dir='ltr'><strong>Et</strong></span> <span class='ocrx_word' id='word_1_856' title='bbox 1673 5342 1685 5377; x_wconf 90' lang='lat'><strong>:</strong></span> <span class='ocrx_word' id='word_1_857' title='bbox 1717 5324 1843 5379; x_wconf 87' lang='lat' dir='ltr'><strong>Sine</strong></span> <span class='ocrx_word' id='word_1_858' title='bbox 1947 5317 2156 5377; x_wconf 90' lang='lat' dir='ltr'><strong>tutibus</strong></span> <span class='ocrx_word' id='word_1_859' title='bbox 2182 5311 2503 5370; x_wconf 87' lang='lat' dir='ltr'><strong>naturaliter</strong></span> <span class='ocrx_word' id='word_1_860' title='bbox 2526 5315 2753 5379; x_wconf 82' lang='lat' dir='ltr'><strong>agerent</strong></span> <span class='ocrx_word' id='word_1_861' title='bbox 2777 5308 2830 5361; x_wconf 91' lang='lat' dir='ltr'><strong>in</strong></span> <span class='ocrx_word' id='word_1_862' title='bbox 3084 5300 3253 5355; x_wconf 82' lang='lat' dir='ltr'><strong>Adam</strong></span> <span class='ocrx_word' id='word_1_863' title='bbox 3283 5297 3381 5353; x_wconf 91' lang='lat' dir='ltr'><strong>fuit</strong></span> <span class='ocrx_word' id='word_1_864' title='bbox 3414 5305 3540 5350; x_wconf 83' lang='lat' dir='ltr'><strong>ante</strong></span> <span class='ocrx_word' id='word_1_865' title='bbox 3584 5383 3589 5389; x_wconf 22' lang='grc' dir='ltr'><strong>Ι</strong></span> 
     </span>
    </p>
   </div>
   <div class='ocr_carea' id='block_1_69' title="bbox 275 5394 3593 5497">
    <p class='ocr_par' dir='ltr' id='par_1_69' title="bbox 275 5394 3593 5497">
     <span class='ocr_line' id='line_1_69' title="bbox 275 5394 3593 5497; baseline -0.012 -18"><span class='ocrx_word' id='word_1_866' title='bbox 275 5441 343 5479; x_wconf 88' lang='lat' dir='ltr'><strong>me</strong></span> <span class='ocrx_word' id='word_1_867' title='bbox 365 5424 497 5477; x_wconf 85' lang='lat' dir='ltr'><strong>nihil</strong></span> <span class='ocrx_word' id='word_1_868' title='bbox 528 5425 739 5493; x_wconf 81' lang='lat' dir='ltr'><strong>potestis</strong></span> <span class='ocrx_word' id='word_1_869' title='bbox 766 5394 933 5495; x_wconf 76' lang='lat' dir='ltr'><strong>facere</strong></span> <span class='ocrx_word' id='word_1_870' title='bbox 956 5420 1176 5497; x_wconf 87' lang='lat' dir='ltr'><strong>(Joann.</strong></span> <span class='ocrx_word' id='word_1_871' title='bbox 1200 5422 1316 5490; x_wconf 76' lang='lat' dir='ltr'><strong>xv).</strong></span> <span class='ocrx_word' id='word_1_872' title='bbox 1341 5394 1420 5474; x_wconf 22' lang='lat' dir='ltr'><strong>IEt</strong></span> <span class='ocrx_word' id='word_1_873' title='bbox 1452 5437 1466 5475; x_wconf 87' lang='lat'>:</span> <span class='ocrx_word' id='word_1_874' title='bbox 1496 5394 1618 5473; x_wconf 91' lang='lat' dir='ltr'><strong>on</strong></span> <span class='ocrx_word' id='word_1_875' title='bbox 1654 5434 1740 5472; x_wconf 89' lang='lat' dir='ltr'><strong>vos</strong></span> <span class='ocrx_word' id='word_1_876' title='bbox 1768 5433 1845 5470; x_wconf 88' lang='lat' dir='ltr'><strong>me</strong></span> <span class='ocrx_word' id='word_1_877' title='bbox 1948 5416 2251 5481; x_wconf 87' lang='lat' dir='ltr'><strong>peccatum,</strong></span> <span class='ocrx_word' id='word_1_878' title='bbox 2280 5419 2387 5459; x_wconf 93' lang='lat' dir='ltr'><strong>nou</strong></span> <span class='ocrx_word' id='word_1_879' title='bbox 2417 5410 2601 5456; x_wconf 87' lang='lat' dir='ltr'><strong>essent</strong></span> <span class='ocrx_word' id='word_1_880' title='bbox 2630 5409 2820 5455; x_wconf 86' lang='lat' dir='ltr'><strong>natura</strong></span> <span class='ocrx_word' id='word_1_881' title='bbox 2849 5394 3092 5497; x_wconf 53' lang='lat' dir='ltr'><strong>ﬁlii-irae,</strong></span> <span class='ocrx_word' id='word_1_882' title='bbox 3117 5406 3222 5447; x_wconf 90' lang='lat' dir='ltr'><strong>non</strong></span> <span class='ocrx_word' id='word_1_883' title='bbox 3242 5398 3436 5497; x_wconf 55' lang='lat' dir='ltr'><strong>essent</strong></span> <span class='ocrx_word' id='word_1_884' title='bbox 3463 5398 3542 5492; x_wconf 75' lang='lat' dir='ltr'><strong>te-</strong></span> <span class='ocrx_word' id='word_1_885' title='bbox 3586 5406 3593 5413; x_wconf 68' lang='grc'><em>’</em></span> 
     </span>
    </p>
   </div>
   <div class='ocr_carea' id='block_1_70' title="bbox 278 5479 3543 5591">
    <p class='ocr_par' dir='ltr' id='par_1_70' title="bbox 278 5479 3543 5591">
     <span class='ocr_line' id='line_1_70' title="bbox 278 5479 3543 5591; baseline -0.011 -19"><span class='ocrx_word' id='word_1_886' title='bbox 278 5518 486 5586; x_wconf 78' lang='lat' dir='ltr'><strong>elegistis</strong></span> <span class='ocrx_word' id='word_1_887' title='bbox 504 5479 642 5583; x_wconf 38' lang='lat' dir='ltr'><strong>{sed</strong></span> <span class='ocrx_word' id='word_1_888' title='bbox 671 5479 777 5591; x_wconf 48' lang='lat' dir='ltr'><strong>ego.</strong></span> <span class='ocrx_word' id='word_1_889' title='bbox 806 5479 1070 5589; x_wconf 51' lang='lat' dir='ltr'><strong>elegi‘vos</strong></span> <span class='ocrx_word' id='word_1_890' title='bbox 1096 5479 1310 5589; x_wconf 55' lang='lat' dir='ltr'><strong>(Ibid).</strong></span> <span class='ocrx_word' id='word_1_891' title='bbox 1343 5510 1456 5568; x_wconf 87' lang='lat' dir='ltr'><strong>Et:</strong></span> <span class='ocrx_word' id='word_1_892' title='bbox 1501 5511 1668 5566; x_wconf 89' lang='lat' dir='ltr'><strong>Nemo</strong></span> <span class='ocrx_word' id='word_1_893' title='bbox 1714 5508 1849 5564; x_wconf 89' lang='lat' dir='ltr'><strong>novit</strong></span> <span class='ocrx_word' id='word_1_894' title='bbox 1952 5479 2154 5571; x_wconf 63' lang='lat' dir='ltr'><strong>inebraa,</strong></span> <span class='ocrx_word' id='word_1_895' title='bbox 2204 5515 2305 5555; x_wconf 89' lang='lat' dir='ltr'><strong>nec</strong></span> <span class='ocrx_word' id='word_1_896' title='bbox 2349 5495 2451 5551; x_wconf 91' lang='lat' dir='ltr'><strong>sub</strong></span> <span class='ocrx_word' id='word_1_897' title='bbox 2496 5501 2765 5562; x_wconf 88' lang='lat' dir='ltr'><strong>potestate</strong></span> <span class='ocrx_word' id='word_1_898' title='bbox 2812 5486 3205 5591; x_wconf 57' lang='lat' dir='ltr'><strong>tenebrarumi</strong></span> <span class='ocrx_word' id='word_1_899' title='bbox 3242 5479 3543 5591; x_wconf 67' lang='lat' dir='ltr'><strong>salvatoris</strong></span> 
     </span>
    </p>
   </div>
   <div class='ocr_carea' id='block_1_71' title="bbox 282 5572 3543 5682">
    <p class='ocr_par' dir='ltr' id='par_1_71' title="bbox 282 5572 3543 5682">
     <span class='ocr_line' id='line_1_71' title="bbox 282 5572 3543 5682; baseline -0.01 -21"><span class='ocrx_word' id='word_1_900' title='bbox 282 5605 467 5662; x_wconf 86' lang='lat' dir='ltr'><strong>Filium</strong></span> <span class='ocrx_word' id='word_1_901' title='bbox 496 5611 598 5664; x_wconf 87' lang='lat' dir='ltr'><strong>nisi</strong></span> <span class='ocrx_word' id='word_1_902' title='bbox 626 5572 821 5676; x_wconf 43' lang='lat' dir='ltr'><strong>Pa‘ter;</strong></span> <span class='ocrx_word' id='word_1_903' title='bbox 850 5626 1011 5682; x_wconf 86' lang='lat' dir='ltr'><strong>neque</strong></span> <span class='ocrx_word' id='word_1_904' title='bbox 1042 5572 1257 5666; x_wconf 71' lang='lat' dir='ltr'><strong>Patrem</strong></span> <span class='ocrx_word' id='word_1_905' title='bbox 1282 5605 1396 5677; x_wconf 88' lang='lat' dir='ltr'><strong>quis</strong></span> <span class='ocrx_word' id='word_1_906' title='bbox 1434 5606 1594 5672; x_wconf 88' lang='lat' dir='ltr'><strong>novit,</strong></span> <span class='ocrx_word' id='word_1_907' title='bbox 1626 5603 1727 5656; x_wconf 85' lang='lat' dir='ltr'><strong>nisi</strong></span> <span class='ocrx_word' id='word_1_908' title='bbox 1756 5597 1852 5655; x_wconf 91' lang='lat' dir='ltr'><strong>Fi-</strong></span> <span class='ocrx_word' id='word_1_909' title='bbox 1952 5598 2123 5672; x_wconf 84' lang='lat' dir='ltr'><strong>gratia</strong></span> <span class='ocrx_word' id='word_1_910' title='bbox 2163 5610 2267 5650; x_wconf 91' lang='lat' dir='ltr'><strong>non</strong></span> <span class='ocrx_word' id='word_1_911' title='bbox 2296 5589 2620 5657; x_wconf 85' lang='lat' dir='ltr'><strong>indigerent,</strong></span> <span class='ocrx_word' id='word_1_912' title='bbox 2651 5587 2771 5654; x_wconf 87' lang='lat' dir='ltr'><strong>quia</strong></span> <span class='ocrx_word' id='word_1_913' title='bbox 2804 5597 2910 5639; x_wconf 93' lang='lat' dir='ltr'><strong>non</strong></span> <span class='ocrx_word' id='word_1_914' title='bbox 2951 5579 3148 5682; x_wconf 67' lang='lat' dir='ltr'><strong>frustra</strong></span> <span class='ocrx_word' id='word_1_915' title='bbox 3176 5572 3305 5630; x_wconf 86' lang='lat' dir='ltr'><strong>boni</strong></span> <span class='ocrx_word' id='word_1_916' title='bbox 3337 5584 3543 5682; x_wconf 60' lang='lat' dir='ltr'><strong>essent,</strong></span> 
     </span>
    </p>
   </div>
   <div class='ocr_carea' id='block_1_72' title="bbox 287 5663 3546 5776">
    <p class='ocr_par' dir='ltr' id='par_1_72' title="bbox 287 5663 3546 5776">
     <span class='ocr_line' id='line_1_72' title="bbox 287 5663 3546 5776; baseline -0.003 -20"><span class='ocrx_word' id='word_1_917' title='bbox 287 5700 392 5770; x_wconf 83' lang='lat' dir='ltr'><strong>lius,</strong></span> <span class='ocrx_word' id='word_1_918' title='bbox 426 5714 473 5757; x_wconf 88' lang='lat' dir='ltr'><strong>et</strong></span> <span class='ocrx_word' id='word_1_919' title='bbox 511 5706 595 5757; x_wconf 90' lang='lat' dir='ltr'><strong>cui</strong></span> <span class='ocrx_word' id='word_1_920' title='bbox 644 5705 862 5759; x_wconf 84' lang='lat' dir='ltr'><strong>voluerit</strong></span> <span class='ocrx_word' id='word_1_921' title='bbox 904 5663 1125 5759; x_wconf 63' lang='lat' dir='ltr'><strong>revelare</strong></span> <span class='ocrx_word' id='word_1_922' title='bbox 1158 5663 1377 5776; x_wconf 50' lang='lat' dir='ltr'><strong>(Mat&#39;th.</strong></span> <span class='ocrx_word' id='word_1_923' title='bbox 1409 5698 1512 5769; x_wconf 72' lang='grc' dir='ltr'><strong>χι).</strong></span> <span class='ocrx_word' id='word_1_924' title='bbox 1548 5697 1615 5751; x_wconf 83' lang='grc' dir='ltr'>Ει</span> <span class='ocrx_word' id='word_1_925' title='bbox 1654 5715 1666 5748; x_wconf 93' lang='lat'>:</span> <span class='ocrx_word' id='word_1_926' title='bbox 1703 5696 1854 5750; x_wconf 83' lang='lat' dir='ltr'><strong>Sicut</strong></span> <span class='ocrx_word' id='word_1_927' title='bbox 1954 5663 2057 5749; x_wconf 70' lang='lat' dir='ltr'><strong>nec</strong></span> <span class='ocrx_word' id='word_1_928' title='bbox 2094 5689 2316 5760; x_wconf 64' lang='lat' dir='ltr'><strong>juslilim</strong></span> <span class='ocrx_word' id='word_1_929' title='bbox 2345 5681 2571 5752; x_wconf 71' lang='grc' dir='ltr'><strong>ιπθειιιῑο</strong></span> <span class='ocrx_word' id='word_1_930' title='bbox 2601 5678 3002 5776; x_wconf 40' lang='grc' dir='ltr'><strong>Ῐνθιιάίπθηωιτθ</strong></span> <span class='ocrx_word' id='word_1_931' title='bbox 3034 5668 3296 5776; x_wconf 47' lang='lat' dir='ltr'><strong>habent“</strong></span> <span class='ocrx_word' id='word_1_932' title='bbox 3323 5679 3383 5717; x_wconf 67' lang='lat' dir='ltr'>ea</span> <span class='ocrx_word' id='word_1_933' title='bbox 3407 5663 3546 5776; x_wconf 49' lang='lat' dir='ltr'><strong>b‘on“</strong></span> 
     </span>
    </p>
   </div>
   <div class='ocr_carea' id='block_1_73' title="bbox 290 5758 3548 5868">
    <p class='ocr_par' dir='ltr' id='par_1_73' title="bbox 290 5758 3548 5868">
     <span class='ocr_line' id='line_1_73' title="bbox 290 5758 3548 5868; baseline -0.011 -21"><span class='ocrx_word' id='word_1_934' title='bbox 290 5792 437 5850; x_wconf 88' lang='lat' dir='ltr'><strong>Pater</strong></span> <span class='ocrx_word' id='word_1_935' title='bbox 458 5798 676 5868; x_wconf 73' lang='lat' dir='ltr'><strong>viviﬁcat</strong></span> <span class='ocrx_word' id='word_1_936' title='bbox 708 5808 956 5865; x_wconf 82' lang='lat' dir='ltr'><strong>mortuos,</strong></span> <span class='ocrx_word' id='word_1_937' title='bbox 978 5800 1052 5853; x_wconf 85' lang='lat' dir='ltr'><strong>ita</strong></span> <span class='ocrx_word' id='word_1_938' title='bbox 1080 5808 1127 5853; x_wconf 87' lang='lat' dir='ltr'><strong>et</strong></span> <span class='ocrx_word' id='word_1_939' title='bbox 1152 5758 1325 5851; x_wconf 91' lang='lat' dir='ltr'><strong>ilius</strong></span> <span class='ocrx_word' id='word_1_940' title='bbox 1352 5810 1479 5862; x_wconf 87' lang='lat' dir='ltr'><strong>quos</strong></span> <span class='ocrx_word' id='word_1_941' title='bbox 1503 5792 1607 5847; x_wconf 87' lang='lat' dir='ltr'><strong>vult</strong></span> <span class='ocrx_word' id='word_1_942' title='bbox 1638 5791 1856 5859; x_wconf 80' lang='lat' dir='ltr'><strong>riviﬁcat</strong></span> <span class='ocrx_word' id='word_1_943' title='bbox 1959 5800 2184 5854; x_wconf 89' lang='lat' dir='ltr'><strong>quorum</strong></span> <span class='ocrx_word' id='word_1_944' title='bbox 2219 5779 2516 5835; x_wconf 88' lang='lat' dir='ltr'><strong>amissione</strong></span> <span class='ocrx_word' id='word_1_945' title='bbox 2534 5772 2697 5844; x_wconf 86' lang='lat' dir='ltr'><strong>primi</strong></span> <span class='ocrx_word' id='word_1_946' title='bbox 2719 5780 2903 5841; x_wconf 91' lang='lat' dir='ltr'><strong>patres</strong></span> <span class='ocrx_word' id='word_1_947' title='bbox 2930 5766 2995 5821; x_wconf 89' lang='lat' dir='ltr'><strong>de</strong></span> <span class='ocrx_word' id='word_1_948' title='bbox 3021 5758 3274 5833; x_wconf 84' lang='lat' dir='ltr'><strong>paradiso</strong></span> <span class='ocrx_word' id='word_1_949' title='bbox 3299 5759 3548 5814; x_wconf 79' lang='lat' dir='ltr'><strong>exsulare</strong></span> 
     </span>
    </p>
   </div>
  </div>
