4048 6198
593 240 692 297 951

1645 234 1923 295 JOANNIS
1962 236 2267 295 CASSIANI
2305 229 2791 294 COLLATIONES.

3798 225 3892 283 95!

595 364 931 413 meruerunt.
959 355 1113 411 Nunc
1140 364 1320 411 autem
1356 370 1480 411 cum
1512 356 1632 411 sine
1659 363 2002 411 sacramento
2031 370 2185 425 rege-
2212 358 2265 417 Α
2291 352 2382 407 bili
2414 351 2660 422 largitate
2687 346 2880 404 tribuit
2908 344 3095 418 parvis
3136 344 3421 400 conatibus
3450 343 3699 415 gloriam
3731 351 3890 400 tanta

594 449 890 504 nerationis
926 458 1182 504 arternam
1231 456 1459 503 mortem
1505 463 1667 504 nemo
1706 450 1881 518 possit
1918 448 2177 515 evadere,

591 557 772 597 nonne
809 558 875 597 ex
924 542 1078 598 istius
1133 542 1362 598 remedii
1408 543 1780 613 singularitate
1843 544 2182 613 apertissime

593 642 758 703 patet,
788 636 840 688 in
873 649 1031 704 quam
1063 632 1386 704 profundum
1418 635 1618 689 malum
1650 636 1817 691 totius
1845 637 2058 705 generis
2082 635 2183 689 hu-

590 724 739 779 mani
786 736 976 779 natura
1017 725 1264 780 demersa
1316 726 1407 789 sit,
1452 725 1595 780 illius
1635 728 2080 795 praevaricatione
2124 726 2179 780 in

587 832 694 885 quo
735 832 924 871 omnes
966 827 1348 886 peccaverunt,
1393 826 1446 872 et
1489 816 1749 889 quidquid
1792 819 1885 874 ille
1927 818 2179 888 perdidit,

588 907 983 976 perdiderunt?
1008 908 1249 963 Perdidit
1283 918 1463 965 autem
1494 910 1699 979 primus
1740 909 1920 975 fidem,
1950 908 2183 979 perdidit

586 1000 999 1067 continentiam,
1034 1002 1269 1071 perdidit
1307 1002 1653 1069 cbaritatem,
1686 1003 1948 1073 spoliatus
1981 997 2065 1058 est
2090 1017 2181 1057 sa-

587 1092 786 1162 pientia
834 1101 887 1148 et
926 1093 1230 1161 intellectu,
1269 1096 1445 1149 caruit
1474 1095 1703 1149 consilio
1742 1102 1797 1150 et
1839 1093 2177 1150 fortitudine.

589 1183 654 1241 Et
679 1187 841 1256 impie
870 1186 1059 1241 altiora
1082 1187 1367 1253 sectando,
1393 1204 1421 1242 a
1449 1188 1692 1244 veritatis
1715 1187 1943 1243 scientia
1971 1196 2027 1243 et
2055 1188 2187 1242 obe-

584 1279 804 1335 dientiae
830 1281 1031 1351 pietate
1064 1281 1309 1349 dejectus
1351 1289 1456 1348 est,
1486 1296 1586 1337 nec
1622 1281 1740 1350 ipso
1770 1281 1960 1335 saltem
1990 1281 2183 1337 timore

584 1373 685 1427 sibi
716 1372 945 1444 reliquo,
971 1382 1029 1428 ut
1050 1374 1119 1428 ab
1139 1372 1445 1430 interdictis
1470 1375 1554 1429 vel
1578 1383 1725 1429 metu
1747 1382 1965 1429 caveret
1987 1388 2180 1443 paenae,

583 1466 674 1536 qui
722 1466 1032 1521 abstinebat
1058 1481 1243 1521 amore
1271 1467 1516 1536 justitim.
1562 1465 1817 1522 Liberum
1860 1481 1991 1537 ergo
2034 1466 2185 1520 arbi-

585 1558 746 1613 trium
769 1598 784 1623 ,
829 1558 880 1613 id
910 1568 1015 1624 est,
1046 1558 1125 1613 rei
1150 1559 1251 1614 sibi
1281 1560 1489 1629 placitae
1531 1569 1858 1629 spontaneus
1891 1560 2180 1630 appetitus,

585 1650 675 1703 ubi
704 1665 861 1705 usum
902 1650 1164 1705 bonorum
1200 1667 1319 1721 quae
1347 1660 1633 1721 acceperat
1662 1652 1943 1716 lastidivit,
1982 1660 2055 1719 et,
2100 1653 2181 1705 vi-

2286 443 2741 507 immortalitatis,
2784 448 3040 510 tantaque
3084 438 3227 493 dona
3274 437 3538 507 perennis
3589 435 3888 491 felicitatis.

2281 538 2470 595 Nonne
2499 535 2643 608 quod
2678 533 2852 590 David
2884 533 3206 588 brevissimo
3236 531 3500 601 temporis
3543 538 3759 601 puncto
3803 531 3889 585 ob-

2285 633 2443 687 tinuit
2460 639 2733 686 tantorum
2760 627 3153 697 indulgentiam
3177 625 3492 689 criminum,
3526 622 3746 679 donum
3780 634 3888 679 erat

2284 725 2381 780 Dei
2425 721 2772 779 miserentis‘l
2810 720 3054 788 Denique
3092 717 3223 789 quid
3251 718 3502 775 dicamus
3532 715 3607 772 de
3638 714 3749 772 hac
3790 726 3887 771 tam

2287 817 2435 873 brevi
2458 815 2676 871 Davidis
2704 814 3071 879 confessione,
3101 821 3321 881 tamque
3352 810 3786 880 incomparabili
3816 811 3884 864 di.

2283 912 2421 965 vina:
2445 907 2813 964 miserationis
2842 922 2904 961 ac
2927 903 3305 960 retributionis
3334 901 3754 958 immensitate?
3774 917 3881 956 cum

2282 1010 2491 1057 certum
2536 1001 2626 1065 sit,
2674 997 2805 1067 quid
2838 997 3134 1068 Apostolus
3173 996 3239 1050 ad
3287 995 3488 1049 futurae
3532 993 3882 1049 beatitudinis

2287 1091 2706 1163 magnitudinem
2740 1090 2961 1145 intuens
2992 1089 3429 1159 pronuntiaverit
3460 1088 3531 1143 de
3564 1088 3883 1142 innumera.

2284 1187 2481 1244 bilibus
2512 1196 2673 1257 atque
2697 1186 3035 1257 gravissimis
3064 1183 3538 1254 persecutionibus
3574 1183 3696 1238 suis
3724 1202 3739 1236 :
3775 1184 3886 1237 llo-

2287 1290 2632 1347 mentaneum,
2676 1281 2871 1351 inquit,
2911 1290 2960 1334 et
2994 1278 3102 1333 leve
3132 1279 3227 1332 hoc
3265 1278 3625 1333 tribulationis
3669 1288 3877 1341 nostra,

2284 1386 2446 1445 supra
2489 1374 2721 1443 modum,
2753 1384 2802 1427 et
2852 1373 2991 1427 ultra
3032 1373 3495 1441 comparationem,
3544 1382 3591 1425 et
3629 1382 3879 1425 internum
3964 1416 3965 1437 η

2285 1466 2468 1538 glorise
2495 1467 2696 1535 pondus
2725 1478 2969 1533 operatur
3000 1466 3053 1517 in
3082 1464 3227 1518 nobis
3254 1462 3321 1535 (II
3344 1462 3465 1516 Cor.
3508 1461 3614 1533 lx).
3644 1462 3802 1517 Unde
3830 1472 3881 1516 et
3964 1448 3965 1453 “

2286 1559 2416 1613 alibi
2439 1568 2749 1613 constanter
2773 1558 3003 1612 fatetur:
3033 1555 3153 1610 Non
3178 1567 3297 1609 sunt
3325 1556 3607 1626 condignae
3626 1556 3881 1626 passiones
3966 1582 3967 1607 ι

2287 1652 2446 1725 hujus
2473 1654 2715 1722 temporis
2742 1652 2810 1705 ad
2838 1654 3069 1723 futuram
3090 1650 3330 1720 gloriam,
3358 1664 3476 1721 quia
3494 1649 3809 1702 revelabitur
3832 1650 3879 1701 in

587 1742 917 1797 lescentibus
940 1742 1041 1797 sibi
1065 1742 1257 1797 salutis
1285 1758 1396 1799 suae
1424 1744 1721 1813 praisidiis,
1752 1747 1999 1799 insanam
2029 1745 2182 1814 cupi-
2210 1745 2258 1806 Β
2288 1745 2429 1797 nobis
2457 1744 2634 1816 (Rom.
2666 1744 2804 1815 vtu).
2831 1741 3255 1809 Quamtumlibet
3276 1756 3411 1812 ergo
3436 1741 3597 1796 enisa
3619 1748 3678 1796 et
3692 1749 3874 1797 conata
3968 1750 3969 1755 ‘

585 1832 810 1887 ditatem
852 1832 919 1887 ad
968 1836 1363 1901 experientiam
1410 1838 1876 1905 praevaricationis
1928 1836 2182 1905 intendit,

586 1926 722 1979 bibit
756 1927 1000 1982 omnium
1027 1928 1277 1984 vitiorum
1322 1945 1612 1999 venenum,
1644 1940 1699 1987 et
1727 1941 1891 1987 totam
1931 1941 2183 1988 naturam

585 2016 825 2072 hominis
879 2019 1311 2089 intemperantia
1363 2036 1479 2077 suae
1539 2023 1810 2079 ebrietate
1870 2024 2182 2107 madefecit.

587 2106 737 2174 Inde,
788 2110 1098 2181 priusquam
1130 2112 1342 2169 edendo
1392 2130 1615 2171 carnem
1656 2116 1779 2171 Filii
1818 2106 2077 2183 hominis,
2127 2129 2184 2174 et

2290 1835 2448 1890 fuerit
2478 1834 2709 1891 humana
2746 1835 3030 1906 fragilitas,
3072 1834 3379 1903 comparari
3426 1835 3624 1888 futurae
3653 1835 3877 1889 retribu-

2289 1927 2420 1982 tioui
2458 1943 2565 1983 non
2617 1928 2833 1997 poterit,
2874 1943 2974 1983 nec
3015 1928 3128 1982 suis
3172 1926 3458 1981 laboribus
3504 1927 3579 1981 ita
3617 1926 3879 1982 diminuet

2286 2020 2512 2091 gratiam
2552 2019 2859 2087 Creatoris,
2896 2027 2955 2074 ut
3001 2034 3109 2075 non
3152 2027 3471 2088 perseveret
3514 2032 3733 2087 semper
3758 2034 3878 2089 gra-

2288 2112 2441 2167 tuita.
2474 2111 2682 2168 Idcirco
2711 2110 2968 2182 praefatus
3004 2112 3244 2182 gentium
3283 2109 3498 2176 doctor,
3531 2111 3772 2181 quamvis
3797 2121 3875 2166 te.

587 2202 825 2258 bibendo
854 2206 1173 2274 sanguinem
1200 2208 1317 2276 ejus
1344 2250 1359 2274 ,
1400 2208 1655 2265 lethalem
1695 2209 1904 2281 digerat
1943 2210 2185 2266 crudita-
2285 2212 2457 2259 stetur
2480 2218 2538 2260 se
2553 2205 2778 2274 gradum
2805 2204 3140 2274 apostolatus
3169 2203 3427 2259 sortitum
3458 2204 3633 2272 gratia
3663 2202 3875 2267 Dei,di-

586 2304 694 2351 tem
716 2339 731 2365 ,
764 2297 961 2354 labitur
987 2304 1269 2369 memoria,
1304 2311 1451 2359 errat
1470 2302 1679 2374 judicio
1699 2348 1713 2371 ,
1757 2314 1910 2360 nutat
1936 2304 2180 2373 incessu,

586 2404 761 2459 neque
792 2391 905 2445 ullo
936 2392 1100 2447 modo
1129 2393 1357 2449 idoneus
1386 2404 1471 2450 est
1497 2395 1564 2449 ad
1588 2395 1716 2451 illud
1744 2397 1947 2453 bonum
1980 2397 2183 2468 eligen-

584 2479 711 2536 dum
760 2490 815 2537 et
867 2486 1354 2553 concupiscendum
1417 2501 1526 2556 quo
1575 2502 1636 2543 se
1682 2498 1877 2558 sponte
1930 2490 2178 2560 privavit.

584 2574 720 2640 Quia
748 2591 865 2630 non
886 2575 1028 2631 sicut
1051 2577 1225 2644 potuit
1256 2576 1366 2632 Deo
1394 2592 1502 2633 non
1534 2578 1852 2649 impellente
1897 2595 2180 2649 corruere,

584 2665 657 2719 ita
689 2674 868 2734 potest
910 2666 1024 2721 Deo
1060 2682 1167 2721 non
1196 2667 1439 2737 erigente
1469 2684 1823 2742 consurgere.
1859 2672 1937 2729 Ne
1978 2678 2179 2730 etenim

584 2759 870 2814 credamus
899 2775 997 2815 nos
1026 2776 1137 2817 non
1174 2762 1414 2833 indigere
1454 2763 1638 2821 divino
1684 2767 1886 2823 auxilio
1925 2768 1993 2822 ad
2024 2783 2180 2823 exer-

581 2850 811 2905 cendum
839 2866 974 2919 Opus
1024 2854 1235 2919 salutis,
1283 2857 1576 2925 Apostolus
1613 2857 1729 2913 ait:
1776 2858 1916 2915 Deus
1948 2869 2043 2929 est,
2090 2863 2181 2932 qui

582 2954 830 3011 operatur
856 2947 909 2998 in
941 2946 1089 3000 nobis
1118 2947 1247 3003 velle
1274 2957 1321 3003 et
1347 2951 1591 3021 perﬁcere
1621 2968 1715 3021 pro
1744 2952 1880 3007 bona
1917 2952 2177 3010 voluntate

584 3034 843 3107 (Philipp.
876 3031 1218 3110 tt).'ldeoque
1244 3054 1299 3096 et
1323 3042 1667 3100 Timotheum
1700 3046 2018 3103 admonuit:
2048 3049 2177 3103 Noli

2282 2311 2413 2352 cens
2438 2315 2450 2351 :
2476 2294 2659 2352 Gratia
2682 2297 2773 2352 Dei
2804 2314 2917 2352 sum
2944 2298 2999 2352 id
3021 2298 3161 2368 quod
3190 2313 3304 2351 sum
3326 2295 3372 2368 (ἰ
3398 2296 3514 2350 Cor.
3550 2296 3672 2363 xv),
3700 2306 3872 2352 tamen

2285 2387 2517 2444 afﬁrmat
2559 2404 2617 2444 se
2664 2389 3010 2461 respondisse
3048 2399 3104 2445 et
3140 2398 3487 2459 eooperatum
3521 2403 3647 2444 esse
3684 2391 3875 2460 gratia:

2283 2478 2503 2547 divinae,
2552 2480 2834 2536 subdendo
2874 2499 2886 2533 :
2931 2480 2998 2535 Et
3035 2482 3204 2552 gratia
3244 2484 3357 2553 eius
3391 2481 3441 2534 in
3471 2498 3548 2535 me
3574 2498 3741 2535 vacua
3766 2499 3873 2535 non

2283 2575 2400 2645 fuit,
2429 2575 2517 2628 sed
2546 2574 2898 2628 abundantius
2928 2573 3033 2628 illis
3070 2575 3303 2629 omnibus
3329 2574 3561 2628 laboravi.
3597 2572 3720 2626 Non
3762 2590 3868 2629 au-

2282 2678 2382 2719 tem
2406 2682 2518 2738 ego,
2540 2668 2630 2721 sed
2659 2667 2826 2737 gratia
2852 2666 2949 2720 Dei
2975 2682 3173 2720 mecum
3200 2665 3407 2739 (Ibid.).
3426 2665 3554 2720 Cum
3585 2666 3735 2721 enim
3755 2668 3868 2721 ait:

2285 2757 2410 2811 Non
2440 2766 2612 2811 autem
2637 2774 2762 2831 ego,
2793 2760 2884 2812 sed
2910 2759 3077 2829 gratia
3114 2756 3211 2813 Dei
3238 2774 3457 2827 mecum,
3494 2758 3728 2813 OStendit
3760 2758 3868 2813 vir-

2281 2858 2447 2906 tutem
2478 2852 2831 2921 protectionis
2856 2852 3073 2906 divinae.
3103 2851 3317 2907 Etcum
3348 2855 3443 2918 ait,
3469 2868 3689 2919 "tecum,
3713 2863 3867 2909 testa.

2279 2954 2366 3000 tur
2413 2946 2645 3015 gratiam
2691 2944 2785 3000 Dei
2828 2956 3177 3016 cooperatam
3222 2958 3345 3000 esse
3373 2944 3479 3000 sibi
3518 2960 3627 2999 non
3671 2946 3862 3011 otioso,

2280 3052 2456 3108 neque
2500 3052 2714 3103 securo,
2766 3036 2861 3092 sed
2906 3036 3173 3092 laboranti
3222 3052 3287 3093 ac
3335 3037 3649 3093 desudanti.
3691 3039 3864 3109 Itaque

582 3132 836 3200 negligere
864 3131 1086 3200 gratiam
1112 3131 1229 3199 Dei,
1263 3150 1375 3202 qua:
1397 3145 1468 3190 eu
1494 3136 1549 3189 in
1573 3147 1622 3191 re
1649 3136 1691 3208 (1
1713 3136 1850 3191 Tim.
1883 3139 1982 3208 ιν),
2017 3139 2179 3195 Item-
2205 3120 2251 3185 C
2283 3130 2543 3185 Dominus
2567 3130 2757 3185 volens
2785 3137 2934 3184 motu
2958 3130 3206 3185 humana:
3227 3128 3535 3186 affectionis
3564 3132 3863 3201 exprimere

580 3237 722 3291 que:
759 3223 834 3277 0b
863 3240 1021 3293 quam
1049 3242 1257 3279 causam
1286 3227 1539 3282 admoneo
1570 3240 1639 3295 te,
1666 3238 1721 3283 ut
1751 3232 2023 3285 resuscites
2051 3248 2175 3303 gra-

581 3314 704 3366 tiam
736 3314 854 3380 Dei,
885 3332 1001 3386 quin
1030 3327 1105 3371 est
1127 3318 1180 3371 in
1208 3328 1256 3371 te
1283 3317 1354 3388 (II
1385 3318 1516 3376 Tim.
1548 3320 1612 3392 ι).
1649 3321 1782 3377 Hinc
1810 3338 2025 3393 quoque
2064 3323 2174 3380 Co-

580 3406 796 3462 rinthiis
825 3408 1073 3465 scribens
1103 3409 1371 3477 hortatur,
1412 3427 1478 3468 ne
1512 3427 1611 3483 per
1636 3428 1805 3482 opera
1835 3414 2174 3473 infructuosa

579 3498 819 3555 facerent
848 3516 907 3556 se
936 3500 1187 3573 indignos
1228 3504 1398 3574 gratia
1441 3503 1559 3574 Dei,
1598 3504 1823 3561 dicens:
1854 3506 2174 3580 Adjuvantes

578 3592 920 3660 obsecramus,
954 3612 1016 3651 ne
1045 3597 1100 3651 in
1138 3612 1356 3652 vacuum
1396 3601 1621 3670 gratiam
1652 3598 1751 3653 Dei
1790 3602 2053 3673 recipiatis
2101 3602 2172 3675 (II

576 3685 699 3742 Cor.
751 3688 865 3760 vr).
891 3689 1065 3757 Quam
1093 3693 1219 3761 quia
1261 3693 1315 3748 in
1356 3707 1591 3750 vacuum
1624 3698 1811 3753 Simon
1864 3705 2167 3768 receperat,

581 3795 691 3837 non
717 3782 922 3851 profuit
948 3785 999 3840 ei
1028 3786 1304 3856 perceptio
1332 3789 1519 3857 gratire
1561 3792 1840 3847 salutaris.
1874 3791 1991 3846 Non
2021 3792 2168 3848 enim

574 3875 783 3929 euravit
804 3877 1025 3933 obedire
1048 3888 1321 3948 praecepto
1339 3883 1697 3938 sacratissimi
1722 3884 1870 3939 Petri
1892 3884 2163 3940 dicentis:

576 3965 939 4024 Paenitentiam
965 3987 1061 4041 age
1090 3970 1153 4025 ab
1180 3972 1276 4024 hac
1306 3975 1533 4043 nequitia
1562 3984 1651 4029 tua
1674 3985 1721 4029 et
1747 3992 1874 4045 roga
1904 3975 2093 4042 Deum,
2122 3977 2169 4032 si

574 4057 708 4127 forte
744 4062 1036 4115 remittatur
1063 4062 1151 4114 tibi
1184 4061 1294 4116 htec
1329 4065 1571 4133 cogitatio
1608 4066 1780 4118 cordis
1817 4068 1914 4120 tui.
1946 4065 2013 4120 In
2044 4066 2165 4137 felle

570 4153 707 4203 enim
743 4154 1109 4207 amaritudinis
1153 4163 1201 4206 et
1232 4154 1546 4223 obligatione
1590 4156 1875 4226 iniquitatis
1930 4159 2074 4211 video
2118 4168 2164 4212 te

571 4258 680 4296 esse
707 4243 906 4315 (Actor.
939 4246 1080 4315 vm).
1109 4246 1381 4301 Prtevenit
1408 4263 1539 4317 ergo
1562 4248 1800 4303 hominis
1827 4252 2157 4308 voluntatem

572 4332 940 4388 misericordia
972 4335 1183 4389 Domini
1211 4337 1363 4403 juxta
1394 4338 1537 4407 quod
1565 4340 1825 4408 scriptum
1859 4352 1983 4397 est:
2017 4343 2160 4400 Deus

568 4443 729 4490 meus,
756 4429 1107 4482 misericordia
1130 4431 1242 4499 ejus
1273 4434 1515 4500 prtevenit
1544 4450 1624 4488 me
1654 4433 1827 4507 (Psal.
1860 4438 2033 4508 LVIII).
2068 4439 2153 4495 ln-

568 4534 733 4588 super
765 4520 990 4575 advocat
1017 4537 1115 4576 nos
1146 4522 1423 4592 Dominus,
1456 4535 1513 4581 et
1542 4527 1757 4595 invitat,
1799 4532 2151 4601 quemadmo-

562 4612 692 4666 dum
732 4615 805 4667 ait
830 4632 842 4666 :
875 4613 1007 4669 Tota
1042 4616 1127 4670 die
1155 4619 1382 4687 expandi
1410 4637 1593 4676 manus
1618 4639 1761 4677 meas
1788 4624 1857 4677 ad
1900 4626 2151 4697 populant

562 4722 666 4759 non
702 4714 989 4769 credentem
1031 4718 1077 4764 et
1115 4712 1547 4769 contradicentem
1591 4718 1718 4770 mihi
1766 4717 1947 4789 (Isaia:
1999 4724 2147 4795 va).

558 4802 851 4871 Exspectat
882 4818 978 4857 nos
1007 4804 1178 4869 Deus,
1210 4805 1354 4862 sicut
1384 4807 1622 4878 loquitur
1654 4826 1750 4879 per
1778 4812 2102 4882 PrOphetam
2133 4835 2145 4870 :

558 4892 841 4965 Propterea
874 4906 1135 4962 exspectat
1166 4897 1307 4953 Deus
1352 4908 1407 4952 ut
1450 4900 1755 4955 misereatur
1801 4905 1952 4957 vestri
2009 4903 2141 4976 (Isa.

554 4986 716 5057 xxx).
766 4987 1046 5044 Confortat
1089 5005 1207 5057 nos,
1258 4993 1555 5047 secundum
1606 4994 1749 5063 quod
1793 4995 1907 5050 ait:
1938 4994 2008 5049 Et
2053 5014 2145 5068 ego

551 5081 751 5134 erudivi
776 5096 881 5150 eos,
916 5092 962 5135 et
989 5083 1275 5153 confortavi
1299 5084 1530 5149 brachia,
1559 5096 1604 5138 et
1636 5086 1687 5138 iu
1718 5102 1798 5139 me
1824 5089 2143 5159 excogitave-

549 5186 672 5229 runt
718 5177 973 5229 malitiam
1012 5176 1185 5249 (Osee:
1231 5178 1347 5247 vn).
1396 5178 1603 5233 Clamat
1657 5181 1911 5235 Dominus
1940 5181 2099 5236 Jcsus
2126 5201 2155 5245 ε,

546 5268 743 5334 Siquis
769 5270 897 5333 sitit,
927 5270 1096 5322 veniat
1122 5269 1192 5321 ad
1212 5286 1314 5334 me,
1338 5281 1385 5324 et
1409 5270 1545 5324 bibat
1568 5269 1752 5343 (Joan.
1786 5273 1907 5341 vn).
1934 5274 2143 5341 Quaerit

544 5375 646 5415 nos
668 5360 949 5427 Dominus,
973 5363 1189 5419 dicens:
1220 5363 1467 5433 Quasivi,
1490 5376 1537 5421 et
1560 5383 1658 5420 non
1681 5376 1790 5421 erat
1809 5368 1916 5433 vir;
1938 5370 2132 5433 vocavi,

541 5462 592 5506 et
620 5469 722 5506 non
752 5463 863 5506 erat
890 5455 980 5525 qui
1001 5455 1333 5527 responderet
1368 5455 1502 5525 (Isa.
1535 5459 1651 5527 ιιι).

615 5544 683 5597 Et
704 5544 778 5599 ita
800 5546 973 5615 gratia
1000 5547 1091 5601 Dei
1112 5561 1332 5617 semper
1349 5560 1671 5619 cooperatur
1694 5551 1919 5606 arbitrio
1950 5560 2133 5607 nostro

540 5634 593 5687 in
626 5635 848 5701 bonum,
879 5646 1040 5707 atque
1071 5638 1124 5691 in
1159 5640 1412 5696 omnibus
1437 5641 1515 5696 sic
1543 5641 1782 5710 adjuvat,
1815 5653 1869 5697 et
1898 5646 2131 5714 protegit

540 5724 691 5789 illud,
719 5736 776 5780 ut
802 5742 1017 5795 semper
1045 5732 1281 5798 gratuita
1310 5742 1645 5801 perseveret,
1674 5736 1801 5790 dum
1832 5737 2130 5794 inaestima-

2279 3239 2391 3279 suze
2424 3225 2642 3293 pietatis
2671 3224 3157 3293 dispensationem,
3188 3232 3244 3280 et
3273 3238 3541 3293 amorem,
3576 3239 3738 3295 quem
3774 3239 3861 3279 no-

2278 3316 2360 3369 bis
2391 3315 2626 3370 tribuere
2650 3314 2923 3370 indefessa
2956 3314 3157 3384 pietate
3186 3316 3456 3387 dignatur,
3486 3331 3589 3372 uec
3620 3317 3677 3371 in
3718 3332 3861 3373 crea-

2276 3408 2412 3461 turis
2439 3407 2725 3463 inveniens
2769 3408 3109 3474 charitatem,
3136 3410 3224 3463 cui
3254 3424 3377 3465 eum
3408 3409 3623 3480 dignius
3648 3424 3859 3479 compa-

2276 3510 2446 3565 raret,
2475 3505 2811 3572 comparavit
2841 3519 2962 3559 eum
2996 3504 3305 3561 tenerrimis
3329 3503 3519 3559 matris
3544 3506 3851 3571 visceribus,

2275 3601 2330 3649 et
2356 3595 2526 3649 utitur
2571 3595 2673 3650 hoc
2703 3596 2976 3666 exemplo,
3009 3596 3260 3665 quoniam
3293 3595 3511 3651 cbarius
3541 3612 3607 3651 eo
3639 3596 3855 3652 inveniri

2276 3688 2329 3743 in
2376 3688 2640 3743 creaturis
2670 3704 2773 3745 non
2804 3692 2946 3745 valet
2972 3708 2983 3743 :
3018 3689 3289 3760 Numquid
3320 3699 3489 3761 potest
3519 3691 3708 3745 mulier
3732 3691 3855 3744 obii-

2271 3784 2391 3838 visci
2414 3784 2661 3854 infantem
2688 3801 2860 3853 suum,
2886 3794 2940 3839 ut
2966 3801 3068 3838 non
3100 3785 3401 3838 misereatur
3431 3785 3546 3854 ﬁlio
3574 3786 3705 3839 uteri
3744 3783 3852 3839 sui!

2270 3877 2651 3933 Verumtamen
2682 3892 2787 3932 non
2817 3886 3103 3933 contentus
3122 3878 3223 3933 hac
3250 3883 3686 3949 comparatione,
3714 3891 3850 3933 tran-

2270 3970 2481 4025 scendit
2517 3985 2635 4026 eam
2662 3970 2979 4035 confestim,
3010 3970 3291 4027 subdendo
3336 3990 3350 4026 :
3394 3970 3465 4025 Et
3492 3974 3538 4026 si
3578 3973 3673 4026 illa
3700 3973 3849 4026 oblita

2268 4062 2448 4131 fuerit,
2473 4079 2564 4133 ego
2594 4072 2760 4116 tamen
2790 4079 2893 4117 non
2924 4063 3196 4118 obliviscar
3221 4065 3296 4117 tui
3324 4063 3511 4135 (Isaiw
3536 4064 3709 4133 ηις).

2338 4153 2441 4208 Per
2485 4154 2626 4224 quod
2681 4154 2914 4211 evidenti
2965 4155 3173 4210 ratione
3229 4156 3531 4226 colligitur,
3587 4171 3843 4211 summam

2266 4255 2465 4301 nostra:
2492 4248 2684 4303 salutis
2708 4248 3074 4318 deputandam
3102 4264 3221 4306 esse
3252 4250 3460 4305 ccelesti
3503 4251 3711 4321 gratias,
3744 4266 3845 4305 non

2265 4344 2471 4398 meritis
2516 4345 2789 4400 actionum
2841 4356 3179 4412 nostrarum,
3232 4345 3341 4401 Deo
3389 4361 3485 4416 per
3529 4346 3843 4415 prophetam

2262 4436 2544 4507 loquente:
2568 4437 2987 4492 Recordabimini
3008 4439 3206 4492 viarum
3234 4447 3513 4492 vestrarum
3540 4447 3589 4489 et
3614 4440 3841 4489 omnium

2256 4530 2504 4585 scelerum
2545 4540 2846 4598 vestrorum,
2872 4542 2923 4586 et
2964 4532 3303 4601 displicebitis
3327 4532 3455 4586 vobis
3481 4531 3606 4598 ipsis
3640 4532 3694 4582 in
3722 4547 3835 4582 ma-

2255 4625 2382 4677 litiis
2415 4625 2609 4693 vestris,
2642 4636 2689 4679 et
2715 4626 2915 4691 scietis,
2948 4627 3074 4696 quia
3099 4642 3192 4697 ego
3222 4623 3490 4688 Dominus,
3521 4638 3638 4676 cum
3680 4623 3834 4678 bene-

2254 4720 2423 4788 fecero
2452 4717 2590 4771 vobis
2620 4728 2826 4790 propter
2854 4734 3041 4773 nomen
3065 4735 3256 4784 meum,
3291 4734 3393 4772 non
3422 4717 3706 4772 secundum
3731 4719 3837 4771 vias

2252 4823 2448 4867 vestras
2481 4812 2666 4878 malas,
2695 4829 2852 4882 neque
2880 4814 3163 4867 secundum
3184 4814 3377 4886 scelera
3406 4824 3575 4867 vestra
3596 4813 3835 4881 pessima,

2251 4904 2436 4957 domus
2464 4902 2635 4956 Israel
2659 4902 2873 4975 (Ezech.
2898 4903 3017 4974 xu).
3042 4904 3178 4958 Hinc
3198 4906 3460 4960 asseritur
3481 4906 3548 4959 ab
3571 4904 3837 4960 universis

2250 4998 2539 5053 catholicis
2568 4998 2841 5066 Patribus,
2870 5000 2961 5069 qui
2994 4998 3379 5068 perfeCtionem
3420 4999 3603 5053 cordis
3630 4998 3835 5054 didicec

2249 5102 2397 5159 runt,
2448 5106 2551 5146 non
2587 5092 2732 5145 inani
2778 5091 3167 5161 disputatione,
3201 5090 3299 5147 sed
3342 5090 3504 5161 digna
3546 5105 3836 5147 conversa-

2248 5186 2416 5251 tione,
2449 5186 2550 5241 hoc
2579 5185 2749 5240 divini
2780 5187 3023 5240 muneris
3060 5200 3181 5241 esse
3210 5186 3471 5255 primum,
3519 5195 3577 5239 ut
3616 5185 3833 5241 accedat

2244 5277 2613 5346 unusquisque
2660 5275 2725 5331 ad
2772 5275 3193 5332 desiderandum
3241 5291 3405 5332 omne
3445 5276 3588 5346 quod
3632 5276 3829 5331 bonum

2244 5380 2347 5435 est,
2380 5370 2476 5425 sed
2519 5368 2592 5423 ita
2642 5379 2703 5424 ut
2748 5370 2966 5439 plenum
3007 5371 3078 5425 sit
3121 5369 3308 5425 libera:
3357 5370 3658 5425 voluntatis
3686 5371 3831 5426 arbi-

2243 5461 2407 5516 trium
2456 5462 2509 5516 in
2558 5472 2764 5532 partem
2814 5472 3113 5532 utramque.
3167 5463 3477 5519 Secundum
3521 5478 3649 5519 vero
3696 5478 3829 5534 opus

2240 5554 2436 5611 divinae
2465 5556 2656 5625 gratiae
2684 5565 2964 5621 asserunt,
3015 5567 3075 5610 ut
3113 5555 3259 5612 efﬁci
3308 5558 3525 5613 valeant
3567 5558 3827 5613 exercitia

2239 5647 2461 5716 prtefata
2500 5648 2798 5714 virtutum,
2849 5648 2919 5701 ita
2969 5654 3027 5701 ut
3075 5648 3411 5718 possibilitas
3460 5648 3675 5704 arbitrii
3720 5664 3826 5704 non

2236 5738 2477 5794 tollatur.
2523 5739 2709 5795 Tertio
2736 5740 2805 5794 ad
2852 5739 3078 5809 gratiam
3128 5739 3401 5809 pertinere
3447 5748 3735 5806 testantur,
3769 5751 3825 5795 ut
