4054 6186
644 273 754 335 953

1695 271 1978 331 JOANNIS
2013 270 2329 331 CASSIANI
2367 272 2865 335 COLLATIONES.

3827 266 4017 345 936i

641 390 739 444 tia.
772 388 951 445 Prima
977 389 1235 460 practice,
1259 386 1312 443 id
1334 391 1439 454 est,
1471 383 1723 450 actualis,
1744 400 1864 456 quae
1890 386 2231 442 emendatio-
2254 393 2301 449 Α
2331 389 2468 445 viam
2496 406 2617 446 cum
2647 390 3011 447 oblectatione
3038 390 3391 449 conscendat.
3417 390 3538 459 Quo
3562 390 3713 448 enim
3742 395 3914 462 modo,

642 498 710 538 ue
736 498 945 538 morum
976 494 1034 538 et
1066 484 1325 537 vitiorum
1356 480 1677 550 purgatione
1714 477 2028 549 perficitur;
2053 480 2225 537 altera

644 574 905 640 theorice,
932 574 985 630 id
1002 582 1244 643 est,qua:
1264 572 1318 627 in
1334 572 1795 643 contemplatione
1816 572 2117 628 divinarum
2141 589 2229 631 re-

642 684 760 725 rum
780 678 836 724 et
851 667 1340 723 sacratissimorum
1356 681 1615 721 sensuum
1628 668 1940 738 cognitione
1951 668 2226 725 consistit.

1260 757 1490 813 CAPUT
1529 757 1596 813 ll.

1034 850 1159 914 aut:
1193 850 1277 903 uia
1302 850 1368 903 sit
1408 849 1476 902 ad
1506 851 1832 904 thebreticen.

705 940 960 1011 Quisquis
1002 943 1163 1012 igitur
1193 951 1219 979 ι
1260 943 1324 997 ad
1375 942 1707 999 theoreticen
1754 943 1987 999 voluerit
2032 960 2224 1014 perve-

638 1036 774 1099 nire,
826 1034 851 1072 δ
895 1050 1121 1090 necesse
1159 1045 1241 1090 est
1287 1045 1344 1089 ut
1392 1039 1537 1090 omni
1586 1038 1764 1091 studio
1812 1044 1975 1107 atque
2020 1038 2223 1096 virtute

632 1128 892 1182 actualem
927 1128 1155 1195 primum
1186 1128 1465 1183 scientiam
1512 1137 1893 1198 consequatur.
1932 1128 2065 1184 Nam
2099 1131 2218 1187 haec

632 1221 866 1288 praetice
894 1218 1097 1288 absque
1126 1219 1419 1276 theoretica
1453 1221 1714 1291 possideri
1748 1230 1956 1291 potest,
2003 1223 2221 1282 theore-

631 1311 735 1366 tice
780 1327 909 1366 vero
954 1314 1070 1367 sine
1108 1314 1305 1367 actuali
1354 1315 1685 1370 omnimodis
1729 1315 2063 1385 apprehendi
2112 1334 2220 1374 non

630 1411 824 1475 potest.
876 1404 1086 1462 Gratius
1142 1408 1285 1461 enim
1344 1408 1561 1479 quidam
1624 1409 1701 1463 ita
1760 1410 1996 1465 ordinati
2055 1422 2219 1483 atque

629 1498 864 1554 distincti
893 1510 1037 1564 sunt,
1063 1508 1121 1556 ut
1142 1501 1373 1557 humana
1398 1502 1671 1558 humilitas
1698 1505 1867 1575 possit
1893 1505 1959 1560 ad
1983 1506 2219 1564 sublime

630 1592 1032 1647 conscendere:
1067 1596 1157 1663 qui
1201 1596 1245 1649 si
1292 1596 1525 1651 invicem
1575 1598 1676 1653 sibi
1726 1614 1788 1652 ea
1833 1615 1936 1667 qua
1984 1600 2219 1656 diximus

632 1686 839 1739 ratione
869 1686 1199 1755 succedant,
1244 1699 1423 1758 potest
1454 1691 1518 1743 ad
1550 1690 1887 1745 altitudinem
1922 1694 2210 1761 perveniri,

2328 481 2410 535 vel
2440 482 2697 535 virtutum
2724 481 3013 548 rationem,
3040 483 3130 552 qui
3149 483 3419 538 secundus
3446 484 3498 537 in
3528 484 3733 540 actuali
3757 485 3914 541 disci-

2330 572 2473 642 plina
2498 572 2695 642 gradus
2717 581 2830 638 est;
2868 572 2951 628 vel
2980 588 3160 627 rerum
3186 573 3509 643 spiritalium
3534 584 3587 629 et
3615 576 3909 633 cceiestium

2327 673 2694 728 sacramenta,
2726 680 2849 734 quae
2893 665 2949 720 in
2983 666 3203 721 theoria:
3232 665 3403 737 gradu
3434 667 3759 725 sublimiore
3784 687 3910 726 con-

2326 756 2545 821 sistunt,
2579 756 2778 810 valebit
2806 758 3091 827 attingere,
3111 757 3200 826 qui
3234 768 3475 813 naturam
3493 759 3752 815 vitiorum
3786 778 3907 817 suo-

2326 863 2445 902 rum
2473 863 2571 902 nec
2593 847 2766 918 potuit
2798 849 3114 920 intelligere,
3151 864 3251 904 nec
3284 851 3436 905 nisus
3462 858 3546 904 est
3566 852 3908 922 exstirpare?

2324 938 2736 1011 Cousequenter
2766 942 2910 995 enim
2963 941 3396 1012 prununtiabitur
3437 945 3691 1015 progredi
3724 946 3793 999 ad
3819 963 3907 1001 ex-

2326 1035 2555 1089 celsiora
2589 1050 2694 1088 non
2728 1050 2911 1105 posse,
2941 1035 3033 1104 qui
3064 1050 3169 1089 non
3199 1035 3424 1090 evicerit
3466 1036 3711 1105 planiora
3740 1057 3752 1089 :
3778 1040 3907 1093 mul-

2326 1135 2486 1195 toque
2517 1125 2694 1179 minus
2725 1140 2786 1181 ea
2827 1141 2947 1196 qua:
2973 1136 3099 1180 sunt
3138 1128 3486 1183 extrinsecus
3517 1129 3905 1198 apprehendet,

2323 1218 2570 1290 quisquis
2596 1217 2904 1288 intelligere
2946 1232 3010 1273 ea
3054 1233 3179 1289 qua:
3220 1218 3322 1273 sibi
3372 1228 3497 1273 sunt
3547 1222 3755 1275 inserta
3804 1240 3905 1279 non

2324 1310 2578 1381 quiverit.
2606 1311 2899 1366 Sciendum
2932 1319 3111 1366 tamen
3155 1320 3260 1378 est,
3283 1311 3490 1382 duplici
3522 1314 3678 1368 nobis
3710 1314 3907 1372 laboris

2324 1407 2624 1461 intentione
2645 1404 2973 1472 sudandum,
3002 1413 3111 1458 tam
3138 1384 3191 1457 in
3211 1404 3551 1473 expellendis
3578 1405 3720 1459 vitiis
3747 1423 3906 1477 quam

2321 1496 2375 1550 in
2399 1496 2685 1551 virtutibus
2710 1496 3067 1564 acquirendis.
3102 1496 3171 1549 Et
3193 1494 3295 1551 hoc
3322 1510 3429 1550 non
3456 1506 3638 1551 nostra
3665 1500 3906 1567 capimus

2321 1594 2654 1659 conjectura,
2681 1591 2777 1646 sed
2802 1590 2943 1644 illius
2970 1589 3243 1646 sententia
3287 1590 3665 1659 perducemur,
3703 1593 3793 1662 qui
3818 1607 3909 1646 so-

2322 1686 2402 1739 lus
2426 1684 2591 1739 officii
2617 1684 2784 1755 [Lips.
2814 1686 2869 1737 in
2893 1700 3061 1755 marg.
3084 1682 3313 1755 opificii]
3340 1683 3423 1739 sui
3445 1686 3585 1738 vires
3614 1686 3909 1740 rationem-

627 1775 693 1829 ad
721 1792 879 1844 quam
903 1778 1112 1833 sublato
1136 1780 1310 1847 primo
1338 1781 1507 1849 gradu
1530 1796 1635 1833 non
1661 1791 1840 1852 potest
1864 1786 2207 1839 transvolari.
2241 1781 2287 1839 B
2317 1794 2419 1847 que
2447 1780 2721 1847 cognoscit
2750 1796 2762 1832 :
2801 1774 2960 1845 Ecce,
2989 1778 3193 1849 inquit,
3226 1779 3467 1833 constitui
3498 1789 3546 1833 te
3572 1779 3727 1835 hodie
3753 1798 3905 1852 super

628 1870 845 1925 Frustra
880 1873 1041 1941 igitur
1070 1875 1135 1928 ad
1166 1885 1519 1944 conspectum
1553 1876 1646 1931 Dei
1679 1878 1870 1942 tendit,
1919 1879 2007 1947 qui
2052 1880 2209 1933 vitio-

626 1980 742 2018 rum
790 1968 1034 2036 contagia
1066 1984 1171 2023 non
1210 1968 1481 2023 declinat:
1518 1979 1541 2007 ο
1573 1970 1804 2038 Spiritus
1851 1987 2066 2041 namque
2115 1971 2211 2025 Dei

623 2058 831 2129 effugiet
853 2061 1051 2129 ﬁctum,
1075 2078 1167 2116 nec
1196 2062 1447 2116 habitabit
1476 2064 1530 2117 in
1562 2080 1775 2134 corpore
1804 2064 2005 2119 subdito
2026 2082 2210 2137 pecca-

624 2154 685 2205 tis
715 2153 869 2225 (Sap.
895 2154 965 2225 ι).

1241 2246 1469 2305 CAPUT
1507 2248 1595 2304 lll.

700 2338 854 2405 Quod
882 2338 1106 2393 actualis
1136 2343 1381 2411 perfectio
1411 2342 1613 2413 duplici
1642 2344 1843 2397 ratione
1874 2346 2134 2399 subsistat.

698 2433 821 2486 llaec
867 2443 1047 2486 autem
1091 2430 1119 2469 δ
1166 2434 1393 2488 actualis
1449 2436 1707 2503 perfectio
1754 2437 1952 2507 duplici
2004 2439 2212 2494 ratione

625 2521 884 2576 subsistit.
918 2522 1050 2577 Nam
1085 2524 1290 2592 primus
1321 2525 1441 2593 ejus
1482 2528 1672 2583 modus
1704 2540 1817 2591 est,
1871 2540 1926 2584 ut
1969 2532 2209 2585 omnium

625 2622 817 2667 natura
849 2614 1100 2668 vitiorum
1131 2622 1185 2667 et
1206 2615 1499 2670 curationis
1537 2619 1676 2672 ratio
1704 2631 2077 2689 cognoscatur.
2112 2621 2203 2678 Se-

623 2705 831 2761 cundus
863 2716 919 2761 ut
963 2707 1035 2760 ita
1074 2707 1415 2765 discernatur
1439 2711 1576 2766 ordo
1604 2713 1888 2779 virtutum,
1915 2727 2211 2782 earumque

624 2798 957 2868 perfectione
1000 2817 1155 2858 mens
1182 2813 1367 2861 nostra
1411 2804 1695 2871 formetur,
1738 2815 1796 2861 ut
1824 2807 1927 2862 illis
1966 2822 2070 2862 non
2096 2808 2208 2877 jam

624 2892 775 2949 velut
828 2905 1012 2951 coacta
1070 2907 1125 2952 et
1180 2899 1333 2968 quasi
1388 2900 1628 2956 violento
1683 2901 1912 2970 imperio
1965 2902 2207 2969 subjecta

624 2984 941 3052 tumuletur,
983 2989 1078 3045 sed
1123 2998 1401 3062 tamquam
1444 2993 1678 3048 naturali
1722 2994 1865 3049 bono
1909 2992 2209 3048 delectetur

623 3086 791 3149 atque
819 3090 1090 3151 pascatur,
1142 3091 1198 3139 et
1241 3084 1466 3141 arduam
1519 3086 1664 3142 illam
1711 3097 1875 3157 atque
1922 3095 2208 3155 angustam

2315 1884 2487 1943 gentes
2513 1882 2561 1926 et
2584 1890 2739 1941 super
2759 1890 2938 1943 regna,
2966 1882 3020 1925 ut
3051 1882 3072 1910 θ
3092 1873 3277 1927 evellas
3298 1881 3345 1926 et
3368 1875 3600 1927 destruas
3622 1883 3671 1928 et
3702 1875 3907 1943 disper-
4016 1916 4017 1957 ι

2315 1968 2412 2022 das
2440 1975 2487 2021 et
2512 1968 2729 2036 dissipes
2757 1975 2804 2022 et
2835 1966 3059 2035 adiﬁces
3080 1976 3126 2020 et
3159 1966 3359 2037 plautes
3382 1967 3596 2040 (larem.
3630 1972 3696 2040 ι).
3728 1971 3785 2025 In
3810 1986 3909 2024 ex-

2318 2060 2561 2129 puisione
2594 2060 2738 2114 enint
2769 2060 3051 2114 noxiarum
3084 2076 3261 2114 rerum
3298 2071 3529 2130 quatuor
3558 2076 3674 2117 esse
3704 2076 3906 2117 neces-

2317 2151 2454 2205 saria
2485 2150 2818 2221 designavit,
2854 2153 2905 2206 id
2936 2161 3039 2217 est,
3069 2153 3325 2217 evellere,
3358 2153 3658 2220 destruere,
3690 2154 3907 2223 disper-

2316 2244 2466 2311 dere,
2500 2245 2792 2316 dissipare.
2826 2247 2879 2299 ln
2931 2246 3275 2315 perficiendis
3326 2263 3458 2302 vero
3509 2249 3803 2304 virtutibus
3847 2258 3906 2306 et

2316 2339 2401 2392 his
2421 2355 2542 2408 qua:
2564 2340 2629 2393 ad
2652 2341 2912 2406 justitiam
2943 2342 3219 2409 pertinent
3244 2342 3603 2411 acquirendis,
3632 2344 3903 2399 aediﬁcare

2317 2433 2695 2485 tantummodo
2728 2442 2887 2502 atque
2917 2432 3183 2501 plantare.
3214 2433 3362 2489 Unde
3392 2435 3594 2503 liquido
3622 2445 3770 2504 patet
3799 2437 3906 2492 dif-

2316 2522 2513 2578 ficilius
2567 2524 2799 2579 convelli
2844 2533 3005 2594 atque
3060 2524 3321 2580 eradicari
3378 2526 3589 2580 inclitas
3643 2532 3908 2595 corporis

2312 2624 2473 2685 atque
2494 2618 2688 2672 animae
2711 2618 3184 2689 passiones,quam
3205 2619 3466 2690 spiritales
3487 2620 3700 2676 exstrui
3725 2621 3905 2691 plan-~

2320 2711 2527 2781 tarique
2553 2712 2802 2767 virtutes.

2928 2804 3155 2864 CAPUT
3202 2807 3291 2865 Ν.

2320 2895 2473 2963 Quod
2504 2896 2726 2953 actualis
2753 2898 2856 2952 vita
2884 2914 3007 3021 erg:
3048 2900 3232 2980 multas
3275 2901 3618 2971 professiones
3646 2917 3706 2954 ac
3730 2901 3902 2955 studia

2726 3014 2727 3017 η
3011 2980 3247 3021 ertvetur.

3011 2980 3247 3025 ertvetur.

2390 3082 2517 3137 Haec
2550 3080 2570 3119 ί
2607 3084 2763 3152 igitur
2796 3084 3033 3151 practice
3055 3099 3178 3154 quae
3209 3083 3450 3151 duobus,
3485 3094 3546 3142 ut
3570 3086 3769 3141 dictum
3792 3096 3902 3152 eat,

1717 3199 1975 3255 ALARDi
2004 3196 2245 3254 'GAZEI
2280 3194 2847 3254 COMMENTARIUS.

623 3312 820 3385 cta_,_ut
850 3324 915 3365 ex
937 3312 1290 3380 sequentibus
1335 3314 1537 3384 patebit
1589 3331 1763 3385 :unfe
1794 3324 1849 3372 et
1895 3318 2035 3371 inter
2071 3316 2209 3371 dona
2236 3317 2281 3375 (Ζ
2316 3314 2531 3385 patitur.
2582 3312 2707 3385 Post
2734 3310 2989 3385 LiwAergo
3014 3312 3283 3385 amplexus
3313 3314 3384 3367 ad
3430 3315 3708 3369 Rachelem
3735 3314 3910 3368 Iacob

622 3378 851 3447 Spiritus
896 3378 1063 3437 sancti
1110 3378 1532 3440 connum'eratur
1566 3403 1577 3438 :
1606 3378 1675 3439 Et
1727 3388 1834 3441 huic
1891 3398 1962 3442 est
1997 3391 2214 3442 scientia

621 3462 946 3530 sanctorum,
976 3455 1058 3530 ait
1086 3455 1151 3530 VS.
1190 3456 1425 3530 Thomas
1463 3457 1612 3526 (2-2,
1656 3475 1709 3528 q.
1756 3459 1982 3530 it)._art.
2018 3461 2107 3530 3),
2152 3461 2214 3513 de

624 3538 726 3597 qua
751 3525 935 3577 dicitur
966 3523 1200 3597 Sapient.
1236 3543 1264 3581 x
1296 3547 1307 3581 :
1335 3523 1545 3581 Iustum
1586 3523 1795 3583 deduxit
1826 3523 2101 3583 Dominus
2124 3547 2213 3597 per

624 3596 735 3647 uias
767 3606 954 3666 rectas,
989 3596 1049 3651 et
1068 3598 1207 3653 dedit
1235 3600 1316 3653 illi
1337 3602 1605 3653 scientiam
1631 3608 1944 3654 sanctorum.

697 3674 723 3702 ι
763 3666 1080 3742 ’l'lteoricam
1132 3680 1289 3742 vocat
1334 3671 1394 3726 D.
1452 3671 1811 3742 llieronymus
1854 3672 1907 3725 in
1959 3672 2205 3729 Lament.

624 3734 931 3793 Hieremiae.
971 3737 1117 3812 Una,
1149 3741 1352 3812 inquit,
1385 3752 1428 3795 et
1460 3741 1570 3796 sola
1598 3734 1673 3796 est
1716 3742 1964 3803 theorica,
2010 3743 2066 3795 id
2111 3752 2207 3810 est,

626 3812 985 3883 contemplatio
1030 3811 1153 3879 Dei,
1206 3811 1288 3866 cui
1334 3815 1518 3867 merito
1566 3816 1737 3868 omnia
1778 3816 2210 3883 justiﬁcationum

625 3881 829 3957 merita,
858 3884 1091 3957 uniuersa
1117 3886 1360 3957 uirtutum
1389 3886 1555 3939 media
1578 3881 1971 3957 postponttntur.
2002 3887 2064 3939 Et
2085 3886 2211 3942 Dio-

630 3951 814 4023 nysius
837 3953 1088 4009 similiter
1113 3954 1402 4010 theoricam
1429 3951 1587 4023 legit,
1615 3951 1718 4009 non
1746 3957 2120 4011 tlteoreticam.
2144 3958 2209 4011 Et

634 4021 928 4100 theoricam
951 4028 1113 4100 etiam
1128 4021 1696 4100 substantive—accipit
1737 4027 2117 4100 ﬂleronynuts,
2150 4038 2209 4082 ut

636 4092 719 4147 hic
750 4094 1087 4169 theoreticen
1119 4092 1409 4169 Cassianus
1431 4097 1572 4169 (Col.
1595 4092 1636 4157 ιζ
1662 4114 1708 4151 c.
1739 4097 1827 4169 2).
1855 4099 1923 4153 At
1943 4092 2075 4153 'vide
2104 4114 2209 4153 ca:-

636 4173 746 4216 tera
772 4181 890 4231 qua:
922 4167 987 4221 de
1024 4167 1261 4222 theorica
1290 4181 1341 4222 et
1377 4167 1671 4223 theoretiea
1701 4167 1836 4223 alias
1881 4170 2204 4225 notavimus.

698 4232 725 4270 ι’
754 4233 1045 4311 Gregorius
1069 4239 1342 4311 ubi‘supra
1366 4246 1439 4307 (vr
1464 4238 1651 4294 Moral.
1682 4256 1794 4311 cap.
1814 4240 1907 4310 28)
1931 4256 2207 4311 exponens

628 4303 717 4381 illa
747 4303 943 4381 verba:
980 4303 1296 4381 Ingredieris
1323 4303 1380 4363 in
1398 4313 1714 4364 abundantia
1742 4303 2030 4380 sepulcrum
2059 4310 2203 4381 (Job.

628 4374 713 4453 γ).
752 4373 863 4453 Vir,
907 4373 1108 4453 inquit,
1155 4382 1409 4453 perfectus
1449 4384 1501 4437 in
1550 4373 1868 4435 abundantia
1912 4373 2206 4451 sepulcrum

625 4446 946 4525 ingreditur;
971 4446 1093 4516 quia
1120 4446 1261 4523 prius
1288 4454 1468 4508 activte
1503 4456 1619 4507 vita:
1647 4468 1802 4525 Opera
1836 4446 2129 4525 congregat,
2158 4464 2207 4508 et

627 4520 953 4596 postmodum
980 4520 1148 4596 carnis
1164 4539 1378 4596 sensum
1416 4542 1504 4596 per
1543 4520 2042 4596 contfmplationem'
2064 4520 2205 4578 mor-

628 4597 769 4642 tuum
794 4590 910 4663 huic
933 4594 1124 4647 mundo
1146 4594 1377 4663 funditus
1396 4590 1640 4650 occultat.
1662 4593 1808 4649 Unde
1830 4606 1877 4648 et
1898 4606 2015 4663 apte
2039 4596 2207 4649 subdi-

625 4671 708 4713 tur
737 4675 756 4713 :
786 4660 933 4717 Sicut
979 4660 1200 4734 infertur
1235 4682 1445 4722 acervus
1480 4669 1534 4721 in
1575 4678 1797 4735 tempore
1826 4660 1943 4720 suo.
1974 4665 2207 4722 Actionis

624 4747 844 4809 namque
860 4744 1058 4804 tempus
1075 4738 1296 4807 primum
1317 4749 1408 4805 est,
1431 4738 1871 4809 contemplationis
1888 4750 2172 4791 extremum
2187 4756 2207 4794 :

626 4802 762 4857 unde
790 4802 993 4860 necesse
1023 4802 1095 4861 est
1124 4819 1176 4862 ut
1207 4802 1462 4879 perfect-us
1507 4802 1717 4879 quisque
1756 4810 1902 4878 prius
1931 4810 2207 4865 virtutibus

623 4884 841 4951 mentem
871 4890 1131 4951 exerceat,
1154 4891 1302 4951 atque
1328 4882 1482 4951 rhanc
1527 4880 1851 4951 postmodum
1877 4882 1931 4934 in
1958 4881 2205 4934 horreum

623 4947 805 5017 quietis
824 4949 1022 5020 condat.
1044 4947 1294 5007 Etinlra:
1318 4950 1453 5005 Hinc
1474 4947 1545 5004 est
1569 4951 1703 5020 quod
1716 4947 1878 5003 Iacob
1896 4968 1990 5020 pro
2008 4951 2204 5006 Rachel

623 5020 845 5093 servivit,
873 5031 920 5075 et
950 5018 1098 5076 Liam
1123 5025 1338 5091 accepit,
1383 5024 1528 5093 eique
1574 5018 1804 5074 dicitur:
1835 5018 1955 5075 Non
1985 5032 2056 5093 est
2081 5040 2205 5076 con-

622 5090 913 5147 suetudinis
954 5094 1007 5146 in
1039 5104 1176 5146 terra
1206 5090 1411 5158 nostra,
1444 5090 1506 5147 ut
1538 5093 1754 5145 minores
1782 5104 1899 5145 ante
1937 5092 2201 5147 tradamus

619 5165 687 5242 ad
711 5164 918 5245 nuptias
938 5181 1088 5245 quam
1120 5165 1338 5245 majores
1363 5162 1720 5245 (Gen._xxtlt).
1758 5162 1949 5245 fiachcl
1982 5181 2199 5245 namque

620 5233 781 5304 visunt
804 5233 1134 5304 principium.
1158 5233 1253 5289 Lia
1274 5233 1445 5289 autem
1473 5233 1724 5287 laboriosa
1751 5233 1956 5304 dicitur.
1984 5233 2051 5287 Et
2073 5237 2198 5304 quid

619 5319 717 5375 per
743 5302 1041 5373 Rachelem,
1064 5306 1162 5361 nisi
1183 5307 1602 5375 contemplativa;
1634 5305 1753 5365 quid
1785 5321 1878 5375 per
1904 5302 2201 5373 Liamfnisi

619 5374 787 5429 activa
819 5377 920 5429 vita
948 5378 1222 5446 signatur?
1245 5376 1309 5431 In
1333 5374 1762 5445 contemplatione
1788 5374 1978 5446 quippe
2002 5377 2198 5446 princi-

617 5446 784 5519 pium,
818 5449 953 5515 quod
981 5446 1123 5504 Deus
1164 5460 1258 5517 est,
1303 5450 1585 5519 qumritur;
1609 5448 1660 5499 in
1707 5450 2196 5519 opgtttioneautem

619 5517 710 5589 sub
739 5520 881 5588 gravi
907 5516 1267 5577 necessitatum
1289 5516 1425 5589 fasce
1456 5516 1745 5589 laboratur.
1765 5516 1912 5573 Unde
1931 5527 1978 5589 et
2002 5518 2198 5573 Rachel

618 5587 861 5660 pulchra,
886 5590 973 5642 sed
997 5593 1219 5656 sterilis;
1243 5587 1338 5644 Lia
1359 5601 1525 5643 autem
1549 5588 1693 5658 lippa
1712 5598 1804 5655 est,
1835 5588 1923 5643 sed
1951 5588 2189 5660 fecunda,

619 5659 741 5728 quia
769 5659 1011 5710 nimirum
1040 5668 1182 5728 mens
1211 5678 1325 5713 cum
1350 5660 1746 5725 contemplanda
1779 5659 2162 5728 otium'appetit
2181 5702 2196 5725 ,

622 5726 739 5793 plus
769 5728 930 5783 videt,
960 5727 1051 5793 sed
1092 5729 1258 5777 minus
1293 5729 1394 5778 Deo
1424 5731 1559 5791 ﬁlios
1581 5737 1786 5793 generat
1815 5744 1826 5757 ’
1851 5745 1967 5781 cum
1993 5726 2107 5781 uero
2138 5731 2203 5782 ad

625 5789 849 5841 laborem
861 5792 1243 5854 praedicationis
1253 5811 1304 5846 se
1322 5789 1519 5861 dirigit,
1533 5789 1636 5847 min
1644 5810 1699 5846 us
1712 5798 1867 5863 videt,
1882 5800 1971 5852 sed
1986 5802 2207 5868 amplius

2320 3382 2719 3454 pervenit;quia
2746 3382 2999 3450 perfectus
3039 3384 3251 3450 quisque
3297 3394 3413 3437 ante
3460 3391 3640 3440 activae
3684 3388 3799 3440 vita:
3834 3390 3909 3440 ad

2316 3454 2681 3527 fecunditatem
2685 3454 2947 3527 jungitur,
2964 3460 3139 3527 etpost
3162 3454 3571 3527 contemplatitfte
3590 3460 3663 3508 ad
3679 3459 3913 3527 requiem

2315 3521 2600 3593 copulatur.
2622 3523 2826 3593 Similia
2855 3522 3012 3593 habet
3029 3521 3169 3573 idem
3193 3522 3487 3593 Gregorius
3512 3521 3824 3583 homiiia'M
3853 3532 3912 3584 in

2315 3592 2580 3668 Enecltiei.
2609 3592 3046 3668 etglsidoguilib.
3095 3606 3153 3645 Ill
3184 3592 3253 3668 d_e
3273 3595 3717 3668 _SummoABono
3771 3614 3915 3668 cap.

2315 3664 2400 3718 13$.
2432 3664 2566 3718 Vide
2617 3666 2778 3718 etiam
2825 3664 2883 3719 S.
2913 3662 3176 3717 Thomam
3201 3662 3323 3730 2—2,
3357 3681 3411 3734 q.
3455 3664 3580 3733 18%,
3619 3677 3725 3721 art.
3760 3671 3818 3735 i,
3854 3662 3915 3727 et

2317 3736 2635 3801 Caietanum
2666 3736 2887 3790 ibidem.

2387 3818 2410 3847 ο
2439 3808 2659 3862 lnvertit
2687 3806 2927 3861 ordinem
2958 3816 3137 3863 textus
3162 3807 3324 3873 sacri,
3354 3808 3445 3878 qui
3473 3808 3554 3862 sic
3597 3809 3758 3864 habet
3787 3829 3801 3863 :
3837 3813 3908 3867 In

2312 3880 2619 3933 malevolam
2649 3880 2879 3932 animum
2901 3896 3001 3932 non
3023 3878 3255 3932 introibit
3277 3880 3556 3947 sapientia,
3581 3897 3671 3934 nec
3696 3880 3905 3935 habita-

2312 3949 2385 4002 bit
2416 3952 2469 4003 in
2493 3966 2705 4021 corpore
2742 3952 2949 4003 subdito
2988 3952 3227 4017 peccatis.
3262 3951 3492 4021 Spiritus
3524 3953 3661 4005 enim
3689 3965 3902 4008 sant-tus

2312 4021 2605 4094 disciplina:
2633 4021 2841 4094 effugiet
2888 4022 3087 4094 ﬁctum,
3121 4030 3167 4074 et
3194 4022 3393 4094 auferet
3421 4038 3475 4075 se
3495 4025 3898 4094 arcogitationi-

2309 4090 2406 4163 bus
2431 4106 2543 4159 qua:
2586 4102 2707 4144 sunt
2745 4093 2858 4163 sine
2897 4090 3354 4163 intellectulsap.
3385 4094 3456 4163 I).
3493 4090 3893 4163 LXX'lnterpr.

2310 4161 2542 4234 Spiritus
2578 4168 2795 4234 sanctus
2825 4162 3126 4234 disciplinae
3156 4161 3326 4234 fugiet
3352 4161 3561 4231 dolum,
3586 4174 3639 4219 et
3676 4161 3894 4221 recede:

2308 4244 2338 4285 a
2369 4232 2790 4299 cogitationibus
2818 4233 3013 4285 stultis.

2378 4299 2637 4374 diActiva:
2664 4302 2790 4374 vitae
2814 4302 2924 4356 duo
2952 4313 3081 4359 sunt
3115 4304 3313 4374 oftieia,
3349 4306 3463 4362 sive
3490 4306 3666 4361 activa
3702 4308 3811 4361 vita
3840 4308 3893 4362 in

2308 4372 2518 4427 duobus
2562 4373 2838 4434 consistit,
2874 4387 3069 4445 nempe
3105 4377 3157 4430 in
3191 4372 3577 4445 expurgatione
3636 4378 3890 4433 vitiorum

2309 4446 2743 4516 etacqnisitinne
2794 4445 3053 4500 virtutum
3096 4465 3108 4501 :
3153 4448 3297 4516 quod
3345 4449 3462 4502 aliis
3518 4448 3698 4501 verbis
3748 4451 3892 4505 dixit

2308 4514 2624 4591 fsaimista:
2650 4516 2863 4570 Declina
2884 4531 2915 4568 a
2936 4517 3093 4583 malo,
3112 4527 3161 4572 et
3175 4514 3264 4589 fee
3286 4520 3467 4591 bonum
3481 4518 3503 4591 _(
3514 4517 3651 4591 Paul.
3671 4523 3891 4591 xxx").

2308 4586 2441 4656 Qum
2470 4599 2593 4642 sunt
2624 4592 2795 4659 prima
2825 4600 3091 4659 praecepta
3118 4586 3231 4645 sive
3269 4590 3451 4645 omnia
3480 4586 3698 4659 iustitiae
3725 4586 3892 4647 Chri-

2309 4660 2518 4713 stianas.

2387 4729 2734 4802 °__lflotat_div.
2769 4731 3129 4800 Hieranymus
3157 4730 3317 4794 illud,
3347 4731 3489 4802 quod
3520 4745 3583 4786 ex
3618 4730 3885 4789 Hebraico

2311 4799 2536 4873 addidit,
2570 4798 2819 4868 Dissipes,
2844 4796 3233 4873 sive'deponas,
3258 4804 3313 4857 in
3347 4796 3491 4858 LXX
3523 4816 3627 4856 non
3659 4803 3844 4858 haberi
3872 4828 3883 4858 :

2311 4866 2379 4944 Et
2406 4866 2852 4937 considerandum,
2885 4866 3074 4943 inquit,
3104 4866 3242 4944 quod
3265 4883 3482 4943 quatuor
3525 4874 3754 4927 tristibus
3782 4876 3887 4929 duo

2309 4942 2427 5015 lata
2455 4945 2771 5015 succedunt:
2799 4959 2961 5013 neque
2990 4942 3124 4998 enim
3166 4946 3420 5014 tediﬁcari
3465 4953 3701 5015 poterant
3729 4945 3881 5011 bona,

2308 5014 2409 5066 nisi
2424 5014 2694 5088 destructa
2736 5024 2900 5069 essent
2942 5016 3079 5069 mala
3106 5032 3243 5088 :nec
3269 5014 3499 5085 plantari
3532 5017 3755 5088 poptitna,
3788 5020 3885 5071 nisi

2307 5085 2695 5158 eradicarerttur
2720 5090 2939 5158 pessima
2957 5129 2970 5150 ,
2997 5099 3103 5142 etc.
3135 5087 3245 5158 Huc
3274 5095 3483 5157 spectat
3509 5085 3642 5141 illud
3674 5087 3879 5143 Boetliii

2306 5168 2522 5210 carmen
2551 5156 2701 5229 (Lib.
2722 5156 2790 5211 ‘m
2813 5157 2875 5212 de
2895 5157 3102 5213 Consol.
3136 5156 3474 5213 Philosomet.
3512 5157 3597 5231 1):

2553 5268 2645 5378 tetri
2672 5283 2848 5322 serere
2872 5274 3139 5333 ingenuum
3166 5270 3299 5322 volet
3315 5284 3508 5336 agrum,

2594 5333 2751 5378 iberat
2778 5346 2889 5378 arva
2920 5336 3051 5378 urius
3074 5334 3346 5378 fruticibus-

2594 5333 2751 5397 iberat
2778 5346 2889 5397 arva
2904 5396 2907 5397 ν
2920 5336 3051 5397 prius
3074 5334 3347 5397 fruticibus,

2552 5391 2696 5462 Falce
2721 5396 2870 5462 rubos
2889 5391 3161 5462 ﬁlicemqug
3188 5391 3404 5462 resecat,

2557 5454 2618 5519 yt
2636 5469 2755 5506 nova
2780 5457 2920 5518 fruge
2941 5454 3100 5519 gravis
3122 5456 3276 5507 Ceres
3294 5454 3393 5509 cati

2548 5517 2839 5585 _Tu‘quoqt1‘e
2864 5517 2983 5585 falsa
3009 5526 3162 5585 tuens
3177 5521 3318 5581 bona,
3343 5520 3479 5585 prius

2546 5581 2713 5643 incipe
2738 5580 2856 5629 colla
2876 5580 2994 5643 iugo
3016 5583 3309 5631 retrahere:

2548 5642 2678 5692 Vera
2697 5642 2876 5692 dehinc
2901 5642 3107 5692 animum
3128 5644 3385 5700 subierint.

2380 5729 2399 5769 ί
2429 5732 2631 5812 ᾼοιῐνω
2655 5734 2776 5788 vitae
2803 5737 3257 5812 operatquamvis
3286 5738 3624 5811 multiplica,
3648 5754 3877 5812 possunt

2307 5801 2373 5855 ad
2407 5804 2501 5856 tria
2534 5820 2734 5874 genera
2771 5801 3014 5863 revocari
3031 5801 3055 5862 “;
3085 5823 3315 5877 quorum
3358 5801 3588 5881 primum
3613 5801 3677 5869 ea
3708 5830 3875 5883 Opera
