4014 6200
434 396 473 415 Δ

488 316 593 375 959

491 517 795 573 solitudinis
823 526 1029 573 secreta
1060 518 1253 571 sectati
1281 519 1436 580 sunt,
1469 510 1697 567 inferior
1724 509 1797 565 sit
1833 507 2062 564 creden-

489 611 610 666 dus.
673 609 902 677 Quidam
962 608 1223 677 eligentes
1273 605 1647 677 aegrotantium
1703 616 1921 669 curam,
1977 598 2069 655 alii

491 702 935 758 intercessionem
965 713 1085 770 quas
1111 714 1209 768 pro
1248 697 1461 753 miseris
1482 705 1645 767 atque
1667 694 1942 765 oppressis
1966 692 2068 748 im-

493 794 765 861 penditur,
796 799 1177 861 exsequentes,
1219 797 1314 844 aut
1353 788 1614 843 doctrina:
1650 788 1933 849 instantes,
1976 791 2068 839 aut

492 888 892 955 eleemosynam
940 883 1268 954 pauperibus
1314 882 1627 953 largientes,
1674 880 1817 935 inter
1845 892 2070 948 magnos

493 995 556 1035 ac
585 993 825 1035 summos
851 977 1026 1047 viros,
1060 990 1158 1048 pro
1185 974 1383 1032 affectu
1411 990 1511 1032 suo
1549 989 1613 1030 ac
1649 972 1848 1044 pietate
1887 973 2069 1041 vigue-

492 1079 639 1128 rum.

1102 1157 1330 1216 CAPUT
1387 1157 1452 1211 ν.

732 1252 811 1308 De
838 1252 1168 1324 professionis
1197 1262 1414 1322 arrepr
1439 1250 1837 1320 perseverantia.

564 1347 908 1416 Quapropter
940 1346 1041 1399 hoc
1078 1344 1364 1414 unicuique
1388 1344 1518 1399 utile
1545 1352 1703 1412 atque
1740 1340 2071 1398 conveniens

492 1450 614 1506 est,
656 1449 717 1495 ut
779 1439 1073 1494 secundum
1124 1438 1457 1509 propositum
1503 1437 1648 1506 quod
1705 1437 1903 1507 elegit,
1962 1436 2075 1491 sive

496 1535 719 1603 gratiam
747 1547 906 1603 quam
935 1531 1176 1603 accepit,
1209 1547 1421 1586 summo
1462 1531 1641 1587 studio
1688 1546 1751 1585 ac
1798 1528 2074 1601 diligentia

495 1627 561 1682 ad
592 1628 772 1697 operis
801 1626 999 1694 arrepti
1028 1624 1414 1694 perfectionem
1442 1626 1730 1695 pervenire
1750 1624 1998 1687 festinet;
2021 1630 2078 1677 et

494 1720 722 1774 aliorum
752 1717 969 1789 quidem
997 1717 1220 1772 laudans
1251 1718 1633 1787 admiransque
1660 1716 1909 1782 virtutes,
1928 1725 1953 1753 ⁸
1978 1730 2075 1770 ne-

494 1826 761 1881 quaquam
793 1824 824 1864 a
854 1823 953 1863 sua
980 1824 1137 1878 quam
1162 1810 1329 1865 semel
1356 1809 1517 1879 elegit
1536 1809 1878 1878 professione
1902 1807 2076 1864 disce-

494 1902 608 1965 dat,
628 1903 828 1969 sciens,
848 1900 1141 1956 secundum
1160 1901 1497 1970 Apostolum,
1520 1916 1686 1955 unum
1711 1901 1926 1971 quidem
1954 1915 2075 1957 esse

495 2006 693 2061 corpus
726 1992 980 2047 Ecclesiae
1000 2032 1017 2059 ,
1046 1993 1213 2047 multa
1242 2000 1421 2047 autem
1453 1992 1692 2047 membra
1716 2038 1730 2062 ,
1776 2001 1832 2048 et
1874 1993 2076 2048 habere

498 2098 616 2138 eam
645 2083 966 2139 donationes
994 2084 1288 2140 secundum
1318 2086 1547 2155 gratiam
1597 2100 1716 2155 quae
1763 2084 1921 2140 nobis
1951 2085 2075 2141 data

498 2185 582 2230 est
601 2174 938 2240 differentes,
969 2177 1083 2232 sive
1116 2178 1451 2246 prophetiam
1480 2176 1778 2232 secundum
1808 2176 2075 2232 rationem

497 2265 659 2334 fidei,
694 2264 808 2321 sive
852 2266 1212 2322 ministerium
1270 2266 1323 2321 in
1381 2267 1756 2335 ministrando,
1818 2267 1934 2322 sive
1985 2266 2076 2338 qui

494 2355 656 2412 docet
681 2357 735 2412 in
765 2356 1044 2424 doctrina,
1101 2359 1214 2415 sive
1256 2360 1351 2430 qui
1401 2360 1722 2416 exhortatur
1776 2360 1829 2415 in
1875 2359 2076 2415 exhor-

496 2450 661 2505 tando
684 2490 700 2515 ,
730 2450 820 2521 qui
846 2451 1033 2506 tribuit
1064 2452 1115 2505 in
1142 2450 1523 2519 simplicitate,
1552 2452 1641 2521 qui
1666 2458 1862 2521 prmest
1884 2450 1937 2505 in
1967 2451 2078 2506 sol-

498 2543 807 2609 licitudine,
841 2547 931 2612 qui
977 2543 1262 2598 miseretur
1310 2544 1364 2597 in
1404 2544 1677 2597 hilaritate
1708 2543 1898 2614 (Rom.
1932 2543 2072 2613 xtt).

498 2636 608 2691 Nec
634 2636 777 2690 enim
800 2636 910 2689 ulla
931 2636 1170 2691 membra
1186 2636 1415 2692 aliorum
1438 2636 1539 2692 sibi
1563 2640 1928 2691 membrorum
1956 2649 2077 2703 pos-

497 2737 622 2784 sunt
656 2729 953 2783 ministeria
980 2729 1289 2797 vindicare,
1316 2730 1440 2799 quia
1470 2745 1569 2785 nec
1599 2730 1741 2784 oculi
1774 2744 2033 2783 manuum
2057 2767 2074 2795 ,

498 2836 599 2876 nec
629 2836 786 2877 nares
832 2822 1044 2877 aurium
1091 2831 1314 2878 utuntur
1357 2822 1538 2878 ofﬁcio
1570 2842 1581 2876 :
1615 2831 1671 2877 et
1712 2822 1915 2878 idcirco
1965 2837 2075 2878 non

502 2928 689 2969 omnes
741 2916 1002 2985 apostoli,
1051 2932 1158 2972 non
1189 2932 1379 2972 omnes
1409 2917 1691 2986 propheta:
1713 2961 1727 2986 ,
1754 2931 1860 2971 non
1887 2930 2079 2971 omnes

500 3005 784 3072 doctores,
813 3023 921 3061 non
962 3023 1151 3064 omnes
1198 3010 1401 3079 gratias
1445 3008 1646 3065 habent
1691 3008 2074 3075 curationum,

503 3114 612 3155 non
646 3114 837 3156 omnes
866 3100 1062 3171 linguis
1090 3102 1415 3170 loquuntur,
1456 3116 1561 3156 non
1592 3114 1785 3157 omnes
1814 3101 2079 3170 interpre-

502 3201 706 3248 tantur.

1543 303 1821 364 JOANNIS
1856 298 2170 360 CASSIANI
2208 297 2699 367 COLLATIONES.

490 426 560 483 ita
591 426 732 498 apud
759 423 1137 482 Alexandriam
1184 421 1416 494 prmfuit,
1447 428 1506 477 ut
1552 419 1690 475 nulli
1734 432 1924 475 eorum
1972 417 2143 488 quiA

2769 408 2999 466 CAPUT
3035 408 3106 464 VI

2577 524 2656 579 De
2682 521 3005 592 inﬁrmorum
3030 519 3334 576 mobilitate.

2238 662 2428 719 Solent
2452 659 2596 715 enim
2639 657 2695 713 hi
2746 656 2839 729 qui
2888 656 3120 713 necdum
3154 664 3281 710 sunt
3304 654 3396 710 illa
3424 669 3585 725 quam
3622 656 3779 712 arri-

2174 760 2407 824 puerunt
2431 748 2769 821 professione
2797 748 3025 814 fundati,
3051 762 3176 804 cum
3196 746 3470 802 audierint
3492 748 3782 819 quosdam

2168 846 2221 900 in
2251 844 2489 900 diversis
2509 843 2699 899 studiis
2720 858 2785 897 ac
2807 842 3103 897 virtutibus
3124 840 3443 911 praedicari,
3470 841 3546 896 ita
3573 858 3781 899 eorum

2169 937 2328 993 laude
2351 936 2642 1003 succendi,
2678 944 2736 990 ut
2782 934 2981 989 imitari
3032 949 3217 989 eorum
3253 934 3498 1005 protinus
3530 935 3782 1003 gestiant

2169 1029 2532 1101 disciplinam,
2561 1028 2615 1082 in
2637 1043 2745 1098 quo
2767 1027 2953 1082 irritos
2980 1040 3291 1082 necessario
3314 1025 3580 1095 impendit
3596 1041 3777 1081 cona-

2173 1130 2257 1176 tus
2279 1121 2511 1175 humana
2534 1118 2814 1188 fragilitas.
2848 1117 3189 1187 Impossibile
3216 1132 3452 1187 namque
3477 1126 3565 1173 est
3595 1133 3775 1173 unum

2170 1212 2526 1283 eumdemquc
2556 1211 2828 1267 hominem
2855 1209 3017 1265 simul
3046 1209 3311 1265 universis
3343 1225 3479 1280 quas
3513 1210 3776 1280 superius

2173 1306 2577 1377 comprehendi,
2599 1305 2806 1376 fulgere
2826 1304 3120 1361 virtutibus
3138 1302 3189 1359 δ.
3213 1303 3357 1371 Quas
3374 1303 3423 1359 si
3439 1306 3562 1376 quis
3576 1306 3771 1362 volue-

2175 1398 2246 1453 rit
2275 1401 2479 1469 pariter
2502 1398 2759 1454 affectare
2778 1441 2793 1466 ,
2829 1398 2883 1453 in
2912 1396 2968 1453 id
2991 1411 3116 1453 eum
3140 1396 3379 1452 incidere
3400 1412 3627 1454 necesse
3655 1409 3767 1466 est,

2174 1498 2233 1546 ut
2259 1491 2384 1546 dum
2416 1505 2606 1546 omnes
2628 1491 2907 1561 sequitur,
2936 1489 3140 1545 nullam
3170 1489 3433 1559 integram
3461 1503 3770 1560 consequa-

2174 1594 2303 1650 tur;
2379 1585 2655 1654 magisque
2710 1598 2780 1638 ex
2841 1584 2943 1638 hac
3002 1580 3301 1636 mutatione
3368 1594 3432 1636 ac
3498 1582 3769 1638 varietate

2176 1675 2517 1745 dispendium
2547 1676 2723 1745 capiat
2746 1687 2906 1744 quam
2932 1674 3256 1744 profectum.
3278 1673 3464 1729 Multis
3491 1674 3635 1729 enim
3663 1673 3770 1729 viis

2104 1807 2154 1868 Β
2178 1772 2244 1824 ad
2278 1770 2445 1825 Deum
2476 1770 2712 1824 tenditur
2738 1810 2755 1837 ,
2786 1778 2840 1825 et
2867 1768 2989 1825 ideo
3028 1768 3396 1839 unusquisque
3425 1767 3577 1822 illam
3604 1783 3769 1838 quam

2177 1862 2349 1918 semel
2390 1861 2714 1932 arripuerit,
2754 1860 3091 1916 irrevocabili
3116 1874 3308 1916 cursus
3337 1860 3423 1915 sui
3466 1859 3772 1917 intentione

2177 1956 2427 2013 conficiat
2443 1995 2458 2022 ,
2501 1966 2561 2013 ut
2587 1956 2660 2012 sit
2687 1958 2741 2012 in
2764 1954 3007 2027 qualibet
3033 1954 3375 2026 professione
3399 1954 3691 2023 perfectus.

2778 2107 3007 2165 CAPUT
3047 2106 3155 2163 VII.

2251 2247 2558 2319 Exemplum
2599 2245 2853 2319 castitatis
2882 2259 2982 2314 quo
3028 2244 3241 2319 docetur
3268 2258 3372 2295 non
3402 2242 3577 2297 omnia
3622 2242 3688 2295 ab

2676 2312 2911 2370 omnibus
2949 2312 3265 2369 armulanda.

2246 2454 2464 2524 Absque
2494 2452 2585 2508 illo
2612 2450 2895 2521 dispendio
2924 2463 3031 2521 quo
3068 2448 3216 2504 feriri
3252 2447 3563 2503 monachum
3609 2445 3756 2502 dixic

2180 2562 2321 2611 mus,
2344 2546 2436 2616 qui
2463 2544 2760 2600 mobilitate
2806 2541 3005 2597 mentis
3031 2539 3099 2595 ad
3126 2539 3303 2595 studia
3350 2537 3494 2608 cupit
3517 2537 3752 2593 transire

2177 2639 2391 2694 diversa
2415 2677 2431 2702 ,
2454 2637 2615 2691 etiam
2665 2634 2790 2689 hinc
2832 2632 3130 2703 periculum
3180 2630 3367 2686 mortis
3412 2628 3703 2684 incurritur
3736 2669 3754 2694 ,

2177 2730 2318 2802 quod
2342 2740 2740 2797 nonnumquam
2763 2735 2911 2780 recte
2929 2723 3175 2795 quaedam
3199 2722 3269 2777 ab
3290 2722 3408 2777 aliis
3427 2728 3597 2791 gesta,
3618 2720 3765 2776 malo

2179 2822 2248 2875 ab
2277 2820 2403 2875 aliis
2431 2824 2831 2889 praesumuntur
2853 2815 3143 2885 exemplo;
3172 2823 3226 2869 et
3246 2829 3309 2869 ea
3338 2828 3459 2883 qua:
3488 2813 3765 2868 nonnullis

2179 2914 2319 2969 bene
2363 2917 2659 2976 cesserant,
2693 2908 2997 2979 perniciosa
3019 2906 3088 2961 ab
3118 2905 3241 2961 aliis
3266 2907 3597 2961 sentiuntur.
3629 2904 3761 2959 Nam

2180 3015 2241 3062 ut
2262 3005 2513 3078 quiddam
2545 3002 2782 3073 exempli
2811 3003 2983 3071 gratia
3016 2999 3378 3070 proferamus,
3410 2998 3560 3053 velut
3578 2998 3624 3053 si
3645 3000 3765 3068 quis

2181 3100 2324 3157 illam
2356 3100 2456 3154 viri
2498 3098 2643 3153 illius
2685 3096 2884 3152 imitari
2929 3094 3182 3150 virtutem
3231 3093 3394 3159 velit,
3436 3108 3597 3163 quam
3628 3092 3766 3147 solet

2107 3184 2152 3249 C
2187 3206 2210 3234 ο
2240 3194 2406 3249 abbas
2442 3193 2698 3259 Joannes,
2731 3204 2840 3246 non
2871 3189 2939 3245 ad
2974 3187 3289 3244 imitationis
3320 3186 3640 3255 formulam,
3671 3186 3763 3242 sed

1570 3303 1825 3360 ALARDI
1859 3302 2092 3360 GAZIEI
2129 3302 2693 3362 COMMENTARIUS.

502 3399 608 3469 ipse
646 3398 848 3469 quidem
892 3414 955 3453 ea:
998 3398 1062 3452 iis
1108 3398 1314 3451 tandem
1357 3397 1592 3469 comedit.
1640 3396 1768 3452 Haec
1796 3396 1895 3451 ibi.
1937 3395 2084 3451 Idem

508 3468 667 3523 etiam
699 3468 821 3523 aliis
845 3469 1024 3524 verbis
1052 3469 1284 3524 refertur
1313 3470 1366 3522 in
1401 3468 1534 3523 Vitis
1566 3470 1807 3524 Patrum.

580 3548 606 3575 ⁸
647 3539 817 3594 Locus
846 3540 1091 3609 egregius
1142 3542 1209 3595 de
1254 3541 1479 3595 transitu
1506 3542 1573 3593 ab
1601 3556 1702 3594 una
1734 3538 1996 3609 religione
2017 3538 2081 3592 ad

510 3609 693 3675 aliam,
726 3619 780 3664 et
809 3611 1105 3666 stabilitate
1132 3610 1260 3677 loci,
1294 3626 1452 3681 quam
1482 3610 1750 3674 monachi,
1783 3611 2083 3681 praesertim

507 3681 863 3747 Benedictini,
899 3698 965 3737 ex
1017 3684 1260 3737 instituto
1302 3678 1412 3737 sure
1442 3682 1658 3751 Regulae
1689 3678 1839 3751 (Cap.
1869 3678 1957 3749 10)
1988 3695 2082 3735 ex-

510 3766 695 3818 presse
723 3753 1076 3820 profitentur:
1137 3754 1203 3809 de
1233 3769 1335 3821 qua
1383 3754 1498 3807 Div.
1532 3750 1848 3808 'Bernardus
1874 3750 1969 3821 lib.
2019 3753 2088 3806 de

506 3821 781 3890 Praecepto
799 3833 853 3877 et
866 3820 1276 3892 Dispensatione
1292 3825 1405 3879 haec
1425 3827 1566 3878 inter
1581 3824 1685 3877 alia
1708 3821 1922 3876 scribit:
1941 3820 2088 3876 Prw—

508 3894 698 3945 scribat
725 3894 1017 3950 stabilitatis
1040 3906 1239 3963 pactum
1264 3895 1281 3964 (
1302 3897 1337 3949 i.
1366 3910 1417 3947 e.
1450 3896 1665 3961 votum)
1692 3894 1829 3946 omni
1852 3893 2087 3963 deinceps

509 3964 719 4035 remisso
748 3966 1035 4032 descensui,
1069 3967 1380 4021 contentiosa
1408 3965 1676 4027 discessui,
1727 3980 1856 4035 vago
1908 3972 1953 4016 et
2001 3980 2089 4017 cu-

511 4034 650 4087 rioso
681 4035 958 4103 discursui,
998 4039 1150 4091 totius
1194 4037 1410 4105 denique
1450 4034 1807 4088 inconstantia:
1854 4034 2087 4098 levitati;

513 4120 612 4156 non
650 4113 815 4176 tamen
840 4109 918 4161 liis
944 4124 1057 4176 qua:
1076 4108 1126 4159 in
1149 4106 1476 4176 professionis
1499 4105 1630 4157 serie
1647 4112 1949 4171 sequuntur,
1980 4120 2089 4176 mo-

513 4190 626 4226 rum
654 4175 884 4229 videlicet
907 4172 1217 4230 conversioni
1244 4172 1293 4230 et
1319 4176 1645 4237 obedientite,
1676 4188 1791 4241 qua:
1810 4172 2089 4226 secundum

514 4243 761 4313 Regulam
784 4247 875 4312 ﬁt;
897 4263 1015 4298 nam
1040 4248 1082 4299 si
1107 4245 1216 4299 Itth
1238 4244 1446 4315 ibidem,
1470 4261 1562 4314 pro
1584 4242 2089 4315 improbitatenimi-

512 4331 622 4365 rum
649 4324 800 4383 atque
827 4316 1213 4385 irreligiositate
1247 4313 1675 4385 cohabitantium,
1714 4313 1928 4385 obtineri
1959 4316 2090 4383 forte

514 4385 847 4449 nequiverint.
872 4383 998 4438 duce
1016 4386 1204 4453 spiritu
1220 4386 1489 4450 libertatis,
1514 4384 1730 4437 transire
1745 4383 2088 4438 indubitanter

512 4454 702 4506 suadeo
733 4456 800 4507 ad
826 4456 996 4507 locum
1015 4456 1196 4520 alium,
1220 4456 1307 4508 ubi
1329 4472 1430 4509 non
1455 4455 1761 4523 impediatur
1794 4453 1949 4507 homo
1972 4455 2088 4508 red-

515 4524 633 4595 dere
662 4524 769 4578 Deo
790 4534 906 4579 vota
923 4542 1035 4587 sua,
1064 4543 1179 4595 quia
1200 4527 1539 4581 distinxerunt
1561 4525 1698 4579 labia
1719 4541 1830 4578 sua.
1865 4524 2005 4579 Sane
2024 4526 2087 4579 de

512 4592 763 4664 religiosis
787 4611 848 4648 ac
870 4596 993 4649 bene
1013 4592 1259 4651 ordinatis
1288 4596 1603 4651 monasteriis
1630 4595 1804 4649 nullus
1825 4595 2085 4665 professo-

510 4679 645 4737 rum,
666 4680 797 4737 meo
817 4666 1055 4737 consilio,
1082 4683 1146 4720 ne
1175 4669 1407 4722 arctioris
1433 4668 1635 4737 quidem
1661 4668 1776 4720 vitae
1803 4667 2078 4733 desiderio,

509 4734 615 4821 sive
657 4734 859 4821 licentia
899 4738 983 4790 sui
1025 4734 1238 4821 senioris
1293 4739 1353 4821 (ἰ.
1401 4734 1453 4793 e.
1498 4737 1748 4821 praelati).
1775 4736 2079 4821 egredietur.

512 4802 761 4877 Egressus
790 4815 955 4861 tamen
993 4811 1037 4862 si
1066 4809 1251 4863 melius
1301 4802 1544 4863 invenerit
1598 4817 1646 4861 et
1701 4802 1925 4877 elegerit,
1970 4824 2083 4863 meo

510 4876 980 4949 nihilominusjam
1013 4878 1226 4933 consilio
1271 4895 1371 4933 non
1414 4878 1729 4949 regrediatur
1772 4881 1839 4930 ad
1865 4879 2084 4946 inferius

510 4947 702 4999 bonum
730 4947 879 5011 quod
908 4949 1183 5016 reliquerat
1223 4959 1273 5004 et
1300 4947 1669 5019 contempserat
1710 4963 1816 5018 pra:
1844 4950 2044 5003 meliori
2064 4966 2084 5016 ;

508 5019 789 5091 praesertim
812 5020 861 5091 si
879 5018 1014 5073 illud
1037 5023 1216 5074 melius
1254 5020 1355 5075 tale
1383 5018 1557 5091 fuerit,
1586 5020 1721 5091 quod
1750 5020 1861 5087 ejus
1904 5021 2084 5091 piimw

509 5088 819 5161 professioni
860 5107 1138 5161 congruere
1164 5088 1413 5145 videatur.
1446 5092 1513 5145 Et
1539 5088 1695 5159 paulo
1737 5096 1860 5161 post
1882 5088 2082 5143 {Forte

507 5159 616 5230 vult
650 5158 839 5230 aliquis
867 5162 930 5216 de
958 5158 1380 5217 Cluniacensibus
1417 5158 1660 5215 institutis
1688 5161 1756 5214 ad
1783 5158 2081 5215 Cisterrien—

507 5228 641 5281 sium
669 5228 775 5284 sese
802 5232 1050 5305 stringere
1078 5232 1651 5305 paupertatem,eligens
1681 5247 1787 5300 prie
1806 5231 1911 5284 illis
1932 5229 2084 5305 mini;

508 5313 620 5351 rum
672 5301 1117 5376 consuetudinibus
1146 5301 1307 5376 magis
1341 5303 1567 5376 Regulre
1592 5304 1863 5376 puritatem
1878 5345 1904 5376 ,_
1921 5301 1980 5358 Si
2009 5319 2086 5356 me

508 5370 749 5435 consulit,
781 5388 883 5424 non
911 5375 1141 5436 consulo,
1172 5370 1341 5427 sinon
1367 5370 1488 5426 sane
1514 5373 1567 5425 id
1588 5370 1784 5427 abbatis
1821 5373 1904 5424 sui
1931 5390 2083 5426 usur-

507 5443 642 5508 parit
662 5458 893 5495 assensu.
927 5444 1302 5513 Quamobrem?
1326 5443 1505 5497 Primo
1535 5452 1741 5513 propter
1779 5444 2082 5497 scandalum

508 5513 759 5580 ipsorum,
790 5528 914 5580 quos
940 5514 1157 5568 deserat.
1202 5512 1399 5584 Dein_de
1450 5512 1569 5584 quia
1611 5523 1748 5567 certa
1777 5530 1869 5584 pro
1918 5514 2085 5568 dubiis

507 5584 795 5652 relinquere
838 5592 1002 5637 tutum
1027 5601 1129 5638 non
1173 5594 1265 5638 est.
1302 5582 1545 5639 Forsitan
1595 5587 1726 5638 enim
1773 5582 1868 5637 hoc
1917 5594 2082 5638 tenere

509 5663 692 5719 potest,
717 5654 849 5708 illud
878 5670 978 5707 non
1003 5656 1206 5723 poterit.
1232 5654 1405 5709 Tertio
1431 5664 1716 5721 suspectam
1740 5656 1898 5708 habeo
1945 5656 2069 5707 leui-

512 5731 692 5796 tatem,
723 5739 825 5790 qua
851 5723 907 5775 id
937 5739 1088 5796 sirpe,
1125 5725 1262 5794 quod
1273 5728 1461 5796 facere
1502 5727 1734 5779 volumus
1759 5767 1775 5792 ,
1797 5736 2069 5796 antequam

515 5793 810 5857 probemus,
841 5794 1034 5858 experti
1065 5793 1170 5857 iam
1196 5793 1453 5859 nolumus,
1486 5811 1588 5848 uno
1609 5811 1768 5864 prope
1814 5793 2067 5850 momento

2184 3397 2411 3468 idipsum
2439 3407 2486 3450 et
2533 3396 2810 3468 cupientes
2835 3401 2887 3447 et
2926 3387 3217 3468 respuentes
3247 3401 3353 3447 tam
3402 3393 3577 3447 leviter
3618 3408 3762 3462 quam

2186 3465 2636 3523 irrationabiliter.
2674 3465 2865 3532 Quales
2886 3466 3059 3534 utique
3098 3480 3201 3517 non
3245 3480 3442 3535 paucos
3490 3469 3762 3534 frequenter

2188 3540 2494 3609 experimur,
2523 3538 2610 3606 qui
2643 3552 2746 3609 una
2777 3536 2872 3609 viai
2894 3536 3021 3609 liora
3051 3536 3105 3609 in
3127 3550 3233 3609 una
3269 3536 3533 3609 voluntate
3580 3536 3761 3609 duran-

2190 3604 2282 3671 tes,
2308 3626 2438 3662 aura
2465 3604 2681 3662 levitatis
2709 3607 2938 3677 impulsi,
2962 3606 3081 3675 vagi
3106 3615 3154 3659 et
3178 3605 3439 3659 instabiles
3462 3608 3558 3659 hac
3580 3616 3623 3659 et
3645 3604 3758 3657 illac

2187 3678 2322 3732 velut
2348 3680 2495 3743 ebrii,
2552 3685 2751 3742 nutant,
2795 3686 3083 3750 mutantque
3126 3691 3220 3747 pro
3265 3678 3761 3750 experimentojudi-

2188 3751 2357 3813 cium;
2383 3751 2536 3803 immo
2582 3750 2690 3802 sine
2725 3747 2927 3817 judicio
2952 3750 3259 3818 ﬂuctuantes
3280 3756 3329 3799 et
3359 3747 3722 3800 tumultuantes
3743 3788 3758 3812 ,

2189 3829 2264 3873 tot
2289 3821 2351 3875 de
2379 3836 2431 3873 se
2455 3820 2670 3874 consilia
2688 3829 3024 3887 praesumunt.
3054 3826 3176 3887 quot
3205 3819 3319 3871 loca
3341 3818 3604 3881 revisunt;
3630 3834 3757 3872 sem-

2188 3907 2277 3960 per
2304 3891 2442 3961 quod
2472 3907 2575 3944 non
2598 3890 2807 3961 habent,
2837 3888 3118 3961 cupientes,
3147 3896 3195 3961 et
3221 3887 3360 3961 quod
3382 3889 3591 3961 habent,
3620 3890 3761 3961 fasti-

2188 3959 2401 4015 dientes.
2447 3962 2572 4015 Hmc
2613 3961 2722 4014 div.
2770 3959 3094 4013 Bernartlus.
3139 3959 3244 4013 Sed
3284 3960 3352 4012 de
3400 3960 3503 4014 hoc
3545 3960 3759 4015 transitu

2189 4032 2341 4099 plura
2359 4034 2402 4086 si
2424 4032 2721 4093 desideras,
2741 4028 2827 4082 adi
2846 4028 2904 4083 S.
2929 4029 3191 4084 Thomam
3219 4028 3365 4099 (ἑοὶ,
3387 4046 3440 4097 q.
3463 4030 3585 4095 189,
3610 4048 3658 4084 a.
3682 4032 3754 4098 8).

2260 4101 2287 4139 δ
2328 4103 2407 4157 0h
2436 4102 2573 4156 hanc
2601 4115 2818 4156 causam
2845 4100 3140 4155 Cassianus
3178 4099 3273 4153 lib.
3303 4115 3336 4151 v
3365 4099 3753 4155 Institutionum

2188 4187 2307 4240 cap.
2336 4173 2370 4227 4
2397 4189 2464 4227 ex
2491 4173 2762 4227 sententia
2782 4170 2845 4225 Β.
2877 4170 3099 4225 Antonii
3120 4170 3279 4226 docet
3302 4175 3647 4237 monachum,
3672 4175 3755 4241 qui

2187 4252 2312 4311 post
2338 4243 2642 4298 emnobiale
2665 4241 2998 4310 pr0positum
3033 4241 3108 4366 fi.
3140 4256 3191 4295 e.
3224 4240 3618 4311 professionem
3651 4240 3758 4296 nio-

2188 4314 2448 4366 nasticam
2470 4314 2556 4366 vel
2583 4310 2999 4366 cnenohiticaml
3055 4310 3241 4366 astiuia
3278 4312 3466 4366 nititur
3486 4314 3757 4366 sublimio-

2188 4310 2448 4369 nasticam
2470 4314 2556 4368 vel
2583 4310 2999 4381 coenohiticam)
3033 4310 3241 4383 fastigia
3278 4312 3466 4366 nititur
3486 4314 3757 4367 sublimio-

2187 4383 2261 4439 ris
2286 4384 2633 4455 perfectionis
2662 4383 2948 4455 attingere,
2978 4393 3140 4455 atque
3168 4383 3233 4436 ad
3256 4397 3435 4437 arcam
3462 4383 3751 4455 anachore-

2186 4453 2310 4510 seos
2348 4455 2647 4524 pervenire,
2671 4470 2780 4509 non
2804 4453 3003 4508 debere
3028 4453 3098 4508 ab
3123 4468 3252 4520 uno,
3275 4454 3507 4524 quamvis
3520 4466 3739 4524 summa,

2185 4522 2435 4582 universa
2483 4540 2680 4596 genera
2730 4525 2987 4596 virtutum
3043 4522 3340 4592 expetere:
3376 4522 3515 4596 Alius
3575 4522 3737 4596 enim,

2188 4597 2391 4668 inquit,
2457 4593 2704 4668 scientia
2741 4594 2956 4668 floribus
3014 4604 3331 4668 exornatur,
3382 4593 3507 4668 alter
3560 4593 3743 4668 discre-

2107 4690 2162 4750 Β
2186 4665 2340 4750 tionis
2386 4673 2582 4750 ratione
2607 4666 2903 4750 .robustius"
2924 4666 3299 4750 communitur,
3338 4665 3485 4750 alter;
3509 4665 3749 4750 patientia:

2184 4740 2434 4810 gravitate.
2469 4738 2804 4810 fundatur;
2832 4738 2965 4789 alius
3016 4736 3355 4810 humilitatis,
3389 4737 3559 4810 alius
3597 4737 3750 4788 conti-

2185 4807 2370 4865 nentia:
2429 4808 2615 4861 virtute
2669 4808 2982 4877 prtvfertur;
3042 4807 3179 4860 alius
3240 4807 3587 4873 simplicitatis
3642 4822 3751 4877 gra-

2183 4881 2256 4935 tia
2307 4882 2597 4934 decoratur.
2650 4876 2756 4930 Hic
2803 4878 3271 4944 magnanimitatis,
3327 4878 3418 4931 ille
3478 4877 3748 4931 misericor-

2186 4952 2305 5016 diae,
2357 4952 2448 5003 iste
2490 4949 2811 5019 vigiliarum,
2866 4947 2950 4999 hic
2998 4949 3391 5019 tgciturnitatis,
3442 4947 3534 5002 ille
3578 4949 3749 5001 laboris

2184 5022 2356 5075 studio
2382 5016 2590 5073 cwteros
2616 5020 2976 5084 supereminet.
3006 5016 3073 5070 Et
3102 5019 3296 5072 idcirco
3318 5020 3626 5073 monachum
3654 5019 3750 5084 spi-

2187 5093 2359 5145 ritalia
2382 5088 2534 5143 mella
2559 5088 2778 5142 condere
2815 5089 3119 5156 cupientem,
3167 5090 3305 5143 velut
3349 5105 3501 5159 apem
3539 5088 3752 5160 prsidem

2187 5162 2458 5221 tissimam,
2501 5160 2680 5213 debere
2713 5174 3124 5229 unamquamque
3169 5162 3403 5214 virtutem
3439 5162 3503 5212 ab
3542 5159 3628 5213 bis
3671 5161 3749 5229 qui

2188 5247 2301 5286 eam
2328 5229 2638 5302 familiarius
2676 5230 2933 5302 possident
2966 5230 3240 5302 deﬂorare,
3275 5242 3323 5285 et
3350 5232 3404 5285 in
3432 5232 3516 5284 sui
3543 5231 3748 5302 pectoris

2186 5318 2303 5356 vase
2328 5300 2600 5370 diligenter
2630 5300 2925 5371 recondere,
2956 5315 3050 5352 nec
3084 5300 3210 5368 quid
3239 5302 3409 5355 minus
3447 5300 3635 5371 aliquis
3667 5300 3749 5352 lia-

2185 5373 2321 5438 beat,
2363 5374 2647 5437 discutere;
2674 5370 2763 5425 sed
2794 5372 2887 5423 hoc
2929 5380 3129 5424 tantum
3173 5372 3299 5440 quid
3323 5370 3749 5431 virtutishabeat,

2184 5443 2540 5513 contemplari,
2572 5441 2892 5511 studioseque
2914 5441 3201 5513 decerpere.
3225 5439 3451 5513 Cunctas
3482 5457 3692 5511 namque
3708 5443 3748 5494 si

2182 5515 2246 5567 ab
2275 5510 2394 5568 uno'
2413 5514 2644 5568 volumus
2673 5510 2931 5576 mutuari,
2967 5521 3057 5564 aut
3086 5510 3293 5581 difficile
3322 5521 3411 5565 aut
3452 5521 3588 5567 certe
3615 5510 3750 5565 nunt-

2181 5602 2330 5655 quam
2376 5586 2559 5639 idonea
2599 5585 2665 5636 ad
2709 5584 3015 5636 imitandum
3059 5586 3202 5636 nobis
3243 5583 3478 5651 exempla
3524 5593 3749 5654 poterunt

2174 5672 2698 5805 “ﬁergé'quo‘gupra
2722 5720 2959 5805 (Camb)
2985 5739 3009 5804 ε.
3031 5722 3085 5804 εἰ,
3103 5722 3443 5805 enim‘alium
3485 5723 3740 5794 intellige-

2176 5806 2277 5864 ret,
2313 5794 2460 5865 puto,
2491 5794 2667 5866 aliqua
2699 5804 2821 5851 nota
2849 5794 3296 5849 discriminasset.
