4054 6186
463 219 570 280 963

1524 211 1805 272 JOANNIS
1842 213 2155 274 CASSIANI
2192 212 2690 272 COLLATIONES.

3624 227 3737 285 968

458 333 684 408 pliciter,
734 344 892 400 super
941 327 1268 384 latitudinem
1311 325 1482 380 cordis
1531 325 1605 378 tui
1657 322 1842 397 (Prov.
1887 321 2043 399 uti).
2072 333 2124 392 Δ
2150 328 2197 380 si
2225 324 2470 380 volumus
2493 325 2811 392 conﬂuunt,
2838 333 2898 381 ut
2920 323 2950 364 δ
2981 342 3084 388 una
3119 335 3276 400 atque
3304 331 3491 390 eadem
3515 332 3732 394 Jama.

459 425 644 494 Itaque
677 421 899 477 historia
927 420 1327 492 praeteritarum
1369 431 1432 470 ac
1463 415 1758 470 visibilium
1810 417 2043 486 agnitio-

468 533 593 574 nem
627 515 1003 586 complectitur
1030 526 1208 566 rerum
1239 525 1357 577 qua:
1385 508 1455 562 ita
1483 508 1550 561 ab
1576 509 1834 577 Apostolo
1884 507 2048 578 repli-

458 622 614 663 catur
645 626 658 660 :
693 617 719 644 ι
751 605 1016 674 Scriptum
1036 611 1110 657 est
1131 601 1298 665 enim,
1323 601 1444 672 quia
1469 599 1729 654 Abraham
1757 599 1884 653 duos
1907 599 2047 670 ﬁlios

461 699 671 764 habuit,
707 712 865 750 unum
895 693 961 746 de
987 690 1199 758 ancilla,
1228 699 1276 745 et
1315 692 1477 746 alium
1501 690 1564 743 de
1607 689 1801 756 libera;
1831 693 1919 744 sed
1956 689 2047 761 qui

459 793 522 845 de
542 789 757 846 ancilla.
795 785 1074 840 secundum
1105 799 1311 836 carnem
1342 789 1492 836 natus
1532 791 1641 848 est;
1669 781 1758 853 qui
1783 790 1952 834 autent
1982 781 2046 835 de

461 886 640 948 libera,
677 897 764 950 per
793 877 1241 950 repromissionem
1268 871 1469 946 (Galht.
1494 875 1594 943 tv).
1618 873 1700 928 Ad
1731 873 2044 943 allegoriam

459 989 637 1035 autem
671 975 1082 1048 pertinentquae
1107 980 1426 1042 sequuntur,
1453 970 1578 1040 quia
1597 984 1659 1024 ea
1681 983 1799 1037 qua:
1828 968 1878 1021 in
1902 967 2045 1022 veri-

460 1083 570 1130 tate
599 1080 751 1144 gesta
782 1076 930 1131 sunt,
979 1065 1207 1120 alterius
1252 1063 1578 1117 sacramenti
1607 1061 1831 1115 lortnam
1865 1057 2046 1128 pradi-

458 1178 684 1238 gurasse
712 1161 997 1216 dicuntur:
1027 1157 1156 1212 Htec
1185 1158 1342 1222 enim,
1379 1156 1572 1223 inquit,
1601 1163 1721 1208 sunt
1764 1153 1866 1208 duo
1895 1161 2048 1206 testa-

460 1265 669 1310 menta:
698 1267 854 1305 unum
882 1249 1086 1320 quidem
1134 1245 1198 1298 de
1239 1255 1406 1300 monte
1456 1243 1606 1310 Sina,
1645 1244 1700 1298 in
1756 1243 2048 1298 servitutem

459 1363 729 1421 generans,
759 1345 893 1416 quod
924 1341 1106 1420 (Lips.
1136 1343 1188 1394 in
1222 1356 1388 1412 marg.
1414 1355 1532 1410 qua:
1601 1348 1674 1395 est
1701 1337 1838 1410 Agar
1866 1353 1884 1391 :
1917 1335 2048 1392 Sina

462 1442 596 1496 enim
623 1454 769 1492 mons
791 1447 862 1491 est
897 1437 952 1489 in
998 1433 1211 1501 Arabia,
1258 1439 1344 1505 qui
1375 1442 1702 1502 comparatur
1747 1431 1864 1484 huic
1889 1473 1903 1496 ,
1933 1446 2049 1500 qua

465 1550 598 1588 nunc
623 1540 696 1587 est
723 1527 1037 1592 Jerusalem,
1071 1536 1118 1581 et
1140 1527 1289 1580 servit
1317 1540 1435 1579 cum
1459 1523 1598 1596 ﬁliis,
1630 1523 1754 1577 suis.
1796 1526 2048 1593 Anagoge

465 1642 592 1682 vero
625 1626 691 1680 de
715 1621 1051 1693 spiritalibus
1074 1617 1346 1691 mysteriis
1376 1618 1440 1672 ad
1472 1617 1778 1674 sublimiora
1801 1617 2044 1686 quaedam

2148 418 2312 475 salem
2343 418 2727 490 quadrifariam
2755 419 2926 489 possit
2955 421 3175 492 intelligi
3199 439 3212 474 :
3239 425 3537 484 secundum
3561 427 3733 484 histo-

2147 510 2282 568 riam
2309 511 2498 566 civitas
2532 510 3163 579 Judreorum,secundnm
3192 515 3506 586 allegoriam
3541 519 3730 582 Eccle-

2146 603 2225 659 sia
2255 603 2448 660 Christi
2474 645 2491 671 ,
2523 603 2821 660 secundum
2863 621 3138 680 anagogen
3163 610 3351 666 civitas
3380 611 3475 672 Dei
3503 613 3591 670 illa
3622 630 3734 671 cce-

2147 693 2299 750 lestis
2329 711 2448 765 quae
2477 705 2562 751 est
2603 706 2773 752 mater
2813 700 3052 756 omnium
3097 710 3386 770 nostrum;
3433 707 3730 765 secundum

2145 787 2500 857 tropologiam
2532 788 2706 841 anima
2741 787 2994 860 hominis,
3026 807 3143 862 quae.
3171 792 3480 864 frequenter
3504 799 3604 852 hoc
3635 815 3730 853 no-

2149 877 2296 931 mine
2325 887 2417 932 aut
2439 879 2766 948 increpatur,
2798 891 2888 936 aut
2919 881 3165 940 laudatur
3193 901 3222 938 a
3252 884 3498 942 Domino.
3546 889 3619 946 De
3648 890 3732 948 his

2145 980 2374 1040 quatuor
2424 969 2924 1040 interpretationutn
2984 973 3271 1044 generibus
3321 975 3613 1046 Apostolus
3655 981 3731 1036 ita

2146 1061 2280 1116 dicit
2310 1081 2322 1114 :
2357 1059 2514 1116 Nunc
2549 1073 2718 1118 autem
2742 1108 2754 1132 ,
2793 1065 3010 1137 fratres,
3048 1067 3092 1120 si
3118 1084 3300 1122 venero
3329 1069 3397 1123 ad
3427 1086 3513 1126 vos
3543 1073 3730 1144 linguis

2147 1155 2355 1228 loquens
2383 1198 2395 1220 ,
2426 1159 2552 1228 quid
2575 1159 2711 1212 vobis
2740 1160 2955 1223 prodere
2980 1202 2993 1222 ,
3025 1161 3124 1213 nisi
3148 1161 3283 1215 vobis
3313 1163 3527 1231 loquar,
3568 1178 3654 1218 aut
3679 1168 3732 1222 in

2145 1248 2456 1301 reuelatione
2478 1289 2490 1312 ,
2541 1259 2628 1300 aut
2661 1250 2712 1302 in
2735 1250 2946 1304 scientia
2971 1290 2986 1317 ,
3029 1261 3117 1304 aut
3146 1253 3198 1304 in
3224 1256 3492 1324 praphetia
3517 1296 3534 1320 ,
3563 1267 3650 1310 aut
3677 1259 3733 1312 in

2147 1336 2383 1391 doctrina
2413 1336 2481 1408 (ll
2503 1336 2623 1393 Cor.
2655 1339 2812 1407 xxv)?
2859 1349 2882 1378 ο
2939 1341 3216 1396 ltchlatio
3247 1358 3478 1415 namque
3506 1346 3570 1399 ad
3601 1349 3734 1401 alle-

2146 1431 2352 1500 goriant
2398 1431 2671 1500 pertinet,
2718 1447 2814 1502 per
2855 1449 3013 1499 quam
3055 1450 3117 1488 ea
3150 1450 3264 1503 qua:
3305 1437 3433 1507 tegit
3477 1438 3731 1494 historica

2148 1523 2387 1576 narratio
2430 1524 2691 1591 Spirituali
2736 1537 2894 1577 sensu
2927 1533 2977 1580 et
3019 1526 3357 1594 expositione
3399 1539 3730 1596 reserantur,

2148 1622 2206 1666 ut
2226 1653 2242 1682 ,
2271 1613 2422 1668 verbi
2451 1616 2618 1684 gratia
2643 1656 2656 1680 ,
2701 1615 2742 1668 si
2777 1616 2904 1668 illud
2941 1622 3150 1686 aperire
3206 1626 3468 1673 tentetnus
3494 1665 3510 1690 ,
3541 1635 3729 1694 quem-

465 1727 516 1773 et
544 1717 838 1773 sacratiora
868 1713 1128 1769 caelorum
1156 1719 1365 1766 secreta
1392 1707 1787 1773 conscendens,
1818 1709 1884 1762 ab
1908 1708 2045 1777 Apo-
2073 1719 2122 1782 Β
2149 1705 2438 1760 admodum
2481 1715 2648 1774 patres
2693 1708 2856 1760 nostri
2903 1723 3075 1761 omnes
3114 1710 3205 1762 sub
3244 1711 3374 1763 nube
3415 1713 3602 1780 fuerint
3632 1758 3645 1782 ,
3686 1722 3733 1766 et

465 1809 604 1863 stola
635 1808 704 1860 ita
731 1806 1046 1876 subjicitur:
1072 1803 1198 1870 Quae
1224 1811 1391 1856 autem
1418 1818 1623 1856 sursum
1640 1811 1712 1855 est
1733 1800 2042 1866 Jerusalem,

467 1899 624 1953 libera
657 1905 751 1962 est,
774 1911 890 1966 quae
921 1904 992 1948 est
1034 1903 1195 1946 mater
1236 1901 1422 1946 noslra.
1475 1891 1737 1960 Scriptum
1772 1903 1842 1946 est
1871 1893 2046 1946 enim:

464 1989 664 2044 Ltetare
692 1986 903 2054 sterilis,
934 2003 1047 2055 qua:
1070 2001 1172 2038 non
1203 1985 1374 2056 paris;
1404 2000 1608 2053 erumpe
1638 1995 1683 2038 et
1711 1983 1902 2051 clama,
1932 2000 2048 2053 qua:

466 2101 565 2138 non
598 2083 860 2151 parturis;
888 2082 1005 2152 quia
1029 2078 1180 2133 multi
1210 2079 1309 2147 ﬁlii
1335 2079 1547 2133 deserta:
1573 2079 1732 2150 magis
1751 2095 1906 2150 quam
1933 2083 2048 2150 ejus

463 2192 576 2244 qua:
605 2173 753 2229 habet
779 2176 941 2228 virum
987 2171 1195 2243 (Ibid).
1242 2171 1562 2242 TrOpologia
1592 2182 1674 2225 est
1703 2173 1922 2227 moralis
1945 2188 2047 2227 ex-

466 2271 739 2341 planatio,
790 2267 856 2322 ad
894 2265 1326 2322 emendationem
1373 2264 1498 2318 vitae
1540 2271 1596 2317 et
1639 2264 2044 2318 instruetionem

467 2361 744 2432 pertinens
773 2359 1037 2412 actualem
1059 2400 1073 2424 ,
1106 2355 1254 2410 velut
1284 2353 1333 2409 si
1363 2353 1478 2410 haec
1503 2353 1689 2409 eadem
1724 2353 1829 2410 duo
1859 2353 2052 2409 Testa-

467 2462 643 2507 menta
688 2451 1044 2520 intelligamus
1088 2448 1361 2518 practicen
1409 2456 1466 2502 et
1506 2447 1837 2502 theoreticen
1885 2447 2046 2502 disci-

466 2545 665 2614 plinam
689 2560 702 2608 ;
733 2543 813 2597 vel
841 2550 989 2597 certe
1012 2541 1057 2594 si
1080 2539 1379 2594 Jerusalem
1410 2546 1503 2592 aut
1527 2538 1656 2592 Sion
1684 2539 1913 2592 animam
1944 2538 2046 2592 ho—

467 2637 628 2691 minis
656 2633 881 2689 velimus
907 2632 1173 2701 accipere,
1206 2630 1499 2685 secundum
1530 2630 1682 2697 illud,
1716 2629 1927 2700 Lauda,
1959 2629 2047 2683 Je-

467 2729 708 2792 rusalem,
735 2725 1008 2778 Dominum
1025 2739 1046 2789 ;
1092 2722 1249 2776 lauda
1280 2721 1447 2776 Deum
1476 2731 1641 2790 tuum,
1667 2722 1796 2778 Sion
1821 2721 2047 2791 (Psalm.

467 2818 693 2876 curn).
735 2815 900 2887 Igitur
928 2813 1198 2886 praedictae
1228 2824 1459 2887 quatuor
1487 2816 1670 2886 ﬁgurae
1699 2816 1751 2870 in
1778 2831 1944 2870 unum
1973 2817 2047 2872 ita

2149 1817 2324 1856 omnes
2351 1802 2407 1854 in
2449 1799 2592 1855 Mose
2631 1800 2877 1870 baptizati
2913 1802 3016 1854 sint
3058 1802 3108 1856 in
3155 1803 3286 1857 nube
3323 1812 3370 1856 et
3409 1805 3463 1856 in
3503 1805 3654 1866 mari,
3684 1815 3732 1857 et

2149 1891 2603 1961 quemadmodum
2629 1909 2802 1950 omnes
2825 1893 3053 1950 eamdem
3083 1910 3249 1952 escam
3281 1895 3564 1970 spiritalem
3591 1914 3732 1953 inan-

2149 1986 2467 2056 ducaverint,
2497 1998 2544 2041 et
2571 1990 2806 2042 eumdem
2835 1989 3117 2061 spiritalem
3146 1989 3210 2042 de
3237 1993 3560 2062 consequenti
3591 2003 3730 2061 petra

2153 2077 2361 2134 biberint
2395 2089 2606 2151 potum;
2653 2089 2800 2148 petra
2825 2091 2995 2133 autem
3020 2089 3127 2134 erat
3154 2077 3389 2135 Christus
3429 2081 3474 2154 (Ι
3499 2082 3614 2135 Cor.
3637 2083 3722 2151 x);

2153 2186 2274 2241 quae
2303 2173 2571 2242 expositio
2617 2171 3033 2242 praeﬁgurationi
3082 2173 3325 2244 corporis
3365 2183 3419 2228 et
3461 2175 3730 2244 sanguinis

2159 2260 2381 2326 Christi,
2415 2277 2572 2330 quem
2601 2261 2835 2332 quotidie
2861 2263 3149 2326 sumimus,
3177 2273 3501 2332 comparata,
3534 2265 3730 2335 allego-

2152 2353 2247 2408 riae
2275 2354 2521 2409 continet
2567 2355 2849 2408 rationem.
2898 2352 3136 2408 Scientia
3175 2370 3302 2409 vero
3331 2370 3448 2428 qua:
3485 2356 3731 2410 similiter

2153 2444 2222 2498 ab
2243 2445 2502 2513 Aposlolu
2526 2453 2876 2508 memoratur,
2904 2446 3197 2519 tropologia
3224 2457 3324 2515 est,
3351 2461 3451 2516 qua
3479 2447 3725 2500 universa

2153 2554 2272 2608 qua:
2300 2537 2366 2591 ad
2395 2537 2778 2592 discretionem
2811 2540 3076 2608 pertinent
3105 2541 3384 2604 actualetn,
3414 2550 3586 2593 utrum
3618 2539 3722 2592 uti-

2154 2632 2222 2685 lia
2253 2632 2338 2685 vel
2363 2631 2588 2686 honesta
2616 2633 2741 2699 sint,
2772 2631 3022 2702 prudenti
3053 2634 3444 2689 examinatione
3463 2633 3722 2686 discerni-

2156 2739 2278 2779 mus
2301 2767 2314 2792 ,
2362 2734 2415 2778 ut
2441 2736 2522 2778 est
2553 2724 2680 2779 illud
2713 2742 2728 2780 :
2758 2725 2891 2781 Cum
2928 2727 3069 2796 apud
3110 2727 3466 2800 nosmetipsos
3493 2726 3729 2798 judicare

2155 2820 2497 2890 przecipimur
2515 2860 2529 2886 ,
2563 2827 2743 2874 utrum
2771 2818 2945 2877 deceat
2965 2820 3231 2880 mulierem
3253 2838 3358 2877 non
3381 2821 3544 2877 velato
3571 2819 3731 2889 capite

1527 2969 1784 3025 ALARDI
1819 2969 2055 3026 GAZEI
2095 2969 2662 3032 COMMENTARIUS.
2710 3026 2712 3028 ,

470 3090 854 3158 cogitationibus
883 3131 897 3152 ,
937 3097 986 3142 et
1020 3087 1236 3142 scientia
1279 3084 1458 3156 (Prov.
1489 3085 1641 3155 nn).
1691 3085 1868 3140 LXX:
1902 3087 1967 3140 Et
1994 3098 2050 3141 tu
2076 3089 2122 3152 Ω

470 3157 637 3218 autem
682 3160 904 3215 exscribe
947 3175 1006 3213 ea
1056 3160 1146 3212 tibi
1190 3159 1288 3229 ipsi
1316 3157 1582 3225 tripliciter
1617 3159 1671 3210 in
1700 3158 1971 3210 consilium
2002 3170 2051 3213 et

469 3234 849 3306 cogitationem.
879 3229 1128 3306 Chaldafa
1163 3247 1173 3282 :
1212 3229 1273 3282 Et
1299 3245 1440 3306 ecce,
1468 3229 1855 3306 ea.scrip_s_i_libi
1883 3231 1936 3282 in
1959 3232 2052 3282 tri-

471 3299 562 3358 bus
591 3304 802 3367 vicibus,
837 3303 884 3354 in
915 3300 1142 3353 consiliis
1183 3309 1230 3354 et
1253 3300 1484 3353 scientia.
1508 3299 1647 3369 iDivA.
1690 3299 2050 3369 Hieronymus

473 3377 525 3431 in
557 3374 775 3445 epistola
805 3373 867 3425 ad
898 3371 1174 3445 Hedibiatn
1201 3380 1436 3445 ,_qu:est.
1465 3368 1572 3445 12;
1609 3367 1942 3445 Principitur,
1967 3371 2052 3445 in-

469 3440 606 3516 quit,
641 3444 915 3516 Salomone
947 3441 1142 3516 dicente
1173 3457 1188 3493 :
1222 3440 1296 3516 Tu
1327 3448 1496 3495 autem
1524 3442 1748 3516 describe
1781 3457 1842 3493 ea
1881 3444 2051 3510 tripli-

473 3512 595 3570 cilcr
626 3517 677 3567 in
701 3515 914 3568 consilio
935 3555 950 3577 ,
991 3523 1037 3568 et
1067 3513 1277 3565 scientia
1305 3553 1318 3574 ,
1359 3520 1411 3564 ut
1451 3512 1762 3579 respondeas
1792 3527 2052 3568 sermones

471 3586 698 3642 veritatis
741 3585 919 3655 iisﬂqui
949 3593 1238 3655 proponunt
1273 3583 1379 3636 tibi.
1424 3582 1553 3655 Quae
1584 3584 1747 3655 verba
1778 3583 1854 3636 sic
1887 3583 2052 3636 inter-

510 3666 713 3712 retatnr
743 3672 756 3708 :
785 3653 996 3724 Triplex
1021 3655 1074 3706 in
1105 3653 1257 3707 corde
1298 3663 1469 3706 nostra
1501 3653 1770 3718 descriptio
1797 3663 1842 3706 et
1872 3655 2051 3724 regula

518 3731 859 3792 criplurarum
903 3737 976 3779 est
1019 3740 1036 3777 :
1080 3726 1245 3791 prima
1284 3733 1338 3776 ut
1383 3725 1723 3793 intelligamus
1771 3741 1853 3777 eas
1891 3727 2051 3794 juxta

472 3801 759 3860 historiam,
785 3797 1007 3851 secunda
1037 3795 1190 3866 juxta
1212 3794 1555 3867 trapologiam
1576 3835 1591 3858 ,
1621 3796 1768 3848 tertia
1783 3799 1942 3866 juxta
1971 3797 2051 3848 in-

473 3870 803 3940 telligentiam
832 3864 1168 3940 spiritualem.
1201 3864 1264 3918 In
1288 3864 1498 3940 historia
1525 3882 1698 3940 eorum
1727 3864 1841 3940 qua:
1861 3867 2051 3936 scripta

471 3935 748 3996 suntvordo
779 3951 1028 3994 servatur.
1061 3935 1126 3988 In
1154 3938 1441 4006 trapologia
1464 3936 1527 3990 de
1557 3937 1724 3989 littera
1755 3937 1821 3990 ad
1849 3935 2050 4007 majora

473 4013 824 4080 consurgimus
847 4051 860 4072 ,
891 4020 936 4064 et
968 4007 1217 4078 quidquid
1265 4009 1314 4080 in
1356 4008 1515 4074 priori
1554 4007 1744 4080 papula
1772 4006 2050 4080 carnaliter

474 4076 674 4154 factum
694 4091 792 4142 est,
814 4085 966 4152 juxta
1001 4076 1241 4154 moralem
1267 4076 1660 4154 interpretantur
1686 4076 1878 4154 locum,
1911 4087 1956 4154 et
1981 4077 2050 4154 ad

476 4147 664 4205 anima:
696 4147 890 4228 ιιοιςιὶᾳῑΔ
914 4150 1248 4228 emolumenta
1277 4149 1631 4200 cont'ertimus.
1667 4147 1768 4228 ,ιη’
1795 4149 2050 4228 spirituali

472 4225 656 4295 Θεωρίᾳ
686 4224 752 4272 ad
778 4221 1073 4295 sublimiora
1103 4223 1395 4295 transimus,
1414 4229 1620 4295 terrena
1645 4219 1967 4286 dimittimus,
1988 4219 2051 4272 de

501 4281 764 4345 ‘utirrdrum
815 4288 1119 4358 beatintdine
1164 4297 1208 4339 et
1237 4289 1517 4342 cwlestibus
1561 4289 1912 4358 disputamus,
1940 4281 2047 4344 etc.

524 4373 540 4416 t
571 4363 620 4414 in
653 4373 770 4428 cap.
808 4374 894 4414 xvr
946 4357 1279 4428 Ezechielis:
1313 4358 1532 4412 Jubetur
1571 4360 1715 4412 nobis
1755 4371 1809 4412 ut
1847 4361 2051 4428 eloquia

473 4427 735 4496 veritatis,
770 4431 822 4483 id
849 4436 942 4492 est,
978 4427 1270 4501 Scripturas
1289 4439 1490 4484 sanctas
1519 4429 1862 4501 intelligamus
1884 4431 2048 4501 tripli-

472 4505 594 4558 citer
619 4519 636 4556 :
659 4488 875 4572 primum
888 4488 1042 4572 juata
1066 4488 1306 4572 litteram,
1331 4502 1556 4554 secundo
1582 4488 1745 4555 medie
1767 4518 1854 4572 per
1875 4488 2047 4571 tropo-

474 4572 696 4656 logiarn;
725 4571 872 4656 tertiq
891 4569 1193 4656 sublimius,‘
1211 4582 1263 4625 ut
1295 4573 1506 4656 mystica
1532 4588 1744 4652 quicque
1767 4569 2052 4656 cognosca-

472 4641 606 4697 ntus.
634 4642 836 4695 Rursus
861 4643 910 4694 in
939 4655 1059 4709 cap.
1082 4655 1135 4694 ιν
1163 4641 1368 4696 Amos}
1396 4641 1667 4702 Debemus,
1692 4645 1786 4706 ait,
1815 4641 2051 4711 Scriptu-

471 4731 583 4770 ram
630 4727 828 4766 sacram
867 4713 1083 4782 primum
1130 4713 1407 4766 secundum
1456 4713 1677 4782 litteram
1742 4713 2047 4782 intelligere,

470 4786 716 4856 facientes
756 4785 810 4836 in
849 4781 1012 4857 ethica
1045 4781 1124 4854 [Id
1153 4784 1336 4857 est,_in
1365 4781 1536 4857 proavi]
1559 4781 2050 4857 quwcamqne‘prte-

470 4853 616 4928 cepta
635 4863 752 4928 sunt
773 4871 791 4921 ;
815 4854 1037 4928 secundo
1050 4853 1203 4928 juxta
1223 4855 1546 4928 allegoriam,
1571 4854 1622 4906 id
1645 4864 1735 4914 cst,
1761 4853 2053 4928 intelligen-

470 4923 593 4982 litim
623 4927 971 4998 spiritualem;
996 4923 1165 4998 _tertio
1194 4923 1467 4981 secundum
1494 4928 1784 4998 futurorum
1829 4923 2050 4998 beatitu-

472 4994 660 5052 dinem.
702 4997 967 5052 Hactenus
995 4995 1058 5049 D.
1092 4995 1469 5062 Hieronymus.
1516 4994 1596 5048 Ex
1625 4996 1818 5062 quibus
1850 4994 2046 5048 intelli-

471 5072 644 5141 gimus
666 5067 1058 5141 distinctionem
1091 5065 1237 5120 illam
1267 5064 1627 5141 Spiritualium
1656 5079 2045 5141 sensutnanon

468 5133 682 5206 semper
715 5155 742 5190 a
773 5137 1023 5192 Patribus
1046 5133 1625 5206 accurate’observari,
1656 5143 1745 5188 aut
1778 5133 2047 5206 praedictis

471 5205 752 5262 vocabulis
779 5206 1037 5274 exprimi,
1062 5217 1121 5262 ut
1153 5207 1357 5261 notavit
1384 5205 1532 5260 card.
1565 5205 1917 5259 Bellartninus
1947 5205 2043 5260 lib.

467 5294 523 5336 ιιι
551 5279 618 5348 de
648 5279 810 5334 verbo
840 5278 932 5331 Dei
964 5291 1082 5345 cap.
1113 5279 1164 5330 5.
1197 5276 1324 5330 Nam
1355 5277 1710 5348 Hieronymus
1733 5277 1850 5348 loco
1877 5276 2045 5329 citato

467 5350 532 5403 ad
568 5347 843 5403 l‘ledibiam
873 5350 1085 5401 nomine
1110 5347 1421 5416 trapologici
1449 5346 1857 5415 comprehendit
1881 5347 2044 5401 etiam

467 5420 841 5488 allegoricum,
875 5427 928 5472 et
957 5433 991 5488 ei
1016 5421 1290 5488 contrario
1322 5423 1373 5471 in
1398 5431 1516 5484 cap.
1546 5431 1601 5470 iv
1630 5418 2045 5488 Amos__nomine

465 5485 737 5556 allegorici
759 5485 1162 5557 comprehendit
1194 5489 1602 5559 tropologicum.
1625 5487 1687 5541 At
1715 5489 1764 5540 in
1789 5486 2049 5541 Ezechie-

465 5559 572 5615 lem
601 5561 700 5612 sub
731 5559 882 5610 tertia
914 5561 1113 5626 specie,
1146 5575 1305 5626 quam
1335 5565 1489 5610 vocat
1513 5559 1776 5612 sublimem
1813 5571 2045 5610 sacram-

465 5642 562 5695 qua
577 5627 1007 5703 intelligentiam,
1029 5630 1438 5696 comprehendit
1465 5630 1807 5699 allegoricum
1835 5636 1888 5682 et
1912 5642 2044 5683 ana-

467 5706 736 5759 gugtcutu.

2076 4474 2130 4535 D

2227 3098 2252 3126 ι
2292 3090 2535 3159 Quatuor
2567 3107 2757 3147 sensus
2789 3093 2840 3147 in
2874 3093 2972 3147 hac
3003 3093 3244 3162 Apostoli
3282 3095 3550 3148 sententia
3583 3113 3733 3164 repe—

2155 3162 2396 3235 riuntur;
2429 3164 2713 3218 historicus
2741 3166 2793 3219 in
2818 3165 2900 3218 his
2919 3166 3099 3219 verbis
3127 3180 3142 3219 :
3170 3164 3429 3218 Abraham
3453 3167 3581 3220 duos
3603 3162 3732 3235 ﬁlios

2154 3233 2368 3296 habuit;
2397 3235 2715 3301 allegoricus
2743 3236 2795 3289 in
2824 3235 2906 3290 his
2932 3253 2943 3286 :
2972 3235 3100 3299 Quae
3119 3245 3238 3288 sunt
3260 3237 3362 3290 duo
3390 3233 3728 3304 Testamenta,

2151 3312 2290 3369 etc.;
2342 3307 2700 3376 tropologicns
2733 3304 3050 3376 :Quomodo
3095 3316 3212 3357 tunc
3247 3308 3290 3359 is
3329 3315 3418 3375 qui
3459 3311 3733 3363 secundum

2152 3391 2376 3438 carnem,
2403 3375 2539 3439 etc.;
2562 3375 2878 3446 anagogicns
2905 3376 3136 3441 denique
3161 3375 3214 3428 in
3239 3375 3340 3430 illis
3368 3396 3381 3429 :
3407 3376 3514 3432 Illa
3541 3391 3728 3446 autem,

2151 3461 2265 3514 qua:
2291 3462 2490 3501 sursum
2521 3455 2596 3498 est
2631 3443 2934 3514 Jerusalem,
2966 3453 3072 3497 etc.

2224 3513 2250 3553 δ
2291 3516 2444 3584 Aliud
2487 3513 2788 3581 exotnplutn
2838 3523 3070 3584 quatuor
3118 3512 3343 3568 istorum
3383 3529 3640 3570 sensuum
3675 3521 3730 3574 in

2153 3601 2258 3638 uno
2287 3582 2582 3640 Jerusalem
2617 3584 2894 3638 vocabulo.
2935 3582 3174 3652 Quatuor
3204 3584 3346 3639 enim
3379 3586 3550 3640 modis
3577 3594 3723 3641 acci-

2154 3655 2294 3726 pitur
2319 3655 2612 3709 Jerusalem
2663 3656 2715 3708 in
2743 3653 3044 3726 Scripturis
3075 3671 3089 3708 :
3127 3655 3183 3708 1°
3217 3655 3468 3710 historice
3506 3671 3601 3724 pro
3633 3658 3725 3712 illa

2153 3723 2285 3782 urbe
2309 3727 2616 3782 Iudaeorum
2648 3723 2946 3793 notissima,
2968 3725 3027 3780 9.“
3052 3727 3334 3794 allegorice
3363 3741 3462 3793 pro
3481 3723 3729 3784 Ecclesia

2152 3797 2436 3864 catholica,
2470 3797 2525 3870 δέ
2555 3798 2888 3870 tropologice
2915 3813 3010 3865 pro
3037 3797 3207 3870 animo
3240 3795 3404 3870 fideli,
3436 3795 3492 3852 4°
3525 3814 3732 3870 anagn-

2151 3871 2271 3938 gice
2305 3886 2397 3936 pro
2429 3868 2682 3923 t‘elic'ttate
2712 3881 2910 3938 aeterna
2948 3882 3042 3924 seu
3077 3867 3306 3938 Ecclesia
3338 3867 3727 3938 triumphante.

2151 3939 2226 3992 lta
2257 3941 2366 3992 div.
2399 3941 2751 4010 Hieronymus
2779 3937 2869 4005 (In
2894 3955 3010 4009 cap.
3030 3955 3158 4010 nux
3188 3937 3361 4002 Isaia,
3393 3950 3437 3992 et
3459 3941 3512 3994 in
3543 3937 3729 3996 Eaech.

2152 4025 2271 4078 cap.
2302 4013 2420 4075 xvi)
2448 4026 2564 4064 eatn
2602 4008 2794 4064 vocent
2828 4008 3206 4078 quadrifariam
3251 4010 3653 4077 interpretatur,
3679 4022 3731 4066 et

2147 4081 2302 4151 juxta
2373 4082 2516 4134 hunc
2563 4081 2966 4151 quadruplicem
3027 4082 3496 4151 sensutnheitponi
3557 4091 3732 4151 potest

2157 4147 2393 4220 pSaIinus
2421 4147 2602 4204 exuit
2634 4148 2889 4220 :riLauda,‘
2916 4147 3226 4220 Jerusalem,
3256 4149 3548 4204 Dominum.

2229 4231 2249 4258 ε
2291 4221 2471 4292 Aliter
2509 4220 2616 4292 div.
2662 4219 3055 4292 Thomashagc
3102 4233 3326 4288 qualum
3371 4222 3646 4292 distinguit
3679 4233 3730 4277 et

2153 4291 2394 4360 eXpIicat
2419 4288 2508 4358 (In
2529 4289 2930 4360 Commentario)
2957 4309 2970 4342 ί
2999 4290 3286 4344 “lustratio
3315 4295 3514 4351 mentis,
3540 4288 3727 4360 inquit,

2152 4363 2220 4416 ad
2235 4358 2652 4433 cognoscendum
2692 4358 2766 4412 vel
2794 4370 2866 4413 est
2903 4358 2964 4414 de
2997 4362 3183 4433 divinis
3209 4405 3223 4430 ,
3256 4373 3301 4414 et
3329 4361 3441 4418 htec
3460 4358 3729 4418 illustratio

2158 4431 2367 4504 pertinet
2389 4433 2454 4484 ad
2481 4431 2675 4485 donum
2693 4433 2976 4504 sapientiae.
3008 4432 3305 4504 Divinarum
3336 4435 3467 4504 enim
3495 4447 3564 4487 est
3590 4449 3727 4504 reve-

2155 4500 2302 4568 latio,
2329 4504 2451 4572 quia
2476 4518 2588 4570 gate
2611 4512 2730 4557 sunt
2755 4500 2854 4555 'Dei
2875 4519 3019 4572 nemo
3051 4505 3210 4568 novit,
3232 4503 3330 4558 nisi
3356 4503 3572 4572 Spiritus
3598 4500 3716 4565 Dei,

2154 4576 2174 4630 ι
2202 4571 2431 4628 Corinth.
2458 4588 2533 4638 ιιι
2565 4584 2611 4626 et
2636 4574 2752 4626 ideo
2780 4574 2942 4626 dicit:
2977 4571 3044 4627 In
3061 4573 3388 4636 reuelatione,
3413 4589 3508 4641 qua
3536 4573 3719 4627 scilicet

2154 4662 2295 4700 meus
2323 4646 2644 4698 illuminatur
2671 4643 2740 4696 ad
2772 4646 3179 4714 cognoscendum
3205 4645 3397 4700 diuina.
3443 4643 3534 4697 Vel
3556 4653 3629 4697 est
3659 4645 3724 4698 de

2154 4717 2365 4769 terrenis
2389 4755 2402 4775 .
2437 4727 2483 4766 et
2517 4730 2618 4767 non
2644 4716 2710 4768 de
2737 4715 3164 4784 quibuscumque.
3192 4715 3280 4769 sed
3309 4715 3374 4770 de
3402 4715 3506 4769 illis
3534 4724 3728 4768 tantum

2153 4801 2267 4854 quae
2287 4795 2405 4838 sunt
2431 4785 2498 4838 ad
2525 4784 2916 4855 wdi/icatiunem
2937 4785 3084 4855 ﬁdei1
3102 4796 3149 4838 et
3165 4785 3258 4840 hac
3286 4787 3500 4855 pertinet
3529 4785 3595 4839 ad
3627 4784 3723 4838 do-

2154 4853 2277 4915 num
2313 4856 2577 4916 scientiae;
2622 4863 2668 4909 et
2708 4857 2822 4909 ideo
2848 4854 2972 4910 dicit
3006 4872 3024 4909 :
3054 4853 3120 4908 In
3146 4853 3374 4917 scientia,
3407 4873 3507 4909 non
3533 4872 3729 4917 geome-

2156 4925 2288 4992 trias,
2319 4942 2408 4978 nec
2429 4924 2723 4994 astrologia:
2741 4966 2756 4990 ,
2787 4927 2906 4994 quia
2938 4925 3043 4981 hate
3075 4942 3176 4980 non
3201 4927 3450 4994 pertinent
3477 4924 3546 4980 ad
3564 4927 3728 4994 (ediﬁ-

2154 4999 2399 5067 cationrm
2424 4997 2560 5067 ﬁdei,
2586 4996 2671 5050 sed
2694 4997 2744 5067 in
2767 4997 2976 5050 scientia
3000 5011 3118 5067 qum
3143 5009 3219 5051 cst
3243 5009 3555 5052 sanctorum.
3594 4997 3722 5064 Sap.

2153 5082 2185 5120 κ
2217 5084 2229 5119 :
2266 5065 2515 5120 Dedit'illi
2540 5066 2808 5120 scientiam
2828 5065 3136 5122 sanctarum.
3176 5067 3269 5122 Vel
3292 5077 3363 5120 est
3385 5068 3449 5122 de
3470 5067 3727 5122 eventibus

2152 5140 2448 5217 [murorum
2470 5182 2492 5217 ,Δ
2513 5147 2559 5191 et
2587 5137 2686 5217 hoc
2726 5137 2935 5217 pertinet
2975 5135 3044 5191 ad
3074 5136 3596 5217 donummrophetite
3617 5177 3634 5203 ,
3658 5146 3724 5217 _et

2151 5207 2269 5278 ideo
2289 5207 2434 5278 dicit,
2460 5211 2558 5260 Aut
2580 5209 2632 5261 in
2659 5208 2956 5278 prophetia;
2977 5224 3086 5275 qua:
3110 5210 3185 5263 sic
3204 5208 3447 5275 deﬁnitur
3466 5225 3499 5262 a
3524 5207 3727 5264 Cassio-

2152 5277 2278 5350 doro
2309 5275 2396 5350 (In
2420 5279 2630 5350 prologo
2652 5275 2800 5348 super
2825 5276 3066 5350 Psalmis,
3089 5293 3204 5350 cap.
3230 5283 3283 5345 l)
3313 5297 3326 5330 :
3351 5278 3631 5350 Prophetia
3653 5289 3727 5332 est

2153 5348 2327 5399 divina
2367 5347 2633 5418 inspiratio
2680 5347 2852 5400 rerum
2895 5347 3182 5418 futurarum
3228 5347 3473 5404 immobili
3519 5351 3727 5404 veritate

2150 5418 2476 5492 denuntians.
2499 5418 2603 5492 ,νει
2621 5429 2694 5471 est
2721 5419 2790 5492 de
2813 5419 3021 5492 agendis
3043 5419 3338 5492 moralibus,
3368 5431 3416 5474 et
3447 5421 3538 5474 hoc
3567 5420 3724 5492 perti-

2149 5498 2233 5542 net
2254 5489 2320 5540 ad
2347 5489 2666 5553 doctrinam;
2699 5499 2743 5540 et
2775 5490 2886 5542 ideo
2913 5491 3054 5552 dicit,
3081 5491 3178 5542 Aut
3201 5492 3255 5545 in
3283 5491 3540 5545 doctrina.
3567 5489 3725 5546 Rom.

2151 5573 2222 5628 itu
2258 5574 2272 5612 :
2302 5556 2401 5622 Qui
2423 5559 2567 5612 docet
2590 5560 2642 5611 in
2669 5560 2936 5628 doctrina;
2956 5570 3006 5614 et
3033 5558 3280 5618 Prorerb.
3305 5576 3402 5618 ιω
3430 5577 3452 5624 '.
3477 5559 3741 5618 υοσινίιιο

2151 5627 2284 5682 bona
2309 5628 2451 5682 dabit
2474 5629 2710 5698 gratiam.
