4014 6200
166 226 305 295 .965

1093 228 1433 285 COLLATIO
1471 228 1609 285 XIV.
1644 260 1714 271 —
1743 230 1831 287 DE
1870 230 2208 289 SPIRITALI
2248 233 2579 293 SCIENTIA.

3388 251 3499 311 966

169 357 341 397 orare
376 337 550 397 Deum
585 339 632 412 (1
656 337 778 395 Cor.
807 338 913 409 xt).
955 338 1086 407 Quae
1129 340 1269 394 ratio
1290 382 1305 408 ,
1347 348 1406 393 ut
1442 340 1644 395 dictum
1682 351 1788 409 est,
1816 347 1870 408 Α
1895 343 2057 399 etiam
2090 345 2153 400 ad
2184 344 2328 401 illam
2355 346 2421 402 de
2447 364 2551 417 qua
2582 349 2805 419 angelus
2833 351 2900 406 ad
2942 353 3210 411 Danielem
3241 361 3313 414 ait
3366 379 3491 430 per.

168 433 453 491 moralem
483 432 728 488 continet
755 431 1109 487 intellectum.
1134 431 1265 486 Item
1294 431 1601 502 prephetia,
1627 448 1789 503 quam

170 527 358 582 tertio
410 525 703 596 Apostolus
752 525 935 580 intulit
980 524 1103 579 loco
1128 565 1144 591 ,
1176 539 1453 595 anagogen
1485 535 1663 593 sonat,
1696 541 1791 596 per

171 635 353 690 quam
389 619 456 674 ad
490 618 785 674 invisibilia
815 634 880 674 ac
908 617 1086 673 futura
1133 633 1315 674 sermo
1352 618 1703 689 transfertur,
1733 630 1792 675 ut

171 722 268 769 est
305 712 439 767 illud
475 731 488 765 :
524 711 782 766 Nolumus
823 721 997 767 autem
1036 727 1124 766 vos
1151 713 1391 782 ignorare
1414 755 1429 780 ,
1476 717 1661 784 fratres
1684 756 1699 780 ,
1728 713 1793 768 de

172 806 592 869 dormientibus,
628 815 683 860 ut
712 823 814 861 non
839 808 1217 861 contristemini
1234 850 1248 874 ,
1276 808 1408 862 sicut
1436 817 1483 861 et
1509 812 1677 864 caeteri
1704 820 1795 885 qui

173 914 333 968 spem
357 913 457 951 non
481 896 687 950 habent.
713 895 775 952 Si
797 896 935 950 enim
956 896 1210 950 credimus
1234 898 1375 968 quod
1397 894 1636 953 Christus
1661 918 1795 955 νηοῖο

178 997 310 1041 tuus
343 999 416 1041 est
448 996 493 1041 et
515 988 818 1052 resurrexit,
854 987 930 1041 ita
965 1000 1011 1041 et
1042 986 1185 1041 Deus
1216 1004 1299 1042 eos
1332 990 1421 1057 qui
1456 991 1792 1059 dormierunt,

179 1095 282 1151 per
310 1077 486 1133 Jesum
511 1079 724 1132 adducet
754 1094 871 1132 cum
904 1094 986 1133 eo.
1037 1078 1151 1133 Hoc
1183 1080 1315 1133 enim
1337 1082 1476 1135 vobis
1499 1084 1715 1138 dicimus
1741 1085 1795 1139 in

180 1174 343 1225 verba
369 1170 599 1234 Domini,
622 1171 740 1239 quia
770 1186 862 1224 nos
884 1170 974 1240 qui
1002 1171 1241 1238 vivimus,
1262 1173 1351 1243 qui
1372 1174 1568 1228 residui
1595 1192 1791 1241 sumus,

182 1265 245 1318 in
270 1264 492 1318 adventu
510 1262 717 1316 Domini
734 1279 835 1317 non
856 1264 1221 1335 prwveniemus
1253 1281 1339 1318 eos
1366 1267 1453 1335 qui
1474 1266 1794 1321 dormierunt

184 1358 441 1423 quoniam
470 1357 579 1425 ipse
602 1352 856 1410 Dominus
897 1357 950 1409 in
978 1359 1136 1428 jussu
1166 1358 1292 1411 etin
1323 1374 1445 1412 voce
1472 1360 1790 1431 archangeli,

185 1462 239 1505 et
277 1452 330 1504 in
362 1449 482 1503 tuba
516 1448 612 1502 Dei
652 1448 918 1502 descendet
964 1449 1029 1503 de
1063 1450 1227 1513 calo;
1277 1458 1323 1503 et
1380 1454 1571 1505 mortui
1608 1452 1695 1521 qui
1739 1455 1793 1507 in

186 1542 396 1598 Christo
424 1551 567 1606 sunt,
588 1551 853 1613 resurgent
882 1544 1035 1613 primi
1063 1543 1105 1615 (l
1125 1542 1306 1598 Thess.
1330 1541 1429 1615 tv).
1459 1545 1572 1613 Qua
1595 1546 1790 1600 exhor-

186 1636 412 1690 tationis
438 1635 619 1705 specie
658 1649 929 1705 anagoges
971 1636 1136 1703 ﬁgura
1180 1636 1480 1706 praefertur.
1533 1638 1787 1693 Doctrina

1893 437 2079 492 venire
2117 438 2332 506 possitis
2373 457 2388 493 :
2442 439 2543 504 Qui
2580 451 2751 495 autem
2779 441 2916 495 docti
2942 444 3170 515 fuerint,
3211 448 3485 518 fulgebunt

1890 528 2024 581 sicut
2043 530 2284 599 splendor
2315 531 2623 596 ﬁrmamenti
2640 548 2661 599 ;
2690 542 2735 587 et
2764 533 2849 602 qui
2868 534 2937 587 ad
2954 534 3213 605 justitiam
3233 539 3481 595 erudiunt

1891 620 2099 690 multos,
2132 623 2277 692 quasi
2312 622 2477 678 stella:
2504 624 2557 678 in
2589 633 2858 694 perpetuas
2893 627 3199 683 teternitates
3245 628 3481 699 (Daniel.

1891 710 2024 782 xu);
2066 722 2113 766 et
2158 714 2208 767 in
2241 714 2345 767 alio
2374 716 2636 783 propheta
2671 733 2685 771 :
2724 725 2751 753 ι
2792 716 3098 773 Illuminate
3130 720 3267 774 vobis
3309 723 3481 777 lumen

1892 805 2120 858 scientiae
2166 806 2289 860 dum
2330 816 2528 877 tentpus
2567 818 2638 863 est
2682 808 2827 881 (Ose.
2858 812 2936 875 ι).
2987 812 3256 868 Tenentes
3302 815 3481 882 itaque

1892 895 2036 950 illam
2083 912 2239 966 quam
2272 898 2467 953 habere
2495 915 2589 953 vos
2616 903 2792 956 sentio
2831 902 3162 972 diligentiam
3205 905 3475 976 lectionis,

1894 989 2040 1042 omni
2064 988 2240 1043 studio
2260 990 2511 1046 festinate
2535 994 2823 1061 actualent,
2843 995 2894 1048 id
2916 1004 3021 1061 est,
3042 995 3295 1066 ethicam,
3315 1014 3475 1068 quam

1895 1079 2124 1149 primum
2165 1082 2230 1136 ad
2278 1083 2541 1152 integrum
2596 1088 3062 1155 comprehendere
3111 1090 3474 1161 disciplinam.

1895 1169 2111 1241 Absque
2150 1172 2250 1227 hac
2295 1191 2526 1245 namque
2576 1177 2667 1231 illa
2715 1193 2874 1247 quam
2921 1180 3153 1236 diximus
3183 1184 3476 1239 theoretica

1896 1266 2102 1335 puritas
2128 1282 2234 1322 non
2265 1277 2441 1337 potest
2467 1271 2820 1339 apprehendi,
2851 1289 3011 1343 quam
3042 1274 3097 1329 bi
3127 1286 3350 1343 tantum,
3384 1279 3476 1349 qui

1895 1372 2001 1411 non
2014 1358 2241 1413 aliorum
2256 1360 2563 1416 docentium
2578 1364 2774 1434 verbis,
2791 1365 2885 1420 sed
2910 1367 3244 1437 pr0priorum
3263 1378 3475 1426 actuum

1893 1451 2087 1505 virtute
2116 1452 2337 1521 perfecti
2370 1465 2515 1519 sunt,
2551 1466 2669 1525 post
2699 1459 2863 1513 multa
2893 1473 3205 1528 operumac
3231 1463 3475 1518 laborum

1894 1541 2190 1611 stipendia,
2230 1544 2339 1613 jam
2371 1548 2521 1612 quasi
2552 1547 2602 1600 in
2643 1550 2863 1614 praemio
2887 1562 3312 1621 consequuntur.
3360 1555 3475 1610 Non

1893 1636 2035 1690 enim
2057 1652 2085 1689 a
2106 1637 2454 1693 meditatione
2480 1640 2613 1709 legis
2645 1642 3071 1711 intelligentiam,
3095 1646 3189 1700 sed
3211 1646 3279 1701 de
3307 1647 3475 1702 fructu

188 1741 325 1783 vero
346 1727 643 1795 simplicem
666 1725 914 1781 historiae
937 1728 1293 1798 expositionis
1313 1728 1557 1785 ordinem
1583 1730 1785 1799 pandit,
1819 1726 1867 1786 B
1892 1730 2073 1799 Operis
2100 1731 2471 1799 acquirentes,
2502 1746 2624 1785 cum
2668 1733 3091 1804 Psalmograpbo
3138 1750 3338 1791 canunt
3385 1756 3396 1789 :
3433 1740 3476 1792 Α

186 1819 247 1874 in
278 1836 381 1888 qua
417 1819 600 1873 nullus
630 1820 891 1875 occultior
942 1820 1245 1876 intellectus
1271 1863 1286 1888 ,
1342 1822 1444 1877 nisi
1476 1824 1565 1894 qui
1612 1825 1791 1880 verbis

193 1920 459 1978 resonat,
502 1911 813 1966 continetur
838 1953 854 1978 ,
885 1913 1026 1967 sicut
1054 1922 1134 1968 est
1162 1913 1291 1968 illud
1333 1931 1347 1968 :
1391 1912 1614 1969 Tradidi
1656 1917 1791 1970 enim

188 2004 335 2057 vobis
362 2005 413 2056 in
443 2003 623 2073 primis
648 2004 787 2073 quod
817 2012 862 2058 et
893 2005 1065 2077 accepi
1083 2046 1099 2072 ,
1123 2006 1366 2075 quoniam
1392 2005 1627 2063 Christus
1653 2025 1792 2063 mor-

191 2103 315 2150 tuus
346 2106 420 2149 est
448 2112 542 2166 pro
575 2097 792 2165 peccatis
821 2098 1010 2151 nostris
1031 2139 1045 2164 ,
1078 2098 1360 2151 secundum
1392 2099 1709 2172 Scripturas,
1743 2112 1790 2155 et

188 2189 318 2259 quia
347 2189 578 2256 sepultus
603 2197 701 2255 est,
730 2199 775 2245 et
806 2191 925 2260 quia
957 2192 1240 2246 resurrexit
1268 2194 1417 2247 tertia
1442 2194 1552 2261 die,
1595 2204 1644 2247 et
1672 2195 1791 2263 quia

196 2282 339 2343 visus
365 2290 437 2343 est
463 2279 646 2351 Cephte
688 2282 731 2354 (Ι
761 2280 883 2339 Cor.
916 2283 1029 2354 xv).
1076 2284 1144 2340 Et
1174 2301 1188 2342 :
1224 2284 1369 2343 Misit
1416 2285 1553 2342 Deus
1591 2285 1641 2341 F
1645 2287 1790 2342 ilium

189 2390 349 2433 suum
375 2378 570 2444 factum
597 2391 661 2433 ea:
694 2375 940 2443 muliere,
980 2375 1173 2443 factum
1197 2378 1289 2435 sub
1317 2376 1428 2449 lege
1452 2420 1466 2443 ,
1504 2389 1560 2433 ut
1589 2396 1673 2435 eos
1703 2381 1790 2448 qui

189 2467 288 2520 sub
318 2467 428 2537 lege
450 2477 598 2522 erant
631 2469 900 2523 redimeret
932 2467 1130 2540 (Galat.
1158 2471 1255 2542 ιν).
1283 2472 1410 2526 Sive
1432 2472 1564 2527 illud
1592 2490 1604 2523 :
1629 2474 1787 2538 Audi,

190 2555 385 2628 Israel,
420 2557 674 2614 Dominus
702 2568 820 2616 tuus
852 2560 992 2616 Deus
1016 2579 1147 2616 unus
1168 2574 1238 2618 est
1280 2562 1461 2635 (Deut.
1492 2564 1587 2635 vt).

805 2653 1034 2712 CAPUT
1074 2654 1166 2709 ιχ.

267 2746 419 2811 Quod
448 2747 512 2801 de
539 2746 733 2799 actuali
760 2747 973 2802 scientia
999 2746 1301 2817 proﬁciatur
1324 2748 1391 2800 ad
1412 2748 1713 2819 spiritalem.

267 2840 609 2909 Quapmpter
639 2837 685 2892 si
712 2838 866 2893 vobis
896 2854 1027 2893 cura
1056 2847 1139 2896 est
1167 2839 1231 2893 ad
1260 2841 1519 2909 spiritalis
1549 2841 1790 2896 scientia:

192 2929 400 2999 lumen,
425 2946 530 2993 non
562 2932 738 2987 inanis
760 2931 1042 3001 jactantiae
1072 2933 1226 3001 vitio,
1262 2933 1357 2987 sed
1387 2934 1787 2989 emundationis

186 3026 369 3095 gratia
400 3026 684 3093 pervenire
707 3066 721 3090 ,
757 3025 902 3079 illius
929 3024 1163 3094 primum
1203 3024 1558 3079 beatitudinis
1584 3026 1790 3094 cupidi-

1893 1822 2155 1876 mandatis
2200 1825 2299 1877 tuis
2328 1822 2562 1878 intellexi
2606 1824 2833 1896 (Psalm.
2868 1830 3078 1898 cxvut).
3128 1830 3197 1884 Et
3244 1834 3477 1887 excoctis

1893 1916 2237 1983 passionibus
2264 1916 2528 1971 universis
2554 1960 2567 1985 ,
2622 1918 2941 1975 llducialiter
2977 1923 3164 1977 dicunt
3196 1943 3208 1977 :
3242 1924 3478 1980 Psallam

1891 2020 1938 2064 et
1964 2012 2252 2082 intelligam
2272 2013 2325 2064 in
2351 2013 2431 2065 via
2461 2014 2793 2067 intmaculata
2835 2014 3061 2081 (Psalnt.
3090 2018 3165 2089 (ς).
3214 2018 3305 2073 ille
3333 2022 3475 2075 enim

1892 2104 2124 2174 psallens
2154 2106 2399 2174 intelligit
2425 2122 2545 2177 qua:
2568 2116 2864 2174 canuntur,
2895 2112 2984 2179 qui
3026 2110 3080 2164 in
3106 2111 3189 2166 via
3218 2113 3475 2169 immacu-

1890 2196 1998 2250 lata
2018 2212 2206 2265 gressu
2230 2198 2346 2263 puri
2369 2197 2548 2251 cordis
2569 2197 2831 2253 innititur.
2860 2199 2926 2253 Et
2950 2201 3150 2261 idcirco
3173 2204 3215 2254 si
3238 2204 3477 2260 scientiae

1891 2289 2118 2359 spiritali
2150 2304 2364 2343 sacrum
2395 2290 2451 2342 in
2477 2290 2639 2345 corde
2670 2301 2850 2345 veStro
2880 2292 3044 2345 vultis
3072 2295 3474 2350 tabernaculum

1892 2395 2217 2449 prazparare,
2247 2380 2314 2435 ab
2342 2381 2577 2435 omnium
2605 2396 2702 2436 vos
2727 2383 2978 2438 vitiorum
3004 2387 3322 2455 contagione
3353 2404 3479 2458 pur-

1888 2482 2040 2541 gate,
2075 2480 2131 2525 et
2166 2472 2314 2526 curis
2352 2472 2536 2526 muli
2573 2474 2851 2543 praesentis
2888 2477 3092 2532 exuite.
3142 2477 3479 2547 lmpossibile

1889 2579 2117 2633 namque
2149 2575 2231 2620 eSt
2261 2566 2497 2621 animam
2534 2580 2652 2635 qua:
2682 2566 2966 2621 mundanis
3000 2569 3085 2624 vel
3118 2572 3345 2625 tenuiter
3369 2572 3479 2627 dis-

1892 2658 2216 2714 tentionibus
2258 2668 2585 2728 occupatur,
2623 2659 2823 2715 donum
2868 2662 3111 2719 scientiae
3153 2667 3475 2734 promereri,

1891 2749 1979 2804 vel
2000 2750 2390 2818 generatricem
2421 2751 2775 2819 spiritualium
2804 2766 3080 2821 sensuum,
3112 2764 3204 2809 aut
3233 2765 3475 2814 tenacem

1890 2855 2165 2897 sacrarum
2216 2844 2503 2899 lectionum
2551 2844 2692 2898 ﬁeri.
2745 2844 3044 2900 Observate
3077 2848 3236 2921 igitur
3273 2849 3324 2903 in
3372 2852 3478 2921 pri-

1891 2936 2015 3003 mis,
2050 2944 2104 2991 et
2132 2936 2369 2991 maxime
2401 2945 2478 3003 tu,
2508 2934 2537 2973 δ
2580 2934 2817 2993 Joannes
2842 2979 2857 3003 ,
2897 2939 2980 2994 cui
3009 2942 3177 3013 magis
3208 2942 3271 2997 ad
3300 2952 3479 2999 custo-

1891 3026 2083 3082 dienda
2127 3028 2240 3082 hinc
2279 3044 2400 3097 qua:
2439 3028 2683 3084 dicturus
2710 3044 2828 3086 sum
2852 3070 2868 3096 ,
2914 3040 3045 3089 aetas
3083 3034 3255 3091 adhuc
3293 3036 3479 3093 adole-

194 3125 311 3189 tate
342 3116 687 3171 ﬂammamini
715 3157 731 3184 ,
770 3116 840 3172 de
862 3116 978 3185 qua
1026 3115 1227 3170 dictum
1262 3128 1343 3171 est
1376 3133 1390 3173 :
1420 3116 1564 3171 Beati
1596 3118 1786 3172 mundo
1814 3099 1859 3161 Ο
1891 3121 2129 3175 scentior
2158 3119 2504 3195 sulfragatur,
2545 3137 2612 3178 ne
2643 3122 2877 3178 studium
2910 3125 3157 3181 lectionis
3182 3142 3243 3182 ac
3268 3126 3479 3183 deside-

186 3209 381 3276 ;orde,
424 3210 667 3279 quoniam
708 3209 810 3281 ipsi
837 3204 1010 3269 Deum
1056 3208 1297 3275 videbunt
1342 3209 1552 3283 (Matth.
1582 3210 1683 3283 v);
1732 3222 1790 3268 ut

1891 3214 1958 3268 rii
2004 3214 2080 3268 tui
2130 3214 2281 3269 labor
2325 3229 2461 3273 vana
2507 3215 2740 3273 elatione
2784 3227 3057 3287 cassetur,
3100 3230 3121 3258 ο
3166 3230 3222 3277 ιιι
3267 3220 3477 3278 indicas

1259 3349 1516 3413 ALARDI
1556 3349 1789 3407 GAZEI
1825 3349 2392 3412 COMMENTARIUS.

273 3470 303 3500 ⁸
332 3463 550 3535 Vulgata
576 3463 781 3518 versio:
813 3461 1072 3535 Sentinate
1098 3460 1322 3535 vobis_in
1341 3463 1576 3533 justitia,
1605 3473 1651 3515 et
1682 3480 1789 3517 me-

191 3537 290 3590 tite
306 3537 359 3589 in
385 3532 470 3589 ore
490 3534 885 3599 misericordias;
910 3534 1143 3585 innovate
1174 3532 1312 3585 vobis
1342 3532 1521 3587 navale
1547 3549 1563 3586 :
1590 3544 1788 3601 tempus

194 3618 369 3660 autem
411 3605 701 3673 requirendi
746 3603 1054 3669 Dominum,
1094 3620 1208 3656 cum
1236 3604 1445 3670 venerit,
1475 3606 1563 3673 qui
1591 3606 1789 3658 docebit

194 3694 285 3733 vos
302 3680 559 3747 justitiam
588 3677 705 3729 Dei.
735 3676 855 3747 Div.
884 3675 1241 3747 Hieronymus
1266 3692 1278 3726 :
1308 3673 1413 3727 Pro
1449 3691 1507 3747 eo
1529 3716 1541 3737 ,
1580 3678 1784 3747 inqu_it_,

190 3744 335 3822 quod
364 3767 455 3805 nos
485 3749 752 3822 diximus;
781 3744 953 3822 Melite
979 3746 1032 3822 in
1065 3760 1151 3798 ore
1190 3746 1590 3822 misericordia,
1638 3744 1789 3799 LXX

193 3814 586 3884 transtulerunt,
620 3817 937 3869 Vindemiate
967 3819 1191 3884 fructum
1222 3816 1335 3868 vitta
1364 3814 1511 3882 (Ose.
1544 3816 1619 3883 χ).

269 3893 301 3929 δ
321 3892 585 3947 Joannem
609 3888 918 3943 Cassianum
943 3888 1249 3955 alloquitur,
1275 3888 1359 3937 cui
1384 3884 1557 3937 adhuc
1578 3885 1787 3953 juveni,

194 3972 255 4020 et
286 3964 336 4016 in
369 3962 506 4015 sacri
535 3958 699 4013 studii
728 3968 781 4010 et
808 3956 1064 4010 doctrinas
1107 3958 1368 4011 tirociniis
1397 3955 1595 4024 agenti,
1628 3965 1788 4021 atque

196 4035 267 4090 ad
299 4048 480 4088 rerum
511 4030 816 4083 divinarum
849 4029 1204 4096 cognitionem
1241 4026 1538 4091 anhelanti,
1570 4027 1789 4079 tacitur-

196 4107 422 4162 nitatem
454 4112 510 4156 et
533 4100 825 4162 silentium,
855 4108 909 4151 ut
949 4100 1180 4152 maxime
1219 4098 1548 4152 conveniens
1590 4112 1652 4151 ac
1698 4112 1789 4151 ne-

198 4175 530 4238 cessarium,
558 4170 798 4224 studiose
827 4171 1188 4224 commendat.
1223 4171 1354 4234 Quis
1383 4182 1514 4221 vero
1540 4168 1789 4223 crederet

196 4246 520 4302 Cassianum
551 4242 604 4295 id
628 4241 694 4295 de
722 4244 901 4307 seipso
934 4241 1270 4308 proditurum
1302 4252 1353 4292 et
1387 4241 1598 4307 scriptis
1640 4254 1790 4293 man-

201 4318 457 4371 daturum
485 4313 669 4377 luisse,
694 4311 799 4367 nisi
827 4312 893 4365 ad
919 4310 1327 4365 aediﬁcationem
1357 4311 1791 4365 instructionem-

201 4404 312 4460 que
373 4385 645 4460 juniorum
699 4382 1083 4460 monachorum
1136 4382 1431 4460 judicasset
1485 4382 1789 4460 expedire?

201 4454 651 4530 quemadmodum
683 4455 799 4530 div.
834 4454 1188 4530 Augustinum
1222 4454 1475 4530 Ecclesiae
1512 4455 1787 4530 doctorem

202 4526 459 4584 eximium
490 4526 682 4581 delicta
711 4526 1007 4593 iuventutis
1042 4540 1153 4578 sua
1194 4535 1246 4577 et
1290 4526 1623 4593 ignorantias
1666 4539 1791 4579 suas

201 4601 258 4655 in
286 4599 436 4652 libris
462 4595 899 4660 Coniessionum,
930 4596 993 4649 ad
1029 4595 1118 4649 Dei
1150 4596 1393 4665 gloriam,
1428 4597 1508 4648 sui
1539 4596 1787 4649 humilia-

207 4670 411 4724 tionem
457 4676 511 4720 et
554 4668 777 4720 aliorum
828 4667 1151 4728 utilitatem,
1202 4681 1461 4720 enarrare
1506 4668 1789 4735 palamque

205 4738 537 4828 deplorando
564 4735 798 4828 proﬁteri
837 4752 941 4789 non
980 4736 1187 4828 puduit.
1228 4738 1396 4828 Porro
1433 4737 1789 4828 eatttdetn‘s-i-
1813 4769 1867 4828 Β

205 4806 361 4867 lentii
388 4810 553 4877 legem
572 4806 833 4861 Cassiano
860 4808 1126 4862 monacho
1148 4809 1373 4872 (nostro,
1402 4818 1461 4862 ut
1489 4823 1634 4875 reor,
1662 4810 1786 4860 Cas-

205 4877 415 4945 siano),
463 4885 648 4947 utpote
702 4893 798 4932 suo
844 4877 1110 4948 quondam
1160 4879 1299 4945 apud
1344 4880 1785 4948 Cbrysostomum

205 4949 463 5008 familiari
505 4948 723 5016 collegte
770 4959 823 5004 et
870 4949 1271 5018 condiscipulo,
1319 4950 1673 5019 gravissimus
1701 4949 1791 5003 ille

205 5025 455 5094 idemque
490 5019 860 5094 sanctissimus
888 5019 1135 5094 lsjdorus
1148 5019 1461 5094 Pelusiotes
1475 5020 1615 5094 serio
1641 5032 1793 5094 com-

206 5089 476 5170 mendavit
505 5089 643 5170 (Lib.
675 5093 890 5170 t,_epist.
923 5092 1177 5170 509_etlit.
1210 5090 1500 5170 Billiance),
1543 5090 1670 5170 dum
1708 5090 1793 5145 ni-

207 5165 368 5241 miam
413 5162 529 5233 ejus
566 5162 903 5241 dicacitatem
942 5169 997 5215 et
1040 5162 1233 5241 linguae
1283 5161 1787 5241 intemperantiam)

209 5234 262 5288 in
295 5236 409 5304 ipso
442 5232 741 5304 prmsertim
772 5232 897 5287 vitae
925 5232 1513 5304 monasticgtirociuiO
1533 5273 1545 5295 ,
1587 5233 1792 5286 notavit

209 5313 263 5360 et
302 5300 537 5360 coercuit
572 5303 654 5357 bis
692 5304 757 5356 ad
788 5318 910 5357 eum
940 5302 1152 5369 scriptis
1178 5318 1193 5357 :
1226 5301 1299 5354 Te
1323 5300 1573 5353 caducam
1600 5309 1647 5353 et
1675 5318 1790 5355 cor-

209 5376 437 5449 ruptioni
466 5373 738 5428 obnoxiam
763 5375 916 5449 vitam
944 5375 1135 5449 fugisse
1165 5382 1316 5440 atque
1352 5373 1420 5449 ad
1456 5373 1789 5449 monasticam

210 5444 431 5503 studium
456 5462 609 5499 cursu
635 5446 956 5499 contendisse
980 5444 1155 5505 audio,
1193 5454 1359 5513 atque,
1382 5444 1585 5495 interim
1624 5453 1790 5498 tamen

211 5533 474 5590 procacem
521 5532 583 5590 ac
632 5518 945 5590 petulantem
992 5515 1222 5590 linguam
1259 5512 1455 5564 habere
1500 5530 1561 5565 ac
1610 5521 1792 5590 temere

212 5585 368 5660 loqui.
401 5587 552 5653 Quod
579 5588 787 5660 quidem
814 5586 945 5660 nihil
975 5586 1120 5639 aliud
1145 5592 1218 5638 est
1257 5597 1409 5653 quam
1450 5598 1664 5660 murum,
1698 5585 1789 5652 μγ.

213 5654 349 5714 suum
391 5670 552 5730 atque
584 5654 815 5711 hostibus
854 5657 1511 5730 inacctssuntJexstruere,
1566 5654 1792 5730 ipsisque

212 5738 411 5796 portant
439 5725 506 5783 ad
536 5728 819 5801 ingressum
848 5736 1079 5800 apertam
1122 5725 1424 5796 relinquere.
1468 5725 1617 5788 Quod
1660 5725 1710 5780 si
1742 5732 1791 5780 et

1893 3480 2096 3539 murum
2122 3465 2186 3517 ab
2215 3469 2354 3539 omni
2384 3466 2861 3539 periculogliberum
2886 3485 3087 3521 servare
3112 3471 3259 3537 cupis
3276 3511 3289 3530 ,
3327 3481 3479 3539 atque

1890 3534 2119 3589 hostibus
2146 3546 2192 3588 te
2220 3537 2424 3602 ﬁrmum
2450 3554 2509 3588 ac
2552 3537 2817 3591 robustum
2862 3540 3122 3591 ostendere
3146 3579 3159 3599 ,
3178 3534 3186 3537 ’
3207 3534 3433 3610 linguam
3458 3588 3474 3612 ,

1890 3622 2045 3672 quam
2072 3608 2294 3658 maxime
2325 3609 2536 3673 poteris,
2567 3610 2618 3658 in
2661 3618 2905 3673 potestate
2932 3617 3056 3670 tene,
3095 3627 3123 3660 a
3148 3626 3247 3677 qua
3270 3608 3315 3662 et
3351 3608 3478 3666 cete;-

1890 3693 1972 3728 res
2003 3686 2050 3728 et
2076 3677 2302 3743 ingentes
2329 3678 2492 3745 ruina:
2521 3676 2842 3744 contingunt.
2877 3677 3003 3731 Haec
3029 3679 3281 3733 Isidorus.
3309 3682 3473 3745 Cujus

1890 3746 2105 3799 salutari
2133 3745 2425 3818 monitione
2446 3744 2758 3818 Cassianum
2784 3746 2923 3797 haud
2950 3760 3132 3812 parum
3160 3744 3475 3818 proiecisse,

1890 3830 1953 3868 ac
1998 3816 2226 3879 linguam
2273 3813 2527 3879 deinceps
2575 3816 2625 3866 iu
2654 3830 2748 3867 sua
2780 3825 3045 3881 potestate
3075 3820 3332 3879 tenuisse.
3364 3813 3475 3873 mal

1890 3899 2158 3952 gnutnquo
2186 3882 2268 3936 ori
2300 3896 2397 3935 suo
2429 3883 2697 3937 silentium
2730 3885 3010 3949 indixisse,
3042 3887 3124 3938 vel
3151 3901 3216 3940 ex
3244 3885 3345 3942 hoc
3366 3892 3476 3945 col-

1891 3955 2100 4025 ligintus
2124 3994 2137 4016 ,
2184 3953 2323 4021 quod
2373 3955 2502 4007 alias
2553 3958 2710 4008 etiam
2741 3957 3068 4019 notavimus,
3103 3958 3242 4025 quod
3277 3959 3387 4014 fere
3418 3962 3472 4018 in

1891 4026 2138 4078 ornnibus
2172 4025 2253 4078 his
2283 4026 2673 4080 Collationibus
2699 4027 2875 4079 solum
2906 4026 3234 4081 Germanum
3266 4032 3474 4088 socium

1891 4111 2199 4172 suunicum
2231 4098 2333 4151 illis
2384 4098 2631 4151 Patribus
2678 4097 3003 4172 collocutum
3058 4112 3475 4172 commemorat,

1889 4183 2008 4222 cum
2042 4168 2158 4237 ipse
2191 4168 2390 4223 interea
2420 4184 2655 4236 prtesens
2680 4179 2730 4221 et
2762 4169 3057 4222 taciturnus
3090 4184 3185 4223 eos
3224 4168 3473 4240 audiret,

1890 4254 2186 4309 eorumque
2216 4240 2359 4315 dicta
2389 4251 2441 4294 et
2468 4254 2722 4307 responsa
2748 4241 3024 4315 memoriae
3049 4244 3474 4315 commendaret,

1891 4326 2011 4381 qua:
2028 4325 2221 4383 postea
2254 4312 2549 4383 litterarum
2577 4314 2946 4383 monumentis
2970 4315 3325 4383 consignavit.

1968 4393 1989 4420 ο
2022 4382 2193 4435 Locus
2226 4382 2533 4449 peculiaris,
2558 4380 2625 4435 de
2655 4383 2907 4451 religioso
2935 4380 3171 4443 silentio,
3197 4388 3475 4444 monachis

1892 4453 2162 4525 omnibus,
2194 4454 2430 4525 maxime
2453 4451 2759 4525 junioribus
2785 4462 2843 4525 et_
2866 4468 3036 4525 sacrm
3072 4455 3328 4508 doctrina:
3357 4472 3475 4510 cau-

1891 4523 2434 4596 didatis,excolendo
2467 4532 2521 4575 et
2547 4523 2885 4596 observando
2906 4563 2921 4588 ,
2955 4523 3147 4591 dignus
3188 4537 3333 4596 certe
3382 4528 3475 4596 qui

1892 4595 2166 4648 nonnullis
2192 4595 2287 4648 SS.
2321 4595 2537 4647 Patrum
2578 4594 2856 4647 sententiis
2898 4602 2952 4647 et
2989 4594 3252 4661 exemplis
3286 4594 3475 4654 eodem

1892 4666 2254 4732 spectantibus
2280 4665 2637 4732 ampliticetur
2661 4676 2713 4718 et
2743 4665 3067 4729 illustretur;
3102 4679 3223 4718 cum
3250 4684 3476 4733 praeser-

1895 4739 1987 4787 tim
2036 4738 2167 4789 alias
2200 4744 2519 4788 occurrente
2559 4735 2676 4804 ejus
2714 4738 2990 4789 mentione
3031 4748 3084 4790 et
3126 4742 3474 4793 commenda-

1894 4807 2062 4869 tione,
2091 4823 2206 4859 eam
2242 4807 2615 4860 tractationem
2648 4806 2701 4858 in
2730 4805 2871 4861 hunc
2901 4807 3072 4861 locum
3114 4811 3471 4865 retulerinttts.

1893 4876 2045 4944 Quod
2078 4878 2237 4945 igitur
2264 4877 2329 4931 ad
2369 4876 2663 4930 sententias
2712 4876 2927 4931 Patrum
2978 4880 3202 4936 attinet.
3253 4897 3375 4933 cum
3426 4884 3477 4936 itt

1896 4949 1998 5000 hoc
2046 4964 2241 5016 genere
2293 4949 2586 5002 innumeras
2631 4946 2809 5002 alierri
2840 4959 3090 5016 possent,
3121 4950 3265 5003 nulla
3301 4962 3475 5005 tamen

1898 5017 2020 5071 huic
2048 5018 2165 5073 loco
2206 5016 2659 5072 accommodatior
2704 5026 2759 5070 et
2803 5019 3125 5071 cumulatior
3171 5036 3329 5085 quam
3382 5020 3477 5075 do-

1896 5089 2065 5142 ctrina
2112 5092 2358 5143 sanCtiss.
2393 5089 2565 5142 Patris
2595 5087 2763 5141 nostri
2793 5087 3086 5151 Benedicti,
3116 5090 3226 5156 qui,
3268 5090 3474 5146 descri-

1898 5169 1983 5228 pta
2008 5169 2059 5211 et
2091 5160 2398 5227 praescripta
2423 5159 2734 5213 mooasticae
2760 5156 3081 5211 obediontiae
3109 5173 3318 5223 norma,
3346 5163 3477 5217 nihil

1902 5229 2043 5298 prius
2071 5230 2255 5283 habuit
2281 5245 2438 5298 quam
2473 5238 2529 5282 ut
2553 5229 2847 5293 discipulos
2871 5242 3021 5291 suos,
3057 5228 3108 5281 id
3135 5240 3216 5281 est
3239 5270 3253 5292 ,
3295 5245 3480 5287 emno-

1896 5300 2051 5363 bitas,
2083 5302 2147 5353 ad
2179 5300 2554 5355 taciturnitatis
2579 5309 2631 5353 et
2658 5299 2859 5354 silentii
2887 5299 3121 5352 studium
3154 5308 3210 5353 et
3236 5317 3472 5359 antorem

1898 5371 2167 5438 invitaret,
2196 5372 2265 5426 ita
2312 5369 2603 5441 exhortans
2637 5368 2789 5440 (Cap.
2827 5371 2859 5423 ϐ
2890 5367 3124 5441 Reguli!)
3153 5387 3165 5423 :
3200 5368 3477 5428 Faciamus

1895 5442 2030 5512 quod
2057 5442 2127 5493 ait
2156 5445 2404 5513 propheta
2431 5456 2449 5492 :
2480 5440 2625 5505 Dixi,
2654 5441 2940 5513 custodiam
2967 5440 3074 5513 vias
3100 5454 3260 5505 meas,
3293 5456 3345 5497 ut
3377 5462 3477 5500 non

1894 5509 2186 5582 delinquant
2333 5512 2507 5584 lingua
2548 5528 2677 5565 mea.
2721 5509 2991 5584 Posuiori
3019 5526 3130 5584 meo
3160 5515 3476 5584 custodiam;

1894 5579 2147 5645 obmutui,
2176 5592 2223 5643 et
2260 5583 2559 5636 humiliatus
2599 5598 2743 5638 sum,
2786 5590 2832 5632 et
2870 5579 2992 5632 silui
3035 5597 3066 5633 a
3112 5580 3253 5636 bonis
3300 5579 3475 5650 (Psal.

1894 5656 2134 5721 xxxvut).
2186 5654 2285 5707 llic
2333 5650 2551 5705 ostendit
2596 5651 2857 5719 PrOpheta
2884 5693 2899 5722 ,Α
2924 5651 2969 5703 si
2999 5666 3031 5701 a
3073 5652 3215 5704 bonis
3261 5651 3480 5722 eloquiis

1893 5720 2146 5780 interdum
2165 5735 2377 5796 propter
2396 5724 2799 5777 taciturnitatem
2819 5720 2962 5775 debet
2992 5731 3154 5776 tacere
3174 5720 3483 5793 monachus,
