4014 6200
185 250 293 307 969

179 472 350 510 meros
381 456 684 515 hominum;
715 455 816 520 ipsi
854 462 1023 507 autem
1053 453 1215 524 digito
1246 472 1340 509 suo
1372 456 1550 510 nolunt
1585 473 1644 510 ea
1675 474 1785 512 mo-

179 565 302 604 vere
335 545 551 618 (Matth.
586 543 760 615 χχιιι).
788 544 842 600 Si
864 546 1006 600 enim
1035 544 1125 598 ille
1148 547 1279 615 aqui
1306 563 1462 600 unum
1485 549 1785 603 mandatum

181 640 461 694 minimum
497 635 700 690 solvens
726 636 956 690 docuerit
981 636 1057 689 sic
1085 636 1343 702 homines,
1378 640 1613 693 minimus
1640 657 1786 694 voca.

184 734 327 787 bitur
357 732 411 784 in
438 745 596 802 regno
639 729 884 782 caelorum
917 727 1130 795 (Matth.
1166 730 1251 799 v);
1292 732 1382 799 qui
1408 732 1571 785 multa
1600 741 1653 786 et
1677 747 1788 786 ma-

181 827 306 897 jora
367 822 646 893 negligens
702 822 899 876 docere
953 824 1400 893 praesumpserit,
1455 840 1787 893 consequens

189 917 434 987 profecto
461 925 545 968 est
573 923 630 967 ιιι
655 913 766 983 jam
794 929 902 966 non
939 913 1198 966 minimus
1225 914 1277 968 in
1308 929 1473 984 regno
1502 917 1785 983 caelorum,

191 1009 290 1064 sed
319 1007 370 1062 iu
402 1008 662 1076 gehennae
687 1005 958 1075 supplicio
979 1007 1246 1060 maximus
1269 1007 1548 1061 habeatur.
1576 1009 1644 1062 Et
1664 1009 1788 1064 ideo

191 1099 493 1154 cavendum
526 1097 617 1152 tibi
643 1104 732 1152 est
758 1113 824 1150 ne
851 1097 1072 1151 illorum
1115 1096 1182 1151 ad
1206 1097 1512 1154 docendum
1545 1101 1787 1157 iuciteris

195 1191 518 1259 exemplis,
574 1189 660 1258 qui
717 1187 965 1256 peritiam
1031 1188 1336 1258 disputandi
1390 1205 1453 1245 ac
1520 1194 1788 1247 sermonis

195 1284 530 1338 afﬂuentiam
561 1283 843 1336 consecuti
869 1324 884 1347 ,
925 1283 1050 1352 quia
1087 1292 1313 1352 possunt
1356 1298 1416 1337 ea
1457 1300 1576 1354 quae
1604 1285 1792 1340 volue-

195 1378 311 1432 rint
334 1385 517 1429 ornate
536 1375 862 1443 c0pioseque
879 1373 1170 1441 disserere,
1192 1374 1471 1429 scientiam
1491 1377 1787 1446 spiritalem

199 1469 479 1540 possidere
499 1467 796 1522 Cteduutur
820 1468 888 1520 ab
911 1465 995 1520 bis
1021 1466 1111 1536 qui
1132 1466 1238 1520 vim
1261 1466 1378 1536 ejus
1399 1475 1454 1521 et
1476 1469 1787 1538 qualitatem

197 1561 513 1617 discernere
544 1575 650 1613 non
685 1565 967 1612 noverunt.
1000 1557 1160 1612 Aliud
1193 1574 1426 1628 namque
1453 1568 1538 1614 est
1567 1560 1790 1614 facilita-

201 1665 310 1711 tem
335 1655 446 1709 oris
470 1665 521 1709 et
550 1655 780 1708 nitorem
813 1653 1011 1706 habere
1041 1653 1338 1718 sermonis,
1368 1663 1424 1708 et
1449 1654 1592 1708 aliud
1625 1670 1788 1709 venas

1084 247 1428 306 COLLATIO
1466 251 1604 309 XIV.
1631 282 1702 296 -—
1734 256 1822 313 DE
1863 257 2206 318 SPIRITALI
2247 262 2580 321 SCIENTIA.

183 378 347 418 onera
376 362 557 434 gravia
586 368 633 414 et
664 359 1032 432 importabilia,
1063 369 1109 416 et
1132 362 1398 433 imponunt
1426 381 1486 417 ea
1508 381 1660 434 super
1680 365 1782 420 hu-
1811 373 1866 432 Α

3370 283 3474 334 9ἷο

2503 373 2731 430 CAPUT
2772 373 2839 428 X.

2049 553 2127 606 De
2151 553 2581 624 apprehendendo
2609 568 2740 607 uerte
2767 553 2990 606 scientia:
3017 553 3316 625 disciplina.

1962 728 2345 784 Festinandum
2379 729 2540 798 igitur
2570 731 2662 784 tibi
2691 740 2792 794 est,
2825 733 2867 786 si
2899 732 2965 786 ad
3011 747 3192 789 veram
3235 736 3483 808 Scriptu-

1889 837 2068 876 rarum
2101 823 2376 877 scientiam
2411 823 2492 877 vis
2517 825 2818 894 pervenire,
2846 835 2899 880 ut
2925 826 3279 884 humilitatem
3302 831 3482 886 cordis

1889 914 2216 969 immobilem
2243 917 2485 983 primitus
2505 916 2870 986 consequaris,
2895 933 3014 988 quae
3039 929 3088 972 te
3107 935 3211 974 non
3232 921 3297 974 ad
3330 921 3480 976 illam

1889 1022 2008 1077 quze
2037 1006 2208 1070 inﬂat,
2237 1008 2330 1060 sed
2358 1008 2422 1060 ad
2455 1022 2572 1062 eam
2601 1023 2720 1076 qua:
2752 1010 3016 1064 illuminat
3047 1014 3324 1068 scientiam
3352 1015 3482 1070 cha‘

1891 1099 2064 1152 ritatis
2094 1100 2566 1153 consummatione
2593 1100 2867 1167 perducat.
2900 1100 2928 1139 1³
2958 1102 3295 1172 [inpossibile
3323 1122 3481 1160 nam-

1890 1205 1994 1260 que
2017 1198 2102 1244 est
2126 1189 2454 1244 immundam
2482 1201 2712 1245 mentem
2736 1194 2936 1246 donum
2964 1193 3200 1250 scientiae
3223 1199 3482 1264 spiritalis

1890 1284 2139 1352 adipisci.
2171 1284 2241 1339 Et
2269 1284 2470 1339 idcirco
2497 1286 2643 1339 omni
2674 1287 2922 1342 cautione
2952 1288 3130 1343 devita
3163 1307 3230 1345 ne
3263 1292 3355 1346 tibi
3388 1307 3485 1362 per

1890 1378 2123 1433 studium
2153 1377 2418 1440 Iec'ionis,
2450 1392 2556 1432 non
2583 1378 2822 1433 scientiae
2848 1379 3054 1448 lumen,
3087 1396 3186 1437 nec
3221 1383 3310 1436 illa
3358 1398 3486 1450 per-

1893 1478 2050 1538 petua
2079 1484 2198 1538 quae
2227 1484 2324 1538 per
2352 1468 2801 1524 illuminationem
2849 1470 3110 1525 doctrinae
3153 1475 3486 1541 promittitur

1891 1567 2060 1635 gloria
2087 1611 2100 1634 ,
2150 1565 2245 1620 sed
2291 1566 2645 1621 instrumenta
2695 1567 3010 1636 perditionis
3054 1570 3122 1624 de
3165 1575 3488 1642 arrogantia:

1898 1661 2132 1714 vanitate
2159 1669 2469 1714 nascantur.
2505 1659 2708 1715 Deinde
2753 1659 2859 1714 hoc
2897 1660 2988 1714 tibi
3034 1673 3116 1715 est
3159 1666 3488 1721 omnimodis

200 1765 266 1806 ac
290 1748 556 1804 medullas
582 1747 884 1802 cmlesuum
908 1746 1108 1802 intrare
1129 1748 1418 1813 dictorum,
1443 1762 1506 1802 ac
1531 1749 1789 1816 profunda
1824 1745 1870 1806 Β
1897 1748 2228 1813 enitendum,
2257 1760 2335 1814 ut,
2369 1750 2591 1818 expulsa
2620 1749 2770 1803 omni
2799 1750 3166 1808 sollicitudine
3205 1766 3258 1808 et
3285 1758 3490 1826 cogita-

202 1854 258 1898 et
311 1841 626 1896 abscondita
678 1849 1012 1895 sacramenta
1068 1841 1355 1908 purissimo
1401 1842 1578 1896 cordis
1634 1843 1790 1898 oculo

201 1933 561 1994 contemplari
586 1975 600 1997 ,
628 1933 771 2000 quod
801 1934 1106 1988 nullatenus
1140 1934 1370 1988 humana
1403 1935 1664 1990 docurina.
1695 1950 1794 1991 nec

203 2030 444 2086 eruditio
470 2028 750 2082 saecularis
773 2071 788 2094 ,
820 2028 912 2082 sed
944 2029 1054 2081 sola
1087 2028 1293 2098 puritas
1334 2030 1526 2086 mentis
1555 2045 1652 2099 per
1675 2029 1797 2084 illu-

205 2121 562 2178 minalionem
599 2119 771 2174 sancti
802 2120 1031 2188 Spiritus
1058 2121 1342 2178 obtinebit.

1899 1842 2044 1897 tione
2077 1854 2313 1910 terrena,
2351 1853 2374 1880 ο
2405 1842 2678 1896 assiduum
2707 1851 2760 1897 te
2789 1857 2851 1896 ac
2883 1845 3058 1912 potius
3097 1846 3276 1916 jugem
3323 1865 3493 1906 sacras

1897 1937 2140 2006 pra-beas
2168 1936 2408 1996 lectioni.
2439 1935 2614 1990 donec
2662 1936 2918 1990 continua
2961 1938 3238 1994 meditatio
3287 1941 3495 1998 imbuat

1900 2039 2133 2084 mentem
2161 2039 2305 2084 tuam
2335 2038 2386 2082 et
2413 2030 2563 2096 quasi
2594 2027 2648 2082 in
2679 2029 3082 2085 similitudinem
3127 2033 3211 2086 sui
3258 2034 3490 2103 formet,

1901 2118 1924 2157 ι]
1953 2135 2132 2175 arcam
2161 2119 2564 2190 quodammodo
2593 2135 2658 2176 ex
2687 2136 2748 2176 ea
2776 2120 2978 2176 faciens
3008 2121 3358 2194 Testamenti,
3395 2127 3493 2182 ha-

1278 2251 1535 2308 ALARDI
1575 2252 1805 2308 GAZA'II
1843 2249 2410 2308 COMMENTARIUS.

284 2375 311 2404 ⁸
355 2365 470 2420 Div.
498 2365 790 2435 Gregorius
817 2365 1002 2419 homil.
1034 2364 1100 2418 12
1127 2365 1180 2418 in
1213 2365 1506 2433 Evangelia
1533 2383 1546 2418 :
1572 2366 1795 2419 Manda—

207 2448 341 2502 tum,
374 2436 564 2504 inquit,
600 2437 746 2506 soluit
774 2449 818 2489 et
846 2437 1016 2500 docet,
1047 2438 1135 2505 qui
1159 2453 1263 2488 non
1284 2438 1392 2489 vult
1415 2454 1566 2505 apere
1588 2438 1798 2506 implere

203 2508 350 2580 quod
377 2506 544 2580 docet.
599 2505 868 2580 Quomodo
913 2525 1033 2578 ergo
1064 2509 1116 2560 in
1145 2524 1203 2560 eo
1237 2509 1488 2580 minimus
1508 2505 1794 2580 rocab’itur,

205 2577 296 2650 qui
323 2577 392 2630 ad
425 2577 522 2650 hoc
550 2579 691 2630 nullo
725 2580 878 2630 modo
909 2580 1107 2632 intrare
1137 2579 1449 2650 permittitur
1469 2579 1494 2630 .’
1523 2579 1662 2645 Quid
1692 2582 1795 2631 ita-

207 2647 308 2721 que
329 2664 418 2720 per
441 2647 574 2721 hunc
595 2651 916 2721 sententiam,
948 2651 1046 2721 nisi
1073 2665 1295 2719 praesens
1323 2648 1556 2721 Ecclesia
1587 2665 1799 2721 regnum

207 2718 456 2775 caelorum
485 2719 712 2773 dicitur?
743 2718 810 2771 1η
846 2737 949 2786 qua
975 2718 1153 2772 doctor
1179 2722 1268 2790 qui
1297 2720 1602 2774 mandatum
1632 2718 1800 2774 solve-

208 2793 301 2852 rit,
337 2792 576 2843 minimus
600 2801 837 2854 vocatur;
868 2793 990 2860 quia
1011 2793 1162 2862 cujus
1183 2793 1286 2844 vita
1307 2792 1613 2861 despicitur,
1641 2800 1801 2845 restat

209 2870 269 2915 ut
303 2862 414 2925 eius
448 2862 746 2924 prtedicatio
775 2872 1151 2914 contemnatur.

289 2932 316 2970 δ
345 2934 618 3000 ὃιιριϊιοιιὶ
647 2947 767 2995 cap.
797 2935 938 2986 dixit
960 2951 972 2984 :
991 2931 1316 2995 Impossibile
1345 2950 1563 3003 namque
1583 2934 1808 2986 animam

209 3019 332 3071 qua:
367 3004 638 3055 mundanis
689 3005 764 3055 vel
814 3005 1031 3057 tenuiter
1069 3003 1454 3058 dis-tentionibus
1509 3018 1809 3067 occupatur,

213 3075 412 3127 donum
457 3076 677 3126 scientia:
724 3075 1025 3139 promereri,
1074 3076 1151 3126 rel
1176 3075 1543 3142 generatricem
1595 3076 1811 3142 spirita-

213 3146 344 3199 lium
373 3161 610 3198 sensuum
641 3155 730 3197 aut
758 3153 983 3198 tenacem
1011 3161 1275 3198 sacrarum
1299 3145 1572 3199 lectionum
1593 3147 1722 3212 ﬁeri.
1744 3146 1807 3200 Et

212 3218 410 3271 iterum
438 3233 452 3269 :
482 3215 803 3284 lmpossibile
830 3229 902 3270 est
939 3232 1055 3269 eum
1081 3218 1164 3283 qui
1191 3223 1454 3284 proposito
1478 3218 1806 3287 acquirendo:

214 3289 391 3341 laudis
439 3290 701 3352 humanm,
729 3289 901 3341 studio
931 3287 1162 3340 lectionis
1201 3289 1411 3346 insistit.
1441 3290 1629 3341 donum
1675 3304 1807 3343 verte

214 3359 442 3412 scientiw
470 3358 769 3428 promereri.
824 3359 1029 3412 Rursus
1053 3373 1170 3423 cap.
1206 3359 1271 3412 M
1302 3376 1314 3410 ε
1350 3358 1676 3428 Impossibile
1731 3369 1806 3413 est

216 3430 538 3482 immundam
585 3431 842 3490 animum,
874 3429 1186 3497 quantalibet
1217 3429 1543 3484 desudaverit
1573 3431 1804 3485 lectionis

217 3501 492 3572 ins'antia,
524 3499 742 3572 adipisci
763 3502 1028 3554 scientiam
1067 3501 1370 3563 spiritalem.
1422 3500 1492 3555 Et
1531 3518 1648 3568 cap.
1688 3501 1753 3556 16
1787 3518 1802 3554 :

221 3570 421 3624 Nullus
451 3573 503 3624 in
533 3570 628 3638 quo
652 3570 826 3624 adhuc
851 3572 1134 3624 carnalium
1165 3573 1483 3636 passionum,
1509 3583 1554 3625 et
1585 3573 1806 3626 maxime

220 3643 601 3712 fornicationis,
655 3643 956 3695 dominatur
1001 3641 1236 3708 affectus,
1285 3644 1567 3712 spiritalem
1618 3645 1808 3712 poterit

221 3714 493 3768 scientia-rt
523 3713 1120 3784 possideresQuomodo
1169 3721 1372 3776 autem,
1405 3725 1468 3784 et
1504 3729 1610 3782 quo
1643 3729 1804 3784 sensu

222 3801 367 3838 verm
387 3787 496 3838 sint
524 3782 827 3852 hujusmodi
857 3784 1160 3846 sententiae,
1216 3798 1335 3836 cum
1386 3782 1567 3834 videas
1611 3783 1806 3834 mullos

223 3855 416 3917 malos,
444 3855 606 3908 immo
622 3854 907 3920 pessimos,
937 3855 1176 3907 homines
1199 3868 1390 3921 magna
1405 3853 1494 3907 Sct
1509 3853 1678 3921 iptura
1689 3867 1804 3904 rum

225 3926 450 3980 scientia
485 3926 709 3991 pollere,
740 3925 866 3977 alibi
917 3935 998 3978 est
1035 3937 1326 3994 utcumque
1372 3923 1715 3994 explicatum,
1754 3932 1807 3975 et

224 3997 365 4052 infra
401 3996 608 4066 plenius
638 3993 934 4066 exuliCatur
957 4011 1074 4062 cap.
1112 3995 1194 4049 14.
1219 3996 1371 4066 ιιὺιιι
1396 4003 1570 4047 tamen
1601 3993 1687 4046 hic
1710 3994 1806 4046 ad-

226 4068 363 4122 dere
391 4065 512 4136 quze
545 4067 613 4120 de
645 4065 744 4136 hoc
772 4075 1084 4136 argumento
1113 4075 1219 4119 tam
1269 4065 1472 4120 diserte
1502 4079 1658 4136 quam
1685 4080 1809 4117 eru-

226 4140 344 4193 dite
373 4133 560 4191 séribit
591 4136 656 4189 R.
692 4135 751 4189 P.
784 4135 1032 4190 Pererius
1059 4137 1148 4191 lib.
1182 4153 1249 4190 xv
1275 4152 1490 4190 suorum
1515 4133 1807 4191 Commen-

231 4208 492 4264 tariorum
521 4209 572 4260 in
604 4206 911 4260 Danielem:
945 4207 1166 4261 Possunt
1197 4208 1424 4274 quidem,
1449 4205 1639 4276 inquit,
1659 4207 1809 4259 etiam

228 4278 451 4347 improbi
474 4278 637 4331 multa
663 4277 726 4331 de
753 4278 901 4332 rebus
929 4278 1114 4332 diuinis
1149 4279 1492 4349 intelligentia
1522 4279 1759 4347 consequi
1791 4290 1810 4329 :

229 4367 352 4405 nam
376 4361 420 4402 et
443 4351 492 4402 in
515 4351 722 4403 summis
741 4350 952 4418 ﬂagitiis
981 4366 1115 4418 sa’pe
1140 4351 1291 4416 ﬁdem
1313 4350 1532 4401 divinam
1573 4351 1809 4411 retinent,

229 4437 346 4488 qua:
393 4420 529 4474 velut
583 4422 818 4491 quwdam
849 4421 940 4473 lux
986 4433 1057 4474 est
1107 4420 1349 4474 humana:
1378 4420 1535 4491 menti
1560 4419 1627 4470 ad
1665 4419 1813 4471 intel-

232 4493 464 4562 ligendas
502 4490 832 4562 aliquatenus
885 4507 968 4544 res
1014 4501 1304 4555 sacras;et
1353 4490 1570 4544 scientia
1637 4505 1813 4542 sacra-

1901 2376 1954 2418 ut
1985 2374 2030 2417 et
2061 2381 2245 2418 manus
2276 2373 2519 2434 operetur
2547 2365 2736 2430 cibum,
2771 2374 2817 2419 et
2849 2367 3051 2422 animus
3098 2371 3317 2427 lectione
3345 2385 3492 2430 satu-

1899 2446 2062 2516 retur:
2097 2435 2493 2516 Εξιβιιῌιιιῗιειιι
2523 2435 2593 2516 de
2623 2435 2963 2516 Institutione
2994 2440 3125 2516 filim
3158 2443 3350 2516 (Epist.
3385 2447 3440 2516 7)
3478 2465 3492 2500 :

1904 2461 2062 2488 retur.
2097 2461 2160 2489 οι
2191 2461 2254 2487 au
2289 2461 2493 2516 pictatis
2523 2461 2593 2489 uc
2623 2461 2963 2491 ulstttuuuue
3003 2461 3125 2494 tilla}
3158 2461 3224 2507 (η
3269 2461 3350 2497 ιιι.
3386 2461 3440 2516 7)
3478 2465 3492 2500 ἒ

1904 2505 2138 2560 Orationi
2167 2504 2337 2569 lectio.
2365 2506 2575 2559 lectioni
2607 2507 2842 2560 succedat
2870 2510 3057 2562 oratio.
3097 2514 3149 2564 In
3195 2461 3492 2575 E’pistolam

1900 2578 1965 2631 ad
2006 2577 2204 2652 Ephes.
2238 2594 2272 2652 _v
2317 2595 2328 2628 :
2367 2576 2532 2652 ani‘
2558 2578 2992 2652 s_tudio__legen_dte
3018 2582 3163 2635 nobis
3211 2585 3494 2652 Scriptura:

1901 2658 2038 2723 sunt,
2069 2658 2115 2723 et
2148 2649 2200 2700 in
2229 2649 2349 2723 lege
2379 2647 2589 2723 Domini
2640 2649 2991 2723 meditandum
3021 2652 3106 2705 die
3140 2670 3200 2705 ac
3229 2647 3410 2723 nocte;
3440 2668 3497 2711 ut

1910 2720 2136 2797 probati.
2157 2719 2416 2797 trapezita:
2449 2719 2681 2797 _sciamus
2723 2721 2837 2797 quis
2883 2737 3137 2797 nummus
3166 2726 3353 2795 probus
3384 2719 3447 2781 sit
3478 2774 3494 2797 ,

1910 2792 2025 2861 quis
2069 2788 2290 2861 adulter.
2325 2792 2404 2861 [ι.
2446 2789 2573 2842 item
2614 2788 2942 2861 B-gncdictus
2986 2788 3224 2859 pluribus
3274 2799 3322 2850 in
3367 2788 3497 2853 locis

1913 2857 2022 2915 sine
2055 2860 2274 2928 Regulm
2314 2857 2465 2930 (Cap.
2517 2861 2606 2922 '58.
2641 2859 2710 2913 42
2755 2872 2804 2914 et
2850 2860 2940 2930 43)
2972 2857 3257 2918 lectionem
3290 2884 3498 2926 sacram

1913 2930 2022 2984 suis
2055 2931 2346 2984 C'Htoltilis
2377 2931 2748 2993 commendat,
2774 2931 3032 3000 jubo-tque
3060 2936 3225 2990 certis
3256 2939 3403 2995 horis
3446 2945 3499 2996 in

1916 3017 1975 3076 ea
2006 3002 2280 3076 occupari,
2311 3002 2609 3076 ptmsertim
2640 3002 2830 3055 diebus
2855 3003 3161 3071 dominicis,
3195 3021 3247 3062 et
3280 3014 3329 3064 in
3360 3018 3499 3076 (ειμι.

1917 3071 2246 3150 dragesima;
2299 3083 2352 3124 et
2398 3072 2537 3125 inter
2568 3074 3226 3150 instrumenta“bonorum
3275 3071 3499 3150 Operum

1919 3147 2066 3212 ponit
2095 3143 2333 3198 lectiones
2367 3152 2566 3196 sanctas
2597 3143 2810 3197 libenter
2838 3145 3039 3200 audire.
3080 3147 3179 3203 Ubi
3213 3143 3334 3206 vide
3369 3153 3502 3210 duo.

1912 3215 2084 3286 decim
2137 3213 2396 3286 utilitates
2444 3213 2686 3268 lcetionis
2727 3231 2892 3270 sacrae
2937 3219 3076 3286 apud
3115 3213 3500 3280 Tlll‘l‘CCl‘t'llla-

1911 3284 2180 3361 ttuufuse
2222 3285 2520 3361 explicatas
2565 3302 2738 3361 :quas
2790 3284 3118 3361 Sniat-agdus
3151 3292 3317 3348 abbas
3354 3312 3500 3361 pau-

1908 3358 2147 3412 cioribus
2196 3357 2374 3411 verbis
2416 3357 2486 3410 ita
2527 3360 2848 3427 complexus
2884 3371 2960 3413 e5!
3003 3378 3014 3410 :
3049 3360 3307 3418 Lectionis
3340 3357 3503 3421 sacra:

1909 3431 2130 3500 cognitio
2151 3427 2434 3500 cultoribus
2459 3428 2563 3480 suis
2591 3445 2769 3482 sensus
2799 3446 3015 3482 acumen
3044 3435 3321 3494 ministrat,
3350 3437 3502 3491 intel-

1909 3497 2093 3572 lectum
2121 3497 2466 3572 multiplicat,
2505 3508 2760 3561 torporem
2789 3502 3029 3572 excutit,
3075 3505 3234 3572 otium
3263 3518 3496 3572 amovet,

1908 3570 2064 3622 vitam
2113 3570 2402 3641 componit,
2461 3583 2624 3619 mores
2663 3570 2914 3636 corrigit,
2947 3571 3203 3641 salubrem
3255 3570 3502 3641 gemitum

1908 3641 2075 3707 facit,
2133 3647 2178 3690 et
2237 3639 2488 3707 lacryntas
2531 3647 2832 3707 compuncto
2883 3638 3036 3689 corde
3093 3638 3372 3706 producit,
3425 3648 3503 3698 lo—

1908 3705 2094 3784 quendi
2139 3706 2310 3784 tribuit
2357 3705 2932 3784 facundiumuceterna
2984 3707 3336 3784 laborantibus
3381 3730 3502 3784 pro-

1909 3772 2060 3851 mittit
2091 3775 2300 3844 praemia
2320 3815 2335 3840 ,
2360 3772 2638 3851 spiritales
2683 3776 2899 3851 divitias
2927 3787 3117 3851 auget;
3149 3772 3500 3851 uaniloquium

1903 3849 2258 3923 vaAttitatesque
2319 3844 2627 3923 compescit3
2691 3851 2742 3923 et
2792 3844 3098 3900 desiderium
3148 3844 3346 3923 Christi
3405 3872 3502 3923 pa-

1909 3919 2117 3987 triasque
2166 3913 2378 3988 cwlestis
2417 3913 2670 3968 accendit.
2704 3915 2832 3982 Quae
2859 3935 3055 3988 semper
3100 3922 3322 3975 orationi
3363 3913 3503 3978 socia

1909 3986 2205 4056 semperque
2269 3986 2414 4039 debet
2476 4000 2586 4040 esse
2651 4003 2898 4041 connexa.
2967 3986 3306 4046 Orationibus
3368 3997 3501 4048 enim

1909 4058 2256 4125 mundamur,
2299 4057 2602 4111 lectionibus
2657 4068 2827 4112 autem
2872 4060 3198 4113 instruimur.
3270 4062 3336 4117 Et
3386 4066 3501 4119 ideo

1911 4133 1998 4202 qui
2054 4131 2158 4184 vult
2211 4146 2330 4202 cum
2377 4127 2485 4202 Deo
2531 4146 2725 4202 semper
2775 4147 2881 4184 esse
2909 4172 2922 4193 ,
2973 4132 3264 4202 frequenter
3314 4152 3502 4201 orare,

1911 4200 2202 4272 frequenter
2249 4200 2390 4254 debet
2438 4201 2623 4269 legere.
2673 4201 2818 4272 Nam
2849 4200 3222 4271 cum'oramus,
3255 4207 3356 4272 ipsi
3385 4200 3502 4262 cum

1912 4270 2020 4326 Deo
2050 4272 2344 4342 loquimur;
2376 4288 2487 4323 cum
2517 4287 2629 4323 vero
2664 4270 2902 4342 legimus,
2942 4272 3082 4326 Deus
3116 4270 3382 4330 nobiscum
3428 4281 3505 4332 lo-

1909 4341 2309 4415 quitur.0mnis
2333 4358 2454 4415 ergo
2485 4341 2744 4415 profectus
2765 4359 2836 4415 ex
2879 4341 3096 4397 lectione
3121 4387 3136 4411 ,
3188 4350 3419 4402 oratione
3460 4361 3505 4402 et

1912 4412 2241 4468 meditatione
2265 4412 2507 4484 procedit.
2542 4412 2668 4477 Qua:
2693 4413 2827 4465 enim
2853 4416 3103 4468 nescimus
3125 4460 3138 4483 ,
3171 4417 3386 4471 lectione
3425 4419 3479 4470 di
3490 4448 3506 4460 -

1910 4488 2131 4551 scimus;
2173 4501 2288 4554 qute
2328 4496 2497 4537 autem
2543 4484 2872 4538 didicerimus
2893 4527 2905 4544 ,
2934 4487 3347 4542 meditationibus
3377 4504 3506 4542 con-

228 4555 347 4615 rum
375 4555 656 4616 litterarum
684 4564 816 4616 inter
858 4563 1052 4632 gratias
1105 4563 1263 4628 gratis
1295 4562 1440 4615 datas
1471 4570 1770 4613 numeratur
1789 4573 1808 4612 :
1833 4559 1887 4618 D
1913 4573 2169 4632 servamus
2188 4572 2215 4632 ;_
2237 4565 2289 4632 et
2316 4565 2368 4608 ut
2395 4563 2696 4632 conservata
2728 4571 2759 4607 a
2799 4555 2964 4632 nobis“
2976 4555 3298 4632 impleantur
3323 4603 3337 4624 ,
3359 4629 3366 4632 _
3389 4577 3507 4613 ora-

229 4634 450 4702 ideoque
507 4633 764 4688 sceleratis
827 4634 985 4687 etiam
1046 4633 1339 4686 hominibus
1385 4632 1570 4684 donari
1621 4640 1808 4702 potest.

248 4700 433 4756 Verum
501 4703 586 4755 isti
642 4704 840 4775 divinas
895 4702 1099 4775 quidem
1166 4719 1246 4757 res
1310 4700 1674 4775 intelligunt,
1723 4700 1815 4775 sed

232 4790 342 4829 non
393 4781 590 4846 utpar
631 4782 724 4826 est.
777 4773 936 4827 Nuda
978 4775 1115 4827 enim
1161 4783 1253 4836 est,
1308 4781 1357 4827 et
1393 4773 1617 4846 jejuna._
1657 4773 1816 4846 ipsis-

230 4861 334 4916 que
402 4842 723 4911 infructuosa
788 4861 850 4899 ea
930 4846 1192 4916 cognitio,
1269 4842 1460 4916 quippe
1490 4842 1818 4916 iprincipalt

233 4914 420 4984 effectu
474 4925 523 4968 et
566 4919 736 4984 fructu
779 4924 962 4969 caret:
995 4914 1102 4968 hic
1149 4926 1319 4969 autem
1359 4914 1445 4968 est
1485 4915 1576 4967 Pei
1636 4930 1816 4980 amor,

234 4997 282 5041 et
340 4985 658 5050 obedientia,
723 4987 963 5040 vitiorum
1020 4990 1255 5046 curatio.
1334 4985 1619 5040 emendatio
1673 4986 1819 5048 ritte,

235 5067 377 5112 recta
402 5073 603 5110 morum
645 5058 936 5120 institutio,
970 5059 1200 5110 studium
1232 5057 1458 5128 juvandi
1485 5071 1651 5128 quam
1706 5056 1822 5125 plu-

234 5130 398 5181 rimos
425 5168 438 5189 ,
480 5138 528 5181 et
569 5128 637 5180 ad
675 5131 892 5181 salutem
943 5135 1188 5181 (sternam
1223 5127 1513 5179 adducendi
1550 5141 1568 5189 ;
1626 5135 1680 5178 ut
1720 5140 1823 5178 uno

235 5199 390 5252 uerbo
432 5198 619 5260 dicam,
650 5199 843 5251 intenta
885 5206 934 5251 et
979 5203 1214 5268 frequens
1240 5199 1292 5250 in
1326 5199 1554 5250 omnium
1580 5199 1826 5248 virtutum

237 5269 382 5322 cultu
439 5273 870 5330 honestarumque
922 5267 1096 5320 rerum
1157 5268 1457 5322 tractatione
1505 5267 1822 5320 exercitatio.

237 5339 533 5400 Hucusnue
556 5339 830 5394 Pererius.

316 5420 339 5448 ε
368 5409 439 5482 |_ta
470 5411 580 5464 div.
610 5410 978 5482 ﬂierouymus
1001 5409 1065 5482 ad
1097 5409 1451 5482 Nepotianum
1484 5405 1679 5476 (Epist.
1711 5408 1747 5462 2
1782 5417 1829 5482 et

234 5481 300 5554 4)
330 5479 577 5554 :Divinas
597 5479 896 5554 scripturas
908 5481 1099 5554 stepius
1130 5481 1258 5554 lege,
1291 5481 1444 5530 immo
1460 5493 1746 5554 numquam
1768 5479 1831 5531 de

234 5551 476 5607 manibus
500 5553 600 5606 tuis
620 5551 963 5622 deponantur.
993 5553 1060 5605 Et
1081 5553 1146 5604 ad
1177 5551 1450 5622 Rusticum
1476 5551 1826 5622 monachum:

237 5623 550 5685 Numquam
590 5625 654 5675 de
687 5619 865 5676 'manu
897 5633 985 5675 tua
1017 5632 1063 5675 et
1100 5621 1264 5676 oculis
1309 5621 1409 5673 tuis
1439 5619 1638 5672 recedat
1679 5620 1825 5674 liber.

240 5691 491 5746 Discatur
520 5692 823 5760 psalterium
854 5698 922 5745 ad
956 5695 1159 5748 verbum
1183 5711 1201 5759 ;
1229 5707 1346 5745 ama
1385 5691 1654 5744 scientiam
1685 5689 1830 5744 Scri-

235 5774 540 5839 pturarum,
573 5775 618 5818 et
641 5767 812 5817 carnis
839 5765 962 5818 vitia
985 5781 1084 5818 non
1109 5764 1342 5831 amabis;
1371 5762 1660 5817 scribantur
1690 5761 1826 5828 libri,

531 5859 804 5918 PATROL.
857 5857 1058 5916 XLIX
1076 5898 1088 5912 .

1915 4625 2407 4700 tione_adipiscimur
2439 4622 2717 4700 (Bernard.
2748 4641 2900 4700 serm.
2933 4622 3100 4700 5Q_ad
3125 4622 3400 4700 sororem).

1987 4695 2012 4734 δ
2036 4697 2256 4761 Spectat
2285 4697 2370 4748 illa
2405 4697 2560 4750 verba
2610 4696 2856 4762 Apostoli
2886 4697 2952 4751 ad
2986 4696 3247 4754 Hebraeos
3275 4716 3328 4754 ιχ
3350 4695 3366 4751 ε’
3407 4702 3508 4754 Ar-

1917 4786 2028 4823 cam
2059 4766 2365 4820 Testamenti
2392 4767 2765 4836 circumtectam
2792 4782 2856 4820 es:
2884 4769 3023 4821 onmi
3077 4785 3221 4836 parte
3263 4788 3413 4835 auro,
3453 4773 3508 4825 in

1919 4857 2020 4907 qua
2044 4855 2179 4911 urna
2205 4853 2363 4890 aurea
2411 4835 2603 4911 habens
2633 4854 2841 4911 manna,
2895 4848 2944 4892 et
2991 4835 3132 4909 virga
3164 4843 3359 4907 Aaron,
3392 4858 3509 4911 qua:

1923 4906 2240 4982 fronducrat,
2301 4918 2348 4961 et
2398 4907 2582 4959 tabula:
2643 4906 2974 4962 Testamenti.
3022 4906 3305 4977 Quomodo
3348 4906 3510 4966 dicat

1925 4980 2223 5049 Apostolus
2245 4994 2431 5032 urnam
2461 4991 2677 5049 auream
2708 4994 2900 5033 manna
2922 4983 3288 5035 continentem
3319 4991 3374 5036 et
3395 4982 3507 5036 vir-

1928 5048 2047 5121 gam
2099 5051 2274 5103 Aaron
2328 5048 2572 5121 fuissein
2619 5063 2742 5102 arca
2791 5049 3120 5121 Testamenti
3177 5063 3505 5116 asservatas,

1931 5119 2051 5179 eum
2075 5121 2146 5176 Ill
2173 5121 2374 5188 Regum
2409 5135 2496 5172 vm
2525 5119 2734 5173 dicatur
2784 5135 2888 5173 non
2932 5120 3100 5174 fuisse
3128 5122 3270 5174 aliud
3301 5122 3353 5176 in
3383 5139 3508 5179 arca

1933 5195 2034 5250 nisi
2067 5195 2199 5246 dli-i8
2231 5191 2437 5264 tabulas
2480 5190 2902 5264 lapideastquas
2940 5193 3114 5258 posuit
3142 5192 3372 5264 Moyses,
3399 5211 3510 5251 non

1935 5277 2015 5320 est
2065 5264 2221 5333 hujus
2255 5262 2354 5316 loci
2373 5263 2677 5333 discutere.
2732 5261 2947 5316 Sufficit
2974 5277 3040 5316 ex
3071 5261 3343 5318 sententia
3377 5269 3513 5332 Apo-

1936 5335 2055 5390 stoli
2090 5331 2206 5388 huic
2235 5340 2335 5385 tria
2365 5331 2528 5386 fuisse
2557 5331 2846 5400 aliquando
2896 5333 2947 5385 in
2997 5349 3119 5387 arca
3159 5331 3512 5401 Testamenti,

1932 5423 2052 5475 qum
2099 5405 2378 5459 moraliter
2423 5403 2510 5475 bic
2555 5410 2611 5456 et.
2639 5402 2966 5475 tropologice
3014 5404 3079 5456 ad
3136 5411 3369 5475 mentem
3399 5407 3515 5460 sive

1932 5472 2168 5532 animam
2210 5475 2324 5529 veri
2376 5473 2631 5539 religiosi,
2677 5472 2791 5527 sive
2824 5473 3056 5526 bomiois
3087 5474 3329 5542 perfecti,
3376 5475 3515 5530 refe-.-

1931 5560 2146 5608 ruutur.
2190 5543 2640 5614 quemadmodum
2668 5554 2722 5596 et
2765 5543 3025 5614 Otigeues
3056 5545 3300 5599 eamdem
3334 5560 3514 5599 arcam

1932 5619 2116 5674 retulit
2140 5634 2153 5669 :
2179 5609 2313 5670 Area
2354 5630 2532 5675 aurea,
2564 5614 2810 5682 inquieps
2858 5609 3086 5680 (Homil.
3120 5617 3179 5667 il
3213 5631 3367 5676 super
3397 5615 3516 5669 Nu-

1933 5688 2144 5758 meros),
2168 5689 2221 5740 in
2245 5703 2345 5755 qua
2380 5695 2496 5740 sunt
2518 5677 2704 5737 tabula:
2727 5677 3062 5758 Testamenti,
3095 5685 3382 5758 utopinor,
3415 5703 3518 5740 non

1931 5759 2076 5814 aliud
2100 5753 2265 5829 quam
2289 5773 2426 5813 mens
2455 5765 2630 5812 nostra
2658 5771 2767 5810 esse
2808 5753 3126 5824 declaratur,
3155 5757 3206 5810 in
3237 5772 3337 5824 qua
3361 5757 3520 5828 legem

3008 5853 3082 5912 31
