4014 6200
146 355 262 416 975

1051 359 1388 418 COLLATIO
1429 358 1564 422 XIV.
1597 392 1665 404 —
1696 351 1788 418 DE
1826 361 2168 423 SPIRITALI
2207 367 2547 428 SCIENTIA.

3334 390 3440 447 974

143 474 360 530 crassis
386 475 712 547 quibusdam
739 477 951 534 nebulis
980 477 1240 543 involuta,
1273 493 1370 534 nec
1397 479 1749 538 subtilitatem
1774 483 1831 542 Α
1854 485 2285 552 eonjecturaveris
2318 484 2545 556 (Coloss.
2573 486 2658 557 ιι).
2698 487 2828 560 Quae
2858 488 2927 546 de
2962 495 3440 560 superstitionibus
3467 515 3476 524 ε

145 570 282 639 e'jtts
313 571 746 638 deprehendere,
776 587 874 627 nec
905 572 1167 641 fulgorem
1217 572 1429 627 valeant
1454 573 1744 630 sustinere.

146 663 268 719 Sed
298 671 355 717 ut
386 663 487 716 hoc
521 664 693 731 ipsum
723 663 866 733 quod
895 675 1139 718 astruere
1168 663 1411 728 nitimur,
1443 666 1620 737 aliquo
1641 665 1749 721 cla-

140 758 267 811 rius
301 755 569 824 pandatur
597 757 870 827 exemplo,
895 773 1061 812 unum
1088 758 1218 826 legis
1247 761 1608 814 testimonium
1630 774 1750 829 pro-

142 849 346 903 tulisse
395 848 649 913 sufliciat,
693 864 787 918 per
836 849 978 916 quod
1033 854 1193 905 etiam
1243 853 1426 906 omnia
1477 861 1747 923 praecepta

143 944 397 998 coelestia
429 943 724 1002 secundum
758 960 1071 1000 mcnsuram
1091 954 1262 1001 status
1297 949 1462 1001 nostri
1496 949 1560 1002 ad
1585 963 1748 1006 omne

147 1035 439 1092 hominum
466 1051 632 1104 genus
655 1036 945 1104 probemus
971 1038 1215 1093 extendi.
1249 1038 1516 1103 Scriptum
1564 1050 1646 1094 est
1693 1041 1745 1102 in

141 1127 311 1197 lege:
350 1127 466 1180 Non
505 1128 836 1198 foruicaberis
883 1129 1082 1198 (Exod.
1121 1128 1239 1199 xx).
1288 1131 1400 1184 Hoc
1429 1131 1495 1186 ab
1529 1133 1746 1189 homine

142 1221 459 1274 carnalium
495 1221 669 1274 adhuc
699 1224 1091 1278 obscenitatum
1137 1223 1475 1295 passionibus
1511 1225 1744 1294 obligato

141 1314 456 1370 secundum
486 1315 782 1381 simplicem
813 1315 1006 1371 littera:
1028 1329 1220 1370 sonum
1245 1317 1537 1373 salubriter
1565 1330 1745 1375 custo-

141 1407 321 1461 ditur.
355 1409 438 1462 Ab
459 1423 524 1462 eo
550 1420 729 1462 autem
760 1412 847 1479 qui
876 1409 985 1478 jam
1017 1409 1084 1463 ab
1109 1409 1209 1463 hac
1238 1411 1450 1466 actione
1478 1412 1739 1467 lutulenta

139 1514 194 1555 et
233 1500 450 1570 impuro
480 1501 729 1556 discessit
777 1501 990 1569 amictu,
1030 1513 1056 1540 τι
1105 1518 1330 1561 necesse
1377 1514 1459 1560 est
1506 1505 1739 1578 itlipsum

139 1596 468 1664 spiritaliter
496 1596 801 1659 observari,
836 1605 894 1650 ut
941 1596 1147 1653 scilicet
1171 1613 1277 1652 non
1305 1599 1478 1654 solum
1503 1616 1534 1654 a
1565 1615 1738 1656 caere-

138 1689 346 1742 moniis
397 1687 659 1741 idolorum
684 1729 700 1750 ,
729 1688 824 1741 sed
866 1688 1028 1742 etiam
1063 1688 1132 1742 ab
1177 1689 1325 1744 omni
1355 1691 1738 1756 superstitione

137 1781 432 1853 gentilium
482 1789 535 1836 et
589 1781 940 1850 auguriorum
970 1783 1318 1852 omniumque
1365 1782 1641 1853 signorum
1681 1791 1736 1840 et

1856 575 1990 646 legis
2017 577 2155 634 dicta
2188 594 2310 634 esse
2337 595 2443 633 non
2475 581 2696 636 dubium
2745 593 2848 649 est,
2877 583 2928 637 in
2962 601 3095 654 quas
3122 587 3166 640 si
3204 592 3326 657 quis
3359 592 3441 645 in-

1853 669 2064 739 ciderit,
2092 673 2443 740 proculdubio
2455 675 2758 730 moechatus
2776 691 2802 730 a
2822 675 3062 749 Christo,
3087 681 3153 735 ab
3173 680 3437 750 Apostolo

1853 776 1961 817 non
1989 770 2228 818 meretur
2269 765 2457 820 audire
2480 783 2494 818 :
2523 766 2788 838 Despondi
2814 770 2945 830 etaim
2973 786 3059 825 uos
3086 776 3176 825 uni
3199 776 3308 828 uiro
3337 777 3444 829 vir-

1851 852 2019 922 ginem
2050 861 2244 909 castam
2287 854 2521 910 exhibere
2553 857 2754 912 Christo
2785 858 2854 931 (ll
2879 857 2996 913 Cor.
3031 860 3138 934 tu);
3176 863 3271 916 sed
3304 864 3436 920 illud

1851 943 1918 998 ad
1942 960 2068 1001 eum
2093 946 2234 1018 quod
2266 948 2513 1017 sequitur
2535 964 2666 1006 voce
2695 951 2935 1017 ejusdem
2965 955 3205 1023 Aposmli
3236 957 3436 1026 dirige-

1852 1048 1938 1095 tur
1971 1058 1983 1092 :
2017 1039 2197 1096 Timeo
2222 1053 2395 1098 autem
2431 1060 2542 1110 vos,
2563 1062 2626 1098 ne
2645 1047 2780 1103 sicut
2799 1063 3004 1117 serpens
3037 1050 3240 1105 seduxit
3270 1049 3438 1108 Evam

1851 1133 2042 1187 astutia
2063 1149 2178 1196 sua,
2197 1135 2272 1186 ita
2297 1144 2692 1202 corrumpantur
2710 1154 2892 1192 sensus
2918 1141 3070 1194 vestri
3115 1157 3147 1194 a
3183 1144 3435 1210 simplici-

1850 1232 1952 1277 tate
1974 1241 2086 1291 ante
2114 1237 2187 1280 est
2216 1226 2268 1278 in
2297 1224 2502 1282 Citrile
2530 1227 2656 1282 Iesu
2686 1227 2897 1301 (Ibid.).
2943 1232 3095 1300 Quod
3127 1235 3169 1288 si
3201 1235 3433 1291 immun-

1849 1315 2036 1371 ditiam
2059 1317 2221 1389 hujus
2259 1335 2479 1390 quoque
2519 1321 2889 1380 fornicationis
2915 1325 3180 1396 effugerit,
3213 1329 3436 1387 habebit

1849 1417 2094 1478 quartam
2129 1427 2248 1480 qua:
2287 1413 2524 1468 haeretici
2563 1415 2828 1482 dogmatis
2857 1416 3123 1473 adulterio
3154 1433 3431 1491 perpetra-

1849 1509 1954 1556 tur.
2006 1502 2081 1558 De
2108 1519 2210 1574 qua
2244 1504 2380 1559 idem
2415 1505 2474 1561 Β.
2508 1507 2834 1576 Apostolus:
2862 1509 2993 1580 Ego,
3046 1512 3248 1579 inquit,
3297 1519 3424 1584 scio,

1845 1597 1967 1663 quia
1995 1606 2108 1665 post
2138 1598 2508 1654 discussionem
2546 1617 2711 1655 meum
2739 1602 3002 1658 intrabunt
3041 1603 3150 1676 lupi
3173 1625 3348 1678 graves
3373 1611 3432 1666 in

1846 1701 1952 1750 vos,
1986 1703 2084 1741 non
2111 1698 2376 1756 parcentes
2395 1691 2557 1763 gregi,
2580 1700 2628 1745 et
2654 1705 2721 1747 ea:
2747 1695 2888 1746 nobis
2915 1695 3044 1764 ipsis
3084 1709 3294 1768 surgent
3329 1702 3430 1754 uiri

1845 1777 2102 1846 loquentes
2143 1798 2418 1853 perversa,
2472 1792 2527 1836 ut
2566 1783 2824 1839 abducant
2880 1785 3160 1856 discipulos
3213 1799 3327 1858 post
3375 1809 3430 1846 se

139 1873 360 1929 diermn
385 1887 448 1927 ac
471 1881 778 1942 temporum
800 1874 1171 1930 observatione
1194 1874 1455 1941 discedat,
1475 1877 1559 1932 vel
1586 1887 1738 1934 certe
1766 1895 1811 1954 Β
1845 1870 2042 1942 (Actor.
2074 1874 2188 1942 XX).
2215 1875 2360 1929 Hanc
2385 1873 2545 1930 etiam
2578 1877 2667 1943 qui
2717 1878 2953 1946 potuerit
2989 1879 3262 1938 declinare
3283 1924 3298 1950 ,
3338 1899 3429 1940 ca-

141 1981 216 2022 ne
239 1967 599 2038 quorumdam
633 1968 923 2023 verborum
955 1977 1044 2022 aut
1077 1967 1353 2022 nominum
1380 1969 1731 2039 coniecturis,

140 2074 268 2128 qua:
316 2059 688 2114 sinceritatem
724 2059 847 2114 fidei
879 2070 1073 2114 nostra:
1107 2060 1374 2130 polluunt,
1407 2061 1730 2130 implicetur.

139 2151 260 2208 llac
283 2153 429 2206 enim
468 2151 824 2208 fornicatione
859 2153 1018 2208 etiam
1058 2153 1357 2211 Jerusalem
1387 2155 1580 2210 dicitur
1606 2172 1738 2212 con-

138 2253 412 2313 stuprata,
446 2261 566 2316 quae
595 2247 852 2314 fornicata
880 2256 954 2298 est
984 2247 1036 2299 in
1071 2249 1210 2300 οτιιηὶ
1265 2250 1394 2302 colle
1431 2250 1652 2315 sublimi,
1686 2257 1737 2304 et

137 2338 238 2392 sub
269 2339 407 2391 omni
451 2338 589 2409 ligno
615 2339 862 2408 frondoso
887 2335 1102 2409 (Jerrm.
1133 2340 1236 2410 ιιι).
1265 2339 1330 2394 Et
1362 2358 1518 2412 quam
1551 2342 1731 2397 Domi-

139 2445 245 2484 nus
277 2431 473 2486 iterum
506 2432 794 2501 increpans
825 2447 922 2500 per
952 2433 1302 2502 prOphetam:
1334 2434 1502 2500 Stent,
1535 2436 1730 2505 inquit,

138 2533 187 2577 et
215 2523 411 2577 solvent
441 2531 490 2578 te
517 2541 738 2595 augures
763 2525 899 2589 caeli,
929 2526 1020 2595 qui
1047 2527 1526 2594 contemplabantur
1559 2529 1735 2582 sidera

140 2624 186 2669 et
210 2616 560 2688 supputabunt
600 2633 818 2682 menses,
850 2626 902 2670 ut
935 2634 998 2672 ea:
1039 2619 1110 2674 eis
1137 2621 1500 2674 annuntiarcnt
1549 2631 1730 2674 ventu-

137 2725 197 2762 ra
228 2712 311 2763 tibi
344 2709 525 2783 (Isaia:
554 2709 743 2780 ιινιι).
772 2709 845 2766 De
873 2727 971 2782 qua
1001 2710 1356 2768 fornicatione
1399 2723 1452 2768 et
1492 2713 1618 2769 alibi
1643 2729 1733 2768 ar-

138 2817 314 2870 guens
333 2817 428 2858 eos
452 2804 727 2864 Dominus,
758 2806 865 2858 ait:
893 2802 1119 2875 Spiritus
1147 2807 1508 2875 fornicationis
1535 2808 1733 2877 derepit

137 2912 248 2961 eos,
283 2905 331 2949 et
361 2897 606 2965 fornicati
658 2907 776 2950 sunt
823 2915 856 2950 a
909 2900 1012 2951 Deo
1042 2913 1134 2951 suo
1183 2898 1327 2967 (Ose.
1359 2899 1452 2969 tv).
1479 2901 1733 2968 Quisquis

138 3004 274 3044 vero
298 3005 322 3040 a
355 2991 567 3060 gemina
595 2989 694 3045 hac
725 2990 1088 3048 fornicatione
1119 2992 1429 3046 discesserit.
1452 3033 1468 3059 ,
1510 2993 1738 3051 habebit

138 3085 358 3138 tertiam
388 3100 547 3150 quam
569 3085 790 3152 devitet,
821 3101 944 3156 quin
967 3084 1018 3140 in
1044 3086 1162 3154 lege
1183 3085 1515 3140 etJudaisnti
1541 3101 1730 3155 super-

139 3181 456 3235 stitionibus
497 3184 824 3236 continetur.
880 3182 954 3236 De
993 3183 1188 3251 quibus
1221 3182 1551 3252 Apostolus:
1583 3181 1728 3250 Dies,

1839 1975 1964 2018 veat
2015 1981 2080 2018 ne
2135 1966 2414 2021 subtiliore
2465 1977 2689 2036 peccato
2733 1971 2788 2024 in
2836 1971 3210 2029 fornicationis
3237 1976 3426 2032 vitium

1838 2055 2154 2122 collabatur,
2207 2073 2328 2126 qua:
2372 2057 2583 2115 scilicet
2631 2059 2684 2114 in
2732 2063 3122 2131 cogitationum
3169 2081 3427 2138 pervaga-

1837 2146 1984 2202 tioue
2011 2148 2279 2213 consistit,
2305 2150 2432 2219 quia
2474 2150 2649 2206 omnis
2675 2152 2932 2223 cogitatio
2970 2171 3074 2211 non
3103 2158 3276 2213 solum
3311 2169 3426 2215 tur-

1838 2239 1948 2309 pis,
1973 2241 2066 2296 sed
2096 2241 2257 2296 etiam
2290 2243 2492 2308 otiosa,
2523 2259 2550 2295 a
2581 2243 2697 2298 Deo
2729 2247 3275 2319 quantulumcumque
3311 2252 3426 2308 dis-

1839 2336 2038 2390 cedens
2064 2378 2078 2401 ,
2126 2351 2155 2390 a
2200 2335 2441 2406 perfecto
2479 2337 2598 2392 viro
2661 2338 3090 2402 immundissimo
3135 2344 3424 2402 fornicatio

1838 2427 2146 2496 deputatur.
2530 2454 2537 2460 -

2432 2497 2658 2556 CAPUT
2707 2500 2824 2560 XII.

1982 2611 2351 2687 Interrogatio,
2384 2617 2642 2686 quomodo
2681 2618 2844 2687 possit
2878 2621 2945 2673 ad
2970 2620 3279 2678 oblivionem

2155 2686 2480 2741 saecularium
2509 2686 2793 2742 carminum
2823 2692 3093 2760 perveniri.

1909 2803 2212 2859 Germanus
2238 2820 2250 2856 :
2275 2803 2355 2858 Ad
2382 2803 2498 2858 haec
2521 2818 2624 2874 ego
2649 2804 2862 2859 occulta
2901 2805 3132 2875 primum
3161 2823 3422 2882 compun—

1837 2895 2022 2951 ctione
2074 2904 2372 2966 permotus,
2421 2909 2483 2948 ac
2514 2895 2709 2950 deinde
2751 2897 2985 2966 graviter
3037 2900 3417 2970 ingemiscens,

1839 2987 1989 3053 Hinc,
2044 2988 2284 3058 inquam,
2343 2987 2525 3042 omnia
2574 3004 2693 3059 qua:
2735 2990 3106 3059 copiosissime
3153 2993 3422 3065 digessisti

1838 3082 2044 3150 majora
2113 3080 2244 3135 mihi
2313 3080 2612 3136 intulerunt
2682 3080 3083 3154 desperatonis
3133 3096 3420 3158 augmenta

1838 3189 2000 3246 quam
2065 3176 2327 3231 hactenus
2381 3175 2740 3230 sustinebam.
2790 3177 3002 3247 Quippe
3056 3180 3142 3234 cui
3223 3192 3426 3250 praeter

138 3274 335 3344 inquit,
354 3274 630 3330 observatis
653 3285 696 3329 ct
723 3292 914 3330 menses
937 3284 981 3327 et
1010 3281 1239 3342 tempora
1263 3285 1305 3328 et
1330 3292 1492 3329 annos
1521 3273 1728 3345 (Galat.
1759 3283 1806 3348 (ζ
1840 3270 1958 3325 illas
1986 3271 2267 3341 generales
2295 3269 2490 3324 animae
2521 3267 2549 3307 δ
2578 3270 2935 3341 captivitates,
2968 3270 3164 3344 quibus
3193 3289 3298 3330 non
3326 3276 3422 3330 du-

138 3367 256 3436 tv).
313 3365 382 3420 Et
425 3367 614 3422 iterum
644 3386 657 3418 :
695 3367 778 3422 Ne
806 3367 1058 3438 tetigeris,
1090 3383 1152 3421 ne
1199 3369 1504 3440 gustaveris,
1563 3384 1729 3437 neque
1836 3365 1948 3421 bito
1977 3363 2224 3424 infirmos
2248 3377 2493 3435 quosque
2511 3363 2715 3433 pulsari
2745 3364 3105 3434 extrinsecus,
3140 3378 3162 3406 ο
3189 3369 3424 3439 speciale

1212 3503 1343 3557 ALA
1356 3503 1465 3559 RDI
1505 3503 1740 3560 ςΑΖέΕι
1779 3500 2349 3561 COMMENTARIUS.

215 3605 240 3634 ει
265 3594 420 3649 Notat
444 3595 528 3648 hic
555 3605 786 3664 quatuor
813 3594 1024 3662 species
1051 3593 1424 3647 fornicationis
1447 3595 1728 3656 spiritalis.

141 3667 319 3721 Prima
342 3676 423 3719 est
444 3666 775 3725 idololatria;
803 3665 1060 3729 soconda,
1078 3666 1254 3717 omnis
1273 3666 1588 3730 superstitio
1601 3682 1734 3735 gen-

141 3739 338 3798 tilium,
371 3737 421 3790 in
462 3740 701 3805 auguriis
729 3747 784 3790 et
804 3736 1268 3792 observationibus
1294 3736 1502 3788 dierum
1525 3751 1577 3788 et
1599 3749 1734 3790 tem-

143 3825 333 3877 porum
359 3824 374 3872 ;
411 3809 588 3872 tertia,
617 3806 1166 3876 superstitioludaica
1201 3811 1252 3860 in
1283 3809 1624 3860 caeremoniis
1655 3809 1734 3860 le-

144 3881 376 3949 galibus.
406 3882 638 3944 Quanta,
673 3879 914 3931 haeresis.
937 3878 1098 3932 Addit
1123 3887 1177 3932 et
1206 3880 1446 3947 quintam
1469 3878 1729 3945 speciem,

140 3951 448 4019 generalem
495 3951 925 4019 fornicationem,
975 3966 1095 4019 qua:
1143 3961 1225 4003 est
1255 3963 1414 4002 omne
1453 3959 1730 4017 peccatum

141 4018 248 4091 quo
265 4023 388 4086 quis
421 4041 448 4072 a
481 4020 594 4074 Deo
617 4018 876 4075 avertitur
892 4030 945 4074 et
967 4018 1031 4073 ad
1053 4029 1351 4074 creaturam
1373 4021 1727 4091 convertitur.

144 4089 219 4145 De
251 4108 351 4159 qua
387 4093 747 4145 fornicatione
777 4092 884 4144 div.
920 4093 1249 4158 Augustinus
1285 4092 1376 4145 lib.
1427 4107 1460 4144 tt
1502 4089 1732 4145 Confes-

141 4164 353 4216 sionutn
385 4178 506 4229 cap.
535 4161 568 4215 6
599 4179 612 4215 :
643 4159 975 4224 Foruicatar,
1000 4163 1194 4230 inquit,
1213 4164 1408 4224 anima,
1440 4178 1555 4215 cum
1585 4177 1734 4216 aver-

142 4237 269 4285 titur
297 4233 386 4285 abs
415 4243 486 4298 te,
509 4241 554 4285 et
581 4234 760 4303 quatrit
781 4243 922 4286 extra
949 4243 1014 4299 te,
1043 4249 1157 4302 φατε
1177 4251 1306 4303 pura
1334 4245 1379 4285 et
1409 4235 1604 4303 liquida
1627 4249 1732 4288 non

144 4305 362 4368 invenit,
391 4307 488 4357 nisi
517 4307 786 4358 runtredit
815 4305 882 4356 ad
909 4313 974 4356 te.
1007 4303 1072 4357 Et
1098 4306 1231 4357 libro
1258 4312 1439 4357 contra
1465 4305 1726 4358 Adttnatt-

141 4384 258 4429 tum
291 4390 411 4442 czip.
449 4376 508 4429 'I:
542 4376 630 4428 Est
660 4385 830 4428 autem
860 4377 1050 4428 anisnte
1081 4375 1352 4442 fornicatio
1373 4376 1568 4428 aversio
1594 4393 1627 4427 a
1653 4377 1730 4445 fe-

141 4448 402 4499 cunditate
421 4448 706 4518 sapientiae,
735 4457 778 4499 et
805 4448 872 4498 art
898 4456 1200 4517 conceptum
1231 4446 1587 4516 temporalium
1613 4448 1729 4500 ille-

142 4518 405 4570 cebrarum
435 4520 925 4586 corruptimtuntqu:
957 4518 1232 4570 conversio.

217 4586 240 4624 ι’
273 4590 326 4641 ld
357 4601 458 4652 est,
492 4592 700 4643 inustas
727 4601 782 4644 et
819 4589 1083 4651 ingenitas
1125 4599 1232 4641 tum
1265 4588 1427 4641 animi
1463 4595 1576 4642 tum
1607 4602 1732 4643 cor-

142 4660 293 4727 poris
338 4659 673 4712 intirmitates
722 4669 776 4712 et
829 4659 1076 4713 miserias
1115 4659 1368 4713 omnibus
1416 4659 1728 4714 hominibus

138 4744 455 4783 communes
486 4731 682 4796 quibus
705 4732 858 4799 quasi
892 4731 1120 4784 vinculis
1165 4734 1344 4784 anima
1375 4736 1426 4783 in
1471 4745 1720 4798 corpore,

137 4801 290 4854 velut
317 4799 369 4852 in
400 4815 618 4855 carcere
652 4802 862 4864 captiva
889 4801 1295 4869 constringitur,
1320 4803 1642 4872 deprimitur
1659 4815 1725 4856 ac

138 4872 450 4943 distinetur.
477 4874 619 4943 Quas
653 4874 851 4925 animm
886 4875 1222 4940 captivitates
1269 4876 1318 4926 iu
1351 4889 1407 4925 8-“
1435 4872 1726 4943 deplorans

136 4942 450 5009 ApoStolus,
483 4939 697 5009 Infelix,
723 4944 818 5006 ait,
837 4960 932 5015 ego
959 4939 1130 5015 homo,
1160 4945 1274 5012 quis
1301 4960 1381 4997 me
1402 4939 1636 4998 liberabit
1659 4944 1726 4998 de

138 5029 356 5076 corpore
396 5016 577 5066 mortis
606 5017 766 5085 hujus
788 5015 805 5084 (
827 5013 978 5067 Hom.
1008 5014 1148 5080 vn)?
1175 5030 1376 5083 easque
1405 5017 1592 5082 paucis
1639 5015 1724 5068 his

136 5085 317 5138 verbis
345 5085 658 5153 complexus
685 5086 798 5138 div.
828 5085 1136 5139 Bernartius
1178 5085 1369 5154 (Serm.
1406 5089 1440 5141 5
1479 5087 1529 5140 in
1560 5085 1725 5138 Dedi-

133 5159 264 5219 cat.)
291 5171 306 5207 :
338 5155 473 5218 Quid
518 5172 720 5209 necesse
749 5164 824 5209 est
849 5157 1082 5225 singulas
1131 5160 1244 5225 ejus
1269 5158 1498 5209 miserias
1545 5171 1727 5208 nume.

133 5241 272 5284 rare,
305 5243 460 5294 quam
487 5227 550 5278 sit
579 5242 799 5279 onerosa
832 5229 1071 5292 peccatis,
1100 5227 1282 5292 obfusa
1323 5225 1562 5290 tenebris,
1591 5227 1722 5278 irre-

134 5301 230 5347 tim
251 5294 524 5356 illecebris,
559 5315 794 5369 pruriens
811 5299 1255 5369 concupiscentiis,
1282 5297 1500 5350 obnoxia
1526 5298 1727 5369 passio—

133 5369 301 5448 uibns,
334 5370 545 5438 impleta
593 5367 938 5450 illusionibus,
976 5367 1152 5436 prona
1177 5385 1371 5450 semper
1401 5369 1468 5418 ad
1511 5368 1723 5450 malum,

133 5440 184 5490 in
215 5439 388 5490 vitium
417 5455 567 5491 omne
592 5439 854 5506 proclivis,
904 5452 1158 5510 postremo
1201 5439 1355 5492 totius
1404 5439 1730 5505 confusionis

131 5521 178 5562 et
207 5510 518 5580 ignorantiw
541 5511 756 5576 impleta
781 5513 803 5562 Σ)

208 5591 231 5619 ε
261 5583 458 5633 llurum
500 5582 787 5634 ocrauione
819 5583 1108 5634 verborum
1153 5581 1321 5649 quwri
1376 5588 1554 5647 posset
1598 5595 1727 5634 num

131 5651 390 5718 expediat
422 5651 699 5704 monachis
729 5652 950 5706 studere
978 5667 1062 5703 aut
1100 5654 1369 5705 studuisse
1413 5649 1730 5706 liberalibus

131 5719 470 5787 disciplinis,
513 5724 898 5786 grainmaticae,
932 5723 1175 5789 poeticae,
1206 5722 1512 5776 rhetoricae.
1547 5721 1726 5788 philo-

131 5792 362 5862 sopiti-aa,
406 5791 804 5862 etsisnilibus?
845 5792 1081 5860 Apparet
1108 5793 1250 5848 enim
1281 5809 1346 5848 ex
1376 5793 1479 5846 hoc
1525 5793 1644 5845 loco
1669 5793 1730 5849 id

128 5861 238 5922 non
270 5862 438 5919 modo
465 5861 662 5919 inutile
693 5865 981 5930 monacho,
1017 5878 1200 5920 verum
1232 5865 1392 5920 etiam
1426 5864 1646 5918 noxium
1670 5872 1728 5920 et

1761 5984 1813 6031 ts

1840 3597 2200 3664 perniciosum
2228 3590 2936 3664 censeriiquandoquidctu
2969 3594 3198 3649 orationi
3228 3605 3281 3649 et
3306 3613 3420 3654 me.

1837 3659 2086 3720 ditatioui
2114 3677 2361 3729 toagnum
2411 3659 2599 3731 aderat
2635 3660 3030 3716 incommodum
3052 3706 3065 3726 ,
3098 3677 3161 3716 ac
3197 3668 3423 3731 proinde

1837 3737 2025 3789 salutis
2046 3733 2516 3801 impedimentum,
2546 3729 2673 3783 dum
2699 3745 2851 3784 mens
2875 3729 3244 3798 historiarum,
3270 3736 3421 3791 fabu-

1838 3806 2034 3870 larum,
2076 3801 2391 3866 carminum,
2451 3810 2582 3864 etc.,
2645 3801 3018 3855 recordatione
3066 3803 3119 3858 in
3174 3811 3421 3865 oratione

1837 3877 2175 3938 diSIrahitur,
2205 3880 2259 3925 et
2280 3887 2308 3924 a
2329 3870 2706 3944 sanctiorihus
2728 3871 2998 3944 crsercitiis
3028 3881 3084 3926 et
3111 3878 3421 3944 ocrupatio.

1837 3949 2018 4012 nibus,
2055 3942 2364 4012 huiusmodi
2413 3942 2876 4010 phantasmatibus
2921 3954 3197 4010 avocatur,
3227 3942 3284 4000 ut
3335 3949 3422 4006 hic

1837 4020 2001 4073 abbas
2033 4019 2336 4071 Germanus
2366 4016 2417 4067 in
2449 4012 2631 4081 seipso
2680 4022 2934 4081 expertus
2961 4023 3016 4068 et
3041 4014 3230 4071 dolens
3258 4027 3421 4074 testa.

1837 4100 1948 4143 tur.
1979 4089 2080 4143 Cui
2106 4088 2313 4142 accedit
2340 4085 2670 4158 gravissima
2694 4084 2987 4158 auctoritas
3011 4099 3064 4141 et
3111 4089 3418 4158 exemplum

1834 4159 2188 4215 memorabile
2219 4159 2329 4212 div.
2362 4155 2695 4223 Hieronymi,
2725 4156 2814 4224 qtti
2852 4169 2912 4209 se
2941 4170 3062 4212 eam
3101 4159 3170 4214 ob
3201 4155 3419 4219 caueam

1834 4247 2030 4302 graves
2075 4246 2263 4300 prunas
2283 4228 2549 4303 divinitus
2597 4226 2766 4303 luisse
2818 4240 3228 4303 commemorat,
3274 4234 3420 4303 quod

1833 4297 2152 4358 Ciceronem
2177 4302 2386 4356 avidius
2415 4308 2468 4352 et
2495 4297 2830 4364 frequentius
2861 4297 3150 4364 lectitaret,
3183 4297 3305 4358 rem
3345 4305 3420 4360 ita

1835 4390 2098 4430 enarratis
2118 4376 2170 4428 in
2196 4372 2424 4442 epistola
2452 4369 2520 4442 ad
2548 4369 2894 4442 Eustochium
2919 4369 3112 4437 (Epist.
3139 4373 3260 4442 ‘20):
3289 4372 3422 4430 Cum

1834 4457 1956 4500 ante
1977 4462 2136 4500 annos
2164 4440 2410 4511 plurimos
2437 4441 2610 4503 domo,
2643 4440 2952 4510 parentibus,
2986 4457 3182 4503 sorore,
3210 4440 3422 4511 regna.

1836 4519 1922 4580 tis,
1967 4527 2032 4580 et,
2060 4516 2195 4586 quod
2220 4515 2314 4586 his
2348 4511 2605 4582 diﬁicilius
2635 4519 2729 4572 est,
2770 4512 3142 4566 consuetudine
3182 4513 3422 4586 lautioris

1835 4589 1955 4647 cibi.
1991 4582 2197 4654 propter
2225 4584 2465 4640 citatorum
2498 4597 2576 4633 me
2599 4597 2754 4649 regna
2774 4588 3106 4654 castrassem,
3140 4593 3188 4635 et
3223 4582 3421 4640 Hiero-

1834 4650 2096 4728 solyinant
2114 4657 2734 4728 militaturuspergerent,
2766 4650 3092 4728 bibliotheca,
3116 4669 3267 4721 quam
3295 4656 3422 4712 mihi

1834 4722 2019 4783 Rapite
2063 4743 2263 4782 summa
2313 4725 2483 4779 studio
2529 4722 2589 4776 ac
2635 4722 2808 4776 labore
2857 4727 3205 4793 confeceram,
3246 4742 3422 4782 carere

1836 4802 2045 4854 omnino
2073 4815 2176 4851 non
2208 4807 2460 4867 poteram.
2507 4793 2693 4867 Itaque
2737 4795 2888 4849 miser
2913 4811 3006 4864 ego
3047 4795 3272 4867 lecturus
3295 4797 3422 4852 Ται-

1834 4873 1965 4924 lium
1987 4865 2329 4940 jejunabam;
2356 4874 2470 4940 post
2515 4865 2742 4940 noctium
2785 4867 2988 4920 crebras
3033 4866 3255 4940 vigilias,
3305 4876 3420 4937 post

1836 4935 2114 5013 lacryinbs,
2143 4956 2274 5013 quas
2297 4939 2428 5013 mihi
2464 4935 3159 5013 prtetrritormnrecordatio
3184 4935 3420 5013 peccato-

1834 5004 1968 5067 rumv
1988 5029 2051 5067 ex
2088 5004 2206 5065 imis
2229 5004 2502 5080 uisceribus
2529 5008 2758 5080 eruebat,
2792 5004 3017 5059 Plautus
3041 5009 3336 5080 sumebatur
3367 5010 3422 5062 in

1836 5099 2057 5146 manus;
2079 5079 2348 5150 siquando
2380 5081 2433 5132 in
2457 5078 2810 5150 memetipsuns
2846 5090 3096 5150 reversus,
3135 5076 3422 5150 Prophetas

1835 5160 1998 5224 legere
2011 5145 2284 5223 coepissem.
2312 5165 2480 5224 sermo
2491 5147 2736 5224 horrebat
2753 5145 2976 5224 incultus
2996 5162 3016 5210 ;
3035 5155 3082 5199 et
3099 5147 3220 5224 quia
3240 5145 3421 5202 tamen

1837 5216 1984 5280 circis
2029 5216 2190 5279 oculis
2232 5239 2332 5275 non
2367 5220 2616 5283 uidebam,
2637 5235 2756 5276 ,tton
2781 5218 3049 5271 oculorum
3075 5217 3278 5284 culpam
3312 5235 3420 5273 esse

1838 5299 2100 5367 putabam,
2126 5293 2215 5347 sed
2235 5293 2378 5367 solis.
2423 5290 2577 5367 Quid
2594 5292 2664 5342 ita
2689 5305 2768 5367 nte
2791 5289 3276 5367 antiquususerpens
3297 5290 3420 5367 illa-

1837 5359 1998 5432 deret,
2030 5367 2198 5420 media
2223 5363 2378 5432 ferme
2422 5360 2834 5428 Quadragesima
2869 5359 3108 5432 medullis
3129 5359 3301 5432 inlusa
3342 5364 3421 5432 [et

1838 5440 1942 5492 bris
1963 5429 2147 5506 corpus
2167 5429 2347 5506 inuasit
2370 5433 2696 5506 cultausturn,
2721 5442 2766 5484 et
2787 5435 2896 5506 sine
2922 5429 3032 5506 ulla
3059 5431 3231 5506 requie
3251 5429 3420 5496 :quod

1840 5511 1978 5563 dictu
2009 5497 2207 5576 qua-uc
2236 5504 2538 5576 incredibile
2569 5511 2657 5576 sit.
2697 5517 2770 5554 sic
2805 5497 3033 5576 infelicia
3077 5498 3297 5552 membm
3330 5507 3419 5552 dr-

1839 5591 1988 5651 pasta
2023 5567 2130 5642 est,
2150 5587 2203 5628 ut
2235 5573 2432 5651 ossibus
2483 5572 2567 5650 uia:
2609 5575 2870 5651 haererent.
2919 5568 3138 5651 Interim
3169 5580 3420 5651 parantur

1838 5643 2109 5719 ὲχεεφιήω,
2141 5658 2185 5698 et
2213 5643 2378 5719 titulis
2417 5645 2604 5695 artima'
2634 5646 2796 5699 calor,
2837 5649 2941 5691 toto
2986 5643 3284 5719 frigescente
3305 5645 3420 5719 jam

1839 5715 2069 5790 corpore.
2102 5719 2153 5770 in
2193 5715 2300 5767 solo
2333 5725 2532 5790 tantum
2559 5715 3418 5790 tepentepectuscutoyalpttabat;

1840 5780 1959 5844 cum
1987 5791 2151 5842 subito
2176 5795 2357 5852 raptus
2380 5785 2440 5837 ita
2458 5785 2668 5847 intrita,
2700 5785 2768 5838 ad
2803 5780 3030 5838 tribunal
3065 5780 3269 5842 Iudicis
3307 5799 3420 5854 per.

1844 5859 2044 5924 trahor,
2076 5859 2160 5912 ubi
2189 5867 2385 5908 tantum
2425 5857 2631 5908 fumum
2671 5864 2717 5908 et
2755 5863 2956 5908 tantum
2979 5866 3085 5910 erat
3114 5873 3175 5911 ea:
3201 5857 3418 5909 circum-
