4014 6200
243 216 349 281 981

1147 210 1487 303 οριιΑτιο
1526 211 1667 269 XIV.
1699 242 1768 254 —-
1797 211 1886 270 DE
1922 210 2273 269 SPIRlTALl
2304 209 2639 271 SGIENTIA.

3430 217 3545 275 982

246 344 345 387 sus
359 330 560 389 canitie
579 338 636 389 et
664 329 937 401 patientiae
956 326 1156 384 fuerint
1176 336 1444 383 vetustate
1456 326 1703 392 decocta,
1725 341 1846 382 cum
1873 327 1926 389 Α
1952 327 2135 399 quoris
2171 326 2424 385 infundit.
2465 327 2698 384 Facilius
2726 326 2873 383 enim
2899 330 3149 398 quamvis
3174 328 3202 368 ι)
3224 331 3546 391 odoratissi-

193 495 198 499 _
247 439 449 496 magna
473 424 558 480 sui
582 422 871 496 fragrantia
894 421 963 477 de
987 435 1115 475 vase
1142 420 1217 475 tui
1240 421 1471 491 pectoris
1486 419 1849 490 proferentur,

252 528 308 573 et
339 526 614 588 tamquam
646 515 901 588 perennis
949 512 1071 568 fons
1099 512 1169 568 de
1213 511 1560 583 experientiae
1588 511 1742 567 venis
1796 520 1853 566 et

252 606 476 680 irriguis
502 606 761 663 virtutum
805 604 1078 661 meatibus
1120 602 1518 671 redundabunt,
1546 602 1853 673 ﬂuentaque

250 701 513 756 Continua
558 700 705 755 velut
756 692 823 754 de
851 697 1083 769 quadam
1113 696 1309 768 abysso
1340 696 1415 749 tui
1455 695 1634 751 cordis
1681 693 1853 751 effun-

250 793 403 849 dent.
435 794 661 849 Eveniet
690 806 924 860 namque
945 794 999 845 in
1032 799 1086 845 te
1112 790 1246 844 illud
1287 789 1429 859 quod
1459 789 1512 844 in
1538 786 1853 843 Proverbiis

248 885 322 940 ad
354 886 501 941 illum
528 885 726 940 dicitur
757 885 847 954 qui
878 884 995 938 haec
1024 896 1186 953 opere
1206 882 1600 936 consummavit
1630 899 1640 933 :
1677 889 1701 915 δ
1727 878 1853 935 Bibe

251 996 416 1050 aquas
436 979 500 1033 de
529 980 629 1033 tuis
654 980 812 1044 vasis,
830 987 877 1033 et
903 976 967 1031 de
984 985 1477 1047 puteorumtuorum
1508 976 1850 1055 fontesupero

250 1072 473 1143 efﬂuant
501 1070 590 1124 tibi
624 1085 770 1142 aqua:
810 1071 874 1124 de
903 1080 991 1124 tuo
1021 1072 1181 1140 fonte,
1234 1069 1287 1121 in
1317 1075 1432 1121 tuas
1455 1077 1625 1121 autem
1656 1068 1850 1139 plateas

251 1172 613 1235 pertranseant
637 1179 785 1235 aqua
810 1161 1106 1235 tute(Prov.
1127 1159 1204 1231 v).
1234 1161 1310 1216 Ac
1342 1162 1636 1216 secundum
1656 1160 1847 1217 Isaiam

254 1255 595 1327 prOphetam,
625 1257 721 1311 eris
747 1256 894 1328 quasi
926 1254 1111 1309 hortus
1141 1256 1399 1327 irrigans,
1450 1261 1501 1311 et
1549 1256 1683 1309 sicut
1732 1255 1849 1325 fons

252 1363 525 1419 aquarum,
558 1349 707 1420 cujus
733 1364 834 1402 non
863 1347 1106 1418 deﬁcient
1151 1363 1319 1419 aqua,
1359 1354 1406 1403 et
1451 1348 1850 1417 ludiﬁcabantur

250 1443 309 1496 in
333 1451 381 1495 te
406 1442 608 1496 deserta
639 1459 671 1496 a
700 1440 924 1509 saeculis,
948 1442 1285 1511 fundamenta
1309 1442 1653 1512 generationis
1680 1452 1727 1495 et
1763 1458 1851 1514 ge-

249 1537 535 1593 nerationis
577 1537 869 1604 suscitabis,
917 1545 965 1592 et
1008 1536 1266 1592 vocaberis
1302 1537 1588 1606 aediﬁcator
1629 1536 1845 1605 sapiam,

249 1637 486 1685 avertens
512 1630 718 1685 semitas
760 1630 1089 1695 iniquitatum
1126 1628 1309 1701 (Isaia:
1332 1627 1506 1700 Lvut).
1560 1627 1656 1685 Illa
1686 1632 1847 1687 etiam

1956 436 2101 476 mum
2124 435 2336 492 myrum
2367 421 2536 477 semel
2559 419 2843 475 horrendis
2871 418 3078 475 imbuta
3113 418 3376 477 fetoribus
3400 432 3544 484 testa

1954 514 2308 583 contaminat,
2326 529 2483 584 quam
2504 522 2565 570 ut
2587 513 2786 581 aliquid
2816 528 2884 569 ex
2913 528 2979 569 eo
3000 512 3282 569 suavitatis
3304 523 3398 570 aut
3415 531 3542 587 gn-

1954 606 2044 661 tiae
2066 607 2181 676 ipsa
2208 605 2480 675 concipiat
2504 621 2521 673 ;
2552 605 2676 674 quia
2694 604 2864 660 multo
2888 604 3049 662 citius
3072 605 3272 661 munda
3299 621 3546 665 corrum-

1953 704 2177 766 puntur,
2208 710 2371 765 quam
2395 703 2651 767 corrupta
2680 694 3027 752 mundantur.
3053 695 3131 753 lta
3158 695 3320 766 igitur
3357 705 3430 755 et.
3449 713 3545 756 vas

1954 788 2192 857 pectoris
2218 788 2393 844 nostri
2436 788 2539 843 nisi
2584 788 2737 858 prius
2762 787 2925 844 fuerit
2953 788 3022 842 ab
3048 789 3196 843 omni
3222 788 3545 846 fetidissima

1954 879 2207 935 vitiorum
2236 879 2560 951 contagione
2588 888 2894 949 purgatum,
2922 894 3031 936 non
3056 881 3352 938 merebitur
3373 882 3544 939 susci-

1954 984 2084 1040 pere
2135 970 2268 1025 illud
2320 971 2716 1029 benedictionis
2763 982 3091 1042 unguentum
3117 973 3188 1029 de
3213 987 3322 1044 quo
3348 974 3545 1036 dicitur

1952 1077 2049 1131 per
2074 1062 2403 1131 Proithelam
2436 1081 2452 1116 :
2485 1062 2634 1120 Sicut
2673 1074 2987 1135 unguentum
3015 1065 3067 1119 in
3095 1065 3264 1134 capite
3288 1066 3426 1135 quod
3454 1066 3543 1123 de-

1951 1156 2152 1211 scendit
2178 1156 2233 1209 in
2257 1155 2492 1225 barbam,
2524 1157 2736 1211 barbam
2765 1161 2963 1228 Aaron,
2992 1159 3131 1230 quod
3180 1158 3443 1214 descendit
3487 1163 3542 1216 in

1952 1263 2096 1303 oram
2124 1249 2407 1303 vestimenti
2427 1248 2539 1320 ejus
2584 1248 2757 1320 (Psal.
2782 1251 3025 1319 cum);
3050 1264 3150 1307 nec
3175 1250 3320 1307 illam
3361 1251 3543 1310 scien-

1951 1339 2076 1395 tiam
2106 1339 2413 1410 spiritalem
2459 1348 2514 1396 et
2542 1341 2760 1410 eloquia
2798 1342 3223 1412 Scripturarum,
3274 1357 3394 1414 quae
3424 1344 3543 1400 dul-

1949 1432 2091 1486 ciora
2114 1441 2240 1486 sunt
2267 1448 2423 1502 super
2452 1434 2554 1488 mel
2578 1442 2627 1487 et
2648 1434 2824 1507 favum
2843 1434 3019 1506 (Psal.
3051 1436 3226 1505 svnt),
3260 1436 3542 1507 impolluta

1949 1526 2209 1581 servabit.
2231 1525 2359 1592 Quae
2374 1527 2509 1582 enim
2529 1528 3085 1601 participatiojustitite
3099 1546 3214 1584 cum
3232 1530 3541 1601 iniquitate!

1948 1617 2050 1671 Aut
2073 1634 2189 1689 qua
2223 1619 2437 1673 societas
2464 1618 2571 1674 luci
2608 1636 2726 1674 cum
2755 1622 3017 1676 tenebris?
3049 1621 3177 1689 Qua:
3203 1632 3375 1678 autem
3415 1638 3540 1679 con-

253 1722 355 1778 tibi
380 1721 656 1778 beatitudo
679 1724 982 1793 proveniet,
1033 1737 1191 1793 quam
1238 1721 1381 1777 idem
1412 1722 1672 1791 prOpheta
1718 1739 1843 1794 pro-

1954 1711 2113 1788 ttentio
2140 1709 2335 1764 Christi
2363 1711 2431 1765 ad
2459 1710 2627 1766 Belial
2651 1713 2669 1781 (
2702 1710 2745 1766 ll
2775 1710 2893 1766 Cor.
2921 1710 2995 1782 Vl)
3019 1712 3043 1766 ?

255 1813 457 1871 mittit;
482 1811 550 1865 Et
578 1829 682 1867 non
710 1813 861 1883 faciet
879 1813 1130 1869 Dominus
1154 1814 1358 1868 avolare
1378 1829 1409 1868 a
1437 1822 1484 1868 te
1509 1816 1650 1871 ultra
1670 1818 1849 1872 docto-

252 1920 364 1957 rem
393 1914 557 1974 tuum,
608 1912 656 1959 et
702 1914 848 1959 erunt
886 1902 1022 1958 oculi
1081 1905 1159 1959 tui
1210 1905 1432 1959 videntes
1482 1916 1846 1977 prteceptorem

252 2009 423 2065 tuum,
452 2008 502 2050 et
522 2012 674 2051 aures
700 2005 804 2052 tua:
828 1998 1039 2053 audient
1067 1996 1269 2053 verbum
1299 2008 1409 2069 post
1425 2008 1621 2072 tergum
1638 2017 1846 2057 monen-

254 2092 342 2145 tis.
380 2089 506 2144 llwc
527 2091 631 2156 via,
668 2090 927 2144 ambulate
953 2090 1005 2145 in
1034 2107 1113 2158 ea,
1150 2107 1310 2162 neque
1334 2092 1403 2145 ad
1425 2091 1665 2147 dextram
1684 2110 1847 2166 neque

253 2184 327 2237 a‘d
350 2184 610 2238 sinistram
640 2181 822 2254 (Isaia:
849 2183 1001 2253 xxx).
1029 2187 1200 2255 Atque
1225 2186 1295 2239 ita
1326 2185 1417 2241 ﬁet
1446 2195 1503 2241 ut
1538 2203 1642 2241 non
1665 2188 1844 2243 solum

256 2277 436 2332 omnis
464 2276 692 2332 dircctio
720 2292 783 2332 ac
814 2277 1091 2334 meditatio
1118 2279 1295 2335 cordis
1327 2281 1423 2346 tui,
1452 2297 1639 2337 verum
1681 2283 1842 2337 etiam

256 2378 466 2424 cunctae
492 2369 830 2439 evagationes
849 2381 1010 2440 atque
1026 2369 1305 2429 discursus
1326 2373 1708 2444 cogitationum
1729 2384 1844 2430 tua-

252 2476 394 2526 rum,
426 2461 534 2515 sint
562 2460 655 2517 tibi
680 2460 875 2517 divinae
916 2461 1048 2533 legis
1074 2470 1260 2518 sancta
1284 2475 1343 2519 et
1385 2464 1724 2521 incessabilis
1755 2482 1845 2522 ru-

255 2551 499 2607 minutio.

840 2645 1071 2703 CAPUT
1110 2644 1249 2705 XIV.

257 2734 410 2808 Quod
435 2740 704 2795 immunda
729 2742 929 2818 anima.
952 2760 1115 2818 neque
1142 2743 1347 2818 tradere
1382 2760 1543 2815 neque
1586 2746 1844 2818 percipere

681 2814 841 2884 possit
858 2812 1122 2868 scientiam
1143 2816 1445 2883 spiritalem.

330 2922 661 2995 lmpossibile
708 2936 791 2984 est
832 2940 1013 2984 autem
1046 2930 1181 2997 huic,
1214 2930 1355 2987 sicut
1398 2932 1603 3001 praefati
1633 2947 1840 3002 sumus,

255 3014 596 3087 inexpertum
626 3035 944 3091 quemquam
995 3022 1079 3076 vel
1124 3037 1423 3093 agnoscere
1476 3025 1564 3079 vel
1620 3026 1838 3084 docere.

254 3104 388 3161 Nam
425 3108 516 3179 qui
564 3125 632 3166 ne
682 3111 747 3165 ad
795 3090 1203 3183 percipiendum
1241 3115 1458 3184 quidem
1508 3132 1678 3187 capax
1715 3130 1839 3190 est,
1868 3090 1913 3153 (ἶ

254 3199 528 3267 quomodo
575 3202 677 3256 erit
733 3204 958 3259 idoneus
1003 3204 1069 3259 ad
1111 3201 1478 3265 tradendum?
1527 3208 1606 3266 De
1649 3211 1845 3281 quibus

257 3298 440 3345 tamen
469 3291 679 3348 etiamsi
709 3295 917 3364 aliquid
948 3295 1148 3353 docere
1193 3303 1617 3370 praesumpserit,
1670 3303 1847 3359 ineffi—

255 3397 358 3437 cax
387 3387 741 3455 proculdubio
770 3398 824 3445 et
866 3391 1071 3448 inutilis
1122 3410 1291 3466 usque
1328 3395 1394 3450 ad
1425 3412 1586 3455 aures
1613 3407 1848 3457 tantum-

258 3475 420 3530 modo
450 3478 783 3536 audientium
811 3482 933 3553 ejus
978 3499 1162 3542 sermo
1211 3490 1507 3557 perveniet.
1541 3506 1635 3547 cor
1663 3504 1844 3550 autem

257 3582 446 3623 eorum
467 3580 755 3639 penetrare
780 3589 885 3630 non
926 3577 1144 3647 poterit,
1172 3578 1364 3636 inertia
1394 3596 1617 3652 operum
1665 3594 1719 3639 et
1762 3586 1844 3640 ins-

258 3657 638 3719 fructuositate
650 3680 758 3719 suae
788 3663 1034 3738 proditus
1049 3671 1331 3740 vanitatis;
1355 3674 1474 3743 quia
1494 3690 1599 3730 non
1628 3676 1699 3731 de
1725 3676 1843 3733 the-

257 3764 420 3806 sauro
448 3751 607 3808 bona:
628 3757 893 3824 promitur
915 3762 1278 3828 conscientiae,
1326 3764 1421 3817 sed
1477 3765 1545 3819 de
1590 3767 1735 3821 inani
1764 3769 1846 3837 ja-

257 3843 475 3899 ctantias
505 3849 943 3918 praesumptione.
980 3851 1318 3920 lmposdbile
1348 3868 1580 3925 namque
1617 3866 1703 3912 est
1735 3860 1838 3914 im-

257 3937 513 3991 mundam
545 3942 780 3995 animam
831 3945 1159 4011 quantalibet
1207 3947 1553 4003 desudaverit
1593 3949 1845 4006 lectionis

259 4026 537 4093 instantia,
567 4030 792 4101 adipisci
826 4035 1105 4092 scientiam
1134 4039 1461 4108 spiritalem.
1508 4041 1676 4097 Nemo
1699 4044 1843 4098 enim

260 4123 314 4175 in
341 4138 433 4178 vas
464 4123 685 4180 fetidum
727 4136 887 4197 atque
912 4143 1222 4201 corruptum
1255 4141 1585 4204 unguentum
1628 4137 1845 4205 aliquod

261 4214 444 4271 nobile
472 4225 564 4272 aut
592 4220 700 4275 mel
743 4224 1033 4292 optimum,
1070 4232 1164 4280 aut
1206 4228 1427 4299 pretiosi
1451 4228 1740 4300 quidquam
1774 4231 1842 4285 li-

2551 1842 2782 1900 CAPUT
2820 1841 2938 1899 XV.

1946 1934 2185 2003 Objectio
2210 1935 2275 1990 de
2292 1950 2352 1989 eo
2380 1936 2516 2005 quod
2547 1937 2697 1990 multi
2718 1936 2972 2009 immundi
2996 1936 3263 1992 scientiam
3294 1935 3540 2009 habeant,

2403 2017 2451 2061 et
2479 2008 2646 2062 sancti
2675 2022 2777 2063 non
2803 2007 3043 2063 habeant.

2021 2121 2323 2177 Germanus
2351 2136 2362 2174 :
2413 2121 2667 2176 Deﬁnitio
2695 2124 2794 2177 ista
2827 2136 3165 2195 nequaquam
3194 2120 3412 2183 videtur
3437 2140 3536 2184 no-

1947 2215 2032 2271 bis
2083 2218 2310 2271 veritate
2355 2214 2553 2281 fulciri,
2605 2223 2700 2270 aut
2741 2216 3012 2285 probabili
3050 2217 3259 2273 ratione
3285 2216 3536 2277 subnixa.

1945 2307 2079 2363 Cum
2128 2308 2271 2362 enim
2297 2320 2486 2363 omnes
2514 2308 2605 2378 qui
2638 2308 2795 2363 ﬁdem
2838 2305 3039 2363 ChriSti
3080 2316 3172 2364 aut
3194 2320 3534 2383 nequaquam

1946 2402 2268 2472 suscipiunt,
2315 2410 2406 2455 aut
2432 2401 2595 2470 impia
2624 2401 2933 2470 dogmatnm
2976 2402 3243 2471 pravitate
3292 2414 3538 2461 cci-rum.

1946 2504 2099 2566 punt,
2131 2493 2393 2550 intmbndi
2414 2493 2594 2549 cerdis
2624 2506 2744 2548 esse
2774 2493 3118 2549 manifestum
3146 2495 3236 2562 sit,
3266 2495 3538 2566 quomodo

1947 2589 2105 2645 multi
2130 2589 2440 2644 .lttdazorum
2470 2592 2630 2656 atque
2660 2585 3062 2654 bmrcticorum,
3112 2587 3196 2641 vel
3242 2586 3403 2642 etiam
3440 2600 3537 2644 ca-

1942 2681 2269 2736 tholicorum
2303 2680 2392 2749 qui
2421 2679 2650 2734 diversis
2671 2678 2816 2733 vitiis
2839 2678 3209 2743 involvuntur,
3242 2678 3538 2749 perfectam

1946 2774 2344 2843 Scripturarum
2390 2773 2669 2827 scientiam
2697 2771 3010 2839 consecuti,
3059 2772 3127 2828 de
3152 2771 3411 2842 spiritalis
3436 2771 3539 2828 do-

1945 2867 2136 2921 ctrinae
2183 2866 2551 2937 magnitudine
2580 2864 2922 2935 gloriantur;
2977 2873 3032 2921 et
3066 2876 3290 2923 econtra
3319 2875 3539 2925 sancto-

1945 2977 2065 3016 rum
2098 2961 2334 3016 virorum
2372 2960 2654 3015 innumera
2684 2958 3005 3026 multitudo,
3056 2972 3286 3033 quorum
3336 2974 3433 3019 cor
3470 2962 3540 3022 ab

1946 3054 2093 3109 omni
2121 3045 2466 3125 peccatorum
2492 3053 2817 3122 contagione
2845 3062 3131 3124 purgatum
3160 3054 3542 3126 est,simplicis

1949 3149 2072 3204 fidei
2118 3147 2346 3218 puritate
2374 3154 2628 3203 contenta
2661 3144 2851 3221 [Lips.
2899 3148 2952 3202 in
2999 3162 3166 3222 marg.
3215 3156 3467 3206 contecta
3487 3143 3535 3221 ],

1950 3238 2320 3311 profundioris
2365 3239 2611 3295 scicntia
2655 3239 2868 3311 ignorat
2894 3238 3135 3297 arcana?
3178 3238 3541 3309 Quemadmoo

1949 3330 2075 3389 dum
2102 3342 2233 3404 ergo
2260 3333 2429 3388 stabit
2453 3335 2555 3390 ista
2604 3337 2866 3392 sententia
2899 3352 3019 3406 qua:
3067 3338 3344 3394 scientiam
3372 3335 3541 3409 spiri-

1948 3426 2115 3484 talem
2142 3426 2243 3482 soli
2275 3427 2455 3482 cordis
2480 3428 2671 3482 tribuit
2704 3426 2965 3498 puritati?

2538 3559 2766 3616 CAPUT
2807 3558 2947 3615 XVI.

1951 3672 2236 3744 Responsio
2261 3670 2399 3737 quod
2426 3668 2550 3723 mali
2575 3672 2842 3725 scientiam
2870 3685 3040 3725 verant
3071 3670 3259 3726 habere
3290 3686 3395 3727 non
3422 3687 3546 3741 pos-

2657 3749 2791 3795 sunt.

2021 3856 2279 3913 Nesteros
2306 3873 2319 3909 :
2352 3855 2504 3911 Haud
2536 3865 2685 3910 recte
2714 3856 2969 3911 virtutem
2999 3855 3330 3914 definitionis
3355 3856 3541 3927 explo-

1952 3961 2055 4019 rat,
2075 3949 2164 4020 qui
2193 3964 2299 4004 non
2331 3949 2509 4004 omnia
2537 3947 2826 4018 diligenter
2847 3949 3074 4017 prolatae
3102 3949 3396 4005 sententia
3419 3964 3544 4006 ver-

1951 4043 2019 4099 ba
2054 4041 2358 4112 perpendit.
2394 4040 2747 4096 Praediximus
2776 4054 3010 4111 namque
3040 4040 3344 4111 huiusmodi
3372 4040 3544 4098 homi-

1953 4152 2050 4192 nes
2080 4135 2388 4207 disputandi
2416 4142 2622 4189 tantum
2656 4132 2857 4188 habere
2898 4133 3168 4205 peritiam,
3198 4142 3252 4189 et
3279 4132 3546 4191 elocutio-

1956 4232 2042 4287 nis
2064 4238 2334 4297 ornatum,
2359 4236 2613 4284 czeterum
2641 4225 3039 4296 Scripturarum
3060 4240 3228 4284 venas
3254 4235 3309 4283 et
3345 4240 3546 4283 arcana

1324 4384 1579 4441 ALARDI
1621 4378 1854 4443 GAZAEI
1892 4380 2459 4444 COMMENTARIUS.

331 4512 356 4539 ι
388 4504 462 4559 Ita
486 4503 644 4558 etiam
677 4503 807 4573 legit
837 4504 898 4557 D.
918 4503 1111 4558 Hieron
1158 4519 1275 4557 mus
1299 4505 1351 4558 in
1383 4521 1503 4571 cap.
1534 4521 1679 4559 xxxii
1711 4504 1843 4560 Eze-
1869 4510 1923 4569 D
1947 4514 2201 4575 guentum
2236 4514 2355 4569 est;
2385 4510 2654 4571 unguenta
2683 4507 2865 4556 autem
2896 4498 3023 4553 olim
3056 4495 3432 4553 odoratissima
3480 4510 3545 4556 ac

336 4575 476 4629 ἱριίει.
506 4590 568 4629 ex
611 4575 963 4629 ιουιιηθιηιιίυετε
991 4518 1154 4629 ωωῖἶ
1188 4574 1404 4629 Vulantu
1434 4586 1611 4629 autem
1644 4577 1801 4629 lectio
1828 4593 1841 4629 :
1951 4576 2342 4629 nretinsiSsima
2372 4573 2487 4628 ﬁeri
2519 4573 2693 4627 Solere
2720 4570 2882 4626 etiam
2901 4570 3015 4625 div.
3035 4564 3271 4627 Joannes
3292 4567 3342 4622 in
3369 4567 3545 4625 Evan-

260 4575 476 4638 clticlis,
506 4590 568 4630 ex
611 4575 963 4629 translatioite
991 4574 1154 4630 LXX.
1188 4574 1404 4644 Vulgata
1434 4586 1611 4630 autem
1644 4577 1801 4631 lectio
1828 4593 1841 4631 ε

263 4644 387 4699 Bibe
413 4656 597 4718 aquam
625 4644 689 4698 de
716 4647 939 4718 cisterna
967 4656 1074 4708 tua,
1100 4657 1146 4699 et
1175 4649 1368 4718 ﬂuenta
1393 4647 1532 4714 putei
1561 4647 1635 4699 tui
1660 4662 1677 4700 :
1710 4647 1849 4700 deri-

262 4723 443 4789 tfentur
476 4715 638 4789 fontes
663 4719 734 4769 tui
760 4717 925 4789 feras,
974 4727 1019 4770 et
1043 4719 1096 4770 in
1132 4715 1315 4789 plateis
1342 4735 1503 4788 aquas
1532 4727 1645 4771 tuas
1677 4719 1847 4771 divide

263 4783 449 4857 (Prov.
476 4783 559 4858 'v).
591 4787 723 4853 Quae
760 4783 919 4842 verbi
952 4783 1210 4842 enarratis
1250 4788 1309 4841 D.
1339 4783 1631 4858 Gregorius
1665 4789 1715 4842 in
1746 4788 1850 4842 Pa-

262 4858 449 4910 stomli
482 4856 644 4924 (Par.
674 4872 754 4929 tu,
784 4858 877 4926 25)
917 4875 929 4912 :
959 4858 1181 4929 Aquam,
1213 4859 1415 4927 inquit,
1450 4856 1756 4929 pra‘dicator
1788 4859 1850 4912 de

260 4942 355 4981 sua
380 4928 779 4999 cisternngblbit,
812 4938 927 4999 cum
956 4928 1024 4981 ad
1046 4944 1133 4981 cor
1162 4940 1308 4982 suum
1334 4932 1537 4983 rediens
1566 4931 1711 4999 prius
1757 4946 1852 4982 au-

262 5000 469 5070 ditipse
488 4997 625 5070 quod
653 4998 973 5070 dicitsBibit
996 5000 1134 5070 idem
1160 5001 1238 5052 sui
1286 5000 1482 5069 ﬂuenta
1512 4997 1670 5070 putei,
1702 4999 1850 5070 sisui

258 5068 561 5141 irrigatione
580 5069 717 5124 verbi
745 5068 1060 5141 infunditur.
1091 5069 1189 5124 Ubi
1219 5069 1341 5141 bene
1354 5068 1683 5141 subjungitur
1704 5086 1721 5123 :
1746 5068 1853 5141 Qe-

262 5137 487 5193 ritte'ntur
517 5145 681 5212 fontes
711 5141 785 5193 tui
812 5140 951 5211 foras
983 5149 1029 5212 et
1058 5142 1112 5194 in
1143 5140 1325 5212 plateis
1348 5137 1508 5210 aquas
1531 5137 1720 5212 divide.
1746 5137 1851 5212 Re-

262 5219 397 5262 clunt
418 5209 612 5282 quippe
634 5220 777 5264 eum
799 5209 912 5279 ipse
938 5211 1082 5273 prius
1111 5210 1269 5275 bibat,
1299 5218 1345 5264 et
1368 5220 1485 5263 tunc
1518 5209 1851 5282 prtcdirando

260 5281 379 5354 aliis
405 5279 594 5350 inﬂuat
616 5296 635 5335 :
664 5284 832 5354 fontes
854 5284 1042 5353 quippe
1072 5284 1215 5354 foras
1246 5282 1502 5354 deriuare,
1522 5279 1606 5354 est
1627 5279 1851 5335 exterius

259 5352 383 5405 aliis
428 5348 526 5406 vim
582 5348 990 5420 praedicationis
1016 5348 1330 5422 infundere;
1369 5351 1421 5403 in
1448 5348 1850 5422 plateis__autem

260 5438 423 5490 aquas
472 5419 719 5483 diuidere,
764 5430 838 5477 est
880 5423 935 5475 in
959 5419 1149 5493 magna
1179 5419 1481 5493 auditorum
1510 5419 1849 5493 amplitudine

262 5488 412 5546 iuxta
430 5494 836 5569 uniuscujusque
858 5488 1157 5569 qualitatem
1187 5491 1632 5569 divina‘eloquia.‘
1648 5488 1853 5569 dispen-

261 5578 399 5630 sare,
424 5556 678 5621 διο.γίάέ
700 5556 955 5621 etiatn'S.
982 5556 1324 5619 Ambrosium
1358 5562 1454 5617 lib.
1490 5556 1565 5614 'de
1594 5556 1852 5619 Para'diso

263 5647 387 5744 θ’θ’
409 5632 638 5785 gyrum,
693 5705 766 5763 ait
793 5703 1104 5777 Ciaconius,
1135 5707 1248 5764 sive
1274 5707 1436 5791 μύρον
1458 5740 1474 5768 ,
1506 5698 1709 5757 Graecis
1752 5712 1854 5761 un-

1951 4564 2353 4647 prctinsiSsima
2372 4564 2489 4628 fieri
2519 4573 2693 4627 Solere
2720 4570 3015 4647 etiamdiv.
3035 4564 3271 4647 Joannes
3292 4567 3548 4647 inﬁvan-

1951 4639 2093 4716 geliu
2126 4654 2370 4709 testatur,
2400 4654 2521 4699 cum
2554 4654 2734 4697 narrat
2761 4642 2987 4716 Mariam
3022 4641 3294 4716 accepisse
3350 4639 3545 4716 libram

1954 4709 2211 4787 unguenti
2240 4716 2393 4770 nardi
2426 4716 2599 4787 pistici
2636 4714 2881 4787 pretiosi.
2916 4722 2969 4767 et
2998 4709 3219 4787 uuxis‘se
3263 4710 3430 4781 pedes
3455 4709 3547 4787 Je-

1954 4781 2053 4851 Sil:
2073 4787 2403 4855 domumque
2428 4781 2715 4854 impletum
2773 4784 2938 4837 fuiSSe
2966 4799 3037 4855 cs
3058 4784 3234 4855 odore
3262 4781 3544 4855 unguenti.

1955 4857 2133 4914 Utitur
2168 4857 2266 4910 hac
2299 4851 2429 4910 voce
2462 4851 2731 4923 tamquam
2766 4855 2977 4919 Latina,
3028 4854 3263 4907 llilarius
3309 4854 3361 4906 in
3396 4851 3548 4905 Psal-

1956 4944 2104 4982 mum
2129 4942 2308 4982 cxxxn
2346 4944 2356 4979 :
2386 4929 2579 4989 Aaron,
2607 4926 2778 4993 inquit
2809 4924 2961 4995 (Cap.
2997 4924 3119 4989 xtl),
3166 4938 3310 4995 mer
3359 4923 3546 4988 confu—

1958 5000 2119 5053 sionis
2142 5000 2366 5067 ungitur.
2400 4995 2461 5050 Et
2499 4995 2658 5065 paulo
2687 5005 2808 5061 post
2840 5013 2851 5048 :
2902 4995 3302 5067 Ut_igitur__hac
3341 5006 3547 5060 myrum

1959 5084 2131 5142 omnes
2156 5061 2362 5142 felenles
2394 5061 2575 5142 odores
2607 5067 2905 5142 exstinguit.
2959 5061 3047 5117 Ε(
3075 5066 3131 5119 S.
3165 5061 3543 5142 Hieronymus,

1958 5142 2041 5195 vel
2078 5136 2304 5192 Rufinus
2337 5139 2533 5197 potius,
2561 5137 2610 5189 in
2644 5136 2996 5191 translatione
3023 5136 3538 5191 commentariorum

1959 5153 2041 5195 VCI
2078 5153 2304 5192 “UIIIIUS
2374 5153 2533 5197 OUUS,
2561 5153 2610 5189 Ill
2644 5153 2996 5191 trausmuone
3023 5153 3538 5191 COHIHIClllaI'lUl'Ulll

1959 5210 2287 5280 Origenisin
2332 5153 2627 5275 Epistolam
2673 5206 2737 5260 ad
2767 5207 3204 5280 Bottianos__cap.
3235 5216 3264 5254 v
3308 5202 3425 5259 haec
3453 5200 3549 5280 ita-

1960 5273 2099 5336 het':
2134 5277 2230 5333 Vel
2259 5273 2443 5331 iterum
2468 5290 2581 5330 cum
2606 5276 2942 5344 peccatricem
2960 5274 3232 5344 mulierem
3256 5287 3352 5344 non
3365 5273 3549 5344 probi:

1961 5334 2105 5406 bebat
2145 5349 2435 5419 contingere
2481 5334 2634 5418 pedes
2661 5364 2779 5402 suos
2805 5387 2819 5408 ,
2848 5345 2925 5399 vel
2954 5338 3196 5469 lacrimis
3226 5334 3428 5422 rigare,
3470 5334 3551 5398 vel

1962 5420 2171 5469 cnnillis
2203 5426 2414 5469 temere.
2446 5419 2524 5469 vel
2556 5433 2698 5469 muro
2725 5430 3024 5469 nerunaere.
3100 5431 3130 5466 n
3171 5424 3389 5469 excusis
3414 5413 3550 5468 Cas-

1962 5420 2171 5493 capillis
2203 5413 2414 5493 tergere,
2446 5413 2524 5471 vel
2555 5433 2700 5493 nigro
2725 5430 3024 5493 perungere.
3066 5413 3130 5493 lu
3171 5413 3389 5493 excusis
3414 5413 3550 5493 (Pas-

1960 5482 2123 5548 slanis
2144 5482 2422 5560 legebatur
2451 5504 2465 5541 :
2499 5482 2913 5560 odoratissintani
2940 5484 3225 5560 inquirant,
3251 5484 3347 5536 aut
3400 5482 3551 5560 vitio-

1961 5562 2071 5619 sius
2100 5550 2517 5617 odoratissimum
2543 5554 2829 5626 myrrham.
2856 5550 3297 5620 HmcCiaconius,
3312 5565 3472 5622 quem
3494 5550 3551 5611 in

1963 5635 2062 5691 hac
2092 5628 2435 5693 correctione
2463 5628 2632 5681 secuti
2661 5634 2865 5680 sumus.

3559 2093 3569 2135 l
