4054 6186
514 268 622 326 983

1578 266 1859 323 JOANNIS
1895 265 2204 321 CASSIANI
2245 264 2738 322 COLLATIONES.

512 381 835 451 spiritalium
887 397 1146 439 sensuum
1205 382 1409 436 intrare
1451 394 1559 435 non
1605 393 1783 449 posse.
1815 390 1839 415 ι
1894 379 2106 434 Etenim
2141 385 2190 443 Α
2216 380 2347 444 tltee,
2379 377 2668 449 depositum
2716 377 2937 442 custodi,
2963 377 3188 431 devitans
3219 378 3467 448 profanas
3493 391 3681 432 vocum
3714 395 3809 432 no-

513 491 638 530 vera
669 476 895 531 scientia
924 492 1029 530 non
1061 475 1161 529 nisi
1188 489 1217 527 a
1248 472 1390 527 veris
1419 472 1513 527 Dei
1536 472 1837 527 cultoribus
1868 472 2106 542 posside-

515 578 618 633 tur,
655 584 813 637 quam
848 569 893 621 is
926 569 1112 637 utique
1132 580 1237 619 non
1271 563 1434 617 habet
1463 565 1711 633 papultts,
1746 566 1831 619 cui
1864 565 2102 621 dicitur:

512 660 673 723 Audi,
707 659 899 730 popnle
939 659 1111 721 stulte,
1168 656 1256 723 qui
1297 671 1399 708 non
1445 655 1599 709 habes
1638 672 1745 720 cor,
1794 658 1881 726 qui
1908 656 2105 710 habetis

511 752 687 805 oculos
710 763 754 803 et
778 767 877 802 non
904 750 1107 813 videtis,
1132 758 1178 800 et
1205 765 1357 800 aures
1384 759 1429 800 et
1452 765 1551 801 noti
1582 750 1773 801 auditis
1798 747 2008 817 (Jerem.
2028 750 2100 817 ν).

513 844 580 898 Ει
612 845 802 895 ἰιετυτιι
839 858 851 891 :
894 840 1027 906 Quia
1057 850 1110 891 tu
1142 841 1413 893 scientiam
1444 842 1702 911 repulisti,
1744 852 1790 892 et
1812 856 1904 910 ego
1935 840 2105 908 repel-

514 935 618 986 lam
649 943 697 986 te
716 974 729 997 ,
762 949 823 985 ne
849 933 970 984 mihi
997 932 1287 984 sacerdotio
1332 932 1570 1000 fungaris
1616 932 1632 1000 (
1660 930 1782 985 Ose.
1811 946 1865 983 tv
1889 932 1927 1000 ).
1972 928 2107 984 Cum

512 1024 662 1078 enim
710 1025 761 1075 in
790 1023 997 1077 Christo
1028 1041 1199 1077 omnes
1233 1023 1460 1077 thesauri
1487 1026 1753 1094 sapientia:
1801 1034 1844 1076 et
1886 1025 2109 1077 scientia:

512 1116 798 1169 absconditi
829 1131 949 1169 esse
977 1115 1228 1169 dicantur
1254 1114 1477 1187 (Coloss.
1506 1115 1607 1186 Ill),
1639 1115 1914 1185 quomodo
1941 1114 1986 1168 is
2016 1116 2108 1184 qui

514 1210 792 1267 Christum
817 1211 1063 1264 invi-nire
1091 1210 1469 1279 contempsit,
1502 1220 1595 1263 aut
1622 1210 1900 1263 inventum
1933 1208 2108 1262 sacri-

514 1303 637 1373 lego
666 1318 759 1357 ore
796 1302 1187 1368 blaSpbemavit
1216 1344 1228 1365 ,
1277 1312 1369 1356 aut
1397 1313 1545 1357 certe
1572 1302 1898 1356 catholicam
1950 1301 2109 1355 ﬁdem

517 1398 808 1453 immundis
836 1398 1094 1467 operibus
1138 1397 1360 1467 polluit,
1394 1412 1579 1451 veram
1628 1398 1911 1451 scientiam
1961 1412 2111 1452 asse-

515 1500 671 1545 cutus
703 1505 825 1544 esse
854 1488 1159 1544 credendus
1190 1488 1307 1543 est?
1330 1488 1559 1559 Spiritus
1579 1488 1716 1541 enim
1747 1485 1846 1541 Dei
1880 1488 2106 1555 discipli-

514 1603 594 1639 na:
610 1584 820 1654 effugiet
843 1585 1038 1653 fictum,
1064 1600 1155 1638 nec
1185 1583 1435 1636 habitabit
1457 1584 1509 1635 in
1540 1598 1751 1652 corpore
1776 1582 1982 1634 subdito
1996 1599 2106 1650 pec—

514 1680 642 1732 catis
668 1677 931 1749 (Sapient.
964 1678 1024 1744 t).
1071 1677 1188 1731 Non
1219 1690 1350 1745 ergo
1381 1675 1513 1730 alias
1538 1675 1603 1728 ad
1634 1675 1912 1728 scientiam
1953 1674 2113 1743 spiri-

2210 472 2405 536 vitam,
2444 480 2492 524 et
2530 468 2877 541 oppositiones
2921 469 3044 538 falsi
3070 469 3288 522 nominis
3312 468 3589 539 scientiar(
3615 469 3635 523 l
3663 469 3804 525 Tim.

2209 562 2304 633 vi),
2338 562 2480 631 quod
2514 563 2564 615 in
2594 560 2783 616 Grch
2826 560 3022 616 dicitur
3072 580 3087 615 :
3132 562 3497 637 ἐκτρεπόμενος
3527 564 3624 623 τὰς
3650 564 3808 636 βεϐή-

2208 656 2326 716 λους
2356 665 2378 693 ε
2410 655 2707 727 κενοφωνίας
2735 657 2819 707 καὶ
2846 652 3139 714 ἀντιθέσεις
3173 662 3265 715 τῆς
3292 652 3637 727 ψευδωνύμου
3679 660 3808 729 γνὼ-

2210 770 2365 807 σιως.
2402 747 2478 800 De
2501 746 2624 800 istis
2656 761 2785 815 ergo
2816 747 2904 814 qui
2929 746 3214 815 imaginem
3238 746 3530 814 quamdam
3559 748 3807 803 scientia:

2210 839 2464 894 videntur
2506 838 2810 907 aequitere,
2852 839 2935 893 vel
2966 837 3034 892 de
3075 837 3157 891 his
3196 840 3284 908 qui
3339 852 3460 891 cum
3518 853 3805 895 sacrorum

2214 933 2554 985 voluminum
2588 930 2811 985 lectioni
2842 946 2903 984 ac
2936 929 3209 984 memoria:
3240 929 3645 995 Scripturarum
3684 934 3811 987 dili-

2210 1036 2401 1095 genter
2430 1025 2703 1089 insistant,
2720 1023 2952 1077 carnalia
2978 1032 3156 1076 tamen
3180 1022 3308 1076 vitia
3330 1038 3436 1075 non
3461 1023 3810 1092 relinquunt,

2214 1120 2267 1173 in
2294 1117 2604 1172 Proveibiis
2635 1118 2913 1187 eleganter
2937 1115 3261 1184 exprimitur
3293 1130 3307 1166 :
3339 1111 3365 1150 ἀ
3405 1114 3560 1169 Sicut
3604 1116 3812 1171 inauris

2211 1227 2369 1263 aurea
2397 1211 2450 1263 in
2481 1209 2690 1263 naribus
2720 1209 2847 1272 suis,
2881 1208 2953 1261 ita
2990 1207 3196 1260 mulieri
3218 1206 3353 1259 male
3378 1216 3590 1260 morata:
3614 1211 3813 1273 species

2215 1302 2397 1373 (Prov.
2425 1301 2521 1370 xi).
2570 1300 2709 1368 Quid
2742 1302 2884 1354 enim
2933 1299 3153 1365 prodest
3181 1298 3485 1367 quempiam
3518 1315 3813 1355 ornamen-

2216 1404 2325 1448 tum
2349 1395 2687 1464 eloquiorum
2721 1393 3021 1447 caelestium
3054 1400 3109 1445 et
3155 1390 3306 1445 illam
3354 1392 3812 1460 pretiosissimam

2214 1486 2617 1555 Scripturarum
2651 1486 2888 1555 speciem
2917 1483 3213 1552 consequi,
3257 1485 3301 1537 si
3334 1499 3451 1538 eam
3480 1527 3495 1551 ,
3529 1484 3816 1541 lutulentis

2215 1582 2467 1650 operibus
2494 1580 2581 1635 vel
2611 1579 2863 1634 sensibus
2890 1578 3209 1632 inhterendo
3234 1618 3249 1638 ,
3301 1577 3455 1647 quasi
3489 1578 3813 1634 immundis-

2218 1678 2407 1731 simam
2438 1686 2640 1732 terram
2669 1674 2968 1744 subigendo
2990 1674 3323 1743 confringat,
3354 1682 3446 1728 aut
3472 1678 3716 1730 cmnosis
3744 1676 3814 1730 li-

514 1772 678 1825 talem
724 1771 825 1824 nisi
878 1771 979 1824 hoc
1009 1769 1202 1825 ordine
1245 1770 1580 1839 pervenitur,
1611 1784 1775 1838 quem
1807 1783 1944 1821 unus
1986 1783 2109 1837 pro-
2144 1766 2191 1825 B
2221 1769 2460 1825 bidinum
2489 1784 2707 1823 suarum
2740 1768 2941 1836 polluat
2972 1767 3317 1822 volutabris?
3347 1765 3465 1821 Fiet
3492 1767 3638 1822 enim
3671 1778 3727 1823 ut
3757 1769 3811 1823 id

515 1863 803 1932 plietarutn
831 1865 1111 1932 eleganter
1142 1864 1438 1933 expressit,
1473 1862 1657 1917 dicens
1685 1880 1696 1914 :
1733 1860 1993 1916 Seminate
2020 1877 2111 1913 vo—

516 1958 591 2011 bis
619 1956 688 2009 ad
700 1958 983 2029 justitiam,
1016 1958 1187 2011 metite
1211 1973 1351 2027 spem
1380 1958 1516 2022 vitat,
1544 1955 1839 2008 illuminate
1864 1954 2005 2008 vobis
2029 1954 2108 2006 lu-

515 2067 632 2103 men
660 2052 885 2104 scientia:
915 2052 933 2121 (
961 2050 1079 2104 Uss.
1105 2067 1134 2103 κ
1160 2049 1205 2119 ).
1263 2050 1503 2105 Primum
1552 2064 1682 2117 ergo
1730 2048 2107 2103 seminandum

517 2142 673 2198 nobis
704 2153 783 2197 εει
814 2142 881 2196 ad
924 2142 1191 2211 justitiam
1220 2184 1233 2208 ,
1267 2142 1368 2196 hoc
1397 2150 1513 2207 est,
1543 2150 1601 2195 ut
1631 2140 1900 2195 actualetn
1936 2139 2111 2209 perfe-

515 2237 751 2291 ctionem
785 2234 1042 2302 cperibns
1068 2233 1293 2303 jnstitiae
1325 2249 1685 2303 pronagemus
1713 2248 1727 2297 ;
1768 2234 1965 2287 deinde
1995 2248 2109 2286 ine-

515 2328 680 2384 tenda
708 2338 793 2382 est
822 2326 976 2381 nobis
999 2340 1124 2394 Spes
1156 2328 1299 2391 vitae,
1332 2325 1381 2378 id
1414 2332 1524 2387 est,
1555 2324 1816 2377 virtutum
1861 2323 2113 2393 spiritua—

515 2420 644 2476 lium
676 2420 905 2484 l'ructus,
927 2419 1245 2488 expulsione
1274 2418 1524 2472 vitiorum
1556 2418 1856 2472 carnalium
1888 2432 2113 2486 congre-

515 2513 702 2583 gandi,
732 2522 787 2566 et
815 2514 887 2565 ita
920 2512 1228 2565 illuminare
1262 2512 1417 2564 nobis
1450 2510 1636 2564 lumen
1668 2511 1914 2564 scientiae
1960 2521 2112 2579 pote-

517 2609 709 2662 rimus.
744 2606 916 2673 Quem
950 2607 1194 2659 ordinem
1228 2606 1391 2659 etiam
1432 2604 1889 2673 Psalmographus
1940 2607 2111 2658 teneri

515 2699 717 2755 debere
743 2698 1010 2762 decernit,
1046 2696 1239 2751 dicens
1266 2714 1277 2747 :
1312 2695 1455 2749 Beati
1473 2696 1791 2749 intmaculati
1822 2697 1875 2750 in
1901 2697 1999 2759 via,
2026 2698 2113 2766 qui

516 2790 785 2845 ambulant
806 2792 857 2843 in
881 2792 992 2861 lege
1021 2790 1247 2850 Domini.
1282 2791 1415 2843 beati
1437 2791 1525 2860 qui
1555 2799 1852 2845 scrutantur
1883 2792 2112 2844 testimo-

517 2887 603 2939 nia
624 2889 739 2957 ejus
762 2883 933 2955 (Psal.
951 2883 1159 2954 cxvm).
1193 2884 1309 2937 Non
1329 2885 1475 2937 enim
1499 2886 1651 2952 prius
1671 2882 1836 2937 dixit:
1864 2882 2011 2937 Beati
2026 2886 2113 2954 qui

518 2991 817 3035 scrutantur
840 2980 1128 3033 testimonia
1159 2979 1291 3049 ejus,
1326 2987 1381 3033 et
1418 2986 1538 3047 post
1569 2978 1751 3032 intulit
1782 2994 1795 3032 :
1826 2976 1973 3030 Beati
2017 2979 2113 3029 im-

518 3070 762 3126 maculati
790 3071 842 3123 in
870 3071 989 3135 via;
1012 3070 1108 3125 sed
1139 3069 1307 3137 prius,
1336 3069 1528 3137 inquit,
1552 3068 1687 3122 beati
1715 3069 2033 3121 immaculati
2062 3068 2114 3121 in

2211 1862 2353 1932 quod
2382 1871 2529 1917 recte
2558 1861 2833 1915 utentibus
2863 1859 3051 1913 decori
3084 1874 3207 1914 esse
3235 1857 3549 1926 consuevit,
3587 1876 3695 1914 non
3721 1876 3811 1915 so—

2213 1954 2320 2008 lum
2352 1954 2485 2007 istos
2524 1968 2717 2007 ornare
2754 1967 2858 2007 non
2893 1951 3090 2019 possit.
3135 1965 3328 2006 verum
3379 1951 3539 2005 etiam
3588 1953 3817 2020 majoris

2213 2046 2354 2101 caeni
2386 2044 2695 2098 eolluvione
2715 2043 3013 2098 sordescat.
3036 2041 3121 2096 Ea:
3148 2058 3236 2095 ore
3258 2042 3400 2096 enim
3424 2053 3685 2113 peccatore
3704 2060 3811 2097 non

2212 2150 2287 2195 est
2311 2138 2531 2207 pulchra
2555 2137 2791 2189 laudatio
2821 2134 3013 2207 (Eccli.
3042 2136 3131 2192 xv‘i
3165 2150 3181 2187 :
3205 2134 3303 2188 Cui
3330 2134 3532 2188 dicitur
3557 2150 3648 2204 per
3675 2134 3813 2189 Pro-

2215 2231 2454 2301 phetam.
2509 2229 2681 2295 Quare
2727 2238 2779 2281 tu
2809 2243 3023 2280 enarras
3042 2226 3278 2299 justitias
3322 2241 3482 2289 meas,
3515 2238 3565 2279 et
3594 2228 3813 2282 assumis

2215 2331 2574 2377 testamentum
2603 2335 2779 2373 meum
2809 2336 2899 2387 per
2928 2335 2984 2373 os
3012 2330 3154 2371 tuum
3187 2315 3362 2389 (Psal.
3388 2320 3577 2387 xux)?
3610 2319 3687 2373 De
3714 2320 3813 2373 ltu-

2212 2414 2446 2485 jusmodi
2478 2414 2787 2479 animabus,
2820 2429 2939 2481 qua:
2972 2426 3308 2482 nequaquam
3340 2414 3601 2466 stabiliter
3647 2414 3813 2467 timo-

2215 2522 2331 2560 rem
2364 2505 2577 2560 Domini
2627 2504 2965 2572 possidentes
3000 2504 3106 2574 (de
3161 2520 3267 2573 quo
3296 2502 3514 2570 dicitur,
3553 2513 3575 2539 ο
3628 2504 3809 2558 Timor

2216 2600 2430 2655 Domini
2458 2599 2731 2670 disciplina
2762 2609 2809 2651 et
2845 2598 3105 2669 sapientia
3143 2599 3239 2669 est)
3286 2596 3673 2665 Scripturarum
3702 2615 3799 2653 ac-

2217 2697 2437 2768 quirere
2468 2710 2685 2750 scnsum
2710 2694 2905 2764 dejugi
2930 2710 3115 2748 earum
3142 2694 3491 2749 meditatione
3515 2702 3805 2762 conantur,

2216 2792 2347 2846 Satis
2383 2788 2599 2858 proprie
2653 2790 2703 2841 itt
2743 2789 3050 2843 Pret‘erbiis
3098 2800 3476 2842 memoratur:
3510 2787 3525 2825 ί
3574 2788 3639 2842 Ut
3683 2789 3809 2858 quid

2218 2885 2404 2954 fuerint
2428 2881 2597 2954 [Lips.
2628 2882 2683 2936 in
2714 2898 2883 2953 marg.
2915 2883 2982 2935 ad
3000 2883 3123 2952 quid
3143 2882 3284 2952 sunt]
3307 2882 3811 2951 ditvititeinsipienti.’

2219 2974 2492 3029 Possidere
2522 2978 2655 3028 enim
2693 2975 2995 3041 sapientiam
3044 2991 3224 3027 excors
3269 2991 3369 3028 non
3408 2975 3591 3045 poterit
3629 2972 3806 3045 (Prov.

2222 3084 2313 3137 xv,
2343 3084 2445 3122 sec.
2479 3067 2663 3137 LXX).
2690 3066 2746 3120 In
2777 3076 2985 3121 tantum
3015 3081 3145 3121 vero
3175 3066 3241 3121 ab
3265 3066 3355 3121 illa
3383 3067 3687 3121 eruditione
3708 3081 3810 3119 sa:-

520 3164 601 3218 via
630 3180 664 3243 ε,
692 3179 789 3233 per
827 3162 929 3216 hoc
956 3162 1239 3217 evidenter
1265 3161 1583 3225 ostendens,
1635 3162 1907 3216 neminem
1965 3171 2111 3215 recte
2138 3157 2183 3218 C
2216 3162 2390 3216 culari
2421 3178 2540 3230 qua:
2567 3162 2863 3216 carnalium
2896 3160 3144 3215 vitiorum
3176 3161 3331 3215 sorde
3366 3161 3655 3229 polluitur,
3682 3173 3809 3213 vera

521 3268 682 3331 posse
711 3253 778 3307 ad
811 3253 1204 3323 perscrutanda
1236 3255 1325 3307 Dei
1350 3252 1655 3307 testimonia
1683 3254 1989 3322 pervenire,
2009 3252 2111 3306 nisi

524 3349 673 3420 prius
704 3364 800 3416 per
843 3347 1106 3401 actualem
1160 3348 1627 3403 conversationem
1678 3348 1731 3402 in
1782 3348 1865 3402 via
1916 3345 2117 3402 Christi

526 3440 903 3495 immaculatus
953 3439 1188 3494 incedat.
1247 3439 1311 3494 lli
1358 3456 1507 3510 ergo,
1561 3455 1699 3510 quos
1744 3439 1949 3507 diXiali,
2008 3456 2116 3495 non

528 3536 683 3589 istam
738 3548 895 3604 quam
945 3533 1204 3587 immundi
1255 3535 1455 3589 habere
1486 3549 1593 3588 non
1628 3546 1879 3603 possunt,
1905 3534 2001 3587 sed
2025 3543 2117 3594 τῆς

530 3626 553 3663 δ
580 3623 938 3698 ψευδωνύμου,
972 3625 1073 3681 hoc
1097 3637 1200 3692 est,
1229 3626 1349 3681 falsi
1398 3628 1635 3681 nominis
1676 3628 1953 3681 scientiam
1995 3642 2117 3696 pos-

526 3721 726 3787 sident,
771 3720 838 3775 de
869 3735 971 3790 qua
999 3720 1188 3776 beatus
1216 3723 1510 3791 Apostolus
1541 3739 1552 3775 :
1587 3721 1651 3786 0,
1684 3722 1889 3791 inquit,
1944 3720 2115 3774 Timo-

2223 3255 2338 3310 htec
2368 3266 2422 3311 et
2450 3256 2707 3325 spiritalis
2756 3256 2981 3308 scientia
3040 3255 3392 3308 submovetur
3415 3296 3431 3321 ,
3474 3265 3528 3308 ut
3552 3265 3578 3302 Β
3608 3270 3722 3309 eam
3758 3254 3807 3307 in

2222 3348 2496 3403 nonnullis-
2518 3346 2821 3414 elinguibus
2848 3361 2911 3399 ac
2936 3362 3070 3413 pene
3092 3346 3385 3399 illitteratis
3414 3348 3648 3400 sciamus
3677 3360 3817 3399 non-

2224 3454 2509 3509 numquam
2565 3436 2887 3491 mirabiliter
2935 3436 3191 3503 viguisse.
3242 3435 3396 3501 Quod
3447 3436 3500 3488 in
3551 3437 3817 3503 apostolis

2224 3533 2513 3601 multisque
2535 3530 2698 3584 etiam
2729 3528 2930 3582 sanctis
2954 3527 3083 3580 viris
3121 3526 3527 3579 evidentis~ime
3558 3542 3819 3595 compro-

2223 3628 2379 3681 batur
2403 3670 2417 3694 ,
2453 3625 2541 3694 qui
2582 3638 2688 3677 non
2720 3621 2867 3676 inani
2910 3618 3350 3691 philosophorum
3394 3616 3817 3671 delectabantur

2223 3719 2457 3785 luxuria,
2489 3715 2584 3772 sed
2631 3715 2773 3771 veris
2802 3712 3054 3785 spiritalis
3095 3709 3333 3766 scientia:
3372 3707 3638 3764 fructibus
3686 3723 3818 3763 cur-

1612 3875 1869 3959 ALARDI
1909 3874 2147 3931 GAZA‘ZI
2188 3872 2758 3931 COMMENTARIUS.

601 4022 626 4051 ι
660 4014 851 4069 Veram
882 4012 971 4067 hic
999 4014 1277 4069 scientiam
1303 4012 1397 4067 Dei
1422 4020 1597 4079 vocat,
1624 4028 1781 4083 quam
1813 4029 1974 4081 supra
2007 4012 2117 4079 spi-

530 4085 797 4149 ritualem,
837 4086 887 4139 id
925 4094 1026 4145 est.
1060 4100 1180 4138 cum
1212 4100 1339 4138 vera
1376 4085 1575 4150 pietate
1604 4097 1657 4139 et
1682 4085 1855 4153 gratia
1884 4084 2118 4153 Spiritus

528 4158 700 4212 sancti
739 4156 1111 4223 coniunctam;
1144 4171 1266 4221 qua:
1296 4165 1443 4208 certe
1474 4171 1595 4209 cum
1634 4156 1969 4209 immnnditia
2001 4170 2119 4209 car-

532 4229 632 4293 nis,
663 4228 747 4279 vel
787 4225 1057 4293 spurcitiis
1087 4227 1310 4295 aliisque
1346 4227 1612 4280 similibus
1649 4228 1792 4280 vitiis
1822 4227 2120 4280 consistere

532 4300 738 4364 nequit,
763 4304 818 4347 et
841 4312 944 4347 non
977 4295 1080 4347 nisi
1110 4312 1138 4349 a
1167 4296 1308 4349 veris
1338 4298 1429 4349 Dei
1455 4298 1757 4353 cultoribus
1791 4297 2115 4365 possidetur.

534 4365 644 4421 Huc
674 4374 881 4433 speetat
903 4366 1147 4438 doctrina
1176 4366 1234 4438 S.
1268 4366 1489 4420 Thomze
1522 4366 1665 4438 (2-2,
1697 4387 1748 4437 q.
1778 4371 1865 4431 10,
1903 4380 2006 4422 art.
2035 4368 2118 4435 ὅ),

532 4453 632 4507 qua
675 4436 1155 4507 donutnscientia:
1197 4437 1360 4507 (quod
1391 4439 1478 4493 hic
1519 4436 1721 4493 Auctor
1750 4452 1907 4493 νημαι
1940 4441 2117 4493 scien-

536 4506 663 4563 tiam
695 4506 992 4574 spiritalem
1018 4510 1033 4575 )
1064 4508 1275 4562 confert
1311 4525 1429 4562 cum
1468 4510 1612 4564 dono
1644 4510 1969 4575 intellectus,
1999 4524 2121 4563 cum

535 4582 604 4634 sit
645 4588 930 4645 utrumque
970 4578 1168 4633 donum
1209 4581 1443 4645 Spiritus
1486 4580 1657 4634 sancti
1698 4582 1836 4646 apud
1881 4582 2071 4635 Isaiam
2109 4597 2119 4631 :

537 4649 686 4706 Sicut
732 4649 925 4701 dictum
965 4662 1056 4712 est,
1111 4652 1301 4719 inquit,
1352 4652 1414 4704 de
1456 4653 1593 4705 dono
1636 4651 1945 4719 intellectus,
1989 4650 2125 4717 quod

538 4738 635 4775 non
664 4726 972 4791 quicumque
1002 4722 1265 4793 intelligit,
1295 4722 1440 4774 habet
1469 4723 1662 4775 donum
1687 4723 2006 4787 intellectus;
2039 4722 2126 4793 sed

538 4794 623 4860 qui
654 4792 911 4862 intelligit.
941 4794 1086 4863 qttasi
1116 4792 1187 4846 ex,
1206 4794 1382 4846 habitu
1412 4795 1592 4864 gratia:
1624 4809 1641 4847 :
1670 4794 1740 4845 ita
1769 4798 1923 4846 etiam
1944 4794 2007 4846 de
2036 4792 2127 4864 do-

541 4879 607 4915 no
630 4865 857 4915 scientia‘
880 4864 1287 4933 intelligendum,
1312 4863 1446 4933 quod
1472 4863 1547 4917 illi
1574 4866 1667 4918 soli
1690 4865 1880 4916 donum
1906 4863 2131 4916 scientiis

540 4935 783 4995 habeant,
814 4937 899 5001 qui
943 4951 1004 4987 ea:
1036 4936 1294 5005 inlusione
1320 4937 1500 5002 gratia:
1530 4944 1721 4988 rectum
1750 4935 2009 5005 judicium
2040 4934 2134 4984 Ita-

541 5006 654 5058 bent
684 5007 821 5057 circa
845 5004 1103 5059 credenda
1127 5018 1170 5058 et
1197 5006 1413 5073 agenda,
1444 5008 1513 5058 ita
1534 5007 1671 5074 quod
1693 5004 1915 5057 in'nullo
1938 5004 2133 5056 dcvient

541 5092 574 5148 a_
608 5076 917 5129 rectitudine
946 5079 1183 5148 justitiat.
1227 5076 1435 5148 Ethice
1475 5085 1546 5128 est
1579 5077 1798 5148 scientia
1818 5084 2131 5148 sanctorum,

542 5146 604 5199 de
633 5165 733 5214 qua
767 5145 958 5201 dicitur
994 5148 1119 5206 Sap.
1160 5164 1188 5199 χ
1226 5162 1243 5200 :
1282 5145 1489 5199 Iustum
1517 5146 1735 5199 deduxit
1764 5146 2017 5199 Dominus
2050 5160 2138 5213 per

541 5219 648 5269 vias
676 5228 861 5279 rectas,
892 5219 1110 5271 et-dedit
1134 5216 1209 5268 illi
1239 5218 1504 5270 scientiam
1533 5225 1849 5271 sanctorum.

616 5285 647 5363 ιζ
672 5288 1008 5363 viventum
1036 5305 1064 5341 a
1095 5286 1309 5360 ψευδής.
1346 5290 1395 5341 id
1423 5298 1526 5354 est,
1556 5286 1728 5343 falsus
1755 5296 1848 5341 attt
1875 5286 2137 5351 mendax;

542 5364 599 5411 et
621 5355 804 5431 ὄνρμα,
836 5355 976 5427 quod
1006 5373 1087 5413 εει
1108 5355 1339 5413 nomen.

620 5439 641 5466 ε
679 5426 731 5483 Id
757 5426 861 5491 est,
891 5446 1081 5483 vocum
1109 5431 1417 5492 inanitates.
1447 5445 1544 5485 seu
1564 5432 1855 5495 vanitates,
1878 5438 1938 5483 ut
1961 5426 2136 5497 Chuy-

546 5510 842 5563 sostnmns,
886 5512 939 5554 et
981 5500 1343 5555 (Ecumenius
1386 5503 1586 5570 legunt.
1632 5506 1701 5556 At
1744 5511 1928 5555 noster
1972 5499 2139 5552 inter-

546 5584 671 5646 pres
699 5572 821 5646 legit
856 5575 1203 5646 καινοφωνίπ.
1246 5573 1296 5626 id
1326 5581 1429 5646 est,
1467 5589 1666 5646 vocum_
1690 5574 1974 5646 novitates,
2006 5583 2139 5646 quo-

550 5639 712 5695 modo
747 5639 909 5695 etiam
946 5639 1073 5712 legit
1113 5645 1225 5697 div.
1256 5644 1596 5700 Ambrosius.
1640 5644 1811 5698 Porro
1855 5639 2138 5694 (liacmtius

550 5718 604 5759 et
637 5712 725 5776 alii
775 5724 1042 5772 p05tretna
1090 5721 1297 5765 tantum
1343 5715 1505 5767 verba
1552 5715 1812 5776 referunt,
1864 5713 2139 5771 ἀντιθέσεις

549 5780 646 5832 τῆς
668 5775 1007 5844 ψινδωνῦμου
1036 5784 1295 5848 γνώσιως.
1333 5783 1615 5848 Dionysius
1644 5775 1803 5834 more,
1822 5795 1920 5833 suo
1948 5781 2138 5835 Graeca

2221 4012 2442 4065 omittit.

2295 4080 2321 4118 ά
2354 4081 2428 4135 Ita
2462 4098 2527 4135 ex
2560 4081 2745 4135 Grasca
2772 4078 3125 4133 translatione
3154 4096 3165 4130 :
3196 4077 3419 4145 Vulgata
3445 4088 3625 4132 autem
3659 4096 3669 4129 :
3702 4078 3809 4131 Cir-

2223 4155 2368 4207 culus
2395 4168 2577 4204 aureus
2607 4153 2660 4202 in
2689 4152 2899 4203 naribus
2930 4150 3057 4213 suis,
3092 4148 3277 4201 mulier
3314 4146 3531 4217 pulchra
3562 4159 3609 4201 et
3646 4151 3805 4219 fatua.

2223 4225 2392 4288 Hujus
2424 4222 2705 4277 sententia:
2739 4232 2847 4273 tres
2880 4234 3073 4273 sensus
3101 4219 3257 4272 aliert
3282 4221 3389 4271 div.
3425 4221 3804 4290 Hieronymus;

2228 4294 2493 4349 Secundus
2518 4292 2637 4346 huic
2666 4292 2785 4343 loco
2813 4291 3046 4343 maxime
3080 4298 3326 4360 proprius
3352 4299 3404 4343 et
3434 4292 3803 4344 aerommoda-

2230 4378 2315 4419 ttts
2352 4373 2433 4415 est
2477 4364 2561 4416 hic
2600 4380 2611 4414 :
2648 4362 2749 4426 Qui
2779 4372 3133 4414 ornamentum
3176 4363 3463 4414 divinorum
3494 4360 3806 4427 elei/nimum

2229 4434 2522 4489 meditando
2566 4434 2911 4501 consequitur,
2949 4434 3038 4484 sed
3076 4430 3209 4483 male
3251 4432 3458 4484 vivendo
3501 4432 3804 4497 insequitur,

2231 4505 2477 4561 circulunt
2505 4521 2715 4558 aureum
2752 4504 2897 4556 habet
2923 4504 2976 4554 in
3006 4504 3248 4567 naribus;
3280 4505 3367 4555 sed
3396 4517 3525 4553 more
3564 4504 3670 4553 suis
3704 4512 3807 4552 ter-

2232 4594 2343 4631 ram
2378 4575 2615 4648 subigere
2653 4592 2757 4648 non
2799 4575 3018 4637 desistit,
3063 4574 3364 4648 quiaquod
3409 4572 3557 4648 odore
3588 4572 3805 4648 justitirc

2234 4640 2792 4720 percepitfimmunda
2833 4648 3029 4698 actione
3074 4640 3376 4698 sordidavit.
3426 4640 3646 4720 Ideoque
3688 4642 3812 4720 talis

2235 4712 2407 4772 anima
2451 4717 2664 4781 pulchra
2692 4726 2738 4768 et
2771 4718 2917 4781 fatua
2944 4732 3054 4770 esse
3086 4726 3338 4775 censetur,
3372 4715 3491 4781 quia
3520 4712 3814 4766 carnalibus

2237 4791 2409 4843 dedita
2446 4789 2701 4842 illecebris
2740 4788 2956 4856 pulchra
3002 4797 3075 4841 est
3121 4804 3210 4856 per
3252 4787 3536 4850 scientiam,
3590 4785 3678 4837 sed
3730 4801 3814 4852 per

2162 4837 2207 4895 ί)
2236 4837 2686 4921 ieiunantis;

2311 4941 2333 4967 ε
2381 4931 2600 5000 Vulgata
2626 4927 2791 4984 editio
2824 4948 2835 4982 :
2867 4926 3041 4981 Timor
3068 4924 3279 4981 Domini
3309 4925 3590 4994 disciplina
3618 4925 3819 4993 sapien-

2236 5003 2341 5057 tiae.

2317 5070 2333 5109 ΐ
2372 5071 2623 5137 Vulgata.
2658 5070 2795 5134 Quid
2823 5072 3028 5140 prodest
3050 5070 3205 5126 stulto
3235 5069 3425 5124 habere
3450 5068 3679 5131 divitias,
3712 5082 3822 5119 cum

2239 5144 2545 5211 sapientiam
2572 5158 2733 5196 emere
2762 5158 2863 5193 non
2898 5143 3092 5211 possit?
3252 5182 3259 5187 .

2316 5224 2339 5261 8
2374 5215 2450 5268 De
2490 5214 2683 5268 talibus
2720 5214 2841 5266 vide
2876 5214 3283 5267 annotationem
3317 5212 3448 5267 satis
3489 5211 3723 5279 amplam
3765 5211 3823 5259 ad

2244 5286 2340 5339 lib.
2373 5301 2404 5337 ν
2436 5285 2834 5339 lnstitutionum
2866 5298 2988 5354 cap.
3016 5282 3162 5337 54⁸81
3198 5282 3513 5354 Cassianum
3546 5282 3673 5334 ibid.
3704 5296 3819 5347 cap

2244 5355 2310 5407 33
2361 5374 2373 5407 :
2432 5356 2689 5420 Vidimus,
2739 5352 3204 5424 inquit,‘abbatem
3253 5352 3580 5406 Theodorum
3625 5367 3825 5404 summ:

2244 5428 2512 5479 sanctitate
2545 5437 2593 5480 et
2627 5426 2849 5493 perfecta
2879 5426 3093 5479 scientia
3126 5425 3399 5491 prwditum
3436 5439 3538 5476 non
3578 5424 3745 5476 solum
3778 5424 3826 5473 in

2243 5499 2440 5550 actuali
2472 5499 2593 5561 vita,
2624 5497 2713 5550 sed
2743 5498 2897 5549 etiam
2933 5497 3113 5550 notitia
3143 5496 3566 5565 Scripturarum;
3607 5510 3757 5559 quam
3786 5493 3828 5543 ei

2246 5585 2346 5621 non
2375 5579 2477 5620 tant
2504 5568 2732 5621 studium
2764 5568 2991 5621 lectionis
3021 5568 3096 5621 vel
3126 5568 3413 5620 litteratura
3439 5565 3618 5617 mundi
3650 5574 3826 5615 contn-

2243 5637 2375 5691 lerat
2426 5656 2576 5708 quam
2617 5640 2727 5691 sola
2775 5638 2974 5706 paritas
3013 5639 3204 5707 cordis,
3247 5636 3497 5705 siquidem
3539 5638 3623 5708 via:
3667 5636 3827 5708 ipsius

2245 5726 2443 5779 quoque
2476 5708 2669 5763 Grtcca:
2714 5710 2902 5777 lingua:
2938 5725 3194 5779 perpauca
3237 5710 3386 5764 verba
3426 5716 3518 5763 aut
3550 5707 3828 5775 intelligere

2243 5785 2438 5849 posset,
2464 5790 2551 5832 aut
2580 5779 2831 5849 proloqui.
