4014 6200
581 282 687 348 987

1629 280 1908 338 JOANNIS
1941 279 2257 338 GASSIANI
2294 273 2784 334 COLLATIONES.

581 403 792 459 tristitia
815 408 957 466 sunt,
979 407 1029 455 et
1050 398 1223 454 vinum
1245 396 1411 452 bibere
1432 396 1510 452 his
1532 395 1621 467 qui
1648 396 1705 450 in
1726 394 1995 451 doloribus
2019 402 2160 462 sunt,
2190 398 2239 457 Α
2266 409 2445 450 rerum
2497 400 2710 450 constat
2754 407 2878 449 esse
2920 393 3245 449 doctrinam.
3291 395 3423 450 Nam
3471 407 3569 453 aut
3622 398 3724 455 ille
3768 403 3866 469 qui

582 507 635 550 ut
676 494 1038 549 obliviscantur
1069 493 1408 563 paupertatis,
1448 499 1496 546 et
1535 491 1773 546 dolorum
1809 505 2021 545 suorum
2061 505 2162 543 non

583 586 905 642 meminerint
939 585 1164 657 amplius
1197 586 1381 654 (Prov.
1411 586 1594 653 xm),
1622 582 1675 638 id
1703 591 1806 651 est,
1836 581 1920 638 his
1942 583 2033 654 qui
2063 597 2163 653 pro

588 677 922 750 paenitudine
953 689 1169 734 actuum
1215 680 1566 749 pristinorum
1600 692 1834 734 maerore
1871 685 2031 748 atque
2064 676 2163 731 tri-

581 771 728 828 stitia
755 772 1152 844 deprimuntur,
1182 773 1438 843 spiritalis
1472 772 1712 829 scientias
1742 771 2162 842 iucunditatem,

583 865 730 920 velut
766 866 938 920 vinum
975 865 1116 935 quod
1157 865 1388 934 lwtiﬁcat
1424 881 1511 919 cor
1549 864 1769 918 hominis
1810 862 1981 934 (Psal.
2020 863 2162 932 CIII),

584 957 866 1013 affluenter
905 957 1190 1026 infundite,
1230 972 1432 1028 eosque
1467 957 1716 1011 salutaris
1752 955 1901 1010 verbi
1940 955 2163 1024 crapula

584 1049 848 1115 refovete,
879 1064 946 1104 ne
979 1049 1116 1102 forte
1137 1049 1366 1119 jugitate
1399 1049 1646 1104 maeroris
1673 1062 1737 1102 ac
1761 1046 1946 1101 letbali
1975 1047 2161 1115 deSpe-

583 1143 794 1198 ratione
830 1142 1084 1209 demersi,
1132 1142 1508 1198 abundantiore
1545 1141 1913 1196 absorbeantur
1954 1141 2168 1194 tristitia

584 1237 672 1305 qui
696 1235 952 1307 ejusmodi
979 1246 1098 1290 sunt
1128 1235 1190 1306 (Il
1219 1234 1338 1289 Cor.
1372 1233 1453 1305 ll).
1489 1236 1565 1291 De
1595 1235 1700 1290 illis
1728 1250 1855 1290 vero
1884 1234 1978 1305 qui
2005 1234 2057 1288 in
2089 1243 2168 1288 te-

586 1344 717 1399 pore
739 1344 803 1384 nc
826 1328 1142 1399 negligentia
1171 1328 1466 1396 constituti,
1498 1329 1649 1384 nullo
1676 1328 1855 1384 cordis
1875 1329 1957 1384 sui
1979 1327 2168 1383 dolore

586 1423 921 1489 mordentur,
955 1423 1024 1477 ita
1050 1422 1276 1477 dicitur:
1303 1419 1458 1490 Nam,
1495 1431 1520 1458 ³
1547 1424 1636 1494 qui
1659 1425 1830 1478 suavis
1860 1432 1908 1478 et
1932 1423 2042 1477 sine
2069 1422 2167 1474 do-

585 1514 695 1570 lore
732 1522 828 1584 est,
875 1516 929 1569 in
969 1525 1187 1587 egestate
1230 1516 1327 1570 erit
1372 1514 1556 1586 (Prov.
1595 1515 1734 1587 ut).
1773 1516 1979 1582 Quanta
2013 1523 2168 1585 potes

588 1606 749 1677 igitur
778 1607 1031 1661 cautione
1059 1606 1234 1662 devita
1266 1617 1324 1661 ut
1363 1621 1430 1662 ne
1460 1621 1614 1662 vanae
1641 1607 1829 1676 gloriae
1864 1621 2049 1662 amore
2076 1606 2168 1662 de-

590 1707 787 1764 tentus,
839 1699 983 1754 illius
1029 1715 1188 1768 quem
1236 1699 1500 1770 prOpheta
1548 1699 1840 1766 collaudat,
1899 1700 2167 1770 particeps

2263 489 2419 544 docet
2455 486 2738 556 inexperta
2777 486 3188 554 commendans,
3220 503 3361 543 vano
3391 489 3696 546 verborum
3729 506 3866 549 sono

2264 584 2530 638 instruere
2569 579 2759 634 nititur
2800 577 3140 646 auditorem;
3190 589 3285 635 aut
3326 590 3480 638 certe
3515 598 3759 652 nequam
3800 601 3864 640 ac

2264 677 2407 730 vitiis
2435 673 2670 730 refertus
2709 671 2928 727 auditor
2960 673 3250 728 salutarem
3289 674 3552 744 spiritalis
3584 676 3694 731 viri
3737 692 3866 732 san—

2265 780 2514 841 ctamque
2539 769 2840 824 doctrinam
2869 769 3120 824 obturato
3154 768 3319 824 corde
3363 785 3469 823 non
3515 771 3740 841 recipit.
3787 771 3867 829 De

2265 864 2460 934 quibus
2490 862 2683 917 dicitur
2724 876 2820 932 per
2856 861 3197 931 prophetam,
3233 872 3255 900 ε
3287 859 3627 917 Επεωεαιυηι
3660 873 3742 917 est
3776 880 3862 918 cor

2266 957 2441 1029 populi
2469 957 2646 1026 hujus,
2685 965 2732 1009 et
2765 955 2977 1009 auribus
3015 955 3240 1025 graviter
3266 955 3570 1021 audierunt,
3604 967 3654 1010 at
3687 956 3862 1010 oatlos

2267 1066 2385 1102 suos
2434 1050 2819 1118 concluserunt,
2868 1048 3138 1118 nequando
3174 1046 3382 1101 videant
3411 1049 3580 1102 oculis
3631 1051 3765 1116 suis,
3814 1061 3864 1104 et

2266 1141 2478 1194 auribus
2501 1141 2608 1195 suis
2628 1141 2873 1206 audiant,
2889 1149 2936 1194 et
2965 1142 3117 1195 corde
3139 1139 3452 1211 intelligant,
3484 1150 3533 1195 et
3559 1154 3864 1198 convertan-

2269 1246 2372 1307 tur,
2405 1248 2452 1292 et
2479 1253 2653 1292 sanent
2680 1237 2797 1290 illos
2823 1234 3006 1304 (Isaiae
3037 1235 3137 1306 v1).

2854 1412 3083 1469 CAPUT
3125 1411 3264 1468 XIX.

2277 1557 2427 1626 Quod
2453 1556 2748 1628 plerumque
2789 1547 3424 1628 etiam_indigt_ti_grtttiam
3467 1545 3736 1617 salutiferi
3761 1563 3863 1602 ser-

2819 1623 2985 1677 monis
3028 1621 3306 1691 accipiunt.

591 1807 711 1847 esse
751 1809 853 1846 non
894 1792 1089 1860 possis,
1132 1793 1222 1862 qui
1266 1793 1540 1861 pecuniam
1582 1807 1731 1844 suam
1773 1808 1877 1844 non
1916 1790 2054 1845 dedit
2100 1790 2168 1843 ad
2200 1788 2247 1850 B
2343 1783 2368 1823 ά
2411 1784 2822 1852 Nonnumquam
2880 1791 3058 1836 tamen
3110 1777 3506 1849 dispensatoris
3546 1779 3726 1833 nostri
3754 1778 3860 1847 Dei,

589 1899 799 1936 usuram
829 1881 1001 1954 (Psal.
1036 1884 1168 1953 xlv).
1203 1883 1390 1938 Omnis
1420 1881 1562 1938 enim
1593 1885 1685 1953 qui
1716 1883 1929 1953 eloquia
1956 1883 2049 1938 Dei
2081 1884 2170 1952 (de

588 1975 787 2046 quibus
822 1976 1016 2030 dicitur
1056 1975 1235 2047 (Psal.
1283 1975 1400 2047 ιι),
1449 1976 1672 2046 Eloquia
1713 1974 1926 2029 Domini
1968 1975 2171 2046 eloquia

587 2078 752 2134 casta,
797 2079 1070 2142 argentum
1113 2071 1229 2141 igne
1272 2071 1642 2136 examinatum,
1690 2069 1959 2138 probatum
1998 2079 2170 2137 terraz,

590 2169 864 2231 purgatum
893 2159 1221 2233 septuplum)
1255 2162 1506 2218 humanae
1535 2161 1708 2217 laudis
1743 2177 1929 2216 amore
1955 2161 2172 2231 dispen-

592 2261 698 2318 sat,
741 2255 1021 2322 pecuniam
1055 2268 1208 2308 suam
1240 2265 1424 2324 erogat
1459 2254 1524 2309 ad
1563 2268 1801 2320 usuram,
1851 2269 1958 2308 non
1996 2254 2171 2308 solum

588 2346 733 2401 nulla
782 2361 879 2417 pro
926 2347 1024 2401 hac
1071 2347 1228 2402 laude
1277 2349 1521 2418 praemia,
1565 2347 1659 2403 sed
1701 2347 1864 2403 etiam
1906 2347 2175 2418 supplicia

591 2439 901 2495 meriturus.
946 2438 1026 2495 Ob
1071 2440 1173 2496 hoc
1210 2443 1352 2496 cnim
1394 2442 1680 2511 pecuniam
1727 2443 1940 2497 Domini
1984 2442 2176 2498 maluit

589 2529 900 2601 proﬂigare,
940 2540 1000 2584 ut
1035 2546 1102 2585 ex
1129 2547 1190 2586 ea
1225 2535 1574 2600 temporalem
1606 2543 2028 2603 consequeretur
2057 2535 2174 2605 ipse

590 2623 919 2686 mercedem,
951 2637 1057 2677 non
1090 2631 1147 2677 ut
1183 2624 1464 2689 Dominus,
1496 2627 1634 2680 sicut
1659 2627 1917 2696 scriptum
1953 2635 2059 2692 est,
2089 2641 2174 2680 ve-

591 2714 759 2782 niens,
789 2715 1033 2784 reciperet
1058 2717 1194 2785 quod
1222 2734 1370 2770 suum
1399 2727 1471 2772 est
1498 2735 1616 2772 cum
1644 2735 1800 2773 usura
1827 2718 2006 2792 (Luca:
2031 2719 2168 2791 Xlx).

1144 2808 1372 2865 CAPUT
1411 2810 1595 2864 XVIII.

593 2897 786 2964 Quibus
828 2899 892 2954 de
928 2903 1098 2956 causis
1138 2904 1421 2975 spiritualis
1457 2904 1691 2959 doctrina
1725 2906 2050 2976 infructuosa
2078 2908 2165 2962 sit.

660 2991 874 3048 Duabus
910 2992 937 3030 ι’
972 3003 1153 3051 autem
1179 3012 1249 3051 ex
1272 2998 1450 3052 causis
1484 2997 1814 3054 inefficacem
1843 2999 2169 3068 spiritalium

2270 1881 2359 1952 qui
2388 1895 2559 1934 onmes
2587 1878 2816 1930 homines
2862 1874 2968 1929 vult
2997 1873 3162 1929 salvos
3198 1874 3332 1945 ﬁeri,
3365 1883 3414 1927 et
3445 1872 3518 1926 ad
3549 1875 3858 1945 agnitionem

2274 1977 2497 2033 veritatis
2518 1975 2686 2029 venire
2712 1972 2757 2044 (l
2777 1971 2912 2026 Tim.
2944 1970 3030 2041 ιι),
3073 1969 3331 2024 muniﬁca
3360 1969 3698 2023 liberalitate
3743 1983 3859 2022 cons

2273 2070 2481 2127 ceditur
2505 2077 2562 2123 ut
2581 2069 2624 2122 is
2646 2068 2735 2135 qui
2761 2065 3036 2134 indignum
3062 2077 3121 2118 se
3145 2061 3520 2132 praedicationi
3544 2059 3861 2130 evangelica

2277 2159 2685 2235 reprehensibili
2734 2158 3146 2213 conversatione
3198 2155 3451 2225 praebuit,
3528 2170 3628 2223 pro
3689 2153 3860 2207 salute

2277 2259 2564 2315 multorum
2617 2253 2878 2324 spiritalis
2907 2251 3167 2307 doctrinae
3215 2249 3443 2320 gratiam
3473 2258 3858 2318 consequatur.

2279 2351 2484 2421 Quibus
2527 2356 2707 2403 autem
2739 2346 2914 2401 modis
2952 2347 3114 2401 etiam
3161 2342 3488 2398 charismata
3517 2342 3860 2397 curationum

2277 2449 2342 2503 ad
2365 2443 2713 2516 expellendos
2731 2443 3006 2498 dmmones
3029 2455 3056 2492 a
3081 2440 3307 2494 Domino
3327 2436 3715 2500 concedantur,
3733 2450 3860 2490 σου·

2277 2555 2508 2612 sequens
2535 2548 2615 2594 est
2645 2549 2704 2593 ut
2736 2536 2899 2592 simili
2927 2534 3293 2604 disputatione
3333 2531 3633 2602 pandantus,
3684 2543 3861 2599 quam

2276 2640 2669 2701 consurgentes
2721 2628 2789 2684 ad
2840 2627 3192 2684 refectionem
3231 2626 3286 2680 in
3310 2637 3573 2693 vesperam
3595 2636 3858 2677 reserve-

2278 2741 2420 2790 mus,
2447 2725 2572 2794 quia
2604 2723 2874 2777 efﬁcacius
2902 2736 3116 2790 semper
3146 2719 3316 2775 corde
3356 2715 3648 2786 concipitur
3689 2715 3860 2786 quid-

2278 2819 2407 2890 quid
2430 2817 2631 2874 sensim
2657 2825 2712 2874 et
2733 2818 2936 2885 absque
2959 2814 3128 2870 nimio
3154 2813 3340 2869 labore
3363 2809 3606 2882 corporis
3633 2807 3856 2863 intima-

2279 2921 2384 2968 tur.

1664 3114 1754 3168 AL
1766 3114 1921 3169 LRDI
1955 3113 2188 3170 GAZ/EI
2227 3116 2791 3173 COMMENTARIUS.

589 3214 688 3260 mo.
712 3197 860 3280 Αεοζίει,
884 3216 996 3268 qua:
1025 3201 1250 3280 nondum
1289 3203 1482 3267 vident,
1512 3206 1713 3280 gaudiis
1741 3205 2025 3280 caelestibus
2064 3217 2169 3261 tota
2196 3213 2242 3273 ο
2275 3210 2472 3263 doctori
2501 3211 2704 3263 verbum
2731 3227 2825 3280 pro
2853 3211 3021 3276 gratia
3057 3210 3297 3262 tribuitur
3333 3206 3612 3280 auditoris,
3645 3214 3692 3257 et
3719 3220 3852 3280 sirpe

588 3277 749 3343 mente
774 3270 1094 3343 iri/timentes,
1119 3274 1276 3342 juxta
1307 3290 1420 3325 eum
1460 3270 1547 3342 qui
1588 3275 1718 3326 dixit
1750 3291 1767 3327 :
1799 3275 2016 3343 Negavit
2047 3294 2170 3331 con-

590 3339 751 3411 solari
789 3341 970 3411 anima
1003 3339 1150 3411 mea;
1193 3357 1382 3395 memor
1413 3339 1488 3406 fni
1522 3343 1710 3411 Dei,-el
1739 3339 2018 3398 delectatus
2057 3364 2170 3402 sum

589 3407 764 3487 (Psal.
803 3410 1002 3487 turi).
1036 3410 1189 3487 Item,
1223 3413 1596 3487 Dalesiceram
1623 3407 1948 3469 intuentibus
1980 3417 2165 3487 (Prov.

590 3482 733 3549 ut),
764 3489 868 3535 etc.
905 3481 1000 3536 His
1025 3485 1113 3552 qui
1139 3499 1230 3553 pro
1251 3485 1567 3556 ptettitudine
1595 3495 1805 3539 actuum
1831 3481 2168 3554 pristinorum

586 3566 799 3626 mturare
822 3563 970 3620 atque
994 3556 1204 3608 tristitia
1228 3557 1605 3624 deprimuntur,
1635 3558 1922 3626 spiritualis
1943 3559 2170 3615 scientiw

581 3623 972 3700 iucunditatem,
1001 3627 1135 3700 velut
1165 3627 1354 3691 vinum,
1387 3627 1523 3689 quod
1552 3623 1780 3694 lwtiﬁcat
1809 3643 1897 3681 cor
1923 3628 2165 3700 hominis,

585 3693 842 3772 affluenter
887 3697 1181 3772 infundite;
1222 3711 1417 3772 eosque
1467 3693 1710 3772 salutaris
1760 3701 1894 3772 verbi
1949 3693 2167 3772 crapula

584 3766 840 3842 refovete;
869 3785 930 3842 ne
959 3771 1090 3838 forte
1108 3771 1336 3841 jugitate
1365 3772 1592 3842 maeroris
1615 3770 1676 3842 de
1701 3771 1793 3823 tali
1816 3766 2167 3842 desperatione

586 3837 820 3898 demersi,
851 3837 1226 3894 abundant-tore
1252 3842 1458 3892 tristitia
1488 3841 1876 3894 absorbeanlttr.

656 3915 679 3982 ξ’
715 3909 850 3982 yttlg
883 3928 894 3962 :
933 3909 1110 3964 Omnis
1140 3913 1282 3982 piger
1311 3927 1509 3977 semper
1535 3913 1587 3965 in
1616 3923 1832 3982 egestate
1859 3921 1950 3968 est.

655 3975 680 4014 δ
710 3975 966 4034 Docirina
1008 3975 1663 4051 praedicationisduabus
1685 3999 1748 4036 cx
1781 3985 1958 4038 causis
1984 3987 2162 4040 reddi-

584 4055 668 4099 tur
700 4051 870 4122 inanis
901 4062 954 4104 et
1000 4053 1246 4107 inefficax
1280 4072 1290 4104 :
1329 4051 1380 4105 1°
1407 4068 1473 4106 ex
1505 4063 1654 4121 parte
1685 4069 1778 4106 seu
1812 4054 1941 4108 vitio
1972 4052 2164 4122 praedi—

579 4123 806 4194 catoris;
836 4120 988 4194 fer
1011 4125 1167 4189 culpa
1195 4120 1519 4194 auditorum.
1553 4123 1683 4177 Vide
1705 4123 1816 4177 div.
1841 4120 2162 4194 Gregorium

581 4187 768 4243 homil.
801 4192 868 4245 I7
895 4191 945 4244 in
975 4187 1281 4260 Evangelia.

652 4267 675 4295 ε
697 4259 870 4339 γΑριεό
914 4261 1098 4315 Isaiam
1131 4259 1325 4331 legitur
1353 4281 1378 4339 :_
1397 4261 1736 4339 Excaecan
1775 4265 1954 4334 populi
1981 4267 2157 4339 hujus.

579 4325 927 4398 Septuaginta
953 4342 1130 4385 autem
1156 4325 1546 4387 transtulerunt
1571 4352 1582 4387 :
1609 4325 1938 4388 Exctrcat'um
1959 4325 2062 4392 εἰυὲ
2083 4325 2162 4394 in?-

578 4410 862 4475 crttssatum
905 4411 996 4475 est
1020 4418 1108 4454 cor
1155 4402 1327 4472 populi
1367 4406 1543 4475 hujus.
1577 4405 1730 4470 Quod
1761 4423 1820 4461 eo
1851 4407 2014 4475 fecere
2039 4425 2161 4464 con-

577 4468 712 4547 silio,
748 4487 810 4524 ne
836 4473 1070 4543 gentiles,
1104 4468 1212 4547 hazc
1250 4477 1391 4541 apud
1426 4468 1621 4528 Isaiam
1648 4468 1889 4547 legentes,
1915 4487 2156 4545 putarent

578 4537 740 4614 Deum
790 4537 1064 4596 auctorem
1109 4537 1718 4614 httjus'exctecationisf
1752 4537 1957 4602 Diciiur
2013 4553 2155 4606 enim

574 4609 718 4684 Deus
741 4629 1019 4668 exca‘care
1046 4625 1132 4669 aut
1158 4608 1430 4676 indurare.
1459 4633 1562 4670 non
1590 4619 1728 4684 quod
1744 4622 2038 4674 caecitatem
2066 4633 2156 4678 aut
2189 4608 2237 4667 Ι)

572 4681 824 4737 duritiam
874 4686 1144 4760 immittat,
1186 4687 1278 4741 sed
1322 4690 1442 4757 quia
1473 4681 1677 4744 deserit
1705 4691 1849 4760 prius
1878 4691 2149 4760 desertus,

572 4763 622 4804 et
651 4768 754 4808 non
787 4756 1350 4832 suppeditatgratiam,
1384 4776 1486 4828 qua
1517 4756 1811 4817 deatitu'tus
1838 4764 1995 4817 homo
2021 4756 2157 4832 prae-

569 4837 695 4891 ccps
723 4827 828 4880 ruit
851 4829 900 4880 in
927 4829 1088 4882 multa
1115 4827 1355 4902 peccata,
1381 4827 1563 4900 sicque
1591 4834 1840 4902 paulatim
1868 4827 2153 4891 induratur

566 4903 622 4950 et
649 4909 950 4969 excmcatur
979 4912 1075 4952 suo
1103 4901 1230 4955 vitio
1257 4911 1309 4956 et
1337 4902 1510 4969 culpa.

638 4966 662 5004 ἀ
687 4969 1001 5040 Opportune
1027 4987 1084 5025 se
1116 4972 1274 5029 offert
1301 4974 1364 5025 ad
1391 4966 1534 5028 hunc
1558 4975 1736 5030 locum
1761 4977 2142 5034 illustrandum

571 5039 629 5092 D.
655 5039 948 5111 Gregorius
977 5058 1102 5097 xxxx
1131 5045 1407 5098 Moralium
1441 5059 1559 5116 cap.
1594 5045 1661 5103 35
1696 5065 1707 5100 :
1744 5047 1917 5120 Stepe,
1943 5051 2136 5121 inquit,

2273 3291 2479 3352 propter
2503 3274 2752 3334 auditoris
2780 3274 2988 3352 culpam
3015 3281 3331 3352 subtrahitur
3358 3293 3525 3332 sermo
3550 3278 3769 3352 doctori:
3795 3274 3853 3327 In

2272 3345 2377 3406 Ῐιὶε⁷
2398 3367 2516 3422 ergo
2563 3367 2679 3423 qum
2705 3345 2924 3406 ubertim
2960 3351 3202 3418 prtedicat
3235 3353 3434 3423 doctor,
3469 3348 3614 3400 nulla
3645 3345 3853 3423 elatione

2272 3437 2324 3474 se
2351 3418 2552 3490 efferat,
2574 3418 2646 3477 ἠε
2677 3425 2894 3492 fortasse
2921 3439 3018 3475 non
3049 3439 3139 3489 pro
3181 3438 3298 3488 sua,
3343 3419 3434 3472 sed
3461 3435 3555 3489 pro
3601 3418 3853 3469 auditoris

2271 3497 2456 3566 gratia,
2485 3498 2593 3566 ejus
2624 3496 2880 3562 repleatur
2911 3494 3120 3562 lingua;
3144 3504 3188 3545 et
3216 3494 3266 3545 in
3291 3495 3368 3544 his
3401 3507 3518 3566 qua’
3548 3493 3727 3566 doctor
3753 3498 3851 3540 ste-

2269 3560 2434 3618 riliter
2463 3560 2607 3630 dicit,
2634 3560 2844 3618 auditor
2877 3560 3317 3625 nonsucceuseat,
3349 3578 3412 3614 ne
3436 3561 3653 3629 fortasse
3679 3560 3854 3610 docto-

2269 3633 2342 3687 ris
2373 3639 2567 3707 lingua,
2601 3651 2701 3689 non
2731 3653 2823 3707 pro
2845 3651 2957 3707 sun,
2991 3637 3075 3688 sed
3100 3651 3193 3703 pro
3225 3633 3480 3707 auditoris
3503 3631 3854 3707 reprobatione

2271 3699 2560 3775 torpeséat.
2600 3707 2704 3760 Pro
2731 3699 3006 3759 'autlitoris
3043 3699 3263 3774 namque
3289 3703 3459 3775 gratia
3502 3699 3854 3775 dntur_b_onus

2270 3769 2422 3830 etiam
2446 3782 2593 3832 malis
2613 3794 2778 3830 sermo
2809 3777 3119 3838 doctoribus,
3169 3769 3307 3828 sicut
3338 3780 3612 3841 potuerunt
3661 3769 3853 3823 Phari-

2268 3851 2382 3900 sa'is
2415 3861 2682 3918 suppetere
2705 3848 2852 3900 verba
2878 3848 3279 3918 pra’dicationis,
3309 3848 3373 3898 de
3398 3845 3580 3911 quibus
3607 3843 3853 3918 scriptum

2267 3933 2339 3970 est
2383 3913 2596 3988 (Matth.
2633 3919 2826 3984 xxttt):
2863 3917 3045 3970 Omnia
3076 3931 3194 3985 ergo
3249 3926 3588 3986 quwcantque
3631 3913 3855 3965 dixerint

2267 3989 2404 4042 vobis
2431 4002 2624 4044 servate
2651 4001 2694 4042 et
2729 3991 2896 4059 farite,
2929 3991 3208 4042 secundum
3238 4001 3356 4041 vero
3384 4003 3541 4054 opera
3563 4001 3736 4059 eorum
3767 3999 3855 4059 uo-

2267 4061 2351 4112 lite
2378 4063 2577 4132 facere;
2609 4056 2814 4132 propter
2841 4061 3137 4113 auditorum
3167 4071 3287 4132 vero
3313 4056 3852 4132 reprobationetn_bo-

2265 4132 2345 4182 nis
2377 4126 2524 4185 etiam
2549 4126 2840 4185 (iactatibus
2885 4147 3048 4184 sermo
3088 4131 3431 4192 subtrahitur,
3472 4130 3599 4181 sicut
3629 4128 3698 4178 ad
3721 4126 3855 4179 Exe-

2263 4202 2476 4272 cltielem
2525 4215 2702 4256 contra
2764 4201 3010 4256 lsrat‘lctn
3041 4217 3059 4254 :
3092 4199 3344 4272 Linguam
3395 4209 3537 4253 tuam
3587 4196 3855 4272 att/mre"

2265 4271 2452 4338 faciam
2485 4277 2661 4342 palato
2693 4286 2800 4340 tuo,
2847 4280 2890 4326 et
2923 4273 3021 4326 eris
3052 4271 3241 4336 mutus,
3276 4288 3367 4342 nec
3393 4272 3542 4336 quasi
3569 4271 3855 4342 rirobjur-

2262 4357 2411 4412 guns,
2445 4340 2563 4408 quia
2594 4348 2772 4399 domus
2805 4358 3114 4412 exasperans
3143 4353 3214 4396 est
3239 4341 3452 4413 (Ezech.
3479 4340 3854 4409 ttt).Aliquan-

2263 4415 2332 4487 do
2351 4424 2524 4468 autem
2551 4431 2713 4469 sermo
2746 4415 3124 4487 prwtlicationis
3156 4423 3366 4487 propter
3388 4425 3625 4487 utrosque
3665 4413 3850 4475 datur,

2262 4484 2540 4554 aliquando
2567 4482 2771 4558 propter
2796 4498 3036 4549 utrosque
3068 4483 3402 4558 subtrahitur.
3425 4482 3856 4558 Pmpterlutros-

2262 4547 2360 4623 que
2384 4558 2518 4609 enim
2542 4547 2720 4622 datur,
2747 4558 2876 4610 sicut
2908 4547 3079 4610 divina
3099 4571 3219 4608 voce
3253 4553 3414 4606 Paulo
3464 4550 3605 4623 apud
3647 4547 3852 4623 Coriu—

2265 4618 2395 4681 lhios
2437 4628 2629 4680 dicitur
2679 4618 2718 4682 ;⁷
2751 4629 2928 4682 Nolite
2955 4633 3148 4692 timere,
3185 4627 3274 4679 sed
3313 4623 3528 4692 loquere.
3566 4618 3625 4672 Et
3653 4622 3853 4692 paulo

2264 4707 2376 4770 post
2407 4714 2425 4751 :
2459 4702 2592 4764 Quia
2648 4701 2866 4770 populus
2897 4698 3086 4750 multus
3113 4708 3206 4770 est
3250 4691 3384 4770 mihi
3417 4691 3595 4770 inultae
3619 4691 3847 4770 civitate.

2261 4767 2485 4836 Propter
2515 4763 2755 4840 utrosque
2782 4783 2893 4822 vero
2924 4765 3266 4831 subtrahitur,
3300 4768 3433 4820 sicut
3461 4763 3581 4840 cli
3608 4763 3847 4840 sacerdos

2253 4847 2300 4889 et
2323 4857 2532 4907 pravam
2558 4836 2786 4911 ﬁliorum
2821 4841 3050 4911 cognovit
3072 4843 3413 4911 actionem,“
3439 4838 3650 4906 dignam
3678 4836 3843 4886 incre-

2252 4913 2475 4976 pationis
2503 4908 2604 4966 non
2634 4909 2857 4967 exercuit
2885 4923 3074 4963 vocem.
3115 4909 3239 4964 lla'c
3264 4908 3574 4978 Gregorius
3625 4913 3680 4961 et
3725 4918 3844 4974 quae

2249 4993 2571 5053 sequuntur.
