4044 6190
561 267 661 324 991

1617 259 1899 316 JOANNIS
1937 256 2253 316 CASSIANI
2293 253 2786 313 COLLATIONES.

3734 263 3850 322 99$

559 378 737 443 citate,
767 375 998 443 leprosos
1056 377 1316 441 mundule,
1345 376 1601 429 datntones
1634 373 1835 445 ejicite;
1866 373 2030 445 gratis
2061 388 2145 425 ac-
2173 373 2225 434 Α
2252 370 2539 440 obligatus,
2561 380 2779 441 propter
2804 371 3214 428 admirationem
3240 374 3516 444 signorum
3534 386 3760 432 sanctus
3779 394 3844 436 ac

560 471 784 541 cepistis,
833 468 994 538 gratis
1043 469 1158 521 date
1212 467 1428 537 (Matth.
1467 465 1550 535 ι).
1587 463 1864 530 Secunda,
1896 479 2040 532 cum,
2075 464 2144 519 ob

561 563 972 620 aediﬁcationem
1009 563 1254 617 ecclesia:
1299 562 1382 616 vel
1406 575 1594 615 eorum
1627 560 1716 630 qui
1749 559 1991 614 inﬁrmos
2018 573 2145 612 suos

561 661 831 729 ingerunt,
861 656 945 711 vel
977 670 1166 710 eorum
1195 655 1286 725 qui
1312 654 1532 708 curandi
1562 665 1708 718 sunt,
1739 653 1923 721 (idem,
1944 652 2146 706 sanita-

561 762 673 807 tum
706 751 877 805 virtus
903 748 1064 803 etiam
1096 762 1125 800 a
1181 747 1557 816 peccatoribus
1584 747 1924 816 indignisque
1957 763 2146 815 proce-

560 845 656 897 dit.
690 844 761 895 De
791 841 986 910 quibus
1012 840 1258 896 Salvator
1286 841 1338 894 in
1367 840 1660 908 Evangelia
1695 857 1707 892 :
1741 839 1918 899 Multi,
1946 840 2140 908 inuluit,

559 935 730 987 dicent
756 934 880 986 mihi
919 935 968 987 in
999 933 1092 986 illa
1118 933 1202 986 die
1233 949 1252 986 :
1283 932 1520 996 Domine,
1573 929 1817 994 Domine,
1845 939 1871 966 ἰ
1898 947 2065 984 nonne
2090 933 2143 983 in

561 1028 766 1081 nomine
792 1037 878 1080 tuo
903 1027 1340 1098 prophetavimus,
1372 1036 1419 1080 et
1449 1027 1500 1078 in
1529 1027 1733 1077 nomine
1775 1035 1862 1077 tuo
1890 1024 2144 1077 dtemonia

561 1122 824 1190 ejecimus.
862 1130 907 1174 et
937 1121 988 1173 in
1021 1131 1110 1172 tuo
1137 1120 1339 1173 nomine
1394 1119 1604 1171 virtutes
1653 1118 1842 1168 multas
1887 1117 2144 1184 fecimus:

560 1223 608 1266 et
639 1225 760 1264 tunc
779 1213 1059 1278 conﬁtebar
1089 1212 1196 1265 illis
1220 1212 1340 1281 quia
1363 1226 1642 1280 numquam
1673 1211 1786 1262 novi
1815 1225 1902 1262 vos
1927 1224 1945 1262 :
1969 1208 2146 1262 Disce-

561 1305 664 1358 dite
694 1324 723 1357 a
753 1322 851 1370 me,
881 1305 1106 1374 operarii
1136 1305 1419 1372 iniquitatis
1462 1301 1678 1371 (Matth.
1710 1307 1828 1370 vlt).
1863 1301 1926 1356 Et
1980 1316 2144 1356 econ-

564 1405 752 1467 trario,
801 1405 845 1453 si
908 1400 1248 1455 offerentium
1301 1399 1382 1453 vel
1435 1397 1768 1452 inﬁrmorum
1800 1397 1940 1451 desit
1988 1397 2183 1463 ﬁdes,-

563 1496 724 1547 etiam
755 1494 874 1547 illos
901 1495 1094 1564 quibus
1124 1493 1468 1546 curationum
1493 1492 1633 1545 dOlla
1663 1491 1859 1545 collata
1887 1505 2005 1544 sunt
2039 1505 2144 1543 non

562 1585 688 1639 sinit
713 1586 999 1639 Sattilalllm
1033 1601 1291 1640 exercere
1324 1591 1600 1638 virtutem.
1639 1585 1714 1638 De
1755 1599 1856 1653 tha
1890 1599 1946 1638 re
1977 1583 2145 1637 Lucas

564 1679 884 1747 evangelista
917 1696 930 1731 :
958 1676 1020 1730 Et
1041 1677 1182 1730 bnon
1211 1688 1438 1748 poterat,
1465 1677 1661 1744 inquit,
1691 1675 1841 1728 Jcsus
1872 1678 2036 1745 facere
2065 1677 2146 1728 in-

563 1778 639 1824 ter
664 1787 746 1824 eos
789 1773 1016 1836 virtutes,
1057 1781 1263 1842 propter
1293 1772 1702 1825 ineredulitatem
1747 1770 1955 1824 illarunt
1986 1769 2137 1840 (Luc.

561 1864 656 1931 tv).
694 1861 842 1917 Unde
872 1864 1009 1917 idem
1035 1863 1294 1918 Dominus
1319 1881 1332 1917 :
1361 1863 1537 1929 Multi,
1572 1864 1760 1932 inquit,
1791 1865 1976 1934 leprosi
1997 1872 2142 1916 erant

560 1957 612 2010 in
638 1954 806 2012 Israel
835 1960 928 2012 sub
959 1957 1128 2012 Eliseo
1159 1958 1431 2030 proplteta,
1455 1967 1504 2012 et
1552 1974 1697 2012 nemo
1721 1975 1794 2011 eo:
1813 1975 1898 2010 um
1923 1957 2141 2009 munda-

560 2059 638 2102 tus
667 2061 738 2102 est
766 2051 865 2104 nisi
897 2050 1135 2104 Naaman
1163 2051 1328 2121 Syrus
1359 2050 1575 2123 (.lIatth.
1609 2051 1779 2121 xm).c
1811 2050 2019 2104 Tertius
2048 2065 2140 2103 cu-

558 2144 824 2196 ratiOuum
872 2144 1063 2197 modus
1106 2149 1265 2198 etiam
1307 2145 1545 2198 colludio
1594 2144 1898 2197 dmmonum
1947 2158 2008 2196 ac
2056 2142 2137 2196 fa-

559 2236 736 2290 ctione
763 2237 1068 2302 simulatur,
1094 2249 1150 2292 ut
1176 2239 1300 2293 dum
1324 2240 1796 2294 bomomanil‘estis
1818 2237 2136 2292 criminibus

2247 462 2341 517 Dei
2370 462 2599 518 famulos
2625 463 2884 530 creditur,
2913 465 3071 519 etiam
3102 465 3353 521 vitiorum
3398 467 3517 536 ejus
3560 469 3840 526 a‘mulatio

2248 557 2559 624 suadeatur,
2584 567 2637 613 et
2693 575 2789 628 per
2819 560 2920 615 boc
2953 561 3371 616 obtrectationis
3401 561 3552 616 aditu
3587 561 3758 634 [Lips.
3785 567 3842 620 in

2249 669 2413 722 marg.
2465 650 2674 721 auditu]
2739 663 3006 721 reserato,
3062 654 3224 710 etiam
3269 655 3548 724 religionis
3575 658 3840 713 sanctitas

2247 745 2558 806 infametur.
2579 748 2822 801 velcerte
2847 758 2903 801 ut
2927 748 2970 802 is
2989 749 3077 815 qui
3105 747 3445 802 curationum
3465 749 3610 803 dona
3639 750 3840 806 habere

2246 851 2306 891 se
2329 837 2521 903 credit,
2545 853 2640 906 per
2669 840 2974 906 superbiam
3000 841 3180 894 cordis
3209 840 3387 895 elatus
3416 842 3635 910 gravius
3665 844 3834 898 elida-

2248 937 2352 983 tur.
2381 929 2512 985 lude
2563 943 2646 985 est
2687 933 2826 1001 quod
2873 933 3185 988 invocantes
3212 949 3400 988 eorum
3433 936 3655 989 nomina
3705 952 3840 1008 quos

2247 1024 2394 1077 nulla
2420 1025 2609 1079 merita
2637 1026 2939 1080 sanctitatis
2994 1041 3094 1081 nec
3143 1027 3284 1082 ullos
3330 1028 3603 1095 spiritales
3633 1028 3839 1085 tractus

2249 1114 2450 1170 habere
2478 1113 2867 1184 cognoscunt,d
2886 1119 2968 1172 uri
3000 1133 3058 1171 se
3087 1133 3273 1172 eorum
3295 1118 3526 1180 meritis,
3555 1135 3620 1173 ac
3644 1120 3714 1174 de
3741 1121 3842 1176 ob-

2248 1207 2412 1262 stessis
2439 1209 2694 1262 simulant
2749 1209 3072 1277 corporibus
3119 1209 3360 1280 ell'ugari.
3426 1210 3502 1265 De
3551 1212 3752 1281 quibus
3782 1212 3836 1268 in

2249 1308 2666 1364 Deuteroaomio
2702 1328 2714 1364 :
2745 1309 2806 1366 Si
2833 1311 3076 1378 surrexit,
3111 1312 3301 1380 inquit,
3331 1313 3380 1363 in
3405 1313 3576 1365 media
3609 1314 3685 1366 tui
3711 1332 3837 1386 pra-

2248 1413 2422 1483 pheta,
2454 1423 2542 1467 aut
2570 1415 2659 1484 qui
2686 1416 2944 1468 somnium
2973 1431 3026 1468 se
3051 1415 3237 1467 vidisse
3268 1415 3428 1479 dicat,
3454 1427 3502 1468 et
3529 1418 3837 1484 pra’dixerit

2246 1517 2449 1587 signum
2472 1529 2622 1588 atque
2653 1529 2965 1585 portentum,
3008 1529 3056 1573 et
3083 1524 3302 1574 evenerit
3329 1522 3469 1591 quod
3499 1523 3696 1576 locutus
3727 1531 3826 1588 est,

2247 1633 2294 1674 et
2319 1622 2505 1676 dixerit
2535 1623 2628 1676 tibi
2656 1639 2673 1675 :
2709 1622 2902 1676 Eamus
2925 1633 2974 1676 et
3005 1639 3280 1692 sequamur
3303 1624 3422 1678 deos
3449 1626 3670 1689 alienos,
3702 1644 3833 1696 quas

2177 1760 2221 1820 Β
2249 1725 2479 1794 ignoras,
2525 1735 2571 1780 et
2610 1725 2888 1780 serviamus
2927 1726 3032 1787 eis;
3060 1743 3162 1780 non
3191 1727 3375 1781 audias
3402 1729 3551 1781 verba
3578 1730 3842 1801 prophetia

2249 1825 2396 1880 illius
2423 1835 2512 1879 aut
2537 1827 2890 1890 somniatoris,
2949 1829 3071 1898 quia
3109 1835 3272 1882 tentat
3299 1845 3385 1883 vos
3407 1828 3667 1884 Dominus
3697 1832 3838 1886 Deus

2245 1938 2407 1982 vester
2426 1940 2479 1982 ut
2506 1930 2676 2000 palam
2694 1931 2784 1996 ﬁat
2809 1940 2980 1983 utrum
3006 1931 3234 2000 diligatis
3258 1948 3394 1998 eum,
3413 1948 3479 1984 an
3510 1934 3705 1996 non,in
3734 1944 3841 1988 tota

2246 2032 2397 2084 corde
2425 2041 2473 2086 et
2497 2034 2550 2086 in
2575 2041 2680 2086 tota
2710 2033 2886 2086 animo
2907 2046 3071 2088 uestra
3101 2032 3283 2102 (Deut.
3317 2031 3453 2103 χιιι).
3487 2035 3552 2088 Et
3571 2035 3622 2089 in
3651 2037 3839 2091 Evan-

2247 2137 2390 2204 gelio
2435 2135 2799 2208 :Exsurgent,
2851 2137 3043 2205 inquit,
3089 2137 3467 2208 pseudochristi
3523 2149 3570 2193 et
3615 2142 3840 2211 pseudo-

2249 2238 2532 2306 praphette,
2567 2247 2591 2275 °
2618 2251 2664 2292 et
2686 2239 2880 2293 dabunt
2908 2241 3058 2310 signa
3083 2257 3273 2311 magna
3303 2251 3350 2294 et
3373 2242 3636 2313 prodigia,
3673 2244 3748 2297 ita
3784 2256 3841 2298 ut

1648 2347 1900 2402 ALARDI
1941 2345 2177 2402 GAZEI
2212 2343 2784 2406 COMMENTARIUS.

633 2449 657 2478 ⁸
685 2441 749 2495 D.
782 2442 1136 2515 Hieronymus
1165 2446 1214 2498 iu
1241 2445 1381 2499 hunc
1406 2446 1580 2499 locum
1633 2463 1644 2496 :
1695 2441 2036 2515 Prophetare,
2073 2453 2141 2515 et

563 2512 772 2585 virtutes
803 2512 995 2580 facere,
1017 2527 1061 2567 et
1088 2517 1340 2567 da'mania
1371 2517 1569 2585 ejicere,
1601 2514 1856 2566 interdum
1900 2530 1999 2564 nan
2033 2514 2144 2582 ejus

566 2584 732 2634 meriti
761 2594 833 2635 est
865 2588 950 2650 qui
979 2597 1253 2651 operatur;
1299 2584 1398 2638 sed
1430 2588 1503 2638 vel
1558 2585 1877 2637 invocatio-te
1923 2585 2144 2636 nominis

564 2653 753 2704 Christi
775 2655 868 2705 hoc
894 2657 1020 2722 agit,
1049 2655 1120 2706 rel
1152 2656 1211 2707 ob
1245 2657 1719 2708 condemnationem
1751 2670 1925 2706 eorum
1953 2657 2038 2720 qui
2064 2656 2145 2707 in-

563 2733 759 2797 t'ocant,
791 2735 836 2776 et
863 2727 1131 2797 utilitatem
1163 2743 1334 2779 eorum
1365 2727 1454 2797 qui
1486 2727 1654 2779 vident
1683 2739 1727 2779 et
1754 2727 1992 2788 audiunt,
2021 2742 2144 2777 con-

562 2795 778 2866 ceditur,
836 2808 887 2847 ut
944 2796 1061 2849 licet
1109 2798 1334 2850 homines
1379 2795 1666 2866 despiciant
1695 2799 1841 2866 signa
1873 2799 2137 2866 facientes,

562 2875 728 2938 (tmten
751 2864 906 2918 Deum
932 2870 1179 2921 [tonarent
1198 2869 1264 2920 ad
1279 2871 1429 2938 cujus
1450 2864 1814 2938 invocationem
1831 2864 1960 2938 fiunt
1985 2869 2144 2920 multa

562 2937 830 3008 miracula.
863 2938 998 2990 Nam
1023 2950 1069 2992 ct
1100 2939 1250 3001 Saul,
1282 2937 1594 3003 et’Balaam,
1647 2947 1694 2992 et
1725 2937 1974 3004 Caiphas,
2026 2955 2144 3008 pro-

563 3006 915 3080 phetaverunt,
942 3011 1216 3080 nescientes
1241 3013 1366 3080 quid
1395 3015 1618 3080 dicerent
1661 3010 1704 3073 (Ι
1743 3009 1864 3078 (leg.
1893 3025 1948 3076 x,
1975 3006 2140 3066 Nunt.

562 3094 712 3146 xxnt,
745 3077 900 3132 Joan.
929 3093 1041 3146 XI);
1073 3091 1120 3133 et
1156 3077 1386 3144 Pharao,
1419 3094 1466 3134 et
1501 3077 1981 3133 Nabuchodonosor
2013 3098 2144 3132 sam-

561 3147 660 3202 niis
686 3145 862 3214 futura
885 3164 1198 3219 cognoscunt
1227 3151 1436 3210 (Cenes.
1471 3167 1578 3213 xu,
1613 3149 1819 3204 Daniel.
1851 3150 1949 3217 lt);
1995 3162 2041 3202 ct
2093 3153 2145 3204 in

565 3220 770 3272 Aetibus
800 3222 1182 3288 Apostolorum,
1211 3224 1307 3287 filii
1340 3223 1510 3277 Scevaz
1529 3220 1704 3275 Judari
1730 3221 2028 3274 videbantur
2053 3224 2148 3289 eji-

561 3306 671 3344 cere
697 3292 946 3345 dtemonia
977 3295 993 3361 (
1025 3293 1136 3345 Act.
1169 3293 1310 3360 XIX).
1347 3293 1449 3348 Sed
1477 3307 1523 3346 et
1554 3293 1720 3345 ludas
1743 3296 2001 3360 apostolus
2030 3309 2146 3346 cum

561 3363 734 3415 animo
793 3364 1066 3427 proditoris
1114 3365 1274 3417 multa
1314 3367 1460 3434 signa
1508 3366 1639 3417 inter
1668 3365 1925 3429 opastolas
1967 3365 2146 3430 fecisse

562 3444 825 3505 narratur.
847 3435 970 3488 llzec
992 3435 1047 3490 S.
1081 3436 1432 3502 Hieronymus
1461 3434 1622 3505 (Vide
1650 3437 1786 3501 infra
1816 3451 1927 3504 cap.
1956 3436 2033 3502 6).

635 3500 662 3539 b
692 3503 909 3558 Duobus
925 3506 1097 3560 modis
1111 3500 1397 3570 exuouitur
1417 3525 1429 3558 :
1451 3500 1628 3559 i'Non
1647 3500 1938 3574 pomum
1954 3500 2028 3558 est
2049 3521 2142 3559 no-

563 3569 728 3644 lebat,
749 3586 969 3644 propter
991 3569 1667 3640 eorumincredulitatem;
1691 3577 2140 3642 quemadmodum

563 3643 760 3700 fratres
780 3647 980 3716 Joseplt
1019 3649 1270 3702 dicitntur
1297 3665 1398 3704 non
1428 3649 1653 3720 patuisse
1682 3649 1830 3720 frqtri
1869 3665 1960 3700 sua
1989 3650 2112 3718 quid
2132 3657 2143 3686 -“

562 3731 718 3790 quam
745 3721 958 3785 pacifice
983 3719 1144 3790 loqui,
1172 3720 1290 3787 quia
1321 3716 1533 3773 oderant
1557 3716 1846 3787 eum(Gen.
1911 3716 2135 3790 sxum),

563 3785 616 3840 id
640 3799 741 3851 est,
768 3790 1004 3845 noluisse
1024 3785 1127 3854 {et
1150 3785 1465 3845 uthristus
1482 3795 1557 3843 ait
1582 3785 1742 3844 Joan.
1776 3805 1844 3842 vn
1867 3809 1877 3842 :
1901 3787 2020 3841 Non
2050 3807 2138 3857 pa-

563 3866 656 3910 test
689 3863 910 3915 mundus
935 3864 1100 3915 odisse
1132 3880 1216 3915 vos
1239 3878 1258 3915 :
1291 3862 1341 3916 1°
1371 3878 1475 3915 non
1501 3862 1611 3914 vult
1636 3861 1833 3920 odisse.
1868 3877 1986 3913 cum
2047 3875 2140 3913 vos

562 3930 806 3999 multdoti
835 3932 988 3998 sitis;
1027 3933 1087 3986 2°
1113 3931 1233 3985 Non
1259 3944 1474 3999 poterat,
1501 3934 1550 3987 id
1573 3945 1673 3996 est,
1708 3948 1811 3984 ttou
1843 3931 2137 3985 Convenie-

561 3998 658 4072 bat
708 4019 806 4059 nec
857 4005 1084 4059 decebat
1130 4013 1189 4057 ut
1242 3998 1476 4059 faceret:
1532 4002 1992 4072 quemadmodum
2013 4001 2138 4056 libis

564 4068 809 4127 Zebedwi
847 4074 978 4129 tlint
1011 4094 1022 4127 :
1059 4075 1178 4126 Non
1209 4085 1282 4129 est
1336 4068 1696 4129 mecum—dare
1747 4075 1888 4126 vobis
1919 4071 2133 4140 (Matth.

561 4142 692 4216 xx)._
713 4142 846 4198 Noto
874 4146 1004 4199 dare
1038 4146 1215 4209 VOblS,
1243 4148 1364 4214 quia
1395 4162 1500 4201 non
1532 4147 1780 4216 congruit
1815 4145 1985 4198 adhuc
2013 4159 2135 4197 car-

563 4211 778 4266 nalibus
799 4225 854 4269 et
874 4217 1178 4269 mundanis.

637 4291 658 4319 ο
704 4284 776 4337 De
834 4286 936 4341 bac
982 4289 1282 4340 li33ll|l|nlllll
1333 4288 1630 4341 collosioue
1657 4300 1722 4340 ac
1761 4284 2133 4351 simulatione,

560 4367 662 4420 qua
682 4354 902 4429 lingunt
932 4372 1034 4411 sea
1065 4358 1236 4425 magis
1259 4361 1376 4429 cogi
1406 4369 1459 4413 et
1485 4375 1672 4412 eorum
1699 4357 1930 4427 imperio
1957 4358 2024 4410 de
2042 4359 2135 4409 ob-

559 4425 724 4500 sessis
751 4425 1070 4500 corporibus
1103 4425 1369 4483 vmth
1397 4431 1622 4500 expelli,
1655 4425 1831 4482 actum
1863 4437 1944 4480 est
1972 4444 2134 4494 supra

561 4493 776 4564 (Collat.
809 4499 842 4554 8
871 4515 917 4554 c.
950 4498 1062 4569 20).
1102 4500 1252 4554 llunc
1278 4512 1456 4556 autem
1475 4493 1704 4554 modum
1733 4501 2003 4554 recensuit
2027 4493 2136 4552 Au-

557 4576 693 4630 ctor,
733 4586 837 4624 non
862 4572 999 4637 quod
1034 4571 1098 4625 ad
1130 4573 1454 4626 charismata
1487 4573 1665 4625 divina
1688 4582 1741 4625 et
1770 4570 1906 4623 dona
1936 4584 2130 4636 snper-

2247 2458 2442 2497 curare
2475 2451 2563 2513 qui
2596 2444 2906 2501 hominibus
2927 2446 3181 2500 videntur
3211 2457 3400 2501 etsunt
3425 2464 3608 2503 revera
3641 2451 3839 2506 imme-

2249 2516 2538 2585 dicabiles;
2566 2532 2749 2571 verum
2779 2519 2863 2570 hic
2889 2518 3088 2571 trullam
3119 2532 3197 2572 est
3231 2521 3558 2573 miraculum.
3589 2519 3712 2585 quia
3745 2523 3834 2574 ni-

2249 2583 2325 2638 lnl
2355 2588 2463 2652 agit
2488 2587 2699 2640 dmuton
2723 2589 2864 2656 quod
2890 2599 3107 2653 superet
3140 2591 3283 2644 vires
3306 2592 3454 2644 totius
3477 2583 3704 2647 naturae.
3725 2592 3832 2646 sed

2249 2657 2417 2732 utitur
2437 2657 2616 2732 causis
2639 2668 2692 2712 et
2716 2659 2906 2713 mt'dlls
2929 2663 3287 2732 naturalibus,
3317 2659 3630 2732 applicando
3648 2661 3836 2716 activa

2250 2729 2501 2794 passivis,
2534 2747 2762 2796 quorum
2812 2732 2955 2785 vires
3005 2744 3053 2786 et
3084 2731 3362 2786 facultate.
3388 2729 3609 2786 'omnes
3662 2739 3834 2787 multo

2255 2802 2560 2872 accuratius
2589 2810 2642 2853 et
2672 2802 3035 2867 pet-Spicarius
3065 2809 3211 2856 itm-it
3234 2820 3394 2872 quam
3422 2805 3516 2857 ulli
3549 2806 3834 2872 experien-

2250 2868 2446 2923 tissimi
2471 2872 2694 2937 medici;
2730 2875 2810 2927 vel
2845 2884 2990 2927 certe
3022 2868 3348 2929 removendo
3373 2889 3567 2928 causas
3614 2868 3832 2928 inorbo-

2250 2954 2370 2993 rum
2394 2956 2528 3009 quas
2552 2945 2778 3010 ipsemet
2804 2948 3011 2998 occolte
3038 2945 3284 3000 immisit.
3325 2947 3453 3000 Vide
3484 2946 3544 3000 D.
3574 2947 3833 3009 Augusti-

2253 3025 2389 3085 num
2410 3013 2500 3085 lib.
2535 3029 2594 3067 ιιι
2621 3015 2687 3067 de
2711 3014 2971 3069 Trinitate
2999 3032 3118 3085 cap.
3152 3019 3181 3070 7
3212 3028 3265 3072 et
3293 3018 3375 3085 10,
3408 3028 3462 3072 et
3508 3017 3576 3073 de
3598 3018 3832 3073 Civitate

2254 3080 2345 3152 Dei
2383 3083 2476 3134 lib.
2509 3100 2541 3136 x
2573 3101 2692 3152 cap.
2732 3088 2816 3140 16.

2323 3151 2348 3187 ἀ
2387 3152 2475 3208 Uri
2511 3173 2612 3208 non
2645 3172 2742 3230 pro
2775 3157 2950 3224 urgeri
2975 3200 2988 3221 ,
3023 3168 3079 3210 ut
3113 3160 3166 3212 in
3212 3159 3390 3227 priore
3432 3159 3675 3214 editione
3714 3160 3834 3230 opia

2254 3235 2410 3277 natus
2442 3239 2560 3278 sunt
2587 3266 2600 3285 ,
2634 3227 2727 3279 sed
2775 3231 2990 3294 proprie
3021 3243 3117 3294 pro
3149 3231 3392 3284 eotnburi
3429 3233 3661 3295 positum
3695 3227 3835 3284 nunc

2250 3295 2521 3355 existimo,
2555 3311 2674 3349 cum
2707 3313 2768 3349 ex
2801 3301 2924 3349 vitis
2957 3299 3244 3351 nmltornm
3278 3311 3588 3354 sanctorum
3622 3311 3836 3355 constet

2250 3364 2524 3418 daemones
2553 3380 2777 3430 Corpora
2823 3369 3167 3432 possidentes
3210 3384 3315 3421 non
3360 3385 3484 3422 raro
3525 3373 3833 3426 (laniasse:

2253 3433 2405 3497 Uror,
2444 3452 2581 3495 uror,
2618 3445 2718 3488 etc.
2754 3435 2912 3503 Sa'pe
2941 3439 3100 3489 etiam
3133 3437 3201 3488 ab
3232 3441 3614 3506 ent-rgumenis
3658 3443 3708 3495 id
3741 3459 3839 3497 au-

2247 3509 2411 3556 tlilutn
2446 3520 2528 3556 BSt
2555 3523 2566 3555 :
2600 3508 2714 3578 Quo
2743 3511 2898 3557 nimio
2924 3506 3062 3578 ettim
3091 3506 3308 3578 abiguc
3329 3547 3344 3569 ,
3381 3509 3500 3578 licet
3532 3525 3836 3578 corporeo,

2247 3590 2369 3627 vere
2402 3585 2647 3638 uruntur,
2694 3576 2792 3628 hoc
2833 3584 2948 3638 est,
2995 3576 3299 3630 incendium
3339 3577 3608 3644 quoddam
3653 3576 3842 3635 inter;

2244 3661 2369 3699 nam
2400 3657 2453 3698 et
2484 3647 2726 3712 Spiritale
2765 3652 3039 3713 patiuntur
3069 3647 3344 3701 (Ιίῐξιιιοιιθε
3373 3648 3423 3700 in
3453 3647 3708 3716 inferno,
3743 3666 3839 3705 se-

2243 3717 2476 3770 cundum
2519 3717 2934 3783 probabiliorem
2975 3722 3335 3773 sententiam:
3384 3721 3453 3772 ita
3496 3720 3662 3773 etiam
3709 3737 3838 3777 san-

2244 3795 2454 3862 ctorum
2490 3792 2784 3862 pra-sentin
2833 3801 2884 3842 ut
2932 3791 3126 3843 virtute
3173 3806 3300 3844 vere
3339 3790 3578 3846 cruciari
3614 3806 3662 3862 et
3698 3807 3834 3862 quo-

2244 3860 2540 3931 dammodo
2570 3863 2650 3912 uri
2681 3859 2793 3914 Deo
2821 3863 2888 3912 ita
2921 3861 3134 3914 volente
3153 3904 3167 3926 ,
3201 3877 3304 3914 non
3331 3871 3417 3916 est
3445 3859 3827 3931 improbabile.

2246 3929 2382 3984 Vide
2414 3934 2659 3999 exempla
2693 3933 2833 4000 apud
2863 3932 3159 3986 Caesarium
3193 3941 3246 3986 et
3273 3934 3512 3987 Sttrittm.

2317 4010 2339 4035 ε
2385 4001 2547 4068 Signa
2593 4015 2640 4055 et
2695 4004 2932 4071 prodigia
2982 4003 3296 4058 Antichristi
3345 4014 3400 4057 et
3450 4006 3829 4059 ministrorum

2240 4070 2358 4142 ejus
2382 4112 2396 4133 ,
2433 4077 2609 4135 qtrolia
2638 4071 2820 4126 futura
2854 4070 2960 4127 Sint
2983 4115 2995 4137 ,
3044 4075 3289 4127 declarat
3328 4074 3624 4142 Apostolus
3647 4118 3661 4140 ,
3707 4092 3827 4131 cum

2239 4141 2308 4194 de
2355 4142 2690 4216 Attttcltristo
2743 4143 3186 4216 loquensﬁdicil,
3226 4145 3349 4216 ejus
3383 4141 3671 4199 adventum
3719 4151 3827 4216 fore

2238 4213 2524 4264 secundum
2573 4215 2812 4282 Operatio.
2839 4229 2918 4265 em
2962 4214 3175 4268 Satana:
3218 4215 3270 4266 in
3320 4217 3459 4269 omni
3510 4213 3732 4280 virtute,
3782 4225 3829 4270 et

2237 4283 2434 4358 signis,
2477 4293 2521 4334 et
2562 4283 2813 4351 prodigiis
2853 4285 3182 4358 mendacibus
3216 4285 3292 4352 (ll
3329 4286 3505 4340 Thess.
3543 4289 3639 4358 ιι).
3681 4288 3828 4342 Men-

2238 4353 2386 4406 dacia
2419 4365 2598 4407 autem
2630 4366 2790 4426 erant
2815 4396 2828 4418 ,
2859 4358 2954 4426 vel
2977 4357 3098 4424 quia
3137 4357 3461 4426 plerumque
3495 4353 3824 4424 pltautastica

2238 4434 2292 4478 et
2323 4440 2483 4478 merae
2515 4423 2826 4492 praestigiae.
2864 4425 3149 4480 Videbitur
3176 4428 3320 4480 enini
3365 4423 3602 4482 mortuos
3645 4433 3825 4483 susci-

2237 4503 2386 4557 tare,
2421 4509 2598 4564 πει-ηε
2629 4512 2821 4549 sanare
2841 4537 2855 4559 ,
2886 4509 2992 4550 etc.
3025 4496 3132 4551 Sed
3163 4496 3410 4552 illusorie
3437 4511 3489 4552 et
3519 4501 3819 4566 ιιι-ωειὶςιει·

2239 4566 2378 4638 torio
2403 4583 2414 4618 :
2450 4568 2630 4638 qualia
2659 4567 2788 4620 olim
2823 4566 3078 4622 miracula
3107 4567 3423 4635 Apollonius
3450 4568 3732 4638 Tltyaneus
3763 4578 3822 4624 et

557 4641 824 4695 naturalia
851 4645 1192 4698 curationum
1222 4655 1277 4697 et
1307 4643 1692 4697 miraculorum
1724 4641 1791 4695 de
1821 4640 2017 4710 quibus
2044 4639 2131 4694 ltic
2160 4638 2208 4697 D
2236 4636 2424 4710 Simon
2453 4637 2638 4705 Mtgus
2666 4639 2862 4692 iecisse
2891 4638 3160 4703 leguntur,
3183 4641 3265 4693 vel
3294 4642 3417 4706 quia
3438 4636 3649 4694 etiant~i
3673 4656 3823 4709 qutu-

556 4710 753 4783 agitur,
783 4730 914 4768 vere
939 4717 1224 4783 pertineat,
1251 4724 1308 4767 ut
1327 4715 1499 4769 cuivis
1523 4725 1704 4767 notum
1735 4721 1838 4776 est,
1864 4712 1956 4765 sed
1989 4711 2131 4778 quod

555 4779 776 4870 illorum
802 4779 1205 4870 similitudinem
1234 4788 1520 4870 quamdam
1553 4795 1608 4870 et
1635 4784 1871 4870 speqlelll
1915 4796 2133 4870 PER}?

555 4850 712 4906 ferat.
749 4854 994 4914 Imitatur
1024 4857 1168 4913 enim
1215 4850 1484 4923 diabolus,
1532 4865 1590 4910 ttt
1639 4855 1814 4920 simia,
1874 4860 2131 4921 quantum

555 4935 759 4994 potest,
788 4929 995 4984 divinas
1025 4932 1292 4996 actiones;
1347 4930 1439 4984 sed
1471 4943 1562 4982 eas
1608 4927 1874 4993 attingere
1904 4932 1957 4978 et
1981 4938 2134 4977 asse-

555 4996 644 5064 qui
678 5015 781 5054 non
834 5013 1028 5069 potest.
1078 5001 1316 5076 Pro_iude
1361 4998 1613 5076 quamvis
1642 5010 1751 5050 tum
1785 5011 1882 5076 per
1908 5009 1987 5057 se,
2025 5005 2131 5076 tum

555 5081 651 5136 per
681 5085 806 5126 suos
835 5066 1133 5136 lltilliSll‘OS,
1171 5073 1278 5126 Deo
1333 5066 1700 5136 permittente,
1751 5066 1918 5120 multa
1965 5066 2134 5131 possit

553 5144 768 5211 operari
791 5159 913 5211 qua:
943 5144 1247 5198 hominibus
1275 5142 1406 5195 mira
1447 5149 1504 5193 et
1551 5138 1828 5211 mirabilia
1847 5138 2131 5211 videantur

553 5207 640 5280 (S.
674 5205 854 5266 Thom.
886 5231 902 5269 ι
931 5225 1178 5286 parte,q.
1209 5213 1328 5286 ill,
1353 5229 1404 5263 α.
1436 5213 1489 5276 4,
1523 5208 1781 5286 et__2-2,q.
1812 5207 1932 5271 178,
1969 5223 2020 5258 a.
2045 5205 2129 5274 2).

553 5295 662 5336 non
687 5291 863 5339 tamen
893 5281 1016 5340 vera
1049 5281 1326 5345 miracula,
1358 5298 1480 5351 qua:
1501 5281 1708 5351 scilicet
1731 5292 1989 5348 superent
2012 5293 2128 5330 ont-

553 5369 676 5430 tt_em
707 5353 1025 5411 facultatem
1052 5371 1230 5410 rermu
1255 5350 1577 5430 naturalium
1609 5350 1810 5430 (qualia
1843 5358 1968 5430 sunt
2007 5363 2126 5430 sus-

550 5425 722 5502 citare
749 5438 1022 5502 mortuos.
1064 5441 1238 5502 cteros
1283 5424 1593 5502 illuminare
1614 5419 1714 5502 {et
1743 5419 2123 5502 __littju5tnqdi),

549 5499 920 5572 aut_ab_sol_ute
943 5499 1235 5572 mirabilia,
1278 5498 1350 5572 de
1379 5492 1942 5572 quibus_inte_lligittt_r
1982 5489 2127 5572 “illud

550 5568 742 5641 psalmi
765 5587 778 5624 :
799 5568 1102 5641 Benedictus
1131 5567 1386 5641 Dominus
1399 5562 1548 5621 Deus
1575 5562 1764 5641 Israel,
1778 5562 1867 5641 qui
1889 5562 2017 5641 facit
2034 5562 2130 5641 mi-

548 5630 734 5689 rabilia
759 5639 905 5708 solus
935 5639 1102 5708 (Psal.
1136 5646 1301 5699 uxr).
1324 5638 1684 5708 ltemque.qui
1716 5630 1839 5705 facit
1855 5630 2122 5708 mirabilia

548 5718 736 5774 magna
761 5706 903 5774 solus
937 5704 1112 5774 (Psal.
1157 5711 1378 5773 cxxxv).
1434 5704 1678 5773 Exempli
1717 5704 1924 5771 igratia,
1982 5705 2122 5758 solet

548 5769 760 5824 daemon
802 5769 1097 5838 interdum,
1126 5789 1223 5839 per
1259 5769 1443 5841 magos
1484 5785 1538 5830 et
1573 5769 1869 5841 maleﬁcos,
1897 5773 2120 5830 morbos

2236 4707 2358 4761 dam
2390 4723 2577 4761 eorum
2622 4712 2890 4763 veraciter
2918 4710 3082 4773 (lunt,
3118 4719 3302 4776 utpote
3344 4721 3551 4765 naturae
3592 4707 3822 4764 faculta-

2235 4785 2344 4832 tem
2395 4793 2501 4831 non
2551 4781 2916 4842 excedentia,
2967 4779 3269 4848 Cujttsmodi
3312 4792 3475 4846 sunt,
3527 4793 3722 4836 ventos
3767 4793 3820 4838 ct

2238 4857 2591 4922 tetnpestatcs
2631 4852 2904 4914 excitare,
2942 4851 3116 4919 ignem
3161 4854 3303 4905 caelo
3343 4852 3612 4915 educere,
3647 4869 3820 4922 aegros

2238 4928 2332 4973 aut
2372 4919 2656 4988 languidos
2691 4921 2870 4975 subito
2899 4936 3126 4975 curare:
3163 4931 3339 4976 tanien
3383 4924 3436 4977 in
3479 4938 3682 4992 genere
3701 4919 3820 4978 'mi-

2237 4995 2541 5061 raculorum
2567 5033 2581 5055 ,
2614 4993 2796 5060 qualia
2831 5008 2890 5046 se
2932 4992 3110 5046 facere
3147 4992 3376 5061 jactabit
3411 4993 3817 5057 Anticltristus.

2236 5060 2370 5114 falsa
2416 5072 2578 5114 erunt
2621 5075 2675 5116 et
2721 5062 3040 5128 utendacia,
3091 5060 3212 5116 cum
3247 5079 3372 5117 vera
3406 5065 3663 5118 miracula
3708 5081 3821 5118 om-

2244 5147 2365 5185 nem
2399 5143 2606 5186 naturse
2638 5132 2945 5188 facultatem
2977 5143 3273 5201 superent,
3306 5144 3360 5188 et
3393 5136 3621 5202 proinde
3651 5135 3819 5190 solius

2239 5203 2332 5256 Dei
2363 5203 2563 5258 virtute
2593 5204 2757 5276 fiatut,
2790 5203 3160 5276 qu_i_la|sitatis
3189 5208 3344 5276 testis
3370 5215 3463 5259 aut
3494 5207 3820 5276 approbator

2235 5287 2357 5348 esse
2377 5276 2560 5348 nequit
2579 5273 2739 5348 (Vide
2759 5275 2821 5348 S.
2840 5273 3110 5348 Thomam,
3128 5275 3247 5339 2-2,
3271 5293 3322 5348 q.
3347 5275 3472 5339 178,
3492 5273 3543 5329 a.
3565 5273 3646 5346 1).
3668 5278 3819 5334 Unde

2235 5344 2598 5417 Augustinus
2628 5360 2702 5400 xx
2751 5346 2818 5400 de
2860 5345 3017 5398 Civil.
3065 5360 3185 5414 cap.
3230 5347 3332 5401 l9:
3385 5347 3565 5413 Solet,
3607 5344 3814 5417 inquit,

2233 5416 2468 5490 ambigi,
2491 5429 2668 5470 utrum
2695 5426 2964 5487 propterea
2997 5416 3134 5490 dicta
3163 5417 3265 5470 sint
3305 5418 3452 5487 signa
3493 5431 3538 5472 et
3580 5416 3817 5490 prodigia

2236 5473 2522 5560 mendacii,
2557 5473 2803 5557 quoniam
2827 5488 3066 5540 mortales
3107 5504 3284 5541 sensus
3325 5473 3414 5556 per
3452 5473 3815 5560 pltmitasmiita

2235 5558 2539 5630 decepturus
2588 5567 2698 5622 est,
2739 5569 2793 5612 ut
2836 5559 2971 5628 quod
3017 5574 3115 5612 non
3162 5560 3320 5626 facit,
3354 5558 3526 5630 facere
3562 5563 3810 5615 videatur.

2228 5629 2310 5686 An
2359 5630 2480 5702 quia
2525 5631 2621 5684 illa
2667 5633 2810 5702 ipsa,
2839 5630 3041 5702 etiamsi
3087 5639 3234 5683 erunt
3281 5629 3398 5684 vera
3440 5633 3699 5702 prodigia.
3747 5633 3814 5686 ad

2228 5701 2875 5774 mendaciumpertrahent
2900 5701 3194 5774 credituros
3218 5717 3321 5755 non
3351 5719 3409 5756 ea
3438 5701 3686 5774 potuisse,
3716 5706 3812 5758 nisi

2227 5771 2490 5840 divinitus,
2530 5773 2677 5842 ﬁeri,
2722 5773 2957 5828 virtutem
3002 5771 3196 5828 diaboli
3243 5771 3513 5830 nescientes
3544 5791 3560 5828 :
3591 5775 3812 5830 maxime
