4014 6200
291 325 396 385 993

1119 331 1462 392 COLLATIO
1496 332 1612 392 XV.
1641 365 1713 378 -—
1739 337 1829 393 DE
1865 335 2424 400 CHARISMATlBUS
2461 339 2730 400 DlVlNlS.

3463 350 3568 408 991

286 440 345 495 in
387 456 616 498 errorem
667 443 1009 510 inducantur,
1065 447 1110 500 si
1157 449 1269 517 ﬁeri
1325 461 1509 519 potest,
1541 454 1698 506 etiam
1727 453 1876 509 electi
1908 456 2298 520 Afacultatum
2328 501 2343 525 ,
2405 459 2617 532 ipsique
2674 469 2948 530 postremo
3003 460 3246 530 glorioso
3298 469 3565 539 martyrio

289 531 509 604 (Matth.
545 536 724 607 xxtv).

912 651 1140 710 CAPUT
1178 654 1245 710 ll.

465 783 533 838 In
553 801 656 856 quo
677 789 795 857 quis
815 797 1020 843 sanctos
1047 791 1184 844 viros
1213 791 1391 848 debeat
1417 794 1692 852 admirari.

353 920 696 992 Quapropter
737 939 1030 995 numquam
1058 926 1324 982 debemus
1355 945 1451 985 eos
1481 933 1570 1000 qui
1604 933 1704 988 hoc
1735 935 1869 989 ³11⁵8-

281 1021 466 1076 ctant,
517 1014 569 1068 in
614 1014 698 1068 his
740 1017 1039 1073 virtutibus
1085 1019 1380 1083 admit-ari.
1430 1023 1524 1077 sed
1567 1025 1744 1093 p0tius
1785 1027 1874 1080 in-

284 1106 460 1168 tueri,
495 1114 673 1160 utrum
720 1106 976 1162 vitiorum
1021 1111 1260 1163 omnium
1304 1113 1624 1178 expulsione
1662 1126 1712 1168 et
1758 1131 1875 1170 mo-

282 1210 402 1248 rum
450 1198 830 1253 emendatione
875 1198 1105 1269 perfecti
1151 1202 1278 1256 sint.
1339 1202 1491 1269 Quod
1540 1204 1724 1273 utique
1764 1221 1872 1260 non

283 1301 386 1356 pro
411 1289 632 1360 alterius
664 1289 798 1354 ﬁde,
827 1303 915 1343 aut
943 1291 1262 1348 diversitate
1291 1308 1616 1362 causarum,
1650 1297 1742 1351 sed
1775 1313 1875 1367 pro

284 1380 702 1448 uniuscuiusque
741 1383 942 1450 studio,
971 1383 1065 1438 Dei
1091 1385 1265 1453 gratia
1296 1384 1647 1452 dispensante
1677 1403 1877 1444 conce-

279 1473 442 1527 ditur.
495 1483 520 1511 ⁸
562 1474 687 1529 Haec
736 1491 967 1546 namque
1012 1476 1242 1532 actualis
1288 1481 1518 1534 scientia
1545 1521 1560 1542 ,
1604 1497 1723 1548 quae
1766 1483 1874 1538 alio

280 1565 553 1620 vocabulo
590 1567 830 1622 charitas
867 1569 936 1622 ab
974 1569 1238 1635 Apostolo
1270 1579 1616 1637 nuncupatur
1645 1572 1870 1641 (llCor.

280 1657 456 1728 xm),
489 1673 536 1713 et
575 1659 844 1714 universis
875 1661 1074 1730 linguis
1107 1663 1386 1717 hominum
1421 1673 1478 1719 et
1516 1668 1829 1735 angelorum
1852 1709 1868 1732 ,

278 1759 334 1806 et
361 1750 683 1820 plenitudini
718 1751 840 1806 ﬁdei
870 1768 990 1822 qua:
1019 1757 1180 1808 etiam
1214 1767 1426 1810 montes
1459 1759 1785 1822 transierat,
1817 1768 1871 1812 et

1982 551 2281 619 apostolica
2312 555 2638 608 auctoritate
2669 552 2978 621 ιιι-1181811111.
3005 551 3138 607 Nam
3164 568 3285 609 cum
3310 555 3562 612 dinume-

1981 655 2153 700 rasset
2196 647 2450 701 universa
2491 647 2882 701 charismatum
2923 662 3120 717 genera
3145 690 3160 714 ,
3197 659 3360 719 atque
3397 651 3564 707 dixis-

1975 747 2060 793 set
2093 755 2106 790 :
2148 739 2255 793 Alii
2294 740 2450 793 datur
2486 757 2577 810 per
2617 741 2871 810 Spiritum
2911 757 3082 796 sermo
3122 744 3427 814 sapientiai,
3467 746 3564 800 alii

1974 844 2143 882 sermo
2179 830 2408 882 scientiae
2428 875 2440 895 ,
2470 830 2562 884 alii
2605 830 2753 893 fides,
2789 830 2884 884 alii
2920 833 3090 902 gratia
3117 835 3434 905 sanitatum,
3467 834 3565 891 alii

1976 921 2209 987 Operatio
2240 921 2482 974 virtutum
2513 920 2568 993 (l
2590 919 2708 975 Cor.
2736 921 2926 993 uti).
2961 933 3018 978 et
3048 924 3256 994 reliqua
3283 942 3299 990 ;
3329 927 3397 981 de
3429 926 3562 982 cha-

1975 1012 2135 1067 ritate
2164 1013 2407 1067 dicturus
2429 1055 2443 1077 ,
2489 1015 2944 1084 quemadmodum
2977 1031 3093 1071 cam
3121 1020 3331 1073 cunctis
3359 1030 3562 1089 pra-tu-

1977 1105 2097 1159 lerit
2124 1105 2563 1170 charismatibus,
2599 1108 2782 1176 paucis
2809 1109 3074 1164 advertite
3108 1126 3123 1166 :
3161 1109 3227 1164 Et
3255 1112 3446 1180 adhuc,
3479 1114 3560 1168 in-

1976 1198 2088 1266 quit
2106 1240 2120 1258 ,
2144 1215 2306 1265 supra
2334 1201 2540 1252 ntodum
2568 1200 2983 1255 eacellentiorem
3012 1203 3150 1256 vobis
3183 1204 3317 1257 viam
3348 1206 3556 1260 demon-

1975 1298 2082 1344 stro
2111 1289 2274 1362 (1b.).
2295 1293 2552 1360 Perquod
2573 1293 2860 1348 evidenter
2884 1296 3183 1350 ostenditur
3209 1299 3557 1366 perfectionis

1973 1400 2038 1440 ac
2065 1385 2415 1440 beatitudinis
2442 1402 2744 1452 summam,
2775 1404 2882 1442 non
2911 1390 2960 1441 in
2995 1389 3203 1445 illorum
3230 1392 3556 1448 mirabilium

1973 1480 2305 1546 operatione,
2331 1479 2423 1532 sed
2447 1479 2501 1532 in
2523 1478 2804 1533 charitatis
2834 1480 3062 1549 puritate
3091 1482 3412 1538 consistere.
3447 1484 3558 1541 Nec

1972 1569 2249 1625 immerito
2275 1587 2288 1623 :
2322 1576 2499 1625 omnia
2524 1573 2666 1626 enim
2694 1573 2780 1627 illa
2809 1575 3115 1628 evacuanda
3145 1591 3208 1629 ac
3228 1575 3556 1632 destruenda

1973 1673 2099 1716 sunt
2129 1681 2141 1714 :
2185 1662 2424 1716 charitas
2463 1677 2591 1718 vero
2627 1673 2890 1733 perpetuo
2933 1681 3306 1730 permansura.
3333 1666 3362 1705 δ
3397 1668 3557 1722 Ideo-

1971 1771 2076 1824 que
2104 1770 2132 1808 a
2169 1755 2420 1808 Patribus
2453 1755 2658 1809 nostris
2686 1771 2853 1825 opera
2896 1756 2994 1811 ista
3035 1759 3310 1827 signorum
3356 1777 3558 1829 nequa-

282 1843 431 1898 omni
463 1844 706 1899 scientia;
742 1860 806 1900 ac
845 1849 1146 1917 prophetia;
1185 1861 1240 1904 et
1279 1852 1582 1920 erogationi
1625 1852 1864 1906 omnium
1900 1839 1946 1896 B
1971 1862 2132 1917 quam
2167 1845 2397 1900 vidimus
2428 1846 2676 1902 atl'ectata
2703 1863 2718 1912 ;
2751 1850 3046 1918 quinimmo
3075 1865 3198 1904 cum
3231 1867 3293 1905 ea
3323 1852 3559 1922 Spiritus

1344 1985 1596 2038 ALARDI
1639 1985 1868 2041 ΕΑΖᾸΞΙ
1907 1981 2479 2038 CUMlIENTAliIUS.

280 2091 488 2158 quando
517 2099 746 2166 tantam,
789 2101 1031 2162 quantam
1071 2111 1348 2164 numquam
1388 2096 1601 2163 habuit,
1646 2101 1863 2166 accipiet

283 2172 611 2240 potestatem.
642 2161 759 2240 Non
801 2161 932 2217 enim
970 2167 1174 2240 quando
1206 2161 1271 2221 de
1313 2169 1436 2222 malo
1477 2161 1609 2240 ignis
1643 2161 1860 2235 ceci'tt,

281 2245 329 2307 e_t
359 2246 552 2307 tantam
584 2234 830 2304 fantiliam
849 2234 1149 2307 ,cum’tantis
1172 2241 1407 2307 gregibus
1435 2234 1674 2306 pecorum
1698 2234 1864 2294 sancti

281 2304 412 2367 Job,
448 2321 550 2358 uno
580 2307 773 2373 impetu
803 2306 928 2358 absu
957 2309 1122 2371 vpsit;
1150 2304 1199 2362 et
1228 2304 1375 2362 turbo
1401 2304 1604 2364 irruens
1623 2353 1637 2376 ,
1684 2321 1730 2364 et
1769 2315 1863 2366 do-

284 2393 424 2428 mum
453 2377 729 2444 dnjiciens,
763 2377 900 2446 ﬁlios
942 2379 1052 2446 ejus
1089 2381 1308 2444 occidit,
1343 2379 1704 2446 phantasmata
1745 2390 1859 2448 [κει

282 2457 441 2520 runt;
490 2463 604 2520 qua?
643 2457 812 2499 tamen
855 2453 1061 2510 fuerunt
1091 2467 1260 2520 iopera
1303 2452 1549 2512 Satanae,
1597 2459 1678 2506 cui
1724 2455 1862 2508 Deus

282 2519 493 2596 dederat
533 2517 666 2570 hanc
712 2528 1024 2596 potestatem.
1082 2517 1299 2596 PrOpter
1327 2526 1472 2596 _quid
1515 2525 1699 2576 horum
1743 2542 1862 2596 ego

281 2589 423 2668 dicta
447 2598 573 2668 sunt
595 2589 832 2668 prodigia
858 2599 905 2642 et
931 2593 1082 2668 signa
1093 2593 1357 2668 mendacii
1379 2637 1392 2658 ,
1430 2605 1551 2668 tunc
1575 2599 1743 2663 potius
1772 2589 1864 2668 op-

279 2660 497 2733 parebit.
536 2659 640 2714 Sed
670 2669 880 2730 propter
906 2663 1161 2728 quodlibet
1192 2662 1375 2716 horum
1415 2659 1608 2718 dictum
1646 2668 1745 2733 sit,
1779 2659 1857 2722 se-

281 2731 527 2804 ducentia
553 2747 638 2784 eos
667 2733 829 2803 signis
859 2742 1008 2804 atque
1034 2735 1314 2804 prodigiis,
1357 2738 1445 2804 qui
1485 2739 1664 2789 seduci
1705 2731 1864 2791 mere-

282 2801 524 2879 buntur;
577 2818 671 2868 pro
717 2801 774 2855 eo
823 2802 959 2871 quod
1011 2801 1337 2879 dilecllbttattt
1369 2801 1642 2879 ret-italis.
1695 2810 1863 2879 inquit

285 2871 600 2938 Apostolus,
636 2889 738 2926 non
763 2884 1094 2942 receperunt,
1124 2885 1178 2928 ut
1211 2876 1338 2929 salvi
1369 2877 1570 2944 ﬁerent.
1615 2879 1707 2934 Sic
1753 2871 1861 2934 Au-

321 2956 558 2998 usttuus.

321 2960 350 2994 II
388 2958 558 2997 1111118.

283 2958 314 3013 8
356 2959 384 3051 Ξ
425 3013 514 3087 illa
558 3013 762 3070 scilicet
789 3057 819 3087 ,γ
852 3015 920 3070 de
957 3030 1064 3082 qua
1107 3016 1158 3069 in
1207 3017 1488 3081 superiore
1532 3019 1860 3087 collatione,

283 3099 405 3153 qua:
432 3085 482 3139 in
523 3086 854 3152 expellendis
897 3088 1039 3140 vitiis
1081 3095 1137 3140 et
1180 3088 1469 3142 virtutibus
1510 3085 1862 3159 acquirendis

283 3166 602 3222 occupatur.
634 3169 687 3211 ut
723 3159 793 3212 ibi
823 3159 1026 3212 dictum
1057 3167 1161 3212 est.

354 3229 382 3267 ι’
422 3229 603 3284 Sancti
645 3232 746 3282 viri
790 3230 1083 3304 miracula:
1119 3245 1236 3299 qua!
1281 3230 1368 3284 hic
1405 3231 1658 3304 dicuntur
1697 3249 1860 3304 opera

283 3305 560 3368 signorum
586 3341 600 3361 ,
634 3315 972 3371 nequaquam
1003 3300 1293 3364 allectum,
1327 3303 1419 3357 sed
1455 3309 1684 3359 maxime
1715 3300 1859 3361 refu-

283 3373 474 3443 giunt,
507 3371 605 3424 nisi
638 3375 962 3426 necessitate
1002 3381 1093 3424 aut
1134 3372 1397 3429 t-haritate
1437 3377 1698 3443 compulsi
1729 3396 1739 3429 :
1777 3379 1854 3430 id-

285 3458 392 3514 que
420 3443 619 3509 duplici
651 3447 862 3497 ratione
896 3461 908 3496 :
958 3445 1018 3496 1°
1049 3444 1118 3495 oh
1145 3445 1441 3512 periculum
1475 3449 1860 3504 ostentationis

284 3526 338 3570 et
378 3514 550 3567 inanis
588 3515 776 3582 gloria:
799 3557 814 3580 ,
846 3515 910 3568 2°
943 3515 1013 3568 ob
1045 3515 1339 3581 periculum
1375 3521 1690 3574 tentationis
1725 3521 1854 3584 Dei,

283 3601 510 3659 quorum
557 3598 846 3659 utrumque
875 3586 1060 3638 docuit
1091 3586 1340 3659 Chri~tus
1369 3603 1467 3640 suo
1497 3591 1744 3659 eXt’mpl't
1774 3593 1857 3644 vi-

285 3657 534 3710 tandum.
581 3657 816 3710 Primuin
841 3701 854 3722 ,
890 3673 1012 3710 t'utn
1045 3657 1303 3711 miracula
1337 3674 1362 3710 tt
1396 3674 1454 3713 se
1489 3657 1670 3725 facta,
1695 3664 1864 3714 vetuit

283 3727 574 3793 aliquoties
618 3727 924 3796 publicari:
957 3744 1076 3780 cum
1123 3727 1421 3797 discipulos
1464 3732 1762 3795 gestientes
1807 3741 1866 3786 et

283 3799 602 3869 gloriantes,
627 3801 767 3866 quod
798 3801 960 3852 etiam
984 3800 1246 3852 dienmuia
1271 3800 1666 3867 sttltjit'et‘etttttr
1695 3803 1858 3868 ipsis,

285 3870 464 3924 Statim
515 3871 776 3935 repressit
821 3869 1007 3924 dicens
1043 3889 1054 3922 :
1096 3869 1347 3923 Videbam
1399 3869 1684 3932 Satanam,
1731 3873 1864 3925 sicut

284 3941 462 4011 fulgur
491 3940 554 3992 de
577 3940 711 4011 caelo
744 3941 1032 4006 cadentem,
1082 3957 1274 4009 nempe
1317 3941 1387 3993 ob
1426 3943 1732 4010 superbiam
1761 3959 1775 4004 ;
1810 3954 1867 3998 81

283 4009 492 4090 addidit
520 4028 532 4062 ε
570 4009 647 4090 In
668 4011 760 4062 hoc
785 4011 942 4090 nolite
967 4012 1221 4083 gaudere,
1279 4013 1397 4090 quia
1444 4009 1655 4090 spiritus
1697 4015 1862 4090 subji-

283 4084 489 4136 ciuntur
536 4081 722 4134 vobis:
771 4081 983 4148 gaudete
1031 4093 1200 4135 autem
1246 4085 1382 4151 quod
1437 4083 1646 4136 nontina
1699 4081 1866 4138 vesira

281 4154 475 4224 scripta
504 4163 621 4224 sunt
647 4153 704 4224 in
730 4153 866 4206 cmlis
895 4151 1045 4224 (Luc.
1071 4152 1146 4224 x).
1179 4153 1442 4224 Similiter
1470 4169 1633 4222 quutu
1665 4155 1866 4209 SCI‘Ib.P.

285 4232 340 4294 et
370 4223 627 4276 Pharisaei
657 4223 896 4278 dicerent
925 4241 945 4294 :7
972 4223 1242 4294 Magister,
1272 4223 1506 4278 volumus
1533 4243 1562 4276 a
1590 4235 1637 4278 te
1663 4228 1866 4292 signum

285 4293 492 4362 ridere,
533 4294 857 4362 respondit:
908 4293 1180 4348 Generatio
1225 4296 1364 4348 mala
1412 4307 1456 4348 et
1503 4295 1744 4351 adultera
1791 4298 1867 4350 si-

287 4381 446 4435 gnum
475 4367 695 4438 qttterit;
727 4375 772 4418 et
799 4366 1002 4438 signum
1032 4366 1372 4438 nondabitur
1399 4369 1446 4420 ei
1465 4408 1480 4432 ,
1513 4378 1616 4421 etc.
1653 4368 1864 4438 (Matth.

285 4439 588 4500 sttetxvt).
625 4437 689 4490 Et
721 4452 840 4490 cum
881 4436 1032 4505 jussu
1081 4435 1232 4489 Pilati
1273 4437 1468 4491 ductus
1509 4435 1748 4492 esset'ad
1784 4454 1869 4492 re-

281 4521 404 4578 gent
438 4507 703 4563 Herodem
736 4507 1042 4574 cupientem
1070 4507 1257 4578 videre
1301 4508 1515 4578 aliquod
1549 4511 1765 4578 signum
1799 4511 1867 4564 ab

283 4593 351 4633 eo
381 4577 494 4631 ﬁeri
518 4622 532 4646 ,
565 4579 695 4632 nihil
725 4579 839 4641 illi,
870 4579 1035 4631 multa
1068 4577 1189 4631 licet
1216 4577 1616 4647 interroganti,
1641 4595 1868 4644 188111111-

282 4647 362 4718 dit
388 4647 543 4715 (Luc.
567 4650 752 4716 xxut).
784 4649 937 4716 Quod
967 4649 1088 4702 ideo
1114 4649 1302 4718 procul
1330 4649 1498 4703 dubio
1530 4652 1722 4705 fecisse
1751 4665 1868 4704 cre-

285 4717 500 4772 dendus
531 4729 612 4772 est
635 4763 648 4786 ,
683 4721 823 4786 quod
851 4734 917 4773 ex
959 4717 1455 4774 meracuriositate
1499 4733 1590 4774 aut
1630 4724 1867 4776 vanitate

1970 2105 2116 2150 tuum
2137 2137 2151 2160 ,
2185 2095 2239 2146 id
2271 2105 2376 2154 est.
2410 2098 2453 2149 si
2480 2098 2572 2152 hoc
2599 2103 2795 2165 fecero,
2841 2102 3046 2155 tentabo
3089 2103 3274 2158 Deum.
3323 2105 3439 2160 Hoc
3477 2109 3557 2162 di-

1967 2170 2078 2246 scit,
2103 2168 2249 2246 quod
2291 2179 2335 2246 te.
2375 2167 2535 2246 voluit
2575 2171 2772 2246 dicere,
2819 2175 3035 2246 quando
3066 2176 3156 2227 tibi
3194 2177 3290 2229 Itoc
3330 2183 3558 2246 suggerit

1967 2239 2204 2291 inimicus
2235 2255 2252 2290 ,ο
2285 2237 2465 2301 Qualis
2498 2239 2651 2292 homo
2678 2258 2730 2291 es
2753 2244 2776 2293 ?
2800 2237 2968 2303 qualis
3000 2244 3321 2298 Christianus
3349 2250 3373 2301 ?
3402 2237 3553 2304 iiiodo

1966 2311 2045 2362 vel
2102 2326 2262 2361 unum
2317 2311 2625 2362 miraculum
2674 2314 2894 2378 fecisti?
2943 2325 3030 2365 aut
3091 2317 3404 2371 orationibus
3453 2323 3555 2374 tuis

1971 2382 2160 2432 mortui
2185 2389 2522 2431 surrexerunt
2543 2421 2557 2444 ,
2591 2391 2680 2432 aut
2709 2382 3053 2449 febricitantes
3082 2389 3316 2439 sanasti?
3357 2389 3416 2442 Si
3447 2406 3558 2443 rere

1966 2465 2099 2502 esses
2129 2451 2356 2519 alicujus
2388 2451 2588 2521 meriti,
2636 2452 2829 2516 faCeres
2861 2453 3068 2521 aliquod
3099 2455 3420 2508 miraculum.
3459 2459 3558 2512 Rc-

1967 2521 2195 2588 sponde,
2228 2530 2272 2574 et
2306 2521 2426 2574 dic:
2458 2520 2717 2586 Scriptum
2746 2536 2857 2576 est:
2889 2520 3006 2577 Non
3031 2526 3250 2579 tentabis
3280 2526 3556 2584 Dominum

1968 2591 2135 2669 [leum
2165 2603 2350 2669 tttum_:
2386 2609 2489 2645 non
2516 2609 2635 2669 ergo
2667 2595 2872 2669 tentabo
2903 2595 3064 2669 Deum
3093 2599 3241 2666 quasi
3271 2610 3394 2651 tunc
3435 2618 3554 2669 per-

1967 2663 2154 2715 tineant
2185 2665 2252 2739 ad
2284 2661 2448 2715 Deum
2470 2709 2482 2729 ,
2517 2665 2561 2716 si
2590 2669 2756 2739 fecero
2787 2661 3136 2732 miracttlum';
3175 2677 3222 2719 et
3266 2661 3557 2739 nonp'erti-

1967 2735 2230 2806 neam.rsi
2272 2751 2373 2787 non
2417 2737 2603 2806 fecero.
2653 2735 2724 2789 111
2772 2739 3118 2806 Augustinus.
3158 2739 3325 2792 Porro
3353 2735 3556 2797 Christi

1967 2805 2220 2873 exemplo
2264 2807 2438 2860 edocti
2487 2805 2580 2860 SS.
2620 2806 2808 2859 Patres
2850 2805 3041 2871 quanta
3086 2825 3206 2863 cum
3238 2811 3557 2870 dillicultale

1967 2885 2021 2927 et
2065 2879 2552 2942 Cll‘ClltIISpeCllmte
2601 2878 2666 2929 ad
2716 2877 2956 2932 facienda
3005 2882 3259 2936 mirnCuIa
3311 2897 3558 2939 acceSSe-

1968 2945 2071 2996 rint
2095 2987 2108 3007 ,
2137 2961 2190 3000 et
2222 2957 2344 3020 post
2370 2946 2504 3020 ficta
2535 2964 2691 3020 quam
2725 2949 3002 3003 humiliter
3034 2966 3092 3003 se
3120 2953 3423 3020 gesserint,
3458 2955 3556 3006 do-

1966 3027 2092 3088 cent
2134 3018 2380 3084 exempla
2416 3019 2507 3072 \S.
2554 3019 2768 3073 Antonii
2799 3021 2937 3088 apttd
2971 3018 3322 3076 A'ltanasiuut
3349 3065 3362 3087 ,
3404 3025 3544 3079 111111-

1969 3086 2136 3140 ri0uis
2169 3088 2425 3160 apudl).
2483 3086 2908 3160 Hieronymum,
2958 3092 3006 3147 Μ
3027 3098 3173 3147 -c.trii
3216 3104 3270 3147 et
3316 3086 3550 3150 aliorum

1968 3160 2107 3233 apud
2143 3159 2466 3233 Palladium
2492 3201 2506 3224 ,
2541 3161 2838 3233 Benedicti
2885 3165 3025 3230 apud
3083 3164 3426 3233 Gregorium.
3482 3168 3558 3223 De

1967 3227 2259 3308 Hillarioue
2309 3231 2376 3283 ita
2427 3231 2613 3285 scribit
2651 3235 2705 3286 S.
2755 3227 3116 3306 Hieronymus
3153 3254 3163 3286 :
3197 3227 3556 3308 'Sexagesinto

1970 3303 2117 3376 tertio
2158 3303 2273 3376 rita:
2310 3318 2418 3376 sua:
2459 3319 2598 3356 anno
2636 3321 2842 3358 cernens
2878 3303 3075 3376 grande
3118 3303 3477 3362 monasterium
3510 3320 3558 3363 et

1967 3375 2348 3426 multitudinem
2389 3375 2608 3445 fta-rum
2649 3392 2817 3429 secum
2863 3375 3238 3443 habitantium,
3284 3379 3560 3445 turbasque

1967 3459 2140 3497 eorum
2181 3446 2270 3515 qui
2309 3446 2888 3521 diversis/unguoribus
2915 3459 2958 3499 et
2986 3450 3263 3504 immundis
3291 3446 3558 3521 spiritibus

1965 3528 2240 3591 occupatas
2267 3518 2334 3591 ad
2364 3533 2416 3568 se
2449 3518 2762 3591 dedat-ebant
2783 3560 2795 3580 ,
2837 3520 2908 3570 ita
2939 3529 2990 3591 ut
3023 3522 3162 3572 omni
3187 3518 3367 3591 genere
3392 3521 3558 3576 homi-

1966 3602 2090 3660 num
2135 3587 2360 3660 solitudo
2403 3589 2805 3660 pet-“circuitum
2841 3587 3350 3659 replereturfﬂcbat
3390 3595 3558 3660 quoti-

1965 3657 2084 3722 die,
2137 3669 2181 3731 _e'
2239 3657 2526 3731 incredibili
2576 3659 2830 3709 desiderio
2876 3657 3279 3731 conversationis
3332 3657 3558 3731 antiqua:

1964 3725 2350 3797 revordabatnr.
2390 3724 2742 3797 Interrogatus
2787 3743 2818 3778 a
2861 3727 3111 3794 fratribus
3153 3731 3276 3794 quid
3307 3724 3552 3797 haberet,

1967 3812 2059 3848 cur
2087 3812 2142 3847 se
2167 3796 2467 3862 conﬁceret.
2497 3797 2568 3848 ait
2599 3811 2616 3847 :
2651 3795 2874 3848 Rursum
2914 3799 2981 3848 ad
3022 3799 3266 3852 saeculum
3310 3800 3478 3864 redii,
3509 3795 3557 3856 et

1967 3867 2135 3935 recepi
2163 3868 2441 3917 mercedem
2472 3882 2636 3918 meant
2666 3867 2719 3918 in
2751 3867 2854 3919 vita
2884 3884 3014 3921 mea.
3064 3867 3146 3920 En
3177 3871 3408 3923 homines
3443 3870 3552 3924 Pa-

1969 3937 2182 3989 la'stmte
2225 3945 2273 3988 et
2318 3935 2496 4015 uicinia
2547 3937 2821 4015 provincia:
2871 3939 3162 4015 existimant
3215 3957 3292 3994 me
3331 3941 3555 4015 alicujus

1969 4022 2077 4060 esse
2106 4009 2368 4059 momenti.
2407 4008 2465 4060 D.
2501 4007 2832 4076 Augustinus
2873 4009 3223 4078 cupiditatem
3269 4007 3558 4070 miracu'lo.

1971 4093 2086 4151 rain
2121 4089 2210 4131 aut
2237 4079 2513 4151 signorum
2539 4118 2556 4144 ,
2581 4095 2700 4148 quae
2727 4080 2958 4134 subinde
2988 4081 3116 4134 viris
3148 4081 3404 4151 perfectis
3437 4101 3555 4137 mn-

1972 4148 2181 4202 lestiam
2224 4150 2481 4213 exlnbet,
2527 4152 2578 4204 in
2620 4152 2799 4219 seipSo
2843 4148 3159 4207 eoercuisse
3195 4169 3253 4208 se
3293 4155 3426 4209 dicit
3475 4156 3559 4210 his

1971 4221 2191 4295 verbis:
2226 4220 2266 4272 Α
2300 4233 2364 4284 te,
2398 4220 2618 4295 Domine
2653 4221 2788 4295 Deus
2816 4239 2976 4286 mcus,
2997 4224 3082 4276 cui
3112 4223 3356 4279 humilem
3389 4229 3557 4295 famu-

1971 4291 2130 4344 latum
2163 4308 2224 4344 ac
2247 4291 2537 4369 simplicem
2579 4293 2753 4369 debeo,
2781 4298 2991 4369 quantis
3033 4313 3227 4350 mecum
3268 4291 3560 4369 suggestio-

1972 4379 2091 4414 num
2121 4365 2582 4439 machinationibus
2606 4367 2710 4434 agit
2739 4367 2977 4419 inimicus
2995 4406 3010 4430 ,
3040 4376 3093 4420 ut
3119 4365 3559 4439 signum'a'tiquod

1973 4433 2190 4506 petant!
2220 4434 2326 4489 Sed
2353 4435 2560 4489 obsecro
2591 4433 2760 4505 teper
2781 4453 2947 4506 rrgem
2978 4433 3211 4491 nostrain
3243 4453 3290 4493 et
3334 4433 3560 4501 pati-iam

1976 4504 2300 4577 Hierusalem
2326 4547 2341 4570 ,
2384 4504 2702 4577 simplicem,
2745 4504 2941 4560 castam
2967 4549 2982 4572 ,
3029 4519 3082 4560 ut
3122 4510 3560 4575 quemadmodum

1973 4575 2130 4652 longe
2150 4585 2221 4627 est
2241 4593 2280 4652 _a
2309 4593 2389 4652 me
2409 4575 2515 4652 ista
2545 4580 2814 4652 consensio
2835 4621 2850 4645 ,
2883 4580 2958 4632 ita
2983 4579 3276 4652 sit__s_emper
3305 4580 3454 4652 longe
3482 4591 3560 4634 at-

1971 4662 2075 4720 que
2113 4647 2314 4720 longius
2361 4644 2511 4718 (Lib.
2543 4644 2842 4720 {Confessi
2863 4666 2979 4720 cap.
3008 4649 3137 4720 55).
3189 4644 3261 4704 De
3301 4644 3556 4707 san'ctiss.

1975 4716 2295 4791 legislatore
2339 4716 2525 4791 nostro
2580 4717 2876 4791 Benedicto
2926 4716 2989 4774 D.
3045 4716 3382 4791 Gregorius:
3431 4721 3560 4778 Cum

285 4789 445 4861 signa
469 4788 554 4861 illa
587 4778 654 4843 ab
683 4778 747 4844 iis
775 4798 1116 4859 peterentur.
1153 4792 1431 4845 Posterius
1463 4807 1613 4856 vero.
1648 4793 1864 4857 quando
1891 4778 1944 4837 D
1969 4789 2186 4861 rusticus
2220 4786 2330 4861 ﬁlio
2359 4790 2565 4843 orbatus
2603 4788 2894 4844 clamaret:
2939 4791 3112 4846 Redde
3141 4778 3310 4861 filium
3352 4809 3519 4846 meum
3541 4835 3558 4858 ,

285 4857 474 4913 docuit
507 4859 606 4913 hoc
634 4875 756 4914 esse
777 4857 994 4916 tentare
1029 4863 1191 4915 Deum
1216 4902 1230 4926 ,
1262 4864 1588 4917 miraculum
1620 4864 1737 4917 sine
1769 4879 1866 4918 ue-

285 4931 541 4985 cessitate
570 4940 660 4985 aut
685 4932 825 5000 justa
859 4933 1073 4986 ratione
1102 4933 1242 4987 velle
1283 4932 1482 4988 faetire.
1527 4934 1605 4988 De
1650 4948 1756 4993 quo
1796 4934 1860 4988 D.

285 5002 622 5072 Augustinus
648 5012 875 5057 tractatu
899 5004 937 5073 2
973 5005 1025 5054 in
1059 5003 1224 5073 Epist.
1260 5003 1530 5058 Joannis:
1565 5003 1610 5057 Α
1639 5004 1860 5071 Satana,

282 5074 492 5142 inquit,
517 5081 742 5128 tentatus
772 5081 846 5128 est
876 5072 1116 5127 Christus
1147 5075 1208 5127 de
1246 5075 1495 5128 miraculo
1521 5116 1536 5138 ,
1578 5077 1785 5142 quando
1821 5077 1867 5129 ei

283 5143 416 5216 dixit
441 5159 458 5196 :
490 5143 639 5216 Mitte
666 5155 712 5199 te
739 5146 979 5199 deorsum
1008 5160 1027 5197 :
1067 5146 1188 5213 quia
1217 5148 1466 5211 scriptum
1494 5155 1570 5198 est
1602 5161 1622 5198 :
1658 5147 1867 5216 Angelis

282 5214 408 5286 suis
435 5215 697 5268 mandavit
741 5220 804 5269 de
852 5226 900 5270 te
939 5225 994 5267 ut
1032 5217 1315 5286 suscipiant
1358 5226 1435 5276 te,
1471 5214 1753 5281 nequando
1781 5217 1864 5286 of—

285 5284 468 5357 fendas
497 5289 565 5338 ad
591 5287 818 5357 lapidem
847 5287 1027 5357 pedem
1058 5284 1225 5339 tuum.
1260 5285 1360 5340 Ille
1387 5287 1576 5339 restitit
1606 5284 1869 5341 tentatori.

279 5352 350 5408 Si
385 5359 519 5428 enim
565 5352 754 5428 faceret
794 5355 1137 5422 miraculum,
1183 5372 1285 5410 non
1319 5357 1602 5428 rideretur,
1646 5360 1745 5411 nisi
1784 5367 1878 5412 aut

281 5427 526 5498 cessisse,
565 5425 666 5480 aut
713 5429 1009 5482 curiositate
1052 5428 1250 5496 fecisse.
1309 5425 1455 5480 Fecit
1496 5429 1627 5481 enim
1668 5431 1878 5498 quando

281 5496 447 5550 voluit
475 5508 736 5566 tamquam
771 5498 912 5553 Deus
932 5538 948 5563 ,
981 5498 1071 5552 sed
1098 5507 1354 5561 tamquam
1384 5500 1619 5562 inﬁrmos
1650 5496 1832 5554 curans
1857 5516 1877 5554 :

281 5581 406 5627 nam
448 5569 492 5621 si
533 5580 655 5623 tunc
696 5574 922 5640 faceret,
966 5569 1116 5640 quasi
1162 5571 1522 5622 tantummodo
1565 5571 1877 5623 miraculum

284 5640 458 5712 facere
487 5641 615 5694 velle
643 5639 932 5712 putaretur.
976 5639 1085 5694 Sed
1122 5656 1186 5693 ne
1222 5640 1277 5692 id
1330 5641 1556 5712 homines
1596 5643 1876 5710 sentirent,

285 5709 489 5763 attende
526 5709 651 5780 quid
691 5712 998 5777 respondit;
1035 5723 1085 5766 et
1124 5713 1330 5780 quando
1369 5711 1458 5765 tibi
1500 5712 1617 5766 talis
1663 5709 1872 5766 tentatio

286 5781 542 5849 evenerit,
583 5781 666 5834 dic
705 5782 841 5836 illud
885 5793 933 5836 et
965 5791 1070 5852 tu:
1110 5783 1242 5838 Redi
1285 5791 1398 5852 post
1442 5800 1550 5850 me,
1601 5782 1829 5852 Satanas
1854 5798 1874 5838 :

287 5858 537 5912 scriptam
577 5860 654 5908 ut
698 5853 835 5908 enim
875 5868 894 5906 :
943 5851 1066 5908 Non
1116 5853 1332 5909 tentabis
1379 5853 1660 5911 Dominum
1707 5851 1878 5910 Deum

1974 4858 2129 4933 redde
2158 4859 2324 4933 ﬁlium
2357 4877 2521 4913 meum
2545 4901 2558 4923 ,
2591 4870 2638 4912 et
2669 4861 2858 4933 fratres
2887 4858 3174 4926 instarent,
3210 4875 3263 4918 ut
3289 4867 3400 4933 eius
3433 4865 3562 4932 peti.

1975 4929 2102 4980 tioni
2126 4931 2465 5002 acquiesceret
2488 4975 2500 4996 ,
2530 4947 2650 4984 mox
2671 4929 2767 4984 Dei
2795 4933 3024 5002 famulus
3051 4935 3200 4988 valde
3224 4929 3560 4988 contristatus

1973 5009 2082 5065 est,
2130 4999 2304 5053 dicens
2329 5016 2348 5054 :
2381 4999 2622 5055 Recedite
2642 5043 2655 5067 ,
2691 4999 2906 5073 fratres,
2950 5006 3172 5059 recedite
3192 5022 3211 5060 :
3241 5005 3348 5059 hate
3387 5015 3561 5058 nostra

1977 5087 2077 5123 non
2120 5080 2237 5124 sunt
2261 5088 2280 5135 ;
2321 5075 2409 5126 sed
2457 5085 2756 5126 sanctorum
2797 5077 3193 5141 apostolorum:
3239 5076 3364 5142 quid
3416 5075 3562 5130 nobis

1977 5157 2143 5216 onera
2173 5143 2326 5196 rultis
2367 5145 2662 5211 imponere,
2693 5161 2811 5214 qua:
2853 5163 2954 5198 non
2994 5143 3271 5216 possumus'
3307 5153 3512 5216 portare
3537 5146 3564 5200 ξ)

1978 5214 2043 5265 At
2082 5211 2172 5288 ille
2209 5229 2359 5288 quem
2402 5217 2588 5268 uintius
2629 5211 2838 5288 cogebat
2883 5211 3051 5281 dolor,
3095 5215 3149 5288 in
3191 5232 3283 5269 sua
3307 5211 3564 5283 petitione

1976 5287 2278 5358 persistens,
2322 5285 2612 5358 juransque
2648 5285 2783 5355 quod
2823 5303 2926 5340 non
2971 5286 3262 5358 recederet,
3304 5289 3407 5341 nisi
3451 5289 3562 5358 ejus

1979 5353 2147 5428 filium
2204 5353 2572 5428 resuscitaret',
2628 5353 2847 5428 obtinuit
2902 5357 3110 5411 tandem
3163 5359 3304 5428 quod
3356 5353 3563 5428 optabat

1983 5423 2135 5495 (Lib.
2163 5441 2201 5478 tt
2231 5426 2371 5479 Ifial.
2397 5443 2512 5494 cap.
2538 5427 2668 5495 δὲ).
2706 5429 2881 5481 llabes
2911 5431 3010 5482 alia
3040 5429 3146 5482 duo
3175 5423 3430 5496 exempla
3478 5429 3566 5482 Pi-

1984 5497 2146 5549 tuenii
2169 5506 2222 5550 et
2247 5499 2581 5552 llessariouis
2610 5499 3058 5554 anachoretarum
3087 5503 3136 5554 in
3162 5499 3297 5554 Vitis
3323 5501 3560 5554 Patrum.

1983 5568 2088 5638 sed
2121 5568 2163 5619 si
2199 5570 2434 5638 pateris,
2466 5570 2656 5633 lector,
2699 5570 2917 5623 audisse
2955 5571 3171 5638 juvabit
3199 5581 3254 5625 et
3283 5569 3425 5624 aliud
3459 5585 3564 5626 non

1986 5637 2164 5692 minus
2195 5637 2494 5706 jucundum
2535 5654 2694 5707 quam
2734 5637 2973 5706 serium,
3013 5650 3069 5694 et
3105 5641 3170 5695 ad
3211 5644 3564 5696 monasticam

1980 5719 2230 5778 spectans
2272 5708 2649 5778 disciplinam,
2684 5709 2750 5763 de
2777 5709 2993 5766 duobus
3036 5714 3217 5777 pueris
3258 5711 3326 5765 ab
3367 5712 3564 5768 abbate

1982 5782 2248 5854 correptis
2273 5792 2328 5836 et
2356 5781 2631 5852 castigatis
2650 5822 2666 5846 ,
2696 5782 2840 5851 quod
2877 5799 2945 5838 ex
2973 5783 3235 5838 miraculo
3255 5797 3354 5854 per
3376 5797 3564 5838 eorum

1983 5853 2388 5925 simplicitatem
2419 5861 2476 5910 et
2505 5855 2876 5912 innocentiam
2917 5854 3066 5914 facto
3095 5853 3382 5927 cujusdam
3409 5862 3562 5910 vanae
