4044 6190
609 249 720 307 999

1685 250 1964 308 JOANNIS
2001 253 2317 312 CASSIANI
2355 251 2852 315 COLLATIONES.

3593 89 3686 148 ιι

3721 272 3737 288 "
3757 263 3876 328 ilico

606 361 745 416 dens
769 361 1033 420 ebrietate
1053 363 1307 418 continua
1334 368 1495 415 terrre
1524 359 1669 414 illius
1697 362 1910 416 “solum
1934 361 2192 419 humandi
2223 368 2276 427 Α
2304 367 2542 433 pulisset.
2571 367 2723 435 Quod
2749 367 2940 437 utique
2969 374 3025 422 ut
3053 368 3121 424 ab
3149 382 3218 454 eo
3244 345 3872 450 ﬁeret_,'non§osientaiio

606 466 758 512 arcet
788 457 1051 514 officium.
1083 457 1138 513 Si
1167 471 1272 526 qua
1301 456 1442 508 enim
1472 453 1737 508 cadavera
1764 455 1979 511 defossa
2007 471 2194 513 susce-

606 548 780 617 perit,
817 563 1073 603 evomere
1103 547 1168 600 ad
1203 545 1546 614 superficiem
1587 561 1740 600 suam
1783 547 2196 606 inundationum

604 641 882 696 nimietate
911 640 1274 709 compellitur.
1306 638 1437 693 Cum
1471 639 1636 709 igitur
1664 641 2044 711 antiquissimo
2075 646 2194 698 cui-

602 731 727 786 dam
778 730 1034 785 cadaveri
1082 730 1274 784 beatus
1321 730 1590 785 Macarius
1639 732 1941 800 astitisset,
1990 734 2103 788 ait:
2149 735 2194 790 0

602 821 798 886 homo,
838 823 883 877 si
926 822 1173 876 venisset
1216 822 1317 877 hnc
1357 837 1568 877 mecum
1604 822 1893 880 li:rreticus
1927 827 2015 880 ille
2047 827 2193 882 filius

602 913 963 984 perditionis,
996 922 1051 968 et
1080 923 1289 968 astante
1318 915 1435 982 ipso
1468 930 1662 969 nomen
1695 915 1898 970 Christi
1945 918 2041 972 Dei
2083 920 2192 974 mei

601 1005 861 1060 invocans
883 1006 1299 1068 exclaniassem,
1323 1015 1578 1061 utrumne
1600 1022 1782 1061 coram
1810 1010 1912 1072 his,
1939 1012 2026 1079 qui
2052 1027 2191 1079 pene

600 1098 717 1164 ejus
763 1097 978 1151 fuerant
1024 1097 1211 1152 fraude
1252 1097 1535 1165 subversi,
1567 1109 1912 1154 surrecturus
1955 1101 2189 1169 fuisses,

601 1188 819 1244 ediciio.
865 1189 1000 1242 Tum
1045 1190 1137 1244 ille
1177 1203 1547 1259 consurgens.
1595 1191 1888 1244 annuentis
1934 1206 2063 1246 voce
2107 1209 2193 1248 re-

600 1283 838 1352 spondit.
868 1282 1039 1350 Quem
1072 1284 1412 1352 interrogans
1443 1284 1610 1340 abbas
1635 1286 1900 1341 Macarius
1930 1289 2186 1358 quidnam

600 1372 791 1429 fuisset
830 1374 1121 1443 aliquando
1151 1391 1269 1430 cum
1303 1376 1568 1432 frueretur
1609 1378 1710 1432 hac
1758 1379 1905 1445 vita,
1953 1381 2037 1435 vel
2083 1397 2187 1452 qua

598 1466 876 1521 hominum
906 1467 1101 1522 fuisset
1143 1479 1302 1524 aetate
1325 1511 1338 1532 ,
1382 1482 1470 1524 aut
1516 1473 1558 1524 si
1602 1487 1797 1525 nomen
1824 1471 2027 1528 Christi
2061 1485 2188 1531 tunc

596 1561 854 1629 temporis
880 1562 1271 1631 cognovisset?
1296 1563 1386 1618 ille
1417 1579 1476 1619 se
1503 1565 1606 1618 sub
1631 1567 2017 1636 antiquissimis
2047 1571 2187 1640 regi-

593 1654 694 1710 bus
719 1654 917 1707 vixisse
945 1656 1242 1721 respoodit,
1269 1655 1579 1728 Christique
1603 1675 1796 1714 nomen
1821 1663 2050 1717 asseruit
2074 1664 2183 1718 illis

2302 459 2490 528 gloria:
2511 501 2525 524 ,
2559 461 2654 514 sed
2681 459 2921 514 eharitas
2951 459 3152 515 Christi
3181 472 3235 516 et
3255 465 3427 518 totius
3456 457 3631 534 plebis
3658 475 3873 527 extorsit

2303 553 2539 618 utilitas,
2575 561 2634 607 ut
2662 554 2882 609 beatum
2929 569 3144 625 quoque
3187 540 3397 624 Heliam
3435 556 3639 630 fecisse
3685 562 3871 634 Regum

2300 644 2461 698 lectio
2489 646 2835 712 manifestat,
2871 647 2961 716 qui
2994 647 3170 714 ignem
3204 641 3446 704 de'coelo
3473 666 3644 721 super
3687 654 3873 712 hostias

2298 736 2581 806 impositas
2608 736 2636 776 δ
2671 755 2804 808 pure
2826 781 2840 804 ,
2873 739 3074 795 idcirco
3103 741 3434 799 descendere
3460 748 3757 815 postulavit
3778 793 3793 815 ,
3825 762 3873 807 ut

2296 830 2692 898 periclitantem
2744 831 3338 902 pseudopmpbetarum
3386 839 3677 910 praestigiis
3729 842 3869 899 fidem

2297 923 2462 978 t0tius
2491 925 2673 993 pOpuIi
2705 923 2964 980 liberaret
2995 924 3085 996 (111
3109 925 3239 999 Reg.
3274 930 3502 1000 xxviii).

2904 1077 3134 1134 CAPUT
3173 1078 3262 1134 IV.

2295 1191 2372 1246 De
2399 1193 2650 1248 miraculo
2675 1192 2813 1264 quod
2853 1192 3025 1270 Abbas
3067 1193 3326 1270 Abraham
3378 1196 3432 1248 in
3490 1197 3718 1253 mulieris
3763 1201 3873 1270 fecit

2968 1263 3209 1318 uberibus

2362 1377 2500 1446 Quid
2523 1378 2684 1433 etiam
2716 1388 2737 1416 ο
2767 1377 2975 1431 abbatis
3001 1377 3230 1432 Abrahae
3255 1391 3404 1449 gesta
3435 1396 3871 1454 commemorem,

2290 1471 2380 1542 qui
2409 1470 2436 1506 (ι
2467 1473 2612 1532 παίς.
2643 1471 2693 1524 id
2726 1478 2830 1535 est,
2862 1471 3113 1540 simplex,
3145 1487 3242 1540 pro
3277 1474 3625 1543 simplicitate
3662 1494 3871 1535 morum

2289 1574 2341 1618 et
2389 1564 2718 1627 innocentia,
2767 1565 3226 1634 cognominatur?
3276 1565 3378 1634 Qui
3416 1577 3440 1606 ⁸
3486 1585 3608 1624 cum
3641 1575 3874 1630 metendi

2287 1656 2458 1722 gratia
2489 1655 2554 1708 ad
2582 1654 2871 1724 Egyptum
2913 1655 2981 1711 de
3025 1673 3211 1712 eremo
3251 1659 3445 1714 diebus
3484 1661 3873 1735 Quinquagesi-

592 1758 653 1799 se
685 1759 783 1798 nec
814 1745 1030 1800 audisse
1061 1748 1419 1815 temporibus.
1457 1747 1553 1802 Cui
1589 1767 1777 1806 rursus
1809 1755 1974 1808 abbas
2003 1755 2175 1810 Maca-

2289 1763 2389 1802 mae
2442 1749 2791 1817 perrexisset,
2839 1759 2894 1803 et
2942 1763 2970 1801 a
3031 1751 3257 1805 muliere
3307 1754 3537 1819 quadam
3595 1762 3870 1821 parvulum

591 1835 724 1898 rius.
752 1836 971 1902 Dormi,
998 1839 1204 1906 inquit,
1231 1839 1283 1892 in
1320 1855 1450 1909 pace
1479 1856 1601 1896 cum
1634 1847 1853 1899 caeteris
1883 1845 1936 1898 in
1968 1854 2059 1900 tuo
2088 1862 2180 1902 or-

589 1927 716 1983 dine
737 1970 749 1986 .
785 1946 815 1984 a
844 1929 1062 1985 Christo
1091 1931 1144 1986 in
1179 1932 1282 1987 line
1315 1942 1619 2004 temporum
1655 1938 2018 1992 suscitandas.
2056 1939 2184 1996 Htec

590 2020 750 2090 igitur
779 2021 896 2091 ejus
917 2024 1091 2078 virtus
1122 2032 1175 2079 et
1205 2025 1382 2095 gratia
1411 2035 1672 2093 quantum
1699 2029 1749 2082 in
1777 2029 1896 2096 ipso
1919 2031 2019 2084 fiiit
2040 2047 2180 2085 sein-

591 2129 686 2183 per
708 2113 944 2173 fortasse
967 2117 1237 2185 latuisset,
1265 2120 1364 2174 nisi
1389 2137 1511 2175 eum
1536 2123 1836 2178 necessitas
1861 2127 2027 2179 totius
2052 2141 2180 2195 pro-

590 2205 784 2261 vinciae
814 2208 1171 2277 periclitantis
1193 2251 1208 2276 ,
1233 2221 1286 2266 et
1315 2228 1440 2281 erga
1469 2213 1744 2268 Christum
1778 2215 1933 2283 plena
1959 2215 2181 2271 devotio

590 2313 854 2372 amorque
888 2303 1136 2360 sincerus
1159 2348 1174 2373 ,
1214 2305 1355 2361 istud
1387 2321 1646 2363 exercere
1676 2309 1995 2364 miraculum
2028 2324 2178 2365 com-

2289 1854 2444 1893 suum
2479 1839 2632 1892 lactis
2662 1839 2837 1906 inopia
2872 1838 2982 1908 jam
3019 1839 3257 1894 tabidum
3291 1852 3453 1911 atque
3489 1842 3508 1882 τ
3547 1849 3871 1904 seminecem

2291 1929 2644 1998 prmferente,
2691 1930 3012 2000 Iacrymosis
3043 1933 3296 2000 precibus
3329 1933 3518 1990 fuisset
3555 1937 3870 2005 obstrictus,

2287 2023 2511 2078 calicem
2541 2023 2590 2077 ei
2616 2038 2768 2092 aquai
2797 2023 3089 2090 potandum
3111 2025 3379 2093 impresso
3396 2030 3574 2083 crucis
3595 2032 3873 2100 signaculo

2285 2117 2454 2181 dedit,
2487 2116 2640 2185 cujus
2673 2120 2868 2170 haustu
2909 2116 3191 2170 coiifeSIim
3222 2120 3418 2173 mirum
3443 2120 3497 2174 in
3528 2123 3739 2177 modum
3761 2124 3875 2180 ari-

2285 2211 2351 2264 da
2385 2210 2497 2278 jam
2543 2209 2756 2277 penitus
2798 2209 2962 2264 ubera
3003 2210 3159 2277 copia
3185 2208 3343 2266 lactis
3373 2211 3712 2271 redundante
3741 2232 3870 2272 cono

2285 2306 2576 2359 ﬂuxerunt.

1653 2461 1908 2516 ALARDI
1952 2463 2185 2518 ΟΑΖᾸΞΙ
2223 2455 2795 2519 COMMENTARIUS.

589 2571 892 2640 duplicem;
922 2580 1033 2643 tum
1057 2587 1121 2627 ex
1142 2571 1454 2636 Evangelio,
1485 2573 1574 2626 ubi
1595 2572 1795 2642 Ioseph
1826 2575 2038 2643 legitur.
2069 2577 2177 2631 Po-

587 2649 748 2698 suisse
778 2660 966 2711 corpus
994 2641 1122 2715 Iesu
1151 2644 1202 2696 in
1224 2652 1546 2715 monumento
1577 2661 1670 2697 suo
1697 2641 1847 2708 navo,
1880 2641 2016 2715 quod
2040 2649 2179 2702 exci-

588 2715 733 2770 derat
761 2715 813 2767 in
846 2726 988 2781 petra
1028 2713 1242 2784 (Matth.
1277 2723 1466 2781 xxvn).
1500 2714 1735 2770 Caeteros
1769 2713 1900 2771 item
1930 2717 2180 2773 Hebriro-

590 2802 734 2848 ruin,
765 2787 958 2858 quibus
991 2800 1152 2854 opum
1187 2784 1414 2839 facultas
1442 2795 1778 2854 suppeteret,
1815 2789 1863 2841 id
1894 2788 2068 2858 ipsum
2095 2790 2173 2844 fa-

589 2871 715 2928 cere
743 2856 954 2914 solitos,
985 2867 1301 2926 argumento
1340 2870 1461 2910 sunt
1493 2873 1556 2928 ea
1596 2873 1714 2921 quae
1749 2858 1808 2914 S.
1843 2856 2177 2928 Epiphanius

587 2926 817 2994 (Haeres.
841 2931 925 2993 ιιι)
946 2939 1126 2980 narrat
1159 2931 1240 2979 bis
1271 2929 1476 2983 verbis:
1514 2926 1721 2982 Ducunt
1736 2926 1978 2984 miserum
1993 2933 2173 2986 adole-

586 3006 801 3052 scentem
827 3007 942 3068 post
960 2999 1080 3051 solis
1107 3014 1345 3052 occasum
1393 2999 1447 3051 in
1478 3001 1791 3068 prapinquas
1815 3003 2014 3056 tumbas
2042 3020 2060 3056 :
2089 3021 2175 3056 se-

586 3069 767 3142 pulcra
793 3067 924 3119 enim
943 3068 1016 3120 sic
1036 3072 1393 3138 appelluntur;
1410 3067 1668 3142 spelunca:
1681 3067 1918 3126 uidelicet
1941 3075 1992 3125 in
2021 3075 2176 3142 petris

588 3138 790 3205 effossa:
808 3148 956 3208 atque
977 3148 1301 3202 constructas,
1316 3151 1419 3193 etc.
1446 3141 1619 3194 Porro
1638 3142 1944 3206 huiusmodi
1959 3138 2176 3206 spelun-

587 3225 664 3263 ca:
695 3208 954 3262 Romanis
975 3219 1179 3279 crypta:
1211 3211 1540 3285 dictae‘sunt.
1566 3211 1618 3264 in
1642 3214 1840 3285 quibus
1873 3225 2172 3285 martyrum

587 3293 812 3354 corpora
847 3289 1088 3348 tempore
1119 3281 1507 3354 persecutionis
1538 3284 1935 3348 condebantiir,
1978 3281 2029 3337 θ’
2049 3286 2172 3354 qui-

587 3350 686 3406 bus
707 3348 896 3404 educta
922 3362 1048 3405 sunt
1073 3350 1435 3424 corpora_Sp‘.
1462 3361 1782 3424 martyrum,
1811 3355 2006 3421 quibus
2033 3348 2175 3411 dita-

589 3429 700 3493 tum
729 3437 898 3493 nuper
926 3431 1009 3493 est
1033 3434 1274 3476 nostrum
1305 3421 1543 3493 Belgium
1575 3421 1628 3478 in
1652 3426 1865 3493 templis
1895 3427 2180 3483 Societatis

592 3491 754 3565 Jesu.
783 3491 913 3546 Vide
944 3492 1236 3565 Baronium
1269 3494 1321 3547 in
1352 3491 1697 3565 martyrolog.
1731 3491 1798 3550 ad
1830 3495 1865 3550 ’5
1890 3497 2011 3552 Jan.

661 3573 686 3600 ⁸
725 3563 910 3620 Solum
955 3563 1057 3618 hoc
1089 3566 1205 3620 loco
1235 3563 1667 3630 διιὺειθιιιῖνιιιιιζ
1691 3567 1746 3622 id
1800 3577 1906 3636 est,
1962 3569 2177 3626 humus.

588 3635 681 3692 Sic
709 3637 869 3705 igitur
894 3637 1134 3689 construi
1165 3637 1329 3691 debet
1361 3639 1475 3691 haec
1500 3638 1753 3706 periodus
1778 3658 1788 3690 :
1817 3635 2000 3692 Solum
2031 3652 2178 3694 terra:

587 3706 730 3761 illius
749 3707 1212 3782 madensebrietate
1236 3708 1479 3782 continua
1503 3719 1639 3762 arcet
1666 3710 1912 3782 humandi
1933 3711 2173 3782 oﬂicium,

587 3788 722 3848 etc.,
746 3779 901 3848 quasi
927 3779 1129 3834 diceret
1154 3797 1167 3832 :
1207 3787 1346 3834 terra
1377 3781 1462 3833 illa
1493 3791 1753 3848 perpetuo
1772 3780 1919 3835 ebria
1944 3779 2038 3836 seu
2063 3798 2176 3835 ma-

588 3847 723 3920 dens
761 3847 988 3920 impedit
1015 3851 1305 3917 quominus
1337 3851 1404 3905 ibi
1440 3847 1774 3914 sepeliantur
1817 3867 2068 3920 corpora.
2105 3853 2174 3906 Et

587 3919 668 3976 sic
693 3919 931 4003 cohaeret
958 3921 1306 4003 sequentibus
1336 3938 1351 3974 :
1386 3921 1571 4003 Siqua
1607 3924 1739 3975 enim
1770 3919 2020 3976 cadauera
2055 3940 2174 3977 sus-

1053 4010 1216 4046 SOIUﬂI
1250 4010 1406 4046 terra:
1436 4010 1599 4046 1111118.

587 3993 798 4060 ceperit,
827 3991 1020 4060 supple
1041 3994 1216 4047 solum
1250 4002 1406 4047 terra:
1435 3992 1599 4046 illius.

659 4061 684 4100 ι’
725 4063 866 4118 Pure
897 4063 1051 4124 dixit,
1085 4065 1210 4130 quia
1238 4062 1356 4117 sine
1393 4063 1505 4116 ullo
1537 4063 1658 4132 igne
1687 4065 1989 4132 supposito.
2021 4064 2171 4119 Hanc

587 4141 768 4205 tamen
793 4147 986 4205 vocem,
1009 4135 1192 4186 omisit
1224 4133 1530 4205 Dionysius.
1582 4133 1690 4187 Alii
1718 4134 1918 4190 habent
1949 4154 1961 4188 :
2000 4134 2172 4205 Super

587 4203 781 4288 hostias
803 4203 1066 4288 impositas
1087 4218 1247 4288 pyrae,
1279 4203 1362 4288 pie
1386 4205 1576 4288 idcirco
1607 4206 1911 4260 descendere
1933 4203 2168 4276 postula-

584 4274 675 4338 vit,
701 4283 830 4335 etc.,
863 4283 922 4326 ut
949 4275 1253 4327 observavit
1277 4273 1568 4345 Cuychius.
1934 4273 1943 4276 “

533 4394 549 4412 ,
663 4354 685 4382 ε
727 4340 910 4396 Primo
943 4342 1100 4412 hujus
1147 4344 1380 4399 nominis
1424 4346 1633 4400 abbatis
1676 4347 1905 4402 Abrah:e
1933 4362 2167 4403 occursu

584 4415 893 4482 suspicatus
922 4430 1038 4468 sum
1070 4415 1220 4470 illum
1256 4415 1548 4482 Abraham,
1599 4420 1717 4471 sive
1758 4418 2165 4482 Abrahamium,

585 4487 668 4559 vel
695 4485 1008 4559 Abratnium
1032 4501 1272 4542 sanctum
1296 4488 1576 4542 eremitam
1601 4489 1700 4542 hoc
1727 4489 1848 4543 loco
1870 4490 2165 4559 designari,

581 4557 736 4628 cujus
766 4556 928 4611 vitam
969 4559 1156 4614 beatus
1193 4559 1424 4628 Ephrem
1475 4559 1754 4613 luculento
1779 4556 2036 4614 sermone
2067 4561 2165 4614 dc-

579 4631 818 4701 scripsit,
850 4629 1003 4701 cujus
1027 4637 1088 4701 et
1130 4632 1394 4685 memoria
1425 4630 1733 4686 celebratur
1763 4630 1817 4684 in
1846 4631 2166 4701 Martyrolo-

579 4701 669 4770 gio
700 4699 945 4755 Romano
978 4699 1045 4754 16
1085 4701 1280 4755 Martii.
1308 4709 1396 4766 At,
1418 4717 1477 4757 re
1496 4704 1756 4756 attentius
1784 4699 2046 4768 insiiecta.
2089 4704 2166 4754 l'a-

2281 2591 2442 2644 quam
2496 2574 2646 2627 illum
2675 2571 2762 2626 cui
2787 2579 3052 2644 postrema
3077 2579 3131 2623 et
3154 2571 3398 2642 vigesima
3423 2583 3605 2644 quarta
3635 2579 3874 2639 collatio

2280 2643 2310 2701 ε
2333 2645 2592 2701 Cassiano
2616 2645 2885 2711 descripta
2921 2643 3194 2704 tribuitur,
3230 2659 3341 2709 quae
3371 2647 3431 2696 de
3461 2643 3876 2714 Mortiﬁcatione

2286 2717 2603 2788 inscribitur
2624 2733 2653 2788 *ι
2677 2715 2742 2766 de
2774 2731 2886 2788 quo
2923 2714 3148 2782 proinde
3187 2715 3342 2783 plura
3375 2716 3592 2787 ibidem,
3626 2735 3747 2788 quae
3777 2738 3875 2779 oc-

2279 2787 2574 2848 curreriut,
2605 2783 2832 2840 dicenda
2865 2794 3045 2838 erunt.

2356 2855 2380 2895 δ
2409 2859 2700 2934 Ciaconius
2731 2864 2787 2934 et
2815 2855 2904 2908 alii
2937 2856 3312 2934 tantummodo
3341 2858 3539 2914 habent
3568 2865 3743 2929 επαίς,
3774 2885 3869 2934 pro

2280 2930 2633 3002 simplicitate,
2658 2940 2704 2980 et
2723 2928 3039 3002 innocentia.
3070 2927 3134 2981 Et
3157 2944 3344 3002 revera
3369 2935 3513 2998 παίς,
3532 2927 3742 3002 proprie
3764 2927 3868 2992 non

2283 3000 2622 3066 simplicem,
2652 3001 2745 3054 sed
2777 3013 3015 3074 _piier_uin
3064 3009 3156 3052 aut
3188 2999 3451 3074 famulum
3480 2999 3774 3074 significat,
3810 3019 3868 3061 ut

2285 3075 2418 3125 satis
2436 3085 2619 3126 notum
2645 3080 2748 3125 est.
2777 3069 2962 3123 Potuit.
2985 3080 3160 3123 tamen
3187 3069 3292 3126 huc
3313 3089 3509 3135 nomen
3532 3069 3663 3130 linic
3689 3069 3870 3132 abbati

2283 3142 2487 3207 imponi
2515 3143 2722 3216 ratione
2761 3140 3123 3216 simplicitatis
3151 3152 3203 3195 et
3230 3143 3550 3216 innocentia:
3582 3163 3680 3213 qua
3707 3164 3872 3216 puero

2283 3216 2512 3268 similior
2541 3214 2842 3267 videbatur.
2873 3225 3030 3283 quam
3057 3213 3194 3283 viro,
3231 3215 3540 3276 aemulatus.
3570 3213 3784 3283 Opinor,
3819 3221 3874 3273 il-

2286 3283 2392 3356 lam
2423 3282 3065 3356 Salvatoris_sententiam
3094 3299 3105 3332 :
3137 3281 3254 3334 Nisi
3281 3285 3578 3354 eﬂiciamini
3599 3288 3728 3341 sicut
3753 3281 3876 3356 par-

2283 3355 2412 3417 vuli,
2438 3372 2549 3429 non
2578 3353 2834 3407 intrabitis
2865 3352 2915 3401 in
2946 3367 3162 3429 regnum
3195 3352 3443 3406 caelo—rum
3469 3356 3684 3424 (Matth.
3721 3352 3801 3429 ν).

2357 3436 2380 3462 ο
2420 3425 2652 3478 Adaei-ie
2675 3432 2884 3476 veteres
2909 3420 3199 3473 monachos
3229 3436 3276 3474 ei
3303 3420 3562 3480 eremitas
3580 3429 3710 3482 olim
3741 3420 3878 3484 lem-

2282 3511 2410 3564 pore
2441 3494 2634 3546 messis
2664 3493 2727 3564 ad
2760 3492 3071 3564 metendum
3129 3501 3340 3557 segetes
3382 3493 3450 3546 de
3494 3500 3610 3550 suis
3660 3501 3880 3557 cellulis

2278 3559 2371 3618 aut
2416 3563 2755 3636 monasteriis
2786 3559 2952 3636 fuisse
2983 3575 3231 3628 egressos
3264 3578 3276 3612 :
3304 3576 3550 3636 quorum
3584 3575 3882 3636 proposito

2277 3638 2520 3703 exemplo
2549 3636 2608 3688 ι).
2641 3631 2962 3708 Benedictus
2985 3645 3113 3684 suos
3139 3632 3438 3684 cmiiohitas
3457 3639 3550 3708 pie
3574 3631 3877 3708 admonet,

2277 3716 2332 3760 ut
2354 3707 2401 3760 si
2428 3708 2705 3780 necessitas
2735 3703 2833 3757 loci
2859 3711 2949 3755 aut
2971 3711 3242 3772 paupertas
3264 3706 3486 3780 exegerit
3517 3713 3573 3758 ut
3595 3711 3662 3759 ad
3691 3703 3882 3780 fruges

2276 3779 2600 3850 colligendas
2629 3793 2718 3848 per
2745 3791 2798 3850 se_
2821 3785 3159 3850 occupentur,
3176 3789 3275 3850 non
3306 3775 3675 3830 contristentur
3693 3775 3723 3831 7:
3753 3775 3880 3844 quia

2277 3845 2554 3904 tunc'rere
2595 3845 2837 3903 monachi
2875 3845 3030 3911 sunt,
3059 3846 3098 3899 si
3143 3845 3314 3897 labore
3359 3861 3610 3900 manuum
3657 3866 3878 3905 sitarum

2277 3923 2478 3989 vivant,
2506 3922 2639 3975 sicut
2663 3932 2712 3975 et
2746 3919 2931 3973 Patres
2962 3916 3119 3971 nostri
3148 3925 3192 3968 ct
3221 3915 3460 3985 npotsoli.
3495 3915 3672 3973 Porro
3697 3921 3874 3988 Quin-

2277 3994 2646 4061 quagesimam
2691 3993 2778 4046 hic
2819 3989 3060 4061 intellige
3093 3999 3257 4061 iouini
3296 3998 3509 4061 tempus
3537 3991 3677 4057 quod
3711 4008 3875 4046 voca-

2275 4056 2412 4132 tiius'
2427 4064 2709 4122 Paschale,
2745 4071 2802 4114 ut
2825 4060 2969 4132 alibi
3002 4056 3343 4132 monuimus.
3377 4056 3455 4112 De
3487 4056 3595 4132 quo
3641 4076 3709 4115 ex
3744 4079 3874 4132 pro-

2274 4130 2418 4186 fesso
2450 4136 2626 4201 agitur
2655 4131 2944 4201 collatione
2965 4129 3092 4201 21,
3114 4128 3199 4180 cui
3223 4129 3463 4201 titulus;
3499 4130 3577 4183 De
3603 4128 3872 4186 remissio-

2274 4217 2336 4254 ne
2367 4197 2817 4271 Quinquagesimtv
2843 4199 3004 4267 (Vide
3027 4200 3183 4253 etiam
3214 4198 3304 4272 lib.
3338 4213 3396 4252 ιιι
3425 4197 3563 4272 inst.
3593 4217 3709 4270 cap.
3751 4205 3867 4272 11).

2272 4271 2344 4326 At
2389 4275 2476 4341 qui
2511 4269 2700 4341 potuit,
2754 4273 2988 4338 inquies,
3038 4279 3250 4335 tempus
3284 4269 3564 4341 Paschale,
3596 4274 3712 4327 sive
3741 4269 3872 4328 ante

2272 4339 2653 4407 Petiteciisteii,
2679 4341 2743 4398 ad
2772 4341 3104 4402 metendum,
3143 4353 3264 4392 esse
3299 4339 3572 4406 idoneum,
3602 4355 3656 4396 et
3688 4353 3870 4396 matti-

2271 4415 2472 4480 risjam
2505 4414 2742 4484 frugibus
2778 4410 3176 4482 Opportunum?
3199 4412 3726 4484 Potuitgertepcuni
3758 4432 3869 4470 non

2273 4486 2448 4540 solum
2483 4488 2534 4540 iii
2595 4481 2866 4556 l‘Egypto,
2889 4499 3072 4538 verum
3107 4484 3270 4536 etiam
3392 4481 3870 4556 Palaesd‘naaliis-

2270 4571 2374 4625 que
2406 4553 2719 4627 regionibus
2747 4553 2947 4610 messis
2978 4556 3035 4627 in
3075 4568 3259 4627 mense
3305 4553 3440 4627 ll_laio
3475 4559 3530 4603 ut
3561 4553 3871 4618 plurimum

2269 4623 2628 4698 contingeret.
2663 4627 2796 4682 Nam
2838 4627 2978 4680 inter
3000 4623 3210 4698 Pascha
3240 4635 3292 4698 et
3322 4623 3672 4676 Ριιιιιεοιιδιθιι
3702 4628 3875 4698 apud

2271 4693 2493 4753 Jiidaaos
2526 4714 2756 4754 meas-em
2787 4699 2901 4753 ﬁeri
2931 4695 3144 4750 solitam
3189 4694 3321 4747 satis
3351 4703 3562 4747 constat
3603 4710 3668 4747 ex
3702 4693 3874 4752 Levi-

579 4763 686 4826 cile
715 4772 906 4840 agnovi
937 4772 1095 4826 aliter
1124 4787 1185 4828 se
1227 4763 1458 4838 habere;
1503 4782 1557 4826 et
1583 4773 1747 4825 alium
1790 4763 1885 4827 hic
1917 4774 2166 4828 abbatem
2195 4774 2248 4835 D
2276 4769 2381 4824 tit-.0
2408 4780 2462 4824 et
2492 4769 2914 4825 Deuteronomio
2967 4766 3153 4840 (Leuit.
3212 4780 3375 4840 xxm.
3430 4763 3587 4817 Deut.
3629 4775 3761 4832 xvi).
3799 4766 3872 4821 In

579 4842 873 4911 Abraham,
908 4843 1021 4898 sive
1043 4843 1428 4899 Abrahamium
1455 4845 1521 4897 ab
1549 4841 1644 4896 illo
1667 4843 2007 4898 denotatum.
2033 4843 2161 4897 Nam

576 4914 668 4969 ille
700 4915 892 4986 Syrus,
915 4924 971 4970 et
996 4918 1054 4971 S.
1079 4915 1312 4986 Ephrem
1341 4916 1458 4986 Syri
1486 4913 1808 4986 discipulus,
1843 4915 2166 4986 utiipsemet

575 4995 633 5059 et
658 4984 753 5040 alii
794 4995 1056 5059 teStaiitur
1085 4985 1172 5059 (S.
1202 4984 1454 5059 (Ephrem.
1481 4985 1548 5059 ‘in
1595 4984 1817 5059 Testata.
1839 5001 1856 5050 ;
1882 4985 2163 5059 §ozomen.

576 5058 615 5110 ι.
643 5072 700 5111 ιιι
728 5073 775 5110 c.
814 5059 909 5124 15;
943 5055 1166 5125 Niceph.
1194 5058 1232 5111 l.
1255 5055 1328 5118 ix,
1363 5074 1409 5110 c.
1436 5055 1563 5120 16);
1593 5057 1678 5110 hic
1707 5071 1836 5110 vero
1857 5055 2162 5126 Aigyptius,

575 5137 634 5182 ut
649 5144 716 5182 ex
743 5129 843 5182 hoc
869 5139 1017 5184 textu
1039 5127 1324 5182 manifeste
1341 5128 1636 5196 colligitur.
1664 5127 1755 5182 Ille
1777 5128 2162 5194 quinquaginta

576 5198 732 5252 antiis
757 5200 808 5251 in
839 5200 1032 5254 cellula
1061 5198 1531 5260 mansitinclusus,
1552 5206 1608 5250 ut
1633 5196 1872 5252 refertS.
1892 5197 2160 5265 Ephrem:

573 5267 668 5325 hic
696 5269 766 5326 ab
790 5286 976 5327 eremo
997 5268 1316 5332 Thebaidis,
1347 5284 1468 5338 qua:
1498 5271 1745 5338 superior
1770 5268 2034 5338 Egypius
2066 5283 2160 5320 vo-

572 5350 752 5406 Catur,
791 5341 1072 5397 descendit
1111 5340 1166 5394 in
1215 5341 1508 5411 [Egyptuin
1556 5339 1892 5403 inferiorem,
1924 5338 2161 5411 metendi

572 5415 767 5485 gratia,
799 5423 861 5468 ut
881 5415 970 5468 hic
997 5412 1223 5485 dicitur;
1254 5409 1340 5485 hic
1359 5416 1505 5476 παίς,
1534 5411 1583 5464 id
1620 5419 1724 5485 est,
1757 5425 1907 5477 puer,
1939 5409 2008 5485 ob
2035 5410 2164 5462 sim-

611 5487 867 5541 licitatem
919 5493 974 5539 et
1015 5484 1381 5538 innocentiam
1431 5482 1844 5552 cognominatus
1877 5497 1890 5532 :
1929 5480 2028 5552 ille
2057 5493 2162 5532 non

598 5567 728 5611 teni.
757 5556 1001 5625 Denique
1041 5554 1174 5609 nihil
1216 5557 1357 5608 inter
1386 5549 1534 5607 illius
1563 5553 1684 5623 Syri
1738 5559 1869 5625 Acta
1921 5549 2092 5625 fusius
2132 5565 2162 5604 a

572 5620 943 5692 Metaphraste
964 5636 1216 5678 enarrata
1241 5625 1438 5692 legitur
1461 5620 1672 5687 eorum,
1697 5639 1814 5690 quia
1844 5621 1967 5674 huic
1994 5620 2164 5672 Abra-

573 5691 662 5760 hae
690 5693 944 5760 Egyptio
965 5691 1340 5760 attribuuntur
1387 5695 1472 5746 hic
1511 5694 1792 5746 miracula.
1829 5693 2010 5759 Itaque
2053 5706 2160 5743 non

575 5759 748 5811 alium
779 5759 867 5812 hic
891 5759 1138 5812 abbatem
1169 5761 1446 5814 Abraham
1479 5760 1889 5826 intelligendum
1929 5761 2162 5814 exstimo

2276 4839 2507 4912 (Egypto
2534 4851 2703 4894 autem
2736 4838 3068 4912 (tilPillllUS)
3099 4837 3237 4890 omni
3262 4845 3438 4912 serunt
3462 4852 3649 4912 mense,
3672 4846 3719 4912 et
3751 4841 3872 4891 ubi-

2273 4904 2484 4980 cumque
2516 4914 2698 4964 imbres
2727 4904 2890 4966 institi
2913 4927 3015 4962 non
3045 4904 3184 4980 sunt,
3219 4917 3276 4960 ut
3301 4907 3352 4958 in
3385 4904 3546 4958 India
3575 4919 3622 4961 et
3648 4906 3874 4961 .‘Ethio.

2271 4979 2476 5053 pia;'et
2501 4983 2628 5036 alibi
2658 5000 2670 5035 :
2702 4981 2767 5036 In
2800 4981 3026 5052 /Egypto
3053 4979 3302 5053 hordeum
3336 4986 3482 5053 sexto
3515 4995 3544 5029 a
3566 4987 3682 5031 satu
3718 4993 3891 5053 men;

2267 5047 2342 5118 se,
2375 5057 2633 5122 frumenta
2670 5047 3179 5121 septintainetuntur
3205 5047 3375 5122 (Plin.
3426 5051 3465 5101 l.
3495 5063 3604 5103 xvn
3634 5063 3679 5100 c.
3717 5049 3790 5122 18
3817 5064 3869 5104 et

2269 5125 2310 5178 l.
2347 5121 2476 5180 thii
2503 5142 2550 5179 c.
2583 5126 2657 5193 7).
2698 5125 2836 5178 Alibi
2865 5129 3028 5178 etiam
3060 5121 3247 5193 scribit
3280 5121 3434 5193 binas
3466 5134 3670 5174 messes
3699 5132 3756 5175 et
3784 5121 3869 5174 bi-

2270 5211 2366 5249 nas
2397 5190 2957 5263 testates'contingere
2977 5192 3152 5246 media
3183 5193 3324 5245 inter
3356 5190 3479 5244 illas
3506 5193 3687 5246 hieme
3712 5193 3864 5263 (Lib.

2271 5282 2323 5320 vt
2347 5283 2389 5318 c.
2431 5269 2541 5321 l7).

2346 5283 2373 5375 lc
2409 5271 2701 5396 Sigtiiinex.
2748 5335 2797 5390 id
2828 5344 2930 5397 est.
2961 5333 3366 5395 semimortuus,
3416 5339 3509 5385 aut
3537 5332 3861 5398 semivivus,

2270 5410 2645 5464 moribundus.
2671 5406 2896 5463 Ovidius
2921 5404 3014 5460 lib.
3052 5421 3066 5459 ι
3093 5403 3355 5472 Μθιιιριι.;

2391 5521 2555 5582 Atque
2581 5523 2644 5571 ita
2669 5522 2948 5570 semineces
2970 5519 3148 5582 partim
3172 5516 3480 5567 ferventibus
3503 5521 3642 5567 artus

2393 5536 2555 5631 Atque
2581 5536 2644 5571 ita
2669 5536 2732 5570 sei

2393 5585 2471 5633 Mo
2495 5588 2549 5634 lit
2573 5586 2732 5646 aquis.

2265 5689 2518 5745 Sidonius
2551 5687 2646 5741 lib.
2682 5703 2696 5740 t
2727 5686 2886 5754 epist.
2921 5686 2976 5755 7,
3007 5685 3172 5756 pietas
3200 5684 3440 5756 Augusta
3476 5682 3857 5738 seminecem...

2263 5761 2345 5814 vel
2369 5758 2555 5813 exsilio
2581 5767 2898 5812 muneretur.
