4014 6200
218 270 351 330 ωῡι

869 373 1095 435 CAPUT
1132 376 1199 433 ν.

234 544 315 600 De
350 541 530 598 claudi
567 539 840 612 cujusdam
876 538 1138 661 curatiore
1160 577 1177 606 ,
1215 552 1372 610 quam
1406 536 1544 592 idem
1591 542 1664 590 est
1702 550 1822 608 ope-

1011 624 1072 661 ra
1096 624 1156 661 us

1011 624 1156 662 ratus

301 790 398 847 Vel
420 803 541 845 cum
572 787 714 843 idem
741 785 853 858 ipsa
879 799 1109 857 pergens
1147 785 1213 841 ad
1238 785 1439 853 vicum,
1461 784 1821 842 circumdatus

228 891 313 940 est
343 881 683 937 illudentium
708 878 902 945 turbis,
927 879 1017 948 qui
1041 877 1433 935 subsannantes
1462 878 1824 935 ostendebant

232 975 280 1030 ei
305 973 591 1045 quemdam
615 971 891 1026 hominem
914 978 1194 1025 contracto
1216 984 1357 1040 genu
1384 969 1567 1025 multis
1589 971 1698 1039 jam
1726 986 1824 1026 an-

230 1067 316 1121 nis
362 1078 581 1137 gressus
631 1062 810 1118 officio
839 1060 1158 1117 destitutum
1187 1068 1240 1115 et
1279 1061 1495 1131 antiqua
1542 1060 1822 1118 debilitate

230 1167 580 1229 reptantem;
638 1168 701 1210 ac
744 1160 1016 1211 tentantes
1046 1168 1171 1208 eum
1198 1194 1214 1219 ,
1254 1151 1527 1219 Ostende,
1568 1153 1820 1221 aiebant,

233 1250 372 1307 abba
416 1246 713 1315 Abraham,
741 1245 785 1300 si
831 1258 1023 1300 servus
1068 1258 1126 1299 es
1164 1243 1294 1313 Dei,
1328 1252 1383 1299 et
1419 1244 1647 1299 restitue
1680 1249 1823 1301 hunc

233 1342 475 1413 pristina:
493 1339 732 1405 sanitati,
756 1346 815 1393 ut
838 1350 1037 1392 nomen
1054 1336 1256 1390 Christi
1280 1352 1439 1406 quem
1462 1336 1597 1393 colis
1622 1351 1819 1391 vanum

234 1452 340 1492 non
382 1449 504 1491 esse
553 1431 861 1488 credamus.
893 1429 1048 1485 Tune
1096 1429 1189 1484 ille
1242 1429 1528 1484 confestim
1574 1429 1822 1485 invocato

233 1526 432 1582 Christi
456 1525 697 1590 nomine,
716 1522 984 1577 inclinans
1011 1536 1069 1576 se
1093 1529 1149 1575 et
1174 1520 1586 1590 apprehendens
1612 1520 1819 1575 aridum

233 1619 425 1690 pedem
458 1616 694 1672 hominis
724 1615 923 1681 traxit,
954 1612 1109 1683 cujus
1132 1623 1308 1669 tractu
1334 1613 1588 1669 continuo
1619 1616 1820 1670 siccum

230 1724 373 1783 genu
394 1722 725 1779 curvumque
750 1706 1015 1763 directum
1046 1716 1127 1762 est
1145 1747 1160 1772 ,
1192 1722 1255 1762 ac
1281 1714 1501 1778 recepto
1530 1724 1629 1763 usu
1660 1722 1817 1779 gres-

1055 261 1390 321 COLLATIO
1428 258 1549 318 XV.
1579 288 1650 305 -
1679 259 1768 317 DE
1806 251 2376 320 CllARlSMATlBUS
2416 259 2686 317 DIVINIS.

3388 272 3525 331 1002

1847 381 1904 442 Α
1928 389 2108 445 suum,
2139 392 2298 447 quem
2340 375 2596 432 oblivioni
2621 374 2730 445 jam
2762 372 3062 431 tradiderat
3087 389 3289 433 annosa
3318 384 3514 441 debilia

1926 478 2032 537 tas,
2062 469 2221 526 laetus
2250 468 2539 526 abscessit.

2543 536 2775 594 CAPUT
2818 538 2901 594 VI.

1928 632 2079 697 Quod
2125 631 2368 689 meritum
2406 630 2814 753 uniuscuiusque.
2858 646 2967 685 non
3007 647 3072 686 etc
3122 630 3283 703 signis
3328 631 3508 688 debeat

2566 716 2636 753 ωδ
2662 716 2835 753 amari.

2566 716 2835 755 arsumart.

1994 794 2062 851 Hi
2094 795 2275 866 itaque
2296 793 2399 850 viri
2428 792 2561 849 nihil
2583 793 2686 849 sibi
2716 806 2812 863 pro
2840 792 3023 849 talium
3050 792 3377 849 mirabilium
3400 794 3505 849 vir-

1924 894 2039 942 tute
2063 886 2374 952 donabant,
2406 887 2531 957 quia
2561 894 2587 923 ι
2619 900 2724 939 non
2756 885 2871 940 haec
2897 899 2996 940 suo
3037 885 3234 941 merito
3262 885 3381 955 agi,
3413 886 3505 941 sed

1924 976 2139 1034 Domini
2180 978 2564 1034 misericordia
2607 977 2944 1043 fatebantur,
2978 977 3290 1048 apostolicis
3326 978 3505 1033 verbis

1923 1070 1979 1125 in
2019 1069 2381 1125 admiratione
2420 1070 2697 1140 signorum
2745 1069 3038 1125 humanam
3086 1069 3310 1139 gloriam
3366 1068 3509 1130 refu-

1922 1167 2103 1215 tantes
2126 1178 2140 1214 :
2161 1159 2269 1214 Viri
2286 1164 2492 1232 fratres,
2517 1160 2788 1230 inquiunt,
2807 1161 2930 1231 quid
2960 1161 3290 1215 admiramini
3312 1162 3363 1214 in
3386 1160 3503 1229 hoc,

1922 1260 2014 1304 aut
2038 1267 2131 1306 nos
2168 1251 2297 1322 quid
2331 1253 2599 1306 intuemini
2636 1253 2787 1324 quasi
2824 1260 3002 1307 nostra
3030 1253 3217 1307 virtute
3242 1262 3333 1306 aut
3361 1262 3506 1324 pote-

1923 1350 2057 1397 state
2080 1344 2352 1413 fecerimus
2373 1341 2509 1397 hunc
2534 1343 2800 1397 ambulare
2822 1344 3020 1415 (Actor.
3040 1344 3159 1416 tu)?
3187 1343 3295 1399 Nec
3316 1359 3508 1415 quem-

1923 1449 2084 1505 quam
2112 1434 2166 1489 in
2195 1435 2352 1490 donis
2378 1450 2441 1489 ac
2464 1434 2800 1490 mirabilibus
2822 1435 2941 1502 Dei,
2970 1437 3066 1490 sed
3094 1437 3270 1504 potius
3293 1452 3359 1490 ex
3385 1452 3508 1506 pro~

1923 1529 2609 1598 priisvirtutumfructibus
2631 1528 3034 1598 praedicandum
3056 1543 3175 1584 esse
3187 1530 3504 1597 censebant,

1924 1620 2015 1691 qui
2048 1621 2310 1676 industria
2357 1622 2555 1677 mentis
2590 1629 2645 1676 et
2678 1635 2899 1691 operum
2926 1620 3133 1678 virtute
3157 1634 3505 1693 generantur.

1921 1709 2253 1783 Plerumque
2266 1712 2432 1779 enim,
2449 1719 2678 1783 utsupra
2688 1712 2797 1783 jam
2813 1712 3014 1769 dictum
3031 1722 3115 1770 est
3130 1714 3281 1786 (Cap.
3299 1716 3359 1788 ι),
3376 1716 3402 1756 b
3419 1717 3509 1773 ho«

1205 1864 1208 1866 ‘
1302 1842 1561 1901 ALARDI
1600 1844 1831 1902 GAZA‘II
1865 1845 2434 1906 COMMENTARIUS.

316 1963 443 2021 nSic
467 1960 668 2036 Paulus
692 1967 747 2014 et
767 1960 1044 2036 Barnabas
1072 1972 1194 2012 cum
1222 1956 1545 2036 Lyslrenses
1573 1957 1723 2036 cives
1750 1958 1821 2014 ob
1850 1964 1899 2026 B
1924 1975 2137 2036 quoque
2180 1971 2429 2036 auctores
2467 1961 3023 2036 testanturLPossnnt
3074 1965 3255 2036 itaque
3298 1969 3424 2023 mali
3453 1979 3510 2026 et

237 2046 487 2091 sanatum
505 2030 756 2088 claudum
774 2029 981 2083 divinos
997 2032 1231 2083 honores
1250 2030 1330 2083 eis
1352 2029 1569 2085 deferre
1590 2031 1816 2097 vellent,

236 2107 523 2163 Conscissis
550 2102 735 2156 tunicis
766 2100 1069 2153 exsilierunt
1096 2101 1148 2152 in
1178 2109 1373 2153 turmas
1398 2140 1413 2164 ,
1462 2100 1743 2156 clamantes
1770 2111 1818 2156 et

239 2181 506 2233 dicentes:
544 2172 676 2231 Viri.
704 2170 828 2241 quid
857 2172 963 2224 haec
993 2170 1213 2241 facitis?
1242 2168 1309 2223 Et
1340 2187 1431 2224 nos
1458 2171 1702 2225 mortales
1728 2188 1818 2226 su-

238 2266 357 2304 mus
379 2246 572 2300 similes
593 2238 729 2296 vobis'
760 2242 1005 2312 homines,
1028 2247 1132 2295 etc.
1155 2238 1296 2312 (Act.
1326 2242 1459 2311 XIV).

314 2319 341 2358 ι)
368 2318 537 2371 Malos
568 2316 833 2373 homines,
862 2311 915 2366 id
946 2322 1049 2377 est,
1079 2311 1293 2365 mortali
1317 2312 1474 2378 culpa
1502 2312 1816 2381 obstrictos,

240 2391 337 2446 sed
363 2387 567 2451 ﬁdeles,
596 2398 751 2453 posse
774 2382 1046 2438 daemones
1068 2381 1288 2451 ejicere,
1316 2382 1529 2449 aliaque
1554 2385 1818 2440 miracula

237 2476 362 2531 qum
394 2474 488 2529 per
535 2456 760 2531 virtutes
807 2454 1199 2531 significantur,
1231 2453 1416 2531 edere,
1448 2462 1505 2506 et
1526 2470 1659 2531 ~non
1694 2470 1817 2509 raro

236 2523 496 2594 edidisse,
522 2527 706 2582 multis
726 2523 988 2593 exemplis
1020 2532 1074 2578 et
1093 2524 1502 2594 auctoritatibus
1523 2523 1819 2592 Scriptura:

237 2593 578 2669 compertum
603 2606 706 2651 est.
729 2596 855 2669 Sani
887 2596 1030 2669 enim
1060 2603 1342 2663 postquam
1370 2593 1440 2648 ab
1466 2609 1533 2648 eo
1559 2593 1819 2651 Dominus

236 2666 566 2729 discesserat
586 2709 600 2731 ,
633 2666 888 2721 Davidem
919 2666 1258 2719 innocentem
1303 2679 1658 2734 persequens,
1694 2681 1817 2721 cum

237 2748 293 2800 in
334 2756 564 2798 cuneum
598 2738 985 2806 prophetarum
1018 2735 1275 2801 venisset,
1310 2734 1454 2789 facto
1499 2751 1665 2806 super
1692 2752 1818 2791 eum

238 2814 443 2884 Spiritu
466 2805 678 2884 Domini
708 2823 831 2884 cum
860 2806 1070 2884 caeteris
1091 2806 1435 2884 prOphetavit
1455 2806 1499 2876 (Ι
1532 2805 1658 2876 Reg.
1678 2808 1816 2884 xix),

240 2874 383 2940 uade
409 2881 537 2937 exiit
566 2879 911 2949 proverbium
932 2895 957 2949 :7
980 2874 1121 2929 Nam
1144 2886 1197 2949 et
1224 2876 1360 2949 sant
1384 2874 1517 2949 inter
1546 2874 1819 2949 prophetas

242 2953 461 3028 (Matth.
493 2946 594 3028 ιη
642 2948 1090 3028 Ρτορῒιειαγὶεηθι
1131 2946 1366 3028 Caiphae
1404 2946 1819 3028 ‘holnoimpitts,

244 3015 383 3093 Quia
414 3015 643 3095 pontifex
672 3015 780 3095 erat
805 3017 1099 3095 anni-illius
1129 3015 1311 3087 (Joan.
1334 3016 1438 3095 _xt_).
1470 3016 1620 3095 Fecit
1648 3017 1817 3095 etJu_o

237 3086 342 3152 d'as
374 3086 649 3160 miracula,
677 3092 802 3146 dum
835 3091 886 3143 in
918 3086 1191 3142 Christum
1219 3086 1512 3160 credebat,
1543 3087 1702 3160 eique
1728 3089 1821 3143 ad-

241 3168 483 3223 haerebat
511 3183 524 3218 :
554 3157 676 3218 nam
706 3171 763 3217 et
789 3168 1271 3231 potestatem__cum
1299 3157 1695 3231 aliisapostolis
1725 3173 1819 3231 ac-

238 3241 405 3307 cepit,
449 3246 504 3292 et
531 3228 1053 3307 gloriatus'estcum
1074 3228 1214 3292 aliis,
1247 3228 1391 3307 quod
1420 3230 1523 3284 sibi
1551 3229 1819 3307 daemonia

238 3299 823 3378 sribjiceretitur_(Luc.
850 3303 919 3378 ιλ)
941 3299 1072 3378 :__Et
1099 3308 1280 3378 tamen
1291 3303 1379 3378 fur
1408 3309 1552 3367 erat,
1584 3310 1631 3354 et
1677 3301 1819 3378 locu-

242 3380 326 3433 los
349 3370 569 3431 habebat
611 3370 788 3447 (Joan.
806 3374 928 3447 xu).
959 3370 1035 3447 ‘Et
1062 3378 1121 3424 ut
1146 3370 1210 3424 D.
1238 3370 1596 3447 liieronymtts
1617 3374 1819 3447 sentire

242 3451 481 3513 videtur,
505 3441 1143 3517 jam‘tuntproditionem
1171 3441 1349 3517 animo
1374 3444 1626 3517 agitabat,
1654 3444 1820 3517 idem:

246 3534 358 3591 qne
389 3511 963 3591 tna'n'ifestercolligitur
981 3528 1047 3566 ex
1069 3512 1175 3566 illis
1202 3512 1382 3591 verbis
1407 3514 1635 3591 Christi:
1662 3511 1821 3568 Multi

247 3584 421 3645 dicent
450 3592 504 3644 in
531 3589 625 3643 illa
646 3589 728 3641 die
760 3601 778 3639 :
809 3584 1049 3649 Domine,
1078 3599 1246 3638 nonne
1271 3584 1325 3637 in
1354 3585 1561 3638 nomine
1591 3592 1677 3637 tuo
1702 3600 1824 3654 pro-

245 3662 596 3734 phetavimus,
626 3668 672 3713 et
691 3654 981 3734 innantine
1004 3664 1089 3707 tuo
1118 3654 1373 3734 daemonia
1394 3657 1636 3734 e_jecimus
1658 3655 1684 3706 .9
1712 3664 1818 3734 etc.

248 3723 466 3804 (Matth.
511 3723 630 3804 vti).
681 3728 884 3795 Quibus
934 3740 1040 3804 non
1071 3723 1363 3804 respondet
1408 3725 1555 3792 ipsos
1581 3725 1818 3804 mentiri,

246 3794 345 3858 aut
366 3803 557 3857 falsum
574 3794 775 3861 dicere,
800 3794 1251 3866 quemadmodum
1275 3808 1642 3866 responsurus,
1654 3802 1819 3859 esset,

248 3874 299 3929 si
329 3888 436 3928 non
465 3887 595 3928 vere
626 3863 1057 3939 prophetassent,
1101 3876 1156 3920 et
1183 3865 1462 3939 daemones
1506 3863 1821 3939 eiecissent,

248 3952 347 3998 aut
375 3958 500 3998 vera
532 3931 791 3997 miracula
815 3952 923 3991 non
949 3937 1221 4002 fecissent,
1251 3935 1346 3990 sed
1376 3942 1579 3988 tantum
1608 3951 1621 3985 :
1655 3931 1825 3985 Num-

247 4031 407 4084 quam
429 4014 551 4084 inovi
578 4006 929 4084 vo_s._No_titia
949 4008 1155 4084 scilicet
1182 4004 1609 4084 approbationis,
1638 4013 1699 4084 ut
1720 4018 1824 4084 _vo-

248 4071 381 4139 éant
404 4081 661 4150 theologi.
683 4080 878 4150 Paulus
899 4077 1128 4146 denique
1144 4071 1534 4150 satisostendit
1554 4090 1647 4150 per
1664 4071 1824 4150 ﬁdem

247 4158 455 4223 absque
481 4146 746 4208 charitate
793 4149 1045 4223 miracula
1076 4148 1290 4223 patrari
1321 4161 1479 4216 posse
1500 4187 1515 4213 ,
1548 4146 1674 4223 dum
1709 4147 1820 4198 ait:

250 4225 320 4278 Si
347 4219 570 4276 habuero
614 4236 810 4275 omnem
843 4219 1027 4288 ﬁdem,
1068 4220 1142 4273 ita
1180 4229 1234 4272 ut
1270 4228 1466 4272 montes
1496 4221 1824 4287 transferam,

251 4295 553 4347 charitatem
576 4303 739 4346 autem
770 4306 871 4344 non
891 4289 1146 4353 habuero,
1172 4289 1301 4342 nihil
1332 4297 1596 4359 sum,etc.
1629 4290 1685 4359 (l
1705 4288 1823 4343 Cor.

252 4365 400 4434 xm).
426 4364 576 4420 Unde
606 4362 799 4419 merito
826 4361 912 4434 hic
940 4361 1108 4414 abbas
1146 4358 1393 4434 superius
1421 4358 1571 4434 (Cap.
1607 4360 1632 4413 1
1667 4358 1827 4427 hujus

249 4430 462 4507 collat.)
486 4438 620 4489 hanc
636 4432 932 4507 secundam
953 4430 1823 4507 catisamnhujuSmOdi‘signorum,

249 4520 351 4561 seu
390 4499 725 4562 curationum
775 4503 1072 4573 assignavit
1098 4518 1116 4573 7:
1158 4499 1288 4554 Cum
1331 4502 1392 4554 ob
1435 4501 1827 4573 ludiﬁcationem

250 4575 529 4640 Ecclesiw,
567 4578 643 4630 vel
684 4590 859 4630 eorum
889 4569 975 4641 qui
1012 4572 1249 4639 inﬁrmos
1291 4587 1410 4625 suos
1450 4572 1724 4641 ingerunt,
1751 4569 1828 4622 vel

251 4663 428 4701 eorum
450 4648 539 4716 qui
566 4646 782 4699 curandi
809 4653 945 4700 sunt.
980 4642 1154 4711 ﬁdem,
1187 4642 1467 4716 sanitatum
1490 4645 1655 4716 virtus
1675 4642 1826 4694 etiam

250 4734 291 4771 a
333 4710 677 4785 peccatoribus
722 4710 1042 4785 indignisque
1079 4712 1328 4783 procedit.
1378 4711 1570 4766 Verum
1605 4711 1691 4765 hic
1717 4727 1830 4785 am-
1858 4722 1910 4782 D
1936 4710 2374 4785 episcopi._quod
2407 4720 2592 4785 narrat
2617 4713 2869 4766 Socrates
2896 4712 3186 4785 hisverbis

252 4781 399 4858 plius
426 4786 555 4858 dicit
582 4787 741 4858 etiam
764 4781 994 4858 homines
1021 4781 1189 4858 mente
1219 4792 1491 4858 corrup_tos_
1512 4792 1559 4858 et_
1585 4781 1829 4858 reprobos

251 4854 396 4913 circa
425 4857 603 4926 ﬁdem,
634 4856 687 4910 id
718 4867 819 4921 est,
853 4854 1118 4926 infideles,
1150 4864 1208 4908 ut
1235 4864 1362 4907 sunt
1390 4854 1585 4926 Judaei,
1611 4854 1828 4926 pagani,

251 4924 523 4999 haeretici,
564 4927 878 4999 plerumque,
907 4925 959 4980 id
989 4936 1093 4987 est.
1125 4938 1514 4999 smpennmero,
1541 4925 1598 4976 in
1626 4924 1833 4999 nomine

252 4998 468 5053 Domini
487 5007 536 5053 et
557 4994 808 5070 dtemonia
827 4999 1031 5070 ejicere,
1051 5004 1099 5070 e_t
1113 4994 1322 5049 virtutes
1344 4994 1831 5070 maxi‘masgperari,

253 5070 583 5139 eosdemque
612 5070 665 5123 in
689 5069 795 5125 fine
820 5063 1007 5123 saeculi
1033 5066 1276 5139 dicturos
1288 5083 1305 5139 _:
1333 5063 1832 5139 Domine,_Domine,

251 5154 423 5195 nonne
444 5135 512 5194 ἔπ’
524 5142 723 5195 nomine
740 5148 831 5193 tuo
852 5137 1303 5209 prophetavimus?
1324 5146 1433 5209 etc.
1442 5136 1593 5209 Quod
1615 5135 1832 5209 quidem

253 5223 413 5270 sane.
440 5221 497 5265 et
540 5226 660 5265 cum
696 5204 865 5281 grano
910 5204 1060 5275 salis,
1091 5218 1151 5263 ut
1174 5208 1392 5271 dicitur,
1422 5204 1833 5281 intelligendum

254 5292 363 5335 est.
388 5282 565 5343 Multis
605 5278 866 5351 siqnidem
896 5280 1395 5351 exemplisconstat
1421 5278 1581 5331 etiam
1612 5278 1837 5351 perho-

253 5353 431 5407 mines
458 5346 703 5407 inﬁdeles
724 5366 849 5407 vera
873 5346 1131 5405 miracula
1163 5347 1299 5402 facta
1328 5362 1472 5414 esse,
1505 5356 1561 5400 ut
1580 5355 1634 5400 et
1662 5346 1836 5416 Chry-

252 5431 529 5494 sojstomus
573 5421 817 5494 (Homil.
852 5422 924 5494 25
973 5423 1030 5494 in
1061 5420 1253 5494 Matth.
1278 5423 1297 5488 )
1325 5460 1341 5485 ,
1382 5418 1837 5494 et_Hieronymus

253 5489 652 5560 (Commentiin
703 5490 926 5562 Matth.)
956 5492 1167 5547 docent.
1200 5489 1330 5544 Nam
1380 5489 1593 5544 Balaam
1609 5489 1838 5562 ,__tal_sus

248 5557 493 5633 alioquin
521 5573 576 5619 et
596 5562 828 5618 inﬁdelis
853 5557 1140 5631 propheta,
1164 5561 1477 5629 praeclaram
1514 5562 1580 5633 de
1615 5557 1838 5633 Christo

249 5628 483 5704 ejusque
512 5641 632 5688 ortu
659 5633 828 5704 edidit
851 5628 1222 5704 prophetiam;
1254 5641 1307 5686 et
1334 5633 1497 5704 verba
1528 5632 1615 5684 illa
1646 5628 1835 5704 Domi-

249 5697 311 5759 n'i
343 5720 355 5753 :
394 5697 546 5756 Multi
573 5705 742 5756 dicent
778 5703 833 5755 in
852 5697 970 5755 'illa'
985 5703 1090 5766 die.
1123 5709 1253 5766 etc.,
1282 5717 1385 5757 non
1414 5697 1588 5757 solum
1614 5700 1679 5753 ad
1703 5697 1838 5750 fide-

248 5772 362 5841 les,
386 5787 570 5829 verum
593 5773 753 5830 etiam
771 5772 838 5824 ad
858 5771 1100 5827 inﬁdeles
1123 5773 1317 5828 referri
1340 5780 1581 5844 possunt,
1596 5778 1656 5825 ut
1672 5767 1840 5823 iidem

699 5865 980 5926 ΡΑτιοι..
1065 5863 1293 5929 XLIX.

1847 3343 1894 3408 C
1922 3343 2190 3428 ἆὶέἴέἑὶἱῶ

1925 2032 2193 2098 infideles,
2227 2034 2455 2089 subinde
2480 2035 2729 2090 invocato
2741 2030 2942 2089 Christi
2962 2030 3183 2093 nomine
3209 2046 3301 2092 aut
3324 2041 3506 2095 divina

1925 2103 2152 2179 v_ir_tute,
2177 2104 2452 2179 diemones
2475 2105 3016 2179 e_xpellere,Aaliaque
3029 2108 3287 2162 miracula
3302 2110 3507 2179 facere,

1922 2173 1967 2226 si
1994 2174 2137 2228 Deus
2163 2190 2349 2228 eorum
2383 2175 2789 2247 ministeriouti
2841 2173 2943 2229 aut
2989 2192 3109 2247 cum
3160 2179 3313 2247 ipsis,
3346 2173 3509 2236 utin;

1921 2247 2262 2315 strumentis,
2295 2259 2621 2298 concurrere
2671 2244 2960 2315 dignetur,
3009 2246 3076 2297 ad
3127 2244 3363 2315 ipsorum
3417 2261 3511 2307 aut

1922 2314 2152 2387 aliorum
2181 2316 2485 2387 utilitatem.
2518 2325 2609 2387 aut
2639 2314 2707 2368 ad
2740 2312 3186 2387 manifestandant
3216 2332 3367 2371 suam
3394 2321 3511 2387 glo-

1921 2386 2059 2437 riam
2090 2393 2145 2438 et
2167 2384 2441 2455 virtutem:
2474 2384 2637 2455 modo
2669 2398 2774 2437 non
2804 2384 2855 2436 id
2888 2393 3155 2438 attentent
3184 2396 3277 2440 aut
3304 2384 3511 2455 praesu-

1923 2462 2075 2530 mant
2115 2456 2181 2507 ad
2217 2453 2684 2530 confirmationem
2711 2456 2790 2508 sui
2836 2454 3041 2530 e_r_roris
3070 2453 3327 2530 ειμι-,ωιέὶ
3370 2460 3505 2530 dog-

1923 2529 2107 2590 matis,
2134 2532 2195 2580 ut
2222 2525 2473 2598 superius
2498 2527 2835 2598 dictumAest.
2862 2524 2992 2578 Nam
3015 2526 3342 2598 etlulianns
3366 2524 3509 2598 App-

1921 2604 2061 2649 stata
2093 2597 2249 2669 signo
2282 2597 2460 2669 crucis
2502 2596 2646 2651 facto
2693 2595 2972 2669 daemones
3003 2596 3201 2669 βυιξίιυγ
3232 2595 3505 2669 ell'ugavit,

1923 2674 2070 2739 teste
2086 2665 2349 2739 Gregorio
2374 2667 2718 2739 Nazianzeno
2741 2667 2917 2739 (Orat.
2945 2667 2969 2720 1
2996 2667 3047 2720 in
3066 2665 3233 2739 (Jul.).
3258 2681 3309 2724 et
3332 2665 3511 2726 Histo-

1923 2736 2408 2812 riaAEcclesjastica
2441 2736 2773 2812 (Theodorei.
2807 2738 2846 2790 ι.
2875 2752 3031 2812 ριλσ.
3062 2738 3116 2812 ‘55
3153 2740 3362 2812 Sozam.
3388 2744 3423 2795 ι.
3453 2761 3503 2812 v,

1924 2822 1974 2878 c.
2006 2806 2102 2878 2);
2135 2815 2190 2861 et
2220 2806 2557 2878 Epiphanius
2588 2806 2832 2878 (Haeres.
2861 2806 2991 2878 750)
3022 2808 3188 2862 refert
3228 2811 3296 2866 de
3345 2806 3510 2869 Josel

1924 2877 2031 2945 pho
2064 2877 2287 2948 homine
2322 2877 2530 2945 Judmo,
2562 2877 2705 2948 quod
2738 2877 2966 2948 necdum
2998 2879 3227 2948 credens
3250 2923 3265 2947 ,
3317 2884 3369 2936 in
3413 2901 3513 2938 no-

1922 2948 2068 3001 mine
2094 2945 2243 3010 Jesu,
2278 2947 2550 3002 hominem
2578 2945 2612 3002 a
2656 2947 2926 3002 daemonio
2973 2945 3257 3005 obsessum
3310 2953 3513 3009 libera-

1924 3018 2080 3093 verit:
2134 3017 2288 3093 Alius
2320 3018 2447 3093 item
2474 3016 2693 3093 Iudaeus
2730 3018 2870 3087 apud
2896 3018 3217 3093 Gregorium
3255 3023 3505 3093 Magnum

1927 3086 2096 3158 (Dial.
2127 3087 2167 3141 ι.
2203 3104 2280 3153 ut,
2313 3106 2360 3142 ο.
2390 3089 2472 3159 7),
2497 3090 2622 3144 dum
2660 3090 2715 3144 in
2744 3086 2947 3157 templo
2975 3086 3254 3159 Apollinis,
3285 3086 3370 3148 ubi
3398 3096 3509 3151 dae-

1922 3173 2113 3213 mones
2152 3172 2551 3236 convenerant,
2576 3161 2783 3231 jaceret
2807 3202 2822 3228 ,
2853 3160 2936 3236 eis
2953 3162 3337 3236 deprehensus
3365 3169 3510 3236 quod

1922 3243 2085 3305 cruce
2124 3230 2367 3305 signatu_s_
2392 3240 2555 3299 esset,
2580 3230 2696 3287 eos
2740 3230 3104 3288 confestim'in
3144 3234 3320 3305 fugam
3351 3230 3511 3295 vertit

1924 3301 2220 3376 clamantes
2266 3319 2282 3356 :
2325 3302 2569 3376 Vimine
2602 3319 2621 3358 :
2675 3319 2763 3357 vas
2798 3320 3036 3370 vacuum,
3089 3306 3179 3357 sed
3197 3301 3508 3376 fsignatum.

2240 3388 2363 3429 cum
2413 3375 2672 3429 miracula
2722 3389 2849 3428 vera
2899 3376 3010 3429 sint
3052 3375 3297 3444 quaedam
3326 3379 3507 3434 divina

1925 3442 2258 3512 testimonia,
2290 3445 2585 3499 secundum
2614 3444 2744 3498 illud
2775 3445 2842 3496 ad
2883 3442 3140 3499 Hebrzeos
3182 3462 3220 3499 ll
3261 3465 3273 3499 :
3321 3448 3509 3504 Conte-

1921 3523 2088 3568 stante
2105 3513 2235 3587 (Deo_
2248 3516 2507 3587 signisaet
2528 3516 2803 3587 portentis,
2825 3522 2871 3566 et
2888 3515 3343 3587 varjiiavirtutibus
3371 3521 3509 3587 (uti-

1925 3592 2011 3638 tur
2031 3584 2175 3639 enim
2205 3584 2347 3638 Deus
2377 3584 2653 3637 miraculis
2679 3625 2694 3650 ,
2746 3584 2898 3650 quasi
2947 3584 3122 3651 sigillo
3166 3585 3217 3636 in
3264 3584 3506 3641 testimo-

1923 3656 2071 3708 nium
2097 3664 2151 3707 et
2179 3653 2647 3706 confirmationem
2676 3653 2940 3715 veritatis,
2990 3654 3130 3706 sicut
3169 3661 3391 3708 utuntur
3418 3673 3507 3712 re-

1923 3738 2019 3792 ges
2059 3722 2248 3792 etgalii
2286 3720 2463 3790 sigillo
2510 3721 2707 3792 litteris
2736 3723 2984 3792 apposito
3014 3722 3080 3792 ad
3113 3722 3267 3777 fidem
3306 3724 3509 3781 facien-

1925 3790 2096 3860 dam).
2124 3790 2240 3861 ﬁeri
2256 3792 2454 3861 nequit
2482 3800 2540 3844 ut
2562 3791 2645 3845 vel
2675 3790 2920 3855 .ludaaus,
2951 3791 3035 3845 vel
3068 3791 3353 3849 haereticus
3377 3836 3391 3861 ,
3422 3800 3509 3854 vel

1924 3859 2063 3915 alius
2085 3859 2321 3913 inﬁdelis
2351 3859 2415 3914 ad
2448 3863 2789 3916 astruendam
2818 3870 2873 3915 et
2900 3863 3353 3932 comprobandam
3379 3859 3384 3861 ⁷
3407 3867 3508 3922 fal-

1924 3933 2139 3986 sitatem
2168 3931 2481 3985 miraculum
2513 3933 2677 3987 ullum
2708 3945 2896 3987 verum
2926 3931 3069 3998 edat,
3100 3942 3192 3988 aut
3234 3936 3507 3996 daemones

1929 4000 2186 4070 expellat.
2215 4002 2356 4070 quod
2385 4002 2440 4058 et
2463 4003 2602 4059 inter
2632 4003 2891 4058 miracula
2912 4004 3101 4072 reponi
3128 4013 3320 4072 potest.
3355 4008 3506 4064 Unde

1927 4072 2186 4147 sequitur
2210 4087 2380 4143 neque
2418 4074 2728 4139 haereticos,
2762 4089 2882 4129 cum
2915 4074 3048 4128 nihil
3076 4076 3220 4130 aliud
3260 4088 3508 4147 spectent

1928 4145 2029 4219 nisi
2062 4151 2120 4197 ut
2156 4143 2461 4219 doctrinam
2509 4159 2792 4200 erroneam
2848 4143 3372 4219 quamproﬁtentur
3399 4160 3510 4207 sta-

1927 4214 2119 4293 biliant
2160 4226 2216 4269 et
2259 4218 2618 4293 confirment,
2650 4231 2821 4293 neque
2860 4214 3250 4293 Antichristum
3280 4222 3506 4293 ejusque

1930 4286 2431 4356 pseudoprophetas
2455 4296 2509 4341 et
2535 4288 3021 4357 pseudoapostolos
3057 4286 3374 4347 miraculum
3417 4286 3510 4347 'nl-

1927 4357 2039 4411 lum
2068 4373 2319 4430 umquam
2351 4360 2544 4413 fecisse
2574 4359 2741 4429 (quod
2764 4368 2939 4413 tamen
2968 4358 3205 4415 haeretici
3223 4375 3367 4430 saepe
3390 4371 3525 4419 ten-.

1928 4426 2135 4499 tarunt)
2158 4443 2259 4483 nec
2280 4427 2517 4484 facturos
2536 4426 2691 4485 esse:
2717 4439 2773 4483 ut
2796 4430 2987 4483 merito
3010 4426 3314 4498 Apostolus
3328 4437 3509 4488 omnia

1930 4499 2243 4554 Antichristi
2274 4502 2423 4567 signa
2454 4509 2509 4554 et
2538 4500 2777 4570 prodigia
2811 4499 2964 4570 falsa,
2997 4515 3092 4554 seu
3124 4500 3400 4556 mendacia
3428 4504 3512 4558 fu-

1930 4578 2050 4625 tura
2081 4571 2443 4640 pronuntiarit
2468 4570 2511 4638 (l
2543 4569 2721 4625 Thess.
2748 4571 2832 4639 ll).
2861 4569 2940 4625 De
2966 4584 3071 4640 quo
3098 4584 3279 4640 supra.
3312 4572 3508 4630 Verum

1935 4643 2023 4695 hic
2064 4639 2223 4707 objici
2255 4650 2437 4708 posset
2481 4640 2797 4695 miraculum
2847 4639 2993 4695 illud
3025 4641 3173 4696 Pauli
3224 4642 3511 4702 Novatiani

3266 4714 3382 4771 Lib.
3414 4732 3485 4773 vn

1936 4714 2197 4780 episcopi.
2234 4714 2374 4775 quod
2407 4720 2592 4792 narrat
2617 4714 2869 4766 Socrates
2896 4714 2980 4765 his
3006 4714 3186 4768 verbis
3216 4714 3236 4781 (
3266 4714 3382 4771 Lib.
3414 4732 3508 4784 vn,

1935 4799 1983 4856 c_.
2018 4781 2107 4856 17)
2136 4796 2151 4833 :
2181 4778 2397 4856 Iudaeus
2425 4782 2634 4856 quidam
2681 4790 2930 4856 veterator
2955 4782 3305 4838 Christianam
3356 4788 3513 4856 ﬁdem

1932 4853 2209 4926 simulans,
2240 4852 2429 4926 stepius
2450 4852 2860 4926 baptizatus_fuit
2898 4868 2916 4905 :
2944 4870 3032 4920 per
3056 4870 3208 4923 quam
3250 4852 3511 4926 fallaciam

1936 4924 2122 4977 multas
2151 4920 2365 4975 corrasit
2400 4920 2662 4991 pecunias.
2715 4920 2999 4993 Postquam
3042 4920 3214 4978 autem
3239 4920 3426 4981 multos
3448 4944 3513 4982 ex

1933 4992 2088 5047 variis
2108 4994 2254 5046 sectis
2285 4992 2516 5046 homines
2538 4992 2659 5047 dolo
2682 4992 2978 5058 ludiﬁcatus
3007 5009 3109 5047 non
3146 4994 3363 5048 habebat
3400 5014 3514 5051 am-

1935 5065 2071 5136 plius
2100 5064 2281 5136 quibus
2311 5065 2625 5136 imponeret,
2659 5065 2865 5117 tandem
2887 5064 2955 5115 ad
2988 5061 3217 5116 Paulum
3249 5064 3515 5136 (Novatia-

1938 5134 2060 5189 num
2109 5134 2403 5207 episcopum
2447 5134 2617 5207 venitf;
2658 5137 2733 5188 ait
2787 5151 2840 5188 se
2879 5148 3065 5207 magna
3101 5135 3379 5199 cupiditate
3425 5138 3514 5193 ba-

1940 5206 2198 5277 ptismatis
2218 5205 2501 5277 recipiendi
2516 5205 2778 5277 ﬂagrare:
2808 5222 2895 5272 per
2918 5206 3028 5277 ejus
3050 5219 3281 5277 manum,
3304 5214 3359 5259 ut
3381 5209 3512 5262 illud

1942 5273 2262 5345 insequatur,
2289 5273 2422 5347 orat.
2465 5273 2665 5347 Paulus
2697 5279 2806 5347 ejus
2846 5273 3025 5347 probat
3046 5275 3335 5347 institutum
3370 5294 3388 5330 :
3433 5297 3514 5333 ve-

1942 5361 2059 5400 rum
2083 5362 2135 5399 se
2153 5361 2254 5398 non
2283 5346 2427 5413 prius
2454 5347 2533 5399 illi
2557 5345 2864 5416 baptismum
2887 5346 3123 5399 daturum
3144 5345 3241 5413 ait,
3273 5364 3427 5415 quam
3450 5351 3516 5403 sit

1944 5417 2067 5486 ﬁdei
2093 5415 2344 5489 articulus
2380 5415 2643 5469 institutus
2666 5458 2681 5482 ,
2728 5418 2933 5489 diesque
2970 5416 3259 5484 complures
3295 5420 3516 5489 jejuniis

1943 5485 2211 5541 vacaverit.
2236 5485 2451 5539 Judteus
2474 5497 2651 5539 contra
2681 5487 2991 5540 voluntatem
3008 5489 3255 5557 jejunare
3287 5485 3514 5551 coactus.

1946 5559 2135 5611 acriter
2163 5557 2355 5610 instare
2388 5558 2464 5609 uti
2495 5557 2742 5627 baptismo
2767 5558 3002 5610 donetur.
3056 5557 3256 5610 Paulus
3278 5562 3518 5627 quoniam

1940 5627 2093 5680 illum
2134 5638 2236 5680 tam
2274 5627 2458 5680 obnixe
2484 5628 2791 5697 baptismum
2835 5634 3085 5697 petentem
3131 5642 3274 5679 mora
3318 5631 3521 5697 nolebat

1943 5696 2223 5765 offendere,
2250 5706 2400 5766 parat
2420 5714 2500 5752 res
2528 5696 2595 5749 ad
2613 5696 2919 5768 baptismum
2944 5698 3275 5752 necessarias.
3297 5696 3523 5768 Cumque

1945 5779 2129 5822 vestem
2150 5769 2426 5823 candidam
2455 5785 2547 5840 pro
2568 5769 2660 5823 illo
2684 5769 2903 5836 emisset,
2933 5778 2981 5822 et
3007 5769 3205 5821 alveum
3238 5771 3524 5840 baptisterii

2928 5862 3009 5923 32
