4044 6190
235 254 372 312 ίοοδ
1055 245 1396 334 COLLATlO
1432 244 1550 304 XV.
1579 277 1651 289 —
1681 247 1772 304 DE
1812 240 2364 328 CHARISMATIBUS
2401 248 2668 330 IllVlNlS.
3381 261 3519 340 1006

232 388 333 431 nec
372 385 592 444 semper
620 368 961 434 necessaria,
997 382 1100 448 nec
1143 365 1398 444 omnibus
1426 367 1819 423 conceduntur.
1851 368 1902 428 Α
1929 367 2131 438 quitur.
2161 367 2292 422 Nam
2338 367 2499 422 etiam
2527 382 2651 423 cum
2702 370 2770 450 ad
2810 371 3025 429 Patrem
3057 389 3308 433 remeans
3338 379 3520 448 quod-

234 475 262 505 ι
284 465 576 524 Humilitas
599 472 683 518 est
704 477 835 533 ergo
857 461 1097 538 omnium
1130 462 1385 531 magistra
1401 462 1681 531 virtutum,
1705 461 1820 532 ipsa
1857 455 1860 458 ’
1928 470 2050 546 dam
2079 515 2093 537 ,
2122 479 2181 523 nt
2213 471 2285 523 ita
2313 470 2543 525 dixerim
2570 513 2585 538 ,
2630 463 2897 528 conderet.
2935 463 3320 536 testamentum
3349 522 3363 546 ,
3413 483 3516 540 hoc

237 567 322 616 est
342 557 584 614 caelestis
613 553 822 609 :edilicii
854 553 1223 624 ﬁrmissimum
1248 552 1686 621 fundamentum,
1711 555 1826 623 ipsa

238 661 324 708 est
375 650 578 704 donum
611 648 888 718 proprium
931 654 1092 716 atque
1125 645 1469 716 magniﬁcum
1503 645 1822 702 Salvatoris.

238 744 345 801 lsta
379 742 579 798 etenim
611 741 862 795 universa
895 739 1158 794 miracula
1205 754 1326 808 quae
1355 738 1606 795 Christus
1635 755 1829 809 opera-

241 842 328 890 tus
371 843 486 898 est,
524 833 645 886 sine
687 831 929 901 periculo
959 830 1208 884 elationis
1237 839 1483 896 exercet,
1514 830 1608 901 qui
1640 831 1826 886 mitem

243 927 554 994 Dominum,
580 940 685 980 non
716 924 1050 980 sublimitate
1080 923 1386 996 signorum,
1427 923 1524 980 sed
1555 925 1828 993 patientiae

247 1029 408 1090 atque
439 1017 758 1074 humilitatis
788 1017 986 1072 virtute
1017 1001 1278 1071 sectatur.
1311 1015 1410 1083 Qui
1439 1005 1572 1072 vero
1599 1018 1831 1074 immun-

245 1111 329 1182 dis
358 1110 951 1183 spiritibusimperare,
983 1119 1077 1163 aut
1109 1110 1489 1177 languentibus
1532 1111 1828 1167 sanitatum

248 1203 387 1258 dona
414 1183 685 1274 conferre,
717 1211 808 1255 aut
836 1199 1056 1269 aliquod
1085 1200 1297 1271 signum
1333 1201 1583 1256 mirabile
1607 1205 1830 1273 populis

246 1295 408 1367 gestit
460 1294 780 1358 ostendere,
817 1294 1064 1362 quamvis
1115 1294 1167 1347 in
1208 1295 1674 1351 ostentationibus
1722 1297 1833 1351 suis

246 1385 448 1441 Christi
481 1387 691 1441 invocet
721 1401 938 1451 nomen,
973 1397 1153 1442 tamen
1185 1387 1396 1442 alienus
1429 1403 1456 1444 a
1484 1389 1701 1444 Christo
1727 1401 1830 1458 est,

247 1483 369 1553 quia
400 1481 718 1538 humilitatis
753 1483 1070 1552 magistrum
1117 1484 1348 1552 superba
1382 1495 1563 1562 mente
1608 1502 1714 1541 non
1747 1474 1834 1541 se-

1930 573 2205 642 discipulis
2245 573 2538 643 dereliquit
2566 590 2580 628 :
2612 573 2920 629 Mandatum
2943 619 2956 642 ,
2998 579 3200 650 inquit,
3235 601 3420 640 novum
3450 589 3515 643 dc

1929 676 2088 746 vobis,
2116 684 2168 727 ut
2194 674 2427 748 diligatis
2452 657 2666 727 invicem
2689 674 2870 752 (Jooan.
2899 678 3038 747 xm).
3065 680 3366 756 Statimque
3389 689 3516 742 sub-

1923 775 2133 845 junxil,
2169 774 2232 848 ιη
2259 775 2355 828 hoc
2397 786 2703 846 cognoscent
2734 793 2909 846 omnes
2934 782 3055 856 quia
3083 784 3181 837 mei
3211 787 3328 840 estis
3360 788 3507 843 disci-

1923 876 2058 947 puli,
2090 877 2133 930 si
2163 877 2491 939 dilectionem
2522 876 2803 932 habueritis
2833 880 2900 933 ad
2927 881 3167 948 invicem.
3201 883 3318 940 Non
3351 888 3448 950 ait,
3475 892 3520 945 si

1931 979 2089 1046 signa
2115 986 2275 1048 atque
2297 978 2527 1034 virtutes
2552 978 2808 1038 similiter
2831 978 3093 1052 feceritis,
3123 984 3217 1040 sed
3241 985 3283 1039 si
3307 986 3524 1054 dignam

1935 1081 2280 1136 directionem
2307 1081 2372 1135 ad
2402 1081 2631 1136 invicem
2661 1081 2988 1154 habueritis,
3013 1099 3174 1154 quam
3204 1097 3412 1142 certum
3444 1101 3528 1145 est

1939 1183 2041 1237 nisi
2071 1184 2229 1238 mites
2260 1193 2419 1253 atque
2441 1183 2674 1238 humiles
2703 1198 2926 1240 servare
2951 1200 3058 1240 non
3081 1202 3260 1257 posse.
3286 1191 3529 1261 Quapro-

1941 1296 2061 1356 pter
2101 1301 2396 1356 numquam
2430 1287 2728 1342 monachos
2760 1288 2961 1357 probos
2993 1303 3093 1345 nec
3133 1294 3325 1349 morbo
3369 1310 3531 1351 ceno-

1941 1389 2118 1444 dnxiac
2159 1404 2357 1445 vacuos
2386 1390 2556 1444 nostri
2587 1383 2824 1458 majores
2851 1404 2971 1446 esse
3001 1391 3290 1472 dixerunt,
3325 1399 3417 1468 qui
3445 1414 3531 1456 se-

1943 1491 2201 1559 metipsos
2225 1489 2252 1528 δ
2286 1491 2586 1546 exorcistas
2607 1505 2788 1570 coram
2833 1492 3147 1574 hominibus
3178 1495 3530 1574 proﬁtentur,

1313 1598 1569 1654 ALARDI
1611 1601 1844 1657 GAZ/El
1884 1601 2442 1660 COMMENTARIUS.

249 1693 458 1766 minime
506 1690 909 1766 pertrahuntur,
956 1691 1279 1766 mortiferum
1326 1691 1530 1766 quidem
1571 1702 1650 1766 est
1701 1695 1839 1763 quod
1874 1697 1918 1755 Β
1945 1694 2194 1748 cietalem
2219 1697 2492 1766 iustorum,
2519 1703 2574 1750 et
2605 1695 2886 1762 impiorum
2916 1737 2932 1760 ,
2966 1696 3114 1752 hisce
3143 1697 3353 1754 duabus
3384 1705 3528 1758 notis

250 1763 445 1824 bibunt,
480 1759 568 1816 sed
591 1778 694 1815 non
726 1763 798 1814 eis
825 1760 1040 1814 nocebit.
1078 1760 1179 1826 Qui
1207 1759 1402 1828 quoties
1432 1763 1693 1832 proximos
1712 1759 1840 1832 suos

252 1836 309 1888 in
339 1834 468 1886 bono
492 1848 642 1904 apere
663 1831 918 1902 inﬁrmari
944 1832 1289 1898 conspiciunt,
1318 1831 1441 1884 dum
1463 1834 1534 1886 eis
1555 1843 1658 1886 tota
1681 1835 1840 1887 virtu-

255 1915 304 1957 te
325 1913 654 1962 concurrunt,
679 1915 724 1956 et
748 1905 980 1970 exemplo
1001 1919 1108 1957 sua:
1128 1904 1435 1971 Operationis
1455 1904 1662 1956 illorum
1688 1905 1841 1957 vitam

253 1976 496 2034 roborant
521 1990 539 2027 :
565 1975 650 2041 qui
686 1976 740 2028 in
770 1975 977 2044 prapria
1007 1975 1207 2027 actione
1235 1972 1457 2028 titubant
1483 2016 1494 2035 ,
1537 1975 1661 2044 quid
1695 1976 1840 2029 aliud

257 2048 499 2116 faciunt,
536 2047 638 2098 nisi
680 2061 831 2115 super
872 2061 1036 2116 aegros
1078 2061 1262 2098 manus
1287 2045 1555 2110 imponunt
1581 2086 1595 2110 ,
1638 2055 1690 2098 ut
1722 2047 1842 2099 bene

256 2116 514 2170 habeant?
551 2116 678 2182 Qua:
706 2118 947 2168 nimirum
985 2117 1232 2168 miracula
1257 2159 1270 2178 ,
1313 2125 1503 2184 quanto
1535 2117 1796 2183 spiritalia
1822 2161 1836 2183 ,

259 2197 403 2241 tanto
432 2187 643 2242 meliora
669 2197 826 2251 sunt,
865 2196 1054 2256 quanto
1077 2202 1166 2256 per
1199 2185 1308 2237 ha'c
1334 2201 1434 2238 non
1462 2203 1677 2256 corpora
1706 2231 1715 2245 ,
1750 2189 1840 2242 sed

258 2259 446 2311 anima:
472 2259 808 2311 suscitantur.
843 2255 971 2309 ch
998 2258 1172 2325 itaque
1211 2257 1358 2321 siqua
1383 2297 1396 2313 .
1431 2255 1615 2325 fratres
1642 2258 1842 2313 charis-

257 2330 399 2394 simi,
432 2339 642 2382 auctore
672 2329 801 2393 Deo,
835 2328 878 2380 si
907 2328 1057 2380 vultis
1077 2369 1090 2391 ,
1123 2330 1314 2396 facitis.
1347 2326 1429 2381 Ea;
1457 2329 1563 2382 illis
1587 2331 1725 2382 enim
1755 2347 1844 2383 ea:-

261 2400 531 2453 terioribns
561 2399 717 2470 signis
755 2399 970 2470 obtineri
999 2400 1102 2451 vita
1147 2398 1210 2451 ab
1243 2397 1354 2451 huic
1379 2401 1708 2464 aperantibus
1741 2417 1843 2454 non

257 2469 414 2524 valet.
466 2468 622 2524 Nami
648 2468 938 2540 corporalia
986 2470 1090 2523 illa‘
1123 2470 1374 2523 miracula
1424 2473 1698 2540 astendunt
1746 2472 1846 2523 ali-

258 2541 463 2610 quando
488 2539 808 2594 sanctitatem
828 2584 840 2604 ,
873 2541 962 2594 sed
985 2551 1091 2594 ‘no‘n
1121 2543 1340 2606 faciunt.
1397 2539 1516 2592 Haec
1546 2557 1661 2594 vero
1688 2543 1842 2610 spiri-

261 2610 408 2672 talia,
443 2627 557 2682 qua:
577 2612 708 2680 ﬁunt
736 2613 784 2664 in
814 2624 997 2675 mente,
1032 2612 1267 2664 virtutem
1288 2612 1404 2665 vitta
1425 2627 1525 2664 non
1548 2616 1844 2676 ostendunt,

261 2685 350 2735 sed
381 2683 597 2752 faciunt.
633 2683 735 2736 Illa
766 2682 951 2735 habere
980 2693 1028 2735 et
1067 2684 1194 2736 ntali
1223 2694 1433 2750 possunt
1480 2699 1497 2735 :
1537 2683 1648 2735 istis
1676 2694 1848 2735 autem

263 2755 462 2822 perfrui
501 2754 597 2807 nisi
641 2755 755 2806 boni
787 2770 885 2805 non
921 2764 1151 2824 possunt.
1201 2753 1376 2807 Nolite
1413 2771 1531 2824 ergo
1559 2797 1571 2818 ,
1617 2757 1801 2822 fratres
1829 2794 1844 2819 ,

263 2841 436 2877 amare
463 2825 611 2892 signa
635 2841 748 2892 qua:
769 2833 981 2892 possunt
1013 2841 1124 2876 cum
1154 2826 1383 2895 reprobis
1415 2825 1585 2878 haberi
1615 2840 1846 2878 comnm-

263 2895 373 2956 nia,
406 2894 493 2947 sed
521 2898 628 2947 hrrc
652 2912 764 2964 qua:
806 2895 958 2945 modo
991 2894 1237 2958 diruimus,
1267 2897 1533 2948 charitatis
1561 2904 1714 2964 atque
1747 2897 1849 2962 pie-

265 2967 386 3017 tatis
410 2967 656 3017 ntiracula
685 2975 869 3028 amate,
906 2981 1017 3032 (tua?
1040 2977 1178 3017 tanta
1207 2968 1463 3018 securiora
1491 2976 1629 3028 sunt,
1662 2977 1851 3034 quanto

266 3036 490 3099 occulta,
525 3047 569 3088 ct
596 3037 658 3088 de
689 3037 870 3106 quibus
905 3036 1046 3100 apud
1090 3034 1366 3090 Dominum
1392 3054 1447 3090 eo
1479 3040 1645 3106 major
1675 3039 1741 3089 sit
1771 3053 1851 3091 re-

267 3106 502 3171 tributio,
536 3124 638 3177 quo
666 3107 807 3173 apud
852 3107 1080 3160 homines
1113 3109 1276 3160 minor
1315 3118 1382 3160 est
1413 3109 1600 3177 gloria.
1646 3109 1851 3163 anus-

267 3191 374 3246 que
404 3178 462 3230 ll.
487 3177 799 3245 Gregorius.

343 3257 378 3319 ει-
407 3247 530 3301 Tria
577 3248 889 3302 humilitatis
921 3248 1115 3313 elogia,
1159 3264 1329 3316 eaque
1364 3251 1634 3319 praecipua
1670 3252 1850 3316 paucis

264 3317 448 3392 verbis
471 3319 787 3392 complexus
812 3332 889 3392 est
927 3338 939 3372 :
969 3319 1020 3372 l'
1044 3320 1184 3392 quod
1213 3322 1279 3374 sit
1307 3317 1477 3375 mater
1505 3331 1558 3376 et.
1595 3323 1845 3392 magistra

265 3390 511 3443 omnium
544 3390 819 3444 virtutum.
870 3390 942 3445 Ita
969 3393 1025 3446 S.
1058 3390 1351 3458 Gregorius
1398 3409 1532 3446 χχιιι
1570 3390 1846 3447 Moralium

259 3459 421 3532 (Cap.
451 3462 576 3535 iis):
612 3461 744 3515 Vera
774 3462 1007 3535 doctrina
1039 3464 1409 3527 humilitatem,
1449 3479 1565 3533 qua:
1604 3467 1848 3535 magistra

267 3539 342 3605 est
368 3529 614 3605 omnium,
644 3544 905 3603 materque
935 3534 1198 3598 virtutum,
1229 3545 1275 3586 et
1303 3529 1555 3605 loquendo
1585 3529 1768 3598 dicere,
1799 3545 1848 3588 et

265 3602 477 3675 vivendo
515 3613 733 3675 conatur
776 3602 1077 3669 ostendere;
1124 3612 1180 3656 ut
1226 3622 1336 3659 eam
1367 3602 1519 3675 apud
1567 3606 1848 3672 discipulos

263 3674 495 3746 veritatis
532 3674 649 3746 plus
701 3676 937 3744 aperibus
992 3692 1145 3745 quam
1197 3674 1512 3746 sermonibus
1549 3675 1846 3746 eloquetur.

262 3742 326 3796 2°
351 3743 500 3812 Quod
531 3742 602 3799 sit
627 3742 866 3800 cmicstis
891 3755 947 3799 et
973 3742 1267 3814 spiritualis
1288 3745 1501 3798 aediﬁcii
1535 3745 1849 3814 fundamen—

263 3821 400 3886 tum.
426 3815 500 3869 De
521 3832 627 3887 quo
660 3830 854 3887 praeter
878 3816 979 3868 alia
1001 3812 1128 3887 :qttee
1155 3815 1280 3887 alibi
1315 3815 1654 3887 protulimus,
1678 3812 1850 3887 Chry—

264 3883 617 3941 SOstomus—in
649 3886 899 3942 chesim
934 3888 952 3956 (
986 3885 1318 3955 Homil.'55)
1364 3903 1376 3937 ε
1425 3884 1623 3952 Ubique
1643 3883 1849 3938 modum

263 3971 544 4020 servemus,
578 3968 624 4011 et
653 3959 798 4010 bonis
822 3958 1056 4025 operibus
1085 3959 1272 4010 nostris
1294 3957 1671 4018 humilitatem,
1700 3957 1850 4024 quasi

259 4025 661 4112 fundamentum
682 4030 1056 4112 substruanius,
1088 4037 1141 4110 ut
1167 4044 1341 4082 secure
1371 4030 1586 4110 virtutes
1608 4042 1850 4109 superem-

264 4108 462 4153 strnere
504 4101 779 4153 valeamus.
822 4098 990 4151 Virtus
1019 4101 1283 4152 enimnon
1330 4108 1433 4163 est,
1485 4100 1586 4151 nisi
1637 4100 1851 4167 conjun-

265 4177 404 4220 ctam
435 4171 612 4224 habeat
641 4169 997 4224 humilitatem.
1044 4170 1145 4234 Qui
1181 4169 1274 4222 ltoc
1297 4171 1689 4239 fundamentum
1719 4177 1852 4222 recte

257 4239 463 4306 jeccrit,
489 4244 667 4312 poterit
697 4245 746 4295 in
777 4252 1018 4311 quantam
1041 4243 1256 4295 voluerit
1279 4241 1605 4312 altitudinem
1628 4252 1851 4293 structuo

265 4324 378 4362 rant
409 4310 646 4367 excitare.
678 4310 802 4368 Hazc
828 4323 900 4368 est
926 4312 1337 4382 inexpugnabilis
1359 4314 1546 4377 turris;
1577 4310 1686 4365 [nec
1706 4327 1851 4364 omne

266 4383 490 4454 continet
521 4386 812 4454 cedi/icium,
845 4403 946 4438 non
976 4387 1147 4438 sinens
1176 4385 1380 4448 ipsum,
1413 4384 1489 4436 vel
1525 4400 1556 4435 a
1586 4392 1850 4435 ventorum

1879 3077 1924 3140 C

1945 1772 2000 1818 et
2021 1766 2193 1840 veluti
2212 1765 2778 1840 tesseris,_humilitate
2801 1775 2858 1821 et
2881 1769 3156 1840 superbia,
3189 1771 3530 1840 potissimum

1944 1839 1970 1886 a
2006 1835 2318 1888 seinvicem
2353 1836 2628 1904 distingui.
2889 1833 2961 1852 υτ
3017 1837 3024 1843 ο
3087 1839 3092 1844 ι
3185 1833 3203 1864 ς
3241 1840 3248 1844 -
3367 1849 3370 1852 .
3417 1845 3420 1848 .

2014 1905 2040 1944 b
2077 1909 2366 1982 Ἐξορκίςῳ,
2400 1904 2450 1959 id
2486 1915 2596 1982 est,
2630 1906 2842 1982 adjuro.
2872 1906 3348 1982 Undeexorcistac
3374 1913 3533 1982 adju-

1944 1977 2296 2058 ratores,'qui
2327 1977 2630 2066 iqunundos
2657 1979 2890 2066 spiritus
2905 1994 2970 2033 ex
2991 1981 3238 2066 .obsessis
3269 1998 3365 2037 seu
3393 1977 3530 2066 pos-

1945 2049 2107 2100 seSsis
2135 2045 2452 2114 corporibus
2499 2051 2591 2115 per
2622 2045 2818 2102 nomen
2852 2047 3063 2103 Doinini
3102 2045 3408 2119 'adjitramlo'
3433 2073 3532 2110 ex-

1947 2122 2171 2188 pellunt.
2215 2120 2286 2172 lle
2331 2119 2527 2188 quibus
2561 2119 2621 2171 D.
2655 2121 2984 2188 Augustinus
3016 2121 3109 2175 lib.
3143 2139 3173 2174 x
3207 2125 3273 2178 de
3299 2124 3534 2182 Civitate

1946 2187 2097 2255 (Cap.
2129 2188 2222 2256 Ἦ)
2251 2207 2261 2240 :
2304 2188 2457 2254 Vera,
2494 2190 2685 2255 inquit,
2723 2187 2913 2256 pietate
2940 2191 3167 2243 homines
3202 2193 3294 2246 Dei
3327 2211 3534 2250 aeream

1945 2270 2242 2328 potestatem
2268 2260 2549 2322 inimicam,
2565 2260 2978 2327 contrariamque
2993 2262 3174 2328 pietati
3195 2265 3534 2320 ea'orcizando

1945 2333 2156 2402 ejiciunt
2184 2369 2198 2393 ,
2233 2346 2332 2382 non
2362 2329 2636 2402 placando.
2670 2329 2783 2402 Hoc
2808 2328 3097 2402 signiﬁcari
3125 2329 3257 2402 dicit
3298 2333 3361 2385 D.
3404 2335 3535 2402 llie-

1949 2399 2206 2470 rouymus
2267 2415 2362 2468 per
2415 2400 2675 2452 infantem
2718 2400 2867 2452 illum
2929 2401 3016 2464 qui
3062 2399 3200 2469 apud
3234 2399 3440 2466 Isaiam
3463 2405 3535 2461 de

1948 2469 2210 2524 foramine
2234 2480 2399 2537 petrae
2425 2469 2708 2524 colubrum
2731 2485 2894 2524 manu
2917 2470 3120 2526 educit.
3153 2471 3320 2526 Porro
3342 2483 3535 2530 notan-

1949 2544 2073 2594 dum
2117 2542 2226 2610 jam
2252 2542 2376 2595 inde
2411 2543 2477 2594 ab
2511 2541 2663 2594 initio
2695 2541 2964 2608 duplicem
2997 2542 3049 2600 in
3093 2542 3335 2608 Ecclesia
3368 2545 3534 2601 fuisse

1952 2621 2268 2681 potestati-in
2304 2611 2537 2680 pellendi
2562 2612 2859 2676 daemones,
2892 2622 2946 2666 et
2985 2611 3212 2677 proinde
3241 2613 3348 2667 duo
3374 2631 3534 2671 exor-

1949 2684 2202 2736 cistarqu
2233 2698 2427 2752 genera
2457 2702 2468 2735 :
2499 2685 2722 2737 alterum
2753 2682 2885 2738 solis
2922 2683 3134 2739 clericis
3160 2698 3254 2738 seu
3278 2688 3533 2742 ecclesia-

1951 2758 2100 2807 sticis
2134 2756 2376 2822 personis
2405 2756 2856 2807 communicattun
2883 2792 2900 2818 ,
2953 2769 3049 2823 per
3101 2757 3529 2815 ecclesiasticam

1955 2824 2207 2878 \‘itleliciet
2236 2825 2631 2878 ordinationem
2666 2841 2680 2878 :
2711 2826 2850 2880 unde
2880 2825 3017 2884 inter
3048 2827 3286 2882 minores
3312 2829 3534 2885 ordines

1957 2898 2145 2947 tertius
2177 2895 2371 2949 dicitur
2401 2896 2790 2950 exorcistarutn
2819 2938 2832 2961 ,
2883 2895 3017 2952 ordo
3064 2912 3194 2952 sane
3221 2899 3450 2954 celebris
3481 2911 3537 2955 et

1955 2965 2154 3034 passim
2183 2967 2319 3035 apud
2353 2966 2541 3020 Patres
2565 2966 2883 3022 decantatus
2909 3009 2923 3028 ,
2965 2982 3028 3021 ex
3063 2983 3169 3034 quo
3195 2970 3357 3024 etiam
3408 2972 3535 3026 ﬁdei

1958 3047 2156 3090 nostra:
2226 3037 2511 3092 veritatem
2573 3051 2759 3092 contra
2819 3037 3159 3094 adversarios
3224 3039 3534 3109 frequenter

1957 3117 2224 3172 astruunt,
2252 3120 2306 3162 ut
2334 3110 2577 3164 Justinus
2599 3109 2651 3162 in
2677 3109 2897 3179 Dialogo
2918 3125 3038 3168 cum
3063 3108 3373 3178 Tryphone.
3404 3112 3536 3167 Ter-

1957 3180 2211 3233 tulliauus
2258 3180 2324 3234 ad
2389 3182 2714 3248 Scapulam,
2766 3179 3074 3235 Lactantius
3125 3181 3215 3235 lib.
3265 3197 3302 3236 ιι
3353 3183 3530 3240 Divin.

1953 3249 2229 3315 lnstitut.,
2279 3251 2580 3322 Cyprianus
2635 3250 2688 3306 in
2748 3253 2907 3320 epist.
2960 3253 3024 3306 ad
3077 3251 3532 3320 Demetrianum;

1951 3322 2172 3376 alteram
2196 3322 2357 3377 etiam
2389 3324 2538 3378 laicis
2561 3323 2891 3385 hominibus,
2925 3324 3036 3378 sive
3058 3323 3144 3389 qui
3173 3324 3318 3378 nullo
3343 3325 3534 3382 ordine

1953 3393 2142 3447 initiati
2174 3403 2316 3460 sunt,
2342 3409 2686 3449 communem
2715 3413 2725 3446 :
2753 3410 2872 3463 quae
2894 3395 3108 3461 quidem
3135 3394 3308 3448 adhuc
3335 3395 3537 3464 duplex

1952 3472 2034 3518 est
2069 3482 2080 3516 :
2113 3466 2279 3518 altera
2312 3465 2578 3532 generalis
2599 3507 2612 3524 ,
2647 3465 2857 3532 qualem
2891 3467 2946 3516 in
2975 3465 3106 3531 ipsis
3136 3465 3395 3520 Ecclesia:
3427 3469 3537 3531 pri-

1953 3535 2175 3589 mordiis
2201 3545 2520 3590 COIlSEClllOS
2551 3550 2670 3588 esse
2701 3544 2910 3588 constat
2940 3536 3225 3602 plerosque
3255 3536 3438 3589 (ideles
3467 3553 3536 3591 ex

1953 3605 2041 3657 illa
2072 3607 2307 3674 generali
2340 3604 2540 3658 (.hristi
2585 3605 2949 3672 promissione
2978 3621 2992 3656 :
3028 3604 3194 3671 Signa
3234 3614 3405 3657 autem
3450 3623 3536 3659 eos

1951 3679 2036 3743 qui
2057 3677 2363 3729 crediderint
2386 3677 2491 3728 hazc
2513 3682 2820 3740 sequentur:
2841 3674 2895 3743 in
2918 3674 3123 3726 nomine
3143 3689 3255 3726 meo
3277 3674 3537 3728 dwmonia

1953 3742 2155 3810 eiicient
2188 3745 2380 3812 (Marc.
2427 3744 2536 3812 xvr)
2566 3761 2578 3795 :
2611 3749 2728 3811 qua:
2753 3742 2956 3796 tamdiu
2985 3743 3038 3797 iu
3070 3744 3304 3796 Ecclesia
3338 3745 3534 3812 viguit,

1952 3814 2204 3882 quamdiu
2236 3814 2301 3868 ad
2332 3814 2458 3867 ﬁdei
2507 3814 2946 3882 protiagationem
2978 3822 3036 3867 et
3071 3813 3534 3870 confirmationem

1951 3885 2064 3938 visa
2095 3895 2174 3938 est
2210 3885 2508 3940 necessaria
2528 3883 2773 3938 :unde'et
2794 3883 3155 3938 Tertullianus
3169 3884 3353 3940 scribit
3373 3887 3532 3940 etiam

1951 3971 1979 4009 a
2014 3955 2270 4009 militibus
2293 3957 2563 4009 daemones
2587 3953 2751 4009 fuisse
2768 3957 3038 4024 expulsus,
3059 3963 3113 4008 et
3133 3966 3382 4020 parentes
3405 3957 3533 4010 sali-

1953 4037 2034 4080 tos
2057 4029 2362 4081 excircizire
2393 4026 2526 4079 tilias
2545 4025 2784 4096 suos(De
2797 4024 2916 4080 Cor.
2941 4026 3046 4079 mil.
3065 4041 3179 4093 cap.
3210 4027 3292 4090 ll,
3314 4025 3531 4081 deltlol.

1951 4115 2067 4166 cap.
2096 4097 2215 4166 li);
2247 4100 2348 4150 alia
2380 4097 2629 4164 specialis
2656 4138 2671 4161 ,
2704 4111 2824 4167 quae
2868 4096 3189 4165 quibusdam
3237 4097 3288 4150 in
3321 4096 3530 4162 signum

1952 4170 2164 4222 eximia:
2214 4169 2555 4233 sanctitatis,
2607 4169 2692 4221 vel
2739 4170 2790 4221 in
2830 4167 3244 4221 auliﬁcationem
3277 4167 3532 4223 Ecclesia:

1955 4254 2019 4293 ex
2051 4241 2304 4308 peculiari
2336 4240 2478 4293 dono
2507 4239 2698 4292 collata
2733 4239 2865 4302 fuit;
2899 4237 3041 4306 quod
3071 4238 3269 4292 doaum
3307 4241 3536 4307 Aposto-

1960 4311 2041 4364 lus
2071 4313 2210 4364 iutcr
2235 4313 2335 4364 alia
2368 4311 2510 4364 dona
2534 4310 2763 4376 Spiritus
2793 4311 2987 4369 sancti,
3021 4323 3113 4363 seu
3145 4311 3342 4377 gratias
3369 4312 3534 4375 gratis

1955 4380 2125 4447 datas,
2161 4393 2215 4434 ut
2251 4383 2518 4446 diximus,
2551 4383 2650 4435 sub
2675 4383 2844 4450 gratia
2877 4380 3170 4434 sanitatum
3213 4391 3303 4434 aut
3345 4397 3536 4451 opera-

265 4453 506 4526 violentiu
529 4495 543 4520 ,
577 4451 654 4509 vel
681 4459 741 4508 ab
770 4457 1013 4526 imbrium
1037 4457 1227 4524 impetu
1251 4495 1265 4517 ,
1311 4456 1387 4506 vel
1427 4473 1456 4505 α
1487 4455 1760 4526 spirituum
1807 4454 1853 4526 ri
1879 4462 1932 4522 D
1959 4451 2104 4506 tione
2147 4454 2400 4526 virtutum
2441 4452 2861 4526 comprehendit
2901 4452 2947 4526 (l_
2973 4452 3092 4526 cor.
3119 4452 3267 4526 χιιι).
3314 4451 3442 4526 Quo
3482 4455 3535 4506 in

268 4523 457 4596 dejici;
497 4526 584 4580 sed
616 4527 846 4579 omnibus
876 4525 1082 4578 insidiis
1111 4523 1437 4596 inaccessum
1475 4523 1599 4594 facit
1622 4535 1676 4596 et
1719 4524 1850 4596 inri-

265 4604 406 4648 ctum
431 4637 446 4661 ,
484 4598 628 4664 quasi
659 4613 720 4649 ex
748 4598 1021 4648 adamante
1043 4595 1378 4647 constrictum
1419 4603 1564 4647 esset.
1621 4595 1680 4646 D.
1724 4595 1852 4648 Ber-

266 4666 469 4720 nardus
494 4671 543 4718 in
570 4667 810 4719 eamdem
835 4669 1154 4717 sententiam
1179 4665 1272 4717 lib.
1299 4666 1365 4718 de
1385 4664 1848 4719 Consideratione:

270 4733 682 4790 Pretiosissimus
712 4736 908 4804 fundus
934 4778 947 4800 ,
983 4735 1148 4786 bonus
1182 4735 1374 4800 fundus
1411 4745 1515 4800 est,
1566 4735 1848 4801 humilitas,

265 4803 323 4860 in
357 4823 458 4876 qua
497 4823 643 4859 omne
668 4803 942 4874 (edi/icium
982 4805 1250 4865 spirituale
1291 4815 1637 4859 constructum
1675 4806 1854 4858 crescit

265 4878 323 4932 in
346 4875 591 4950 templum
615 4887 846 4950 sanctum
874 4879 927 4930 in
953 4875 1207 4950 pernities
1225 4876 1553 4950 5°;Quod_sit
1573 4877 1852 4950 proprium

265 4958 323 5003 et
349 4945 688 5020 magniﬁcum
716 4948 916 5020 donum
942 4945 1259 5020 Salvatoris.
1291 4947 1424 5020 Hinc
1469 4947 1529 5000 D.
1561 4946 1856 5014 Gregorius

267 5018 768 5076 x’xxtviMoralium:
795 5018 999 5083 Quanta
1023 5018 1327 5071 humilitatis
1351 5021 1511 5070 virtus
1535 5028 1628 5081 est,
1647 5028 1858 5084 propter

265 5106 418 5159 quam
439 5095 600 5148 solam
620 5093 866 5147 veraciter
887 5089 1191 5152 docendam,
1214 5090 1258 5142 is
1283 5089 1367 5156 qui
1391 5091 1499 5142 sine
1522 5090 1856 5144 wslimalione

266 5171 485 5232 nittgnus
513 5175 611 5225 est,
643 5179 800 5228 usque
825 5161 893 5213 ad
913 5161 1202 5232 passionem
1235 5162 1403 5228 factus
1429 5171 1500 5212 est
1529 5176 1716 5232 parvus
1741 5176 1759 5225 ;
1800 5169 1855 5215 et

265 5231 389 5300 cap.
422 5237 665 5304 sequenti
702 5252 714 5286 :
750 5232 898 5286 Sicut
927 5231 1358 5304 evidentissimum
1398 5231 1738 5304 reproborum
1774 5233 1847 5285 si-

262 5319 425 5376 gnum
460 5301 696 5376 superbia
739 5313 843 5369 est,
890 5305 963 5356 ita
1007 5312 1212 5376 econtra
1243 5301 1508 5370 humilitas
1547 5302 1842 5376 electorum.

265 5373 395 5428 Cum
433 5373 552 5446 erga
581 5393 733 5446 quam
767 5376 974 5446 quisque
1017 5373 1193 5446 habeat
1224 5375 1566 5444 cognoscitur,
1613 5373 1704 5428 sub
1746 5390 1846 5443 quo

265 5394 395 5428 Cum
433 5394 552 5428 ertu
581 5394 733 5446 quam
767 5394 974 5446 quisque
1017 5394 1193 5426 ηαυεαι
1224 5394 1566 5444 cognoscitur,
1613 5394 1704 5428 suo
1746 5394 1840 5443 qua

263 5461 383 5518 rege
409 5394 585 5500 militet
618 5447 890 5500 invenitur.
940 5445 1297 5514 Unusquisque
1326 5449 1458 5518 enim
1488 5447 1637 5515 quasi
1664 5461 1840 5518 quem:

263 5513 384 5570 dam
436 5518 639 5570 titulum
687 5527 854 5586 portat
897 5517 1062 5587 aperis
1081 5513 1106 5577 ,ί
1134 5513 1233 5587 qua
1274 5516 1427 5585 facile
1467 5513 1702 5571 ostendat
1753 5516 1844 5569 sub

261 5589 414 5660 cujus
446 5589 628 5642 serviat
663 5598 909 5660 potestate
931 5586 1167 5660 rectoris.
1200 5586 1404 5660 Similia
1433 5589 1716 5660 oliaiiciti'D.
1736 5586 1844 5640 Au-

261 5659 512 5730 gustinus
555 5675 638 5714 xxv
665 5658 746 5714 de
789 5659 1014 5713 (livitate
1043 5659 1132 5711 Dei
1183 5661 1330 5728 (Cap.
1365 5658 1450 5730 15)
1480 5703 1493 5725 ,
1547 5659 1635 5712 ubi
1687 5658 1844 5709 docet

263 5728 404 5792 ditas
433 5733 674 5788 civitates
697 5773 712 5798 ,
740 5731 836 5787 Dei
866 5731 1110 5785 videlicet
1138 5739 1194 5785 et
1223 5728 1454 5797 diaboli,
1493 5734 1591 5783 lim:
1621 5739 1724 5792 est,
1755 5743 1844 5781 so-

1960 4539 2158 4590 gcncre
2190 4524 2423 4578 maxime
2451 4524 2768 4577 claruerunt
2814 4523 3030 4590 plurimi
3075 4521 3247 4576 sancti
3293 4523 3532 4579 anacho-

1957 4603 2110 4655 retae,
2150 4599 2393 4661 quamvis
2425 4596 2567 4659 laici,
2601 4596 2853 4659 nulloque
2880 4595 3070 4648 ordine
3104 4594 3309 4648 Eccles.
3341 4610 3535 4650 come-

1960 4667 2116 4725 crati,
2146 4678 2198 4717 et
2231 4665 2282 4718 in
2314 4666 2397 4719 his
2424 4667 2711 4730 Antonius,
2745 4665 2942 4718 Paulus
2971 4665 3194 4732 simplex
3224 4705 3235 4728 ,
3270 4663 3528 4728 Hilarion,

1960 4745 2015 4788 et
2039 4736 2147 4788 alii.
2173 4735 2331 4789 Tales
2352 4747 2505 4790 erant
2531 4737 2604 4790 illi
2627 4736 2896 4802 monachi,
2928 4736 2994 4790 de
3015 4736 3208 4805 quibus
3230 4735 3313 4789 hic
3335 4736 3530 4804 agitur,

1961 4806 2050 4874 qui
2085 4806 2186 4861 hoc
2227 4807 2369 4862 dono
2424 4818 2478 4862 et
2520 4809 2719 4863 virtute
2743 4807 3083 4862 exorcizaudi
3113 4806 3177 4860 ad
3217 4805 3535 4860 ostentatio-

1963 4891 2083 4930 nem
2123 4886 2178 4931 et
2225 4884 2433 4932 inanem
2487 4878 2710 4946 gloriam
2758 4877 2985 4931 subinde
3035 4877 3433 4946 abutebantur;
3479 4885 3534 4928 et

1960 4946 2345 5003 exorcistarum
2378 4944 2592 5013 munus,
2623 4949 2834 5004 tametsi
2863 4947 3014 5011 laici,
3045 4962 3226 5002 coram
3258 4944 3374 5000 aliis
3407 4959 3532 5008 pro-

1961 5017 2268 5091 litebantur,
2303 5021 2550 5091 ultroque
2580 5019 2946 5080 exercebant,
2974 5025 3043 5091 ut
3056 5017 3368 5091 opinionem
3398 5029 3530 5091 san-

1956 5088 2155 5145 ctitatis
2189 5083 2508 5146 veharenuir
2535 5110 2548 5144 :
2579 5086 3068 5160 quamquamnihil
3100 5095 3241 5160 vetat
3266 5083 3529 5154 quosdam

1955 5174 2018 5236 es
2050 5163 2180 5231 ipsis
2207 5162 2375 5236 fuisse
2400 5156 2626 5236 clericos
2659 5171 2710 5236 et
2740 5158 3019 5214 ordinibus
3039 5156 3318 5236 initiatos;
3346 5169 3468 5210 cum
3499 5171 3531 5210 e

1953 5227 2168 5288 diverso
2194 5233 2294 5288 viri
2330 5232 2532 5298 sancti,
2563 5241 2619 5285 ut
2658 5231 2860 5284 dictum
2890 5239 3003 5290 est,
3039 5227 3143 5281 hoc
3180 5227 3415 5281 maxime
3445 5241 3534 5282 re-

1954 5301 2200 5372 fugerent
2229 5305 2331 5359 nisi
2357 5305 2437 5357 vel
2465 5303 2749 5363 ('harilate,
2785 5301 2868 5352 vel
2902 5299 3234 5372 precantium
3267 5298 3533 5372 imporitu-

1956 5367 2119 5428 niiate
2142 5376 2313 5431 coacti
2339 5414 2352 5436 ,
2397 5375 2467 5427 ob
2492 5386 2682 5427 causas
2711 5384 2870 5438 supra
2900 5367 3198 5435 explicatas
3227 5373 3244 5437 (
3269 5367 3398 5436 Cap.
3428 5371 3463 5422 2
3490 5371 3530 5436 ).

1953 5447 2030 5499 Ita
2055 5457 2271 5506 sanctus
2297 5443 2614 5505 Benedictus
2636 5454 3052 5505 energumenam
3077 5440 3142 5494 ad
3165 5455 3223 5494 se
3247 5439 3531 5494 adductam

1953 5515 2018 5568 ad
2051 5516 2107 5571 S.
2145 5513 2450 5582 Remigium
2495 5511 2748 5582 remisit,
2797 5520 2861 5582 ut_
2902 5509 3092 5582 scribit
3127 5512 3535 5582 llincmarusin

1955 5587 2112 5654 hujus
2141 5587 2282 5637 Vita.
2305 5579 2391 5632 Sic
2416 5583 2472 5632 S.
2500 5580 2819 5654 Laurentius
2839 5579 3194 5647 Justinianus,
3226 5580 3532 5650 patriarcha

1955 5649 2208 5712 Venetus,
2237 5658 2452 5719 rogatus
2480 5665 2531 5703 ιιι
2559 5649 2854 5701 da‘tnunem
2898 5667 2926 5702 a
2959 5654 3183 5708 muliere
3205 5649 3530 5721 expelleret:

1957 5727 2038 5780 Ne
2063 5725 2268 5796 petatis,
2303 5726 2493 5791 inquit,
2529 5738 2560 5773 ιι
2604 5735 2704 5786 me,
2733 5721 2868 5792 quod
2900 5738 3143 5785 "testare
3172 5740 3273 5780 non
3303 5739 3536 5796 possunt,
