4044 6190
616 318 758 378 100⁸1

1668 321 1945 379 JOANNIS
1982 318 2292 380 CASSIANI
2329 321 2821 383 COLLATIONES.

3740 319 3853 382 ιοῡε

615 450 671 496 et
700 443 843 496 inter
867 440 1246 497 admirantium
1277 437 1462 495 turbas
1491 444 1633 492 hanc
1659 452 1820 507 quam
1866 439 1954 493 vel
1983 453 2196 494 merue-
2224 442 2279 502 Α
2302 440 2539 496 fomitem
2571 441 2797 496 luxuriae
2822 438 3124 505 eradicare,
3150 451 3308 509 quam
3334 437 3617 511 expellere
3646 440 3857 499 immun-

616 541 783 599 runt,
822 531 907 587 vel
941 540 1401 601 praesumpserunt
1430 528 1655 598 gratiam
1684 530 2081 600 jactantissima
2109 546 2197 586 os-

616 625 916 678 tentatione
944 624 1226 678 dill'amant
1251 638 1266 674 :
1292 620 1386 675 sed
1410 621 1703 676 incassum.
1726 632 1752 659 ι
1771 622 1874 689 Qui
1901 624 2043 677 enim
2061 624 2199 677 inni-

616 718 741 771 titur
790 716 1073 769 mendaciis
1093 756 1109 781 ,
1150 714 1235 767 hic
1276 723 1452 784 pascet
1484 726 1657 769 ventos
1681 757 1696 781 ,
1725 716 1867 769 idem
1892 725 2061 771 autem
2088 718 2198 787 ipse

616 810 842 877 sequitur
892 821 1007 859 abes
1052 806 1280 859 uolantes
1326 805 1508 871 (Prov.
1556 805 1636 875 x).
1687 806 1815 863 Sine
1851 807 2017 863 dubio
2051 809 2197 863 enim

615 898 831 952 eveniet
857 898 935 951 eis
957 895 1091 951 illud
1116 897 1259 966 quod
1285 897 1339 952 in
1373 896 1681 953 Proverbiis
1709 898 1909 953 dicitur
1936 917 1949 953 :
1990 897 2018 938 δ
2049 898 2200 955 Sicut

615 992 751 1044 venti
778 1000 826 1044 et
856 989 1014 1045 nubes
1040 999 1090 1045 et
1118 992 1308 1063 pluvit:
1350 993 1783 1062 manifestissima:
1812 1001 1934 1046 sunt
1961 1035 1976 1061 ,
2005 994 2083 1046 ita
2111 993 2201 1062 qui

614 1084 871 1153 gloriatur
906 1085 961 1137 in
990 1084 1113 1138 dato
1140 1084 1279 1154 falso
1316 1084 1500 1157 (Prov.
1533 1086 1684 1157 xxv).
1719 1086 1787 1141 Et
1822 1086 1944 1141 ideo
1988 1087 2033 1141 si
2078 1087 2201 1157 quis

615 1190 799 1230 coram
829 1176 985 1232 nobis
1010 1176 1205 1233 borum
1242 1179 1444 1248 aliquid
1474 1178 1686 1245 fecerit,
1714 1195 1819 1235 non
1851 1180 1919 1235 de
1966 1180 2200 1235 admira-

614 1268 764 1324 tione
792 1268 1095 1339 signorum,
1151 1270 1245 1326 sed
1276 1272 1345 1325 de
1374 1280 1568 1327 ornatu
1616 1287 1827 1328 morum
1858 1272 2021 1328 debet
2058 1271 2199 1341 apud

613 1373 718 1414 nos
746 1374 869 1416 esse
898 1361 1186 1416 laudabilis
1212 1378 1226 1423 ;
1258 1377 1358 1417 nec
1386 1373 1566 1418 utrum
1589 1364 1857 1420 dmmonia
1880 1365 1927 1419 ei
1960 1365 2198 1435 subjecta

613 1452 745 1519 sint,
774 1452 867 1507 sed
893 1462 1072 1507 utrum
1104 1464 1128 1492 ε
1158 1453 1443 1509 cbaritatis
1487 1456 1729 1511 membra
1751 1496 1765 1520 ,
1798 1471 1918 1525 qua:
1944 1456 2203 1513 describit

615 1540 932 1612 Apostolus,
961 1544 1256 1615 possideat,
1293 1547 1695 1617 inquirendum.

1216 1698 1446 1755 CAPUT
1496 1698 1631 1755 Vlll.

2303 532 2399 588 dos
2426 532 2644 602 Spiritus
2666 532 2733 586 de
2757 532 3078 602 corporibus
3109 521 3337 597 alienis;
3370 542 3422 588 et
3451 534 3855 604 magniﬁcentius

2302 626 2514 695 signum
2546 634 2630 680 est
2668 626 2863 679 virtute
2898 624 3178 694 patientiae
3207 625 3541 680 truculentos
3575 636 3749 683 motus
3775 630 3857 685 ira-

2302 717 2513 771 cundiae
2534 716 2812 780 cohibere,
2834 731 2995 786 quam
3018 716 3159 771 aeris
3184 716 3572 787 principatibus
3596 721 3855 789 imperare;

2303 811 2533 881 plusque
2556 818 2639 863 est
2669 808 2971 864 exclusisse
2998 808 3350 863 edacissimos
3381 809 3449 864 de
3476 809 3643 865 corde
3670 814 3858 881 proprio

2304 903 2541 958 tristitiae
2562 902 2801 971 morbos,
2820 917 2978 972 quam
3001 902 3338 957 valetudines
3358 903 3581 958 alterius
3600 903 3859 977 febresque

2304 1012 2594 1069 corporeas
2624 998 2915 1067 expulisse.
2946 996 3229 1053 Postremo
3251 998 3429 1053 multis
3456 998 3633 1054 modis
3664 1005 3861 1072 prmch.

2303 1093 2416 1146 rior
2429 1090 2598 1147 virtus
2614 1090 3001 1160 sublimiorque
3021 1090 3293 1161 profectus
3312 1099 3417 1157 est,
3436 1091 3635 1147 anima:
3656 1098 3864 1164 proprie

2305 1199 2495 1240 curare
2536 1184 2820 1253 languores
2848 1224 2863 1249 ,
2905 1198 3062 1253 quam
3102 1183 3349 1253 corporis
3386 1183 3573 1239 alieni.
3618 1194 3642 1222 ο
3670 1186 3864 1253 Quanto

2304 1276 2450 1331 enim
2476 1275 2593 1331 haec
2619 1275 2905 1331 sublimior
2926 1290 3087 1331 carne
3108 1284 3211 1342 est,
3240 1284 3388 1330 tanto
3407 1281 3751 1345 praestantior
3768 1280 3865 1350 ejus

2305 1377 2388 1424 est
2427 1368 2614 1434 salus;
2659 1377 2968 1437 quantoque
3007 1368 3343 1437 pretiosioris
3373 1370 3868 1443 excellentiorisque

2306 1471 2387 1517 est
2423 1462 2741 1517 substantia:
2764 1505 2779 1530 ,
2822 1470 2877 1517 et
2913 1469 3061 1517 tanto
3090 1462 3356 1532 gravioris
3392 1476 3453 1519 ac
3479 1466 3868 1534 perniciosioris

2305 1564 2390 1612 est
2415 1565 2470 1612 et
2494 1556 2685 1612 ruinae.

2908 1649 3132 1707 CAPUT
3170 1650 3263 1706 lx.

2381 1741 2648 1807 Quantum
2676 1739 2939 1811 praecellat
2960 1742 3076 1795 vita
3095 1743 3321 1812 probitas
3346 1758 3504 1809 opera
3524 1744 3800 1815 signorum.

618 1812 769 1883 Quod
794 1813 1081 1869 mirabilius
1110 1814 1174 1903 s‘it
1198 1814 1261 1866 de
1288 1815 1558 1903 semetipso
1579 1814 1732 1898 pitia,
1764 1830 1919 1884 quam
1941 1814 2004 1869 de
2032 1814 2186 1869 altera

2374 1833 2443 1889 Et
2487 1835 2554 1890 de
2603 1834 2710 1888 illis
2759 1834 2974 1903 quidem
3021 1835 3388 1889 curationibus
3442 1836 3513 1890 ita
3561 1812 3870 1896 beatissimis

1106 1886 1363 1939 daemones
1398 1887 1693 1939 exlrusisse.

687 2022 713 2063 ά
743 2022 812 2079 Et
834 2036 1027 2079 revera
1057 2022 1233 2093 majus
1261 2022 1579 2077 miraculum
1601 2030 1686 2078 est
1705 2020 1773 2077 de
1789 2024 2008 2094 propria
2030 2036 2195 2079 carne

2306 1926 2579 1997 Apostolis
2622 1923 2822 1977 dicitur
2855 1942 2867 1977 :
2905 1922 2926 1961 ί
2962 1923 3143 1978 Nolite
3190 1924 3416 1995 gaudere
3465 1928 3590 1997 quia
3629 1930 3871 1985 damonis

2306 2022 2447 2076 vobis
2476 2020 2822 2091 subjiciuntur
2851 2016 3003 2087 (Luc.
3034 2017 3115 2089 x).
3146 2017 3260 2073 Hoc
3284 2026 3309 2064 8
3339 2020 3483 2075 enim
3520 2021 3747 2079 faciebat
3773 2040 3871 2081 non

1682 2154 1937 2210 ALARDI
1975 2153 2210 2211 GAZA‘II
2246 2154 2819 2213 COMMENTARIUS.

612 2273 816 2329 Eodem
846 2270 1010 2325 modo
1056 2268 1337 2339 respondit
1376 2268 1670 2339 Gregorius
1702 2268 2057 2337 Lingonensis
2084 2310 2099 2333 ,
2140 2283 2197 2327 et

612 2346 733 2417 ipse
756 2342 1149 2428 sanctissimus
1186 2342 1473 2410 episcopus
1494 2380 1509 2405 ,
1555 2348 1691 2396 teste
1729 2340 1993 2410 Gregorio
2022 2340 2196 2395 Turo-

614 2431 793 2472 1181181.

686 2498 713 2523 ἰ
752 2486 921 2540 Abest
953 2484 1069 2537 haec
1118 2482 1382 2537 sententia
1440 2491 1544 2535 tam
1578 2482 1645 2537 ab
1686 2482 1913 2537 Hebrmo
1956 2497 2112 2550 quam
2164 2496 2193 2536 a

611 2558 804 2614 Graeco
833 2554 994 2619 LXX,
1040 2563 1097 2607 ut
1126 2552 1333 2607 notavit
1358 2552 1417 2623 P.
1436 2553 1656 2623 iDelrius
1685 2552 1775 2615 (In
1805 2552 2055 2623 Adagia).
2105 2552 2197 2607 Ci-

613 2636 758 2682 tatur
792 2636 969 2681 tamen
1006 2638 1033 2675 a
1064 2622 1344 2678 Clemente
1384 2622 1648 2677 Alexand.
1680 2623 1774 2677 lib.
1802 2638 1819 2676 ι
1852 2622 2054 2677 Strom.
2081 2632 2135 2677 et
2163 2639 2193 2678 a

611 2698 677 2752 D.
726 2697 1032 2766 Augustino
1052 2694 1148 2748 lib.
1177 2709 1235 2747 tu
1264 2701 1409 2766 cont.
1462 2692 1809 2766 Gresconium
1859 2707 1979 2759 cap.
2024 2694 2058 2748 9
2107 2694 2191 2749 his

609 2763 835 2824 verbisE
873 2766 971 2833 Qui
1004 2765 1115 2831 ﬁdit
1155 2767 1208 2817 in
1238 2765 1405 2832 falsis,
1454 2763 1536 2817 hic
1574 2766 1735 2833 pascit
1773 2773 1967 2823 uentos,
1999 2765 2056 2817 id
2096 2774 2191 2829 est,

610 2840 671 2907 fit
700 2854 815 2892 esca
841 2836 1098 2905 spiritibus
1118 2836 1289 2907 vitalis.
1316 2834 1520 2889 Eodem
1542 2834 1725 2907 allusit
1742 2834 1908 2889 Oseas
1932 2835 2189 2903 propheta

610 2905 731 2978 eap.
757 2925 830 2963 xu
858 2909 1042 2962 dicens
1076 2926 1088 2959 :
1139 2905 1386 2977 Ephraim
1426 2906 1588 2975 pascit
1632 2915 1836 2958 ventum
1876 2915 1923 2958 et
1959 2908 2194 2978 sequitur

609 2976 777 3034 astum
803 2997 821 3033 :
852 2988 958 3032 tota
995 2979 1079 3032 die
1104 2976 1426 3031 mendacium
1454 2987 1500 3029 et
1538 2978 1826 3030 vastitatem
1857 2976 2187 3039 multiplicat.

610 3051 712 3106 Ubi
754 3053 814 3104 Ι).
846 3050 1204 3118 Hieronymus
1240 3049 1627 3116 interpretatur
1668 3062 1889 3116 pascere
1929 3056 2144 3101 ventum
2170 3089 2187 3113 ,

610 3122 719 3193 Spe
745 3138 875 3175 vana
903 3137 956 3173 se
983 3120 1238 3189 decipere.
1269 3118 1539 3187 Rupertus
1556 3159 1570 3182 ,
1606 3119 1792 3187 spiritu
1820 3119 2069 3187 superbia:
2111 3119 2193 3173 in-

655 3210 751 3245 art.

611 3196 972 3331 ﬂag'Vulgata
1004 3260 1180 3317 versio
1213 3279 1225 3313 :
1263 3259 1459 3325 Nubes,
1493 3269 1538 3314 et
1566 3270 1768 3325 uentus,
1803 3268 1850 3313 el
1878 3261 2061 3328 ριιιυίιε
2090 3278 2194 3317 ηοη

609 3343 903 3404 sequentes,
934 3334 1009 3386 uir
1042 3332 1335 3404 gloriosus,
1380 3339 1429 3383 et
1463 3332 1717 3404 promissa
1760 3347 1864 3384 non
1904 3332 2188 3404 complens.

608 3402 705 3457 Cui
733 3404 984 3458 Chaldzra
1014 3402 1353 3473 paraphrasis
1386 3403 1562 3471 magis
1611 3410 1912 3473 consonat:
1947 3402 2061 3455 Diei
2091 3421 2190 3457 nu-

610 3475 768 3540 bium,
802 3486 847 3528 et
873 3472 1033 3539 venti,
1066 3476 1119 3527 in
1143 3490 1242 3544 quo
1269 3490 1373 3527 non
1415 3484 1488 3528 est
1518 3475 1691 3541 pluvia
1710 3490 1727 3538 ;
1760 3472 1943 3544 similis
1982 3484 2051 3526 est
2091 3476 2189 3539 vir,

609 3548 697 3610 qui
728 3545 978 3615 gloriatur
1015 3549 1070 3599 in
1106 3543 1240 3598 dono
1276 3545 1536 3613 falsitatis.
1596 3546 1691 3599 Ubi
1741 3545 1803 3597 D.
1832 3543 2189 3615 Hieronymus

611 3614 771 3671 «locet
814 3616 955 3670 hunc
986 3616 1309 3671 versiculum
1358 3618 1639 3671 continere
1667 3616 1829 3669 etiam
1876 3615 2005 3668 illud
2040 3614 2185 3682 quod

611 3688 743 3741 dicit
768 3686 1056 3757 Apostolus
1080 3705 1093 3739 :
1128 3686 1390 3759 Habentes
1428 3689 1649 3759 speciem
1672 3686 1872 3755 pietatis
1898 3727 1913 3751 ,
1956 3688 2186 3739 virtutem

610 3769 779 3813 autem
805 3759 917 3827 eius
947 3759 1252 3825 abnegantes
1284 3758 1326 3826 (l
1349 3757 1481 3810 Tini.
1508 3758 1612 3827 tu).

686 3841 708 3868 ο
752 3830 859 3882 Illis
893 3829 1143 3883 nimirum
1176 3828 1391 3882 verbis:
1424 3828 1661 3883 Charitas
1686 3828 1881 3896 patiens
1910 3836 2004 3891 est,
2049 3827 2187 3879 beni-

611 3917 713 3965 qna
741 3911 835 3965 est,
868 3909 973 3953 etc.
1010 3899 1060 3965 (Ι
1089 3897 1210 3954 Cor.
1239 3900 1314 3967 1).
1348 3898 1448 3954 Ubi
1479 3900 1783 3964 quindecim
1814 3899 2068 3951 virtutum
2100 3896 2186 3950 of-

614 3972 727 4023 licia
776 3969 1146 4037 exprimuntur
1170 4010 1185 4031 ,
1231 3969 1425 4037 quibus
1447 3972 1614 4025 veluti
1645 3970 1921 4032 membris,
1949 3968 2185 4036 perfecta

610 4042 845 4094 Charitas
873 4041 1168 4104 integratur
1194 4046 1249 4091 et
1275 4048 1502 4094 constat.

681 4108 707 4143 ά
752 4110 878 4161 Aliis
906 4108 1082 4161 verbis
1110 4108 1351 4178 eamdem
1382 4112 1702 4165 sententiam
1732 4107 2183 4178 expressit,ihanc

608 4178 949 4253 collationem
977 4178 1074 4253 _ita
1123 4176 1449 4253 concludens
1501 4181 1668 4253 (Cap.
1702 4176 1869 4236 ultim.
1897 4180 1913 4247 )
1947 4197 1958 4230 :
2009 4177 2182 4253 Major

606 4248 793 4322 quippe
824 4256 895 4299 est
940 4246 1131 4322 uirtus,
1152 4262 1212 4296 ac
1237 4246 1518 4303 sublimior
1552 4246 1741 4322 gratia,
1773 4246 2023 4303 internam
2065 4247 2182 4300 libi—

608 4318 778 4394 dinem
807 4316 976 4394 carnis
1006 4316 1537 4394 exsting_uere,_quam
1552 4316 1818 4394 "nequitias
1847 4322 2135 4394 ammonum
2160 4361 2175 4394 ,

606 4389 829 4460 exterius
859 4387 1129 4460 irruentes,
1163 4388 1310 4460 signo
1337 4388 1584 4460 Domini,
1613 4387 1672 4447 ac
1697 4392 1898 4447 uirtutis
1928 4390 2182 4443 Altissimi

606 4459 833 4531 potentia
857 4456 1164 4531 subjugare,
1207 4457 1285 4510 vel
1326 4460 1389 4512 de
1434 4456 1646 4518 obsessis
1690 4463 1986 4531 corporibus
2021 4460 2182 4513 divini

604 4528 821 4603 nominis
849 4528 1165 4581 invocatione
1193 4531 1490 4601 propellere.
1518 4528 1808 4603 Aptissime
1834 4547 1961 4586 vero
1989 4531 2070 4603 his
2098 4546 2182 4585 re-

604 4597 873 4668 spondent
906 4608 959 4653 et
987 4597 1294 4654 consonant
1329 4618 1449 4668 qure
1493 4597 1915 4659 de'mirabilibus
1940 4602 2031 4655 Dei
2052 4616 2182 4668 ope-

604 4667 753 4720 ribus
794 4670 845 4723 in
878 4669 1080 4723 sanctis
1107 4671 1219 4724 suis
1246 4667 1501 4728 disseruit
1532 4676 1695 4731 abbas
1718 4676 2035 4729 Chaeremon
2066 4667 2182 4726 col-

602 4737 697 4790 lat.
728 4738 796 4793 12
821 4755 940 4808 cap.
966 4738 1066 4803 12,
1099 4742 1188 4795 ubi
1221 4742 1333 4797 lucc
1362 4746 1502 4799 inter
1532 4748 1633 4800 alia
1664 4762 1676 4797 :
1716 4745 1843 4811 Quis
1878 4745 2012 4795 enim
2041 4743 2095 4794 in
2126 4760 2179 4796 se

602 4824 757 4876 opera
788 4811 995 4865 Domini
1026 4829 1125 4866 non
1166 4815 1412 4878 miretur,
1461 4833 1574 4869 cum
1613 4815 1952 4869 insatiabilem
1994 4813 2178 4866 ventris

599 4878 918 4959 ingluviem,
949 4891 995 4936 et
1021 4895 1371 4959 sumptuosam
1401 4888 1534 4959 gula:
1563 4884 2177 4959 perniciosumqueluxu—

598 4952 729 5026 riam
767 4954 839 5005 ita
879 4954 932 5006 in
972 4970 1026 5007 se
1062 4952 1241 5009 viderit
1274 4972 1379 5010 esse
1402 4952 1781 5026 'romp'ressam.
1814 4967 1865 5007 ut
1896 4955 1979 5007 vix
2008 4955 2175 5026 ipsum

596 5024 837 5096 exiguum
872 5040 933 5076 ac
988 5026 1287 5096 vilissimum
1334 5028 1501 5081 cibum
1536 5024 1664 5080 raro
1704 5026 2005 5096 percipiat?
2047 5024 2174 5096 Quis

596 5109 696 5147 non
728 5094 1044 5167 Obstupescat
1073 5113 1227 5167 opera
1259 5095 1357 5150 Dei
1378 5140 1392 5162 ,
1424 5116 1538 5151 cum
1566 5094 1713 5149 illum
1746 5099 1913 5167 ignem
1940 5094 2171 5167 libidinis

596 5179 743 5231 quem
772 5166 1060 5218 naturalem
1089 5166 1238 5220 antea
1287 5178 1330 5221 et
1380 5172 1515 5223 velut
1558 5166 2025 5235 inexstinguibilem
2064 5179 2172 5216 esse

594 5235 851 5308 credebat,
879 5237 951 5308 ita
973 5236 1270 5307 refriguisse
1290 5240 1608 5308 perscnscrit,
1639 5247 1691 5289 ut
1721 5235 2029 5308 ne_simplici
2053 5235 2170 5298 qui-

594 5303 706 5376 dem
735 5307 961 5376 corporis
1001 5303 1143 5359 motu
1178 5324 1231 5361 se
1264 5303 1449 5363 sentiat
1478 5308 1729 5361 incitari?
1770 5304 2037 5376 Quomodo
2065 5318 2168 5376 non

2219 3306 2268 3372 C

2300 2269 2430 2347 Dei,
2462 2268 2717 2347 hominem
2746 2284 2985 2347 carneum
3014 2267 3247 2323 carnales
3275 2269 3489 2338 affectus
3531 2274 3586 2327 in
3616 2290 3765 2330 carne
3789 2294 3875 2347 po-

2299 2343 2454 2393 situm
2506 2341 2802 2406 respuisse;
2839 2348 2889 2393 et
2933 2339 2989 2392 in
3025 2348 3167 2414 tanta
3191 2357 3362 2394 rerum
3401 2354 3550 2414 atque
3585 2339 3874 2407 incursuim

2300 2413 2547 2464 varietate
2567 2456 2581 2479 ,
2613 2427 2772 2463 unum
2812 2417 2979 2483 tenere
3005 2412 3167 2463 animi
3209 2421 3398 2465 statum
3417 2458 3430 2479 ,
3465 2412 3618 2483 atque
3644 2419 3875 2472 immobi-

2304 2482 2400 2535 lcnt
2439 2483 2493 2533 in
2537 2483 2675 2534 omni
2714 2480 3055 2533 accidentium
3081 2484 3449 2552 permutatione
3486 2480 3701 2541 durare.
3757 2490 3877 2543 l‘ltec

2302 2552 2397 2607 ibi.
2430 2552 2641 2617 Quibus
2670 2560 3035 2607 consentanea
3061 2553 3250 2607 scribit
3273 2553 3330 2606 Β.
3359 2553 3645 2622 Gregorius
3688 2558 3790 2610 lih.
3825 2575 3878 2613 tu

2305 2623 2509 2692 Dialog.
2543 2638 2660 2691 cap.
2704 2625 2799 2688 t7;
2832 2622 2922 2677 ubi
2962 2624 3123 2678 etiam
3164 2623 3318 2679 docet
3349 2623 3510 2691 majus
3536 2638 3659 2679 esse
3700 2627 3881 2682 mira-

2298 2695 2477 2748 culum
2506 2735 2520 2758 ,
2566 2694 2965 2762 praedicationis
3008 2694 3176 2749 verbo
3206 2705 3361 2764 atque
3390 2694 3646 2748 orationis
3675 2696 3881 2753 solatio

2296 2776 2634 2832 peccatorem
2669 2776 2990 2820 convertere
3015 2807 3031 2832 ,
3077 2781 3239 2833 quam
3289 2780 3450 2819 carne
3488 2780 3760 2821 mortuum
3796 2786 3880 2824 rc-

2295 2838 2559 2910 suscitare
2590 2835 2769 2910 gVide
2882 2835 3066 2890 Thom.
3102 2834 3196 2891 1-2
3220 2877 3237 2904 ,
3267 2852 3318 2905 q.
3351 2838 3475 2901 ill,
3506 2844 3608 2891 art.
3638 2837 3705 2901 5,
3744 2850 3795 2892 et
3826 2858 3875 2910 q.

2299 2905 2556 2978 “5,7art.
2580 2908 2613 2963 9
2638 2918 2683 2960 et
2713 2907 2779 2962 10

2370 2988 2391 3014 ε
2433 2977 2510 3031 Ita
2542 2978 2605 3032 D.
2631 2976 2925 3048 Gregorius
2951 2977 3321 3033 Nazianzenus
3349 2976 3629 3033 verissime
3654 2979 3872 3047 scripsit

2295 3055 2447 3103 tanto
2521 3050 2683 3103 animi
2762 3049 3008 3103 morbum
3065 3064 3224 3115 quam
3282 3050 3528 3117 corporis
3574 3050 3876 3119 graviorem

2296 3133 2440 3185 esse,
2471 3132 2673 3188 quanto
2697 3121 2906 3174 animus
2931 3135 3157 3189 corpore
3185 3120 3530 3188 praestantior
3555 3137 3567 3172 :
3594 3119 3697 3173 Hic
3718 3122 3872 3187 enim,

2298 3190 2473 3260 inquit
2502 3191 2608 3245 alio
2636 3192 2753 3245 loco
2780 3232 2793 3253 ,
2827 3200 3009 3258 prteter
3038 3192 3351 3243 uoluntatem
3380 3192 3582 3253 existit,
3616 3192 3706 3243 ille
3730 3209 3766 3242 a
3793 3207 3879 3242 ro-

2298 3262 2497 3315 luntate
2524 3261 2865 3332 proﬁciscitur
2890 3278 2909 3314 :
2936 3262 3019 3314 hic
3046 3278 3151 3313 una
3175 3277 3291 3332 cum
3317 3262 3415 3314 hac
3438 3264 3539 3316 vita
3560 3262 3761 3330 ﬁnitur,
3789 3263 3882 3314 ille

2297 3348 2389 3387 nos
2416 3331 2535 3384 hinc
2560 3334 2833 3400 migrantes
2860 3333 3134 3385 comitatur
3157 3346 3175 3383 .'
3198 3331 3282 3383 hic
3311 3332 3527 3400 denique
3552 3333 3884 3386 miseratione

2296 3403 2479 3474 dignus
2507 3412 2600 3466 est,
2630 3402 2716 3453 ille
2743 3401 2885 3463 odio,
2916 3401 3059 3468 apud
3088 3417 3171 3453 eos
3200 3402 3406 3468 quidem
3434 3403 3523 3468 qui
3546 3403 3728 3455 mentis
3762 3411 3885 3457 sunt

2293 3480 2561 3541 compotes.

2367 3537 2656 3610 r'Cyrillus
2684 3540 2822 3605 apud
2857 3538 2914 3593 S.
2942 3537 3202 3592 Thomam
3248 3537 3357 3610 (In
3386 3537 3579 3592 Catena
3616 3543 3837 3609 aurea)
3869 3562 3886 3599 :

2289 3612 2397 3665 Sed
2424 3608 2535 3673 cur,
2584 3610 2799 3663 nomine
2824 3649 2840 3673 ,
2876 3625 2976 3662 non
3003 3610 3126 3662 sinis
3157 3608 3319 3661 lauari
3364 3610 3417 3659 in
3447 3611 3737 3664 honoribus
3777 3608 3889 3667 alte

2288 3682 2529 3735 collatis?
2556 3696 2669 3732 cum
2697 3681 2941 3749 scriptum
2967 3679 3031 3733 sit
3057 3698 3072 3733 :
3108 3677 3173 3732 In
3198 3678 3399 3749 nomine
3422 3689 3506 3731 tuo
3533 3681 3890 3737 exsultabant

2289 3762 2393 3806 tota
2426 3753 2506 3806 die
2536 3750 2708 3821 (Psal.
2753 3746 3039 3824 nsxxvttt).
3065 3750 3177 3824 Sed
3206 3746 3457 3824 Dominus
3484 3764 3569 3802 eos
3597 3751 3667 3801 ad
3699 3759 3888 3824 majus

2290 3818 2732 3896 gaudium‘erigit.
2771 3820 2920 3896 Unde
2947 3818 3117 3896 subdit
3160 3836 3178 3874 :
3226 3818 3456 3896 Gaudete
3472 3829 3659 3896 autem
3683 3862 3698 3884 ,
3752 3818 3890 3896 quia

2292 3888 2501 3948 nomina
2530 3888 2696 3949 vestra
2725 3895 2918 3960 scripta
2949 3902 3062 3945 sunt
3092 3893 3145 3944 in
3170 3889 3330 3944 ctelis.
3364 3891 3437 3941 lla
3466 3888 3720 3961 Cyrillus.
3765 3888 3887 3947 ’Πεισ-

2290 3982 2397 4035 que
2447 3981 2552 4020 non
2599 3974 2745 4019 vetat
2788 3966 3035 4018 Christus
3064 3961 3354 4035 discipulos
3400 3962 3673 4035 gaudere,
3718 3964 3882 4035 quod

2287 4031 2553 4089 dmmonia
2603 4037 2682 4089 eis
2728 4034 3164 4100 subjicerentur:
3212 4032 3311 4085 hoc
3355 4034 3499 4086 enim
3541 4031 3735 4084 donum
3776 4032 3881 4087 Dei

2286 4116 2427 4168 erat,
2462 4108 2528 4160 de
2574 4122 2680 4174 quo
2710 4106 2944 4173 gaudere
2974 4106 3122 4168 licet,
3180 4104 3339 4174 modo
3365 4112 3418 4155 et
3444 4100 3879 4174 donutn_ipsum

2286 4186 2340 4229 et
2368 4170 2623 4243 gaudium
2654 4170 3017 4229 in'auctorem
3048 4188 3205 4228 suum
3236 4172 3502 4227 referatur
3536 4191 3547 4224 :
3581 4170 3673 4226 sed
3705 4172 3880 4227 docet

2285 4242 2462 4299 minus
2489 4245 2832 4313 gaudendum
2861 4258 3020 4313 quam
3077 4244 3145 4297 de
3194 4259 3261 4298 eo
3322 4242 3462 4309 quod
3494 4243 3727 4310 ipsorum
3762 4259 3880 4313 no-

2284 4316 2427 4369 mina
2462 4318 2662 4384 scripta
2691 4312 2955 4369 essentin
2985 4314 3125 4369 coelo
3156 4333 3167 4366 :
3202 4313 3421 4368 nomina
3452 4323 3627 4367 autem
3665 4312 3881 4384 scripta

2284 4401 2403 4441 esse
2436 4388 2488 4440 iu
2520 4383 2657 4440 cmlo
2688 4427 2701 4449 ,
2753 4385 2894 4439 idem
2941 4400 3005 4439 ac
3049 4385 3245 4454 scripta
3278 4399 3397 4440 esse
3435 4384 3510 4454 in_
3533 4385 3666 4437 libro
3695 4383 3835 4437 vita:
3866 4426 3882 4448 ,

2285 4468 2343 4511 ut
2372 4458 2491 4511 aliis
2520 4457 2705 4510 verbis
2733 4456 3009 4526 Scriptura
3042 4451 3182 4510 solet
3203 4456 3385 4509 dicere
3425 4451 3631 4519 (Exod.
3669 4468 3835 4526 xxx"
3865 4494 3881 4514 .

2286 4526 2435 4582 Psal.
2464 4544 2645 4591 vam,
2684 4522 2883 4597 Philip.
2911 4543 2984 4591 tv,
3014 4527 3125 4597 Act.
3150 4525 3253 4597 nt).
3292 4527 3483 4597 Docent
3512 4537 3675 4597 porro
3707 4522 3887 4597 theo-

2286 4599 2392 4669 logi
2423 4600 2525 4668 (D.
2560 4598 2755 4652 Thom.
2788 4614 2806 4653 ι
2833 4592 2910 4668 p.,
2940 4615 2993 4667 q.
3024 4596 3134 4667 24)
3176 4592 3383 4669 duobus
3409 4593 3575 4646 modis
3604 4592 3887 4669 homines

2206 4682 2259 4742 ι)
2286 4664 2447 4725 scribi
2490 4671 2543 4724 in
2578 4669 2716 4742 libro
2758 4664 2882 4722 vita:
2907 4707 2921 4732 ,
2954 4664 3403 4742 'authecuudum
3453 4673 3712 4742 teternam
3776 4664 3889 4717 Dei

2286 4741 2836 4810 prmdestinationem,
2869 4753 2990 4808 quae
3018 4738 3124 4791 falli
3156 4745 3245 4810 aut
3277 4736 3465 4810 mutari
3500 4748 3603 4810 non
3636 4741 3843 4801 potest
3869 4751 3887 4798 ;

2285 4804 2379 4864 aut
2413 4813 2710 4867 secundum
2758 4804 3079 4878 praesentem
3112 4808 3391 4878 cujusque
3404 4804 3667 4872 justitiam
3692 4845 3707 4867 ,
3747 4821 3889 4872 qua:

2283 4884 2476 4937 mutari
2535 4890 2712 4950 potest
2752 4876 2773 4931 ξ
2812 4888 2866 4934 et
2912 4878 3047 4950 illos,
3075 4878 3243 4950 semel
3291 4876 3520 4943 scriptos
3567 4889 3889 4950 numquam

2283 4953 2449 5005 deleri
2481 4969 2496 5016 ;
2532 4946 2630 5019 hos
2659 4951 2830 5005 deleri
2862 4949 3223 5018 rescrihiqne,
3254 4957 3411 5015 prout
3441 4961 3580 5019 nunc
3608 4960 3673 4999 ex
3703 4946 3892 5011 justis

2282 5022 2463 5089 iujnsti
2495 5064 2509 5088 ,
2543 5017 2683 5075 nunc
2711 5034 2895 5075 rursus
2925 5036 2991 5073 ex
3026 5015 3233 5086 injustis
3258 5018 3389 5084 justi
3419 5015 3761 5070 elliciuntur.

2353 5103 2377 5139 ε
2421 5093 2531 5146 Hoc
2561 5094 2810 5160 superius
2842 5089 2990 5159 (Cap.
3020 5088 3086 5159 6)
3118 5091 3236 5143 aliis
3266 5089 3453 5160 verbis
3489 5089 3839 5160 inculcatum
3871 5127 3887 5145 .

2279 5162 2365 5216 ubi
2396 5164 2470 5216 ait
2496 5182 2507 5216 :
2544 5157 2651 5215 Viri
2672 5157 3141 5224 sanctilmiracula
3170 5157 3465 5227 patrantes)
3494 5159 3622 5209 nihil
3651 5157 3756 5209 sibi
3782 5172 3889 5226 pro

2275 5234 2454 5286 talium
2488 5234 2801 5285 mirabilium
2826 5233 3012 5285 virtute
3033 5228 3295 5284 donabant
3324 5244 3343 5282 :
3370 5232 3491 5290 quia
3514 5244 3615 5279 non
3636 5228 3753 5280 hinc
3784 5244 3889 5278 suo

2272 5305 2450 5356 merito
2480 5305 2583 5373 agi.
2618 5303 2704 5356 sed
2736 5302 2939 5373 Domini
2974 5301 3323 5354 misericordia
3356 5298 3650 5373 fatebantur
3678 5342 3691 5364 ,
3726 5300 3889 5373 Apo-

2270 5373 2468 5426 stolt’cis
2489 5366 2651 5427 verbis
2676 5372 3089 5444 in_admiratione
3110 5366 3405 5444 signorum,
3444 5371 3727 5444 humanam
3758 5366 3890 5444 ριοτ

2268 5446 2399 5496 riam
2420 5449 2719 5513 refutantes.
2734 5440 2847 5494 Viri
2872 5444 3078 5510 fratres,
3102 5440 3362 5513 inquiunt,
3383 5440 3506 5513 quid
3528 5440 3889 5513 admiremini

2269 5513 2323 5565 in
2369 5509 2494 5579 hoc,
2532 5524 2618 5565 aut
2670 5529 2762 5565 nos
2788 5509 2914 5581 quid
2945 5511 3244 5573 intuemini,
3287 5512 3436 5580 quasi
3467 5520 3647 5581 nostra
3679 5509 3889 5581 virtute

2269 5594 2361 5635 aut
2400 5575 2648 5653 potestate
2690 5575 2955 5652 fecerimus
2988 5584 3122 5635 hunc
3149 5575 3441 5653 ambulare
3464 5580 3483 5649 (
3509 5581 3688 5632 Actor.
3719 5594 3789 5631 ιιι
3826 5575 3889 5643 )7

2270 5654 2363 5707 His
2392 5652 2534 5709 enim
2567 5654 2745 5707 verbis
2770 5668 2896 5707 usus
2921 5662 3003 5707 est
3025 5653 3215 5706 Petrus
3235 5652 3537 5718 apostolus,
3572 5661 3885 5718 postquam

2269 5725 2513 5777 claudum
2543 5741 2608 5777 ex
2634 5732 2788 5778 utero
2818 5725 3004 5777 matris
3035 5738 3167 5788 sua),
3199 5723 3447 5775 invocato
3475 5721 3705 5773 nomine
3734 5718 3884 5773 lem

2268 5794 2466 5847 Christi
2522 5796 2812 5861 Nazareni,
2862 5802 3135 5861 curasset,
3183 5791 3382 5863 populo
3412 5790 3481 5845 ad
3518 5791 3573 5845 id
3606 5792 3887 5847 miracnh

593 5372 832 5450 virtutem
864 5376 1071 5450 Domini
1101 5381 1451 5450 contremiscat
1480 5380 1697 5450 quisque
1721 5422 1735 5441 ,
1777 5392 1894 5427 cum
1938 5372 2168 5450 homines

542 5462 545 5465 ‘
588 5447 853 5530 quondam
879 5446 1024 5530 diros
1039 5461 1099 5501 ac
1121 5449 1456 5530 truculentos,
1684 5460 1942 5530 sumntum.
1960 5444 2167 5530 iracun-

667 5529 697 5559 ἠ
714 5517 936 5585 furorem
957 5516 1113 5569 etiam
1131 5517 1471 5574 blandissimis
1492 5512 1813 5571 subditorum
1828 5512 2166 5565 irritabantur

723 5586 864 5649 miis,
894 5584 961 5637 ad
988 5593 1183 5641 tantam
1211 5592 1453 5643 transisse
1472 5590 1651 5641 uiderit
1677 5587 1956 5643 lenitatem,
1986 5592 2041 5634 ut
2062 5598 2164 5636 non

747 5654 1060 5726 tiamnullis
1081 5672 1488 5713 commoveantur
1511 5658 1738 5726 injuriis.
1770 5655 1857 5708 θεά
1873 5655 2032 5726 seu-"mc
2049 5668 2163 5705 cm"

748 5722 977 5787 ’fuerinl,
991 5740 1188 5780 summa
1210 5722 1629 5796 magnanimitate
1645 5724 1997 5796 congaudeant
2010 5724 2036 5771 ?
2053 5733 2157 5775 etc.

723 5801 868 5845 mus
894 5803 1014 5859 cap.
1036 5792 1318 5861 sequenti}
1351 5794 1501 5848 Istud
1527 5808 1647 5858 ergo
1677 5802 1747 5843 est
1776 5792 2008 5845 mirabile
2034 5808 2161 5859 opus
