4044 6190
240 253 386 313 1009

1063 244 1403 304 COLLATIO
1439 246 1559 304 XV.
1589 277 1658 290 —-
1689 247 1779 304 DE
1817 244 2372 308 CHARISM-ATiBUS
2408 252 2678 312 DIVINIS.

3381 261 3520 323 1010

238 384 426 428 eorum
453 373 694 439 potestas
718 404 734 431 ,
775 363 872 420 sed
907 364 1081 419 virtus
1109 364 1374 420 Dominici
1402 366 1637 421 nominis
1670 366 1822 422 invo—
1845 370 1899 430 Α
1926 383 1993 424 eo
2016 368 2161 440 quod
2213 369 2422 424 cunctis
2467 371 2905 431 infestationibus
2947 374 3279 445 damonum,
3324 382 3522 449 quibus

239 463 366 524 cati,
400 470 455 515 et
478 458 681 514 idcirco
702 464 995 511 monentur
1042 465 1098 510 ut
1143 472 1208 511 ex
1243 457 1345 512 hac
1378 469 1526 527 parte
1557 459 1693 514 nihil
1723 458 1828 514 sibi

238 549 589 606 beatitudinis
627 556 717 605 aut
754 549 941 619 gloria
968 548 1199 604 audeant
1227 550 1533 619 vindicare,
1581 568 1700 623 qua
1730 551 1828 606 Dei

241 651 447 697 tantum
474 641 713 710 potentia
738 655 802 695 ac
830 641 1031 696 virtute
1054 640 1349 710 perlicitur,
1382 644 1477 698 sed
1500 659 1565 698 ex
1592 644 1681 698 illa
1701 644 1828 700 vita

239 746 353 789 sua
382 734 667 804 cordisque
696 732 884 787 intima
914 734 1174 803 puritate,
1203 733 1272 789 ob
1299 749 1458 805 quam
1489 736 1705 793 nomina
1736 751 1829 794 eo-

241 841 358 882 rum
387 827 609 883 inscribi
639 834 918 882 merentur
945 826 1000 880 in
1029 825 1204 882 calls.

866 959 1093 1016 CAPUT
1133 959 1201 1015 Χ.

386 1073 647 1129 Revelatio
673 1074 737 1128 de
765 1077 1006 1146 perfectae
1034 1077 1288 1131 castitatis
1316 1080 1684 1149 experimento.

314 1210 384 1264 Et
410 1218 467 1264 ut
488 1210 591 1265 hoc
623 1211 799 1279 ipsum
821 1211 963 1280 quod
991 1212 1246 1282 diximus,
1270 1215 1355 1270 vel
1386 1217 1712 1274 testimoniis
1740 1235 1830 1277 ve-

245 1309 444 1370 terum,
474 1302 559 1357 vel
586 1301 789 1357 divinis
814 1304 1047 1360 oraculis
1077 1306 1464 1376 approbemus,
1493 1310 1622 1379 quid
1655 1321 1681 1349 ι
1706 1312 1832 1368 bea-

244 1401 330 1447 tus
354 1393 708 1462 Paphnutius,
746 1395 828 1450 vel
852 1394 922 1451 de
950 1395 1308 1453 admiratione
1332 1400 1635 1471 signorum,
1658 1404 1744 1458 vel
1763 1404 1833 1461 de

244 1486 409 1556 gratia
440 1487 675 1542 senserit
712 1490 994 1559 puritatis,
1034 1491 1201 1546 immo
1236 1493 1365 1563 quid
1405 1496 1581 1564 angeli
1623 1497 1836 1553 revela-

243 1581 388 1635 tlone
435 1581 771 1650 cognoverit,
817 1583 986 1653 ipsius
1014 1585 1197 1641 verbis
1242 1595 1406 1657 atque
1446 1592 1832 1658 experimentis

243 1672 444 1727 rectius
492 1673 851 1742 proferamus.
896 1675 993 1731 Hic
1031 1691 1264 1748 namque
1304 1680 1379 1735 ita
1421 1680 1608 1737 multis
1648 1684 1832 1753 vigens

1930 463 2020 518 diu
2069 472 2368 533 aperteque
2422 464 2769 532 conﬂixerat,
2821 474 3156 536 superiorem
3200 488 3262 528 se
3313 473 3521 534 factum

1931 570 2052 612 esse
2070 556 2321 623 sentiret,
2346 555 2493 620 dum,
2520 556 2934 614 advenientibus
2957 562 3086 617 viris
3108 566 3330 635 sanctis,
3352 565 3381 606 ιο
3404 568 3522 640 pul-

1930 657 2169 703 mentum
2220 648 2492 704 lenticula
2538 650 2682 719 quod
2719 649 2795 705 illi
2842 662 2863 689 ο
2910 653 3154 711 atheram
3203 662 3518 732 nominant,

1931 751 2283 813 praepararet,
2308 756 2500 797 manus
2515 741 2634 812 ejus
2655 743 2709 797 in
2732 743 2976 812 clibano,
2993 749 3286 815 utassolet,
3304 751 3524 812 ﬂamma

1931 835 2380 907 supervolitante,
2413 836 2697 889 combusta
2723 844 2825 891 est.
2853 835 2975 904 Quo
2995 837 3139 894 facto
3160 839 3519 915 tristiﬁcatus,

1930 944 2184 1000 magnum
2226 929 2281 983 in
2320 928 2540 984 modum
2587 929 2754 999 coepit
2780 944 2968 986 secum
3015 932 3213 988 tacitus
3254 935 3476 993 volvere
3502 955 3522 994 :

1932 1021 2041 1078 Cur
2069 1022 2232 1093 ignis,
2269 1022 2545 1093 inquiens,
2580 1037 2793 1078 mecum
2821 1038 2931 1079 non
2969 1024 3133 1081 habet
3162 1041 3372 1095 pacem,
3398 1043 3524 1087 cum

1932 1117 2130 1173 diriora
2148 1117 2279 1172 mihi
2296 1116 2601 1173 damonum
2624 1117 2893 1173 cesserint
2914 1120 3132 1189 pralia?
3153 1130 3244 1177 aut
3264 1124 3525 1191 quemad-

1933 1211 2151 1267 modum
2198 1225 2282 1266 me
2323 1211 2376 1265 in
2422 1210 2513 1265 illo
2553 1210 2847 1267 metuendo
2886 1213 3154 1269 examinis
3194 1214 3283 1270 die
3322 1230 3419 1285 per
3463 1233 3525 1274 se

1936 1303 2287 1358 transiturum
2330 1302 2423 1357 ille
2468 1302 2606 1373 ignis
2646 1303 3106 1374 inexstinguibilis
3141 1314 3197 1360 et
3240 1306 3527 1376 inquisitor

1934 1398 2251 1451 meritorum
2291 1394 2531 1449 omnium
2558 1411 2665 1451 non
2697 1397 2924 1461 tenebit,
2960 1399 3048 1452 cui
3087 1414 3231 1454 nunc
3259 1401 3528 1456 extrinse-

1932 1504 2026 1544 cus
2047 1488 2134 1543 ltic
2155 1487 2472 1556 temporalis
2494 1502 2559 1541 ac
2581 1489 2834 1557 parvulus
2856 1503 2959 1543 non
2986 1490 3260 1559 pepercit?
3281 1490 3527 1561 Cumque

1934 1582 2184 1636 astuanti
2216 1578 2593 1649 hujuscemodi
2636 1580 3055 1649 cogitationibus
3098 1592 3261 1652 atque
3308 1585 3526 1641 tristitia

1934 1690 2099 1745 sopor
2113 1674 2322 1730 subitus
2335 1671 2692 1742 obrepsisset,
2718 1675 3011 1728 adveniens
3038 1676 3262 1745 angelus
3290 1677 3526 1746 Domini,

244 1764 402 1818 annis
446 1764 784 1822 districtione
826 1769 1119 1838 pracipua,
1167 1778 1224 1825 ut
1273 1771 1524 1828 crederet
1568 1787 1633 1829 se
1667 1775 1831 1829 etiam
1861 1754 1910 1816 Β
1935 1768 2063 1836 Cur,
2097 1766 2289 1837 inquit,
2322 1764 2615 1832 Paphnuli.
2663 1764 2834 1818 tristis
2878 1779 2969 1831 es.
3003 1766 3145 1834 (μιοά
3175 1767 3401 1824 need!!!"
3433 1786 3529 1840 Pa-

244 1858 481 1914 carnalis
512 1861 972 1932 concupiscentia
1003 1862 1208 1933 laqueis
1252 1865 1469 1935 penitus
1500 1866 1827 1932 absolutum,

1934 1870 2085 1919 catus
2114 1860 2209 1915 tibi
2254 1858 2324 1913 sit
2350 1858 2490 1927 ignis
2530 1856 2636 1913 iste
2678 1864 2957 1925 terrenus,
2985 1854 3013 1895 ἀ
3042 1872 3164 1913 cum
3192 1859 3368 1916 adhuc
3392 1862 3528 1918 resi-

1314 1975 1576 2031 ALARDI
1616 1976 1851 2034 (ΞΑΖᾸΞΙ
1888 1970 2449 2032 COMMENTARIUS.

247 2076 605 2122 concurrente
635 2075 690 2121 et
719 2076 989 2138 stupente.
1038 2068 1293 2137 Idemque
1337 2084 1366 2123 a
1408 2070 1576 2125 Paulo
1614 2080 1669 2125 et
1698 2071 1834 2127 Bar-

248 2138 387 2210 naba
439 2138 586 2210 apud,
630 2138 953 2208 Lystrenses
1005 2138 1301 2210 factitatum
1365 2150 1419 2193 et
1489 2142 1835 2210 pradicatum

282 2208 394 2260 Act.
431 2208 543 2275 λιν)
574 2208 772 2264 ibidem
802 2211 1199 2264 annotavimus.
1248 2208 1544 2266 Conﬁrmat
1587 2213 1833 2268 eamdem

290 2278 554 2332 octrinam
591 2281 647 2332 S.
701 2280 1027 2334 Athanasius
1074 2283 1126 2335 in
1155 2280 1273 2334 Vita
1302 2284 1553 2345 Antonii,
1602 2284 1672 2337 ita
1702 2285 1837 2339 scri-

248 2348 385 2429 hens
419 2348 566 2429 (Cap.
706 2367 718 2404 :
746 2350 1018 2429 Numquid
1037 2352 1366 2429 sutevirtutis
1388 2354 1602 2429 imperio
1625 2356 1837 2410 curabat

247 2417 549 2493 Antonius?
589 2421 858 2493 Numquid
895 2417 1001 2475 sine
1029 2422 1389 2493 possibilitatis
1416 2417 1698 2479 arbitratur
1727 2443 1836 2481 esse

248 2489 388 2559 quod
416 2489 605 2557 fecerat
630 2492 654 2544 ?
698 2489 1072 2563 Orationibus,
1109 2510 1209 2547 non
1240 2497 1508 2563 praceptis
1533 2539 1548 2559 ,
1579 2498 1837 2552 daemones

249 2568 528 2626 cesserunt,
560 2569 605 2614 et
635 2562 702 2614 ad
729 2561 924 2618 Christi
951 2562 1049 2617 Dei
1080 2561 1248 2618 nostri
1272 2561 1676 2620 nominationem
1702 2584 1836 2621 sem-

249 2646 339 2706 per
364 2631 598 2706 universa
623 2635 850 2703 perfecta
876 2644 1016 2688 sunt.
1052 2633 1216 2688 Nemo
1240 2636 1531 2706 sapientum
1556 2638 1837 2692 sanitatum

249 2700 647 2776 admirationem
678 2700 901 2759 ascribat
922 2708 1171 2771 Antonio,
1203 2710 1290 2759 sed
1301 2700 1546 2760 "Domino
1574 2706 1721 2772 Jesu,
1748 2709 1837 2776 qui

249 2770 452 2826 solitam
478 2786 602 2842 erga
633 2786 897 2829 creaturas
937 2793 1060 2829 suas
1096 2776 1337 2831 exhibens
1387 2770 1786 2832 benevolentiam
1815 2824 1831 2847 ,

251 2858 391 2895 nunc
431 2860 635 2920 quoque
667 2862 755 2920 per
782 2847 995 2900 electum
1019 2848 1274 2920 famulum
1313 2864 1464 2902 suum
1506 2850 1837 2920 indulgenter

251 2916 509 2991 exercuit;
550 2916 807 2991 Antonius
834 2927 1030 2991 tantum
1058 2918 1239 2991 orabat
1259 2959 1287 2991 ,_
1306 2929 1351 2991 et
1377 2920 1493 2972 vita:
1517 2923 1631 2991 ejus
1657 2916 1835 2974 merito

251 2992 442 3059 cuncta
469 2983 722 3039 Dominus
752 2988 1083 3057 largiebatur.
1116 2988 1242 3042 llac
1264 2983 1612 3054 Athanasius,
1642 3006 1761 3059 qua
1782 2999 1838 3045 et

251 3054 322 3126 de
364 3054 470 3126 alio
518 3054 857 3126 quocumque
912 3059 1031 3112 viro
1079 3067 1268 3112 sancto
1296 3061 1553 3113 miracula
1604 3054 1836 3117 faciente

270 3123 633 3200 dicipossunt.
674 3123 866 3200 Verum
894 3128 961 3200 ad
984 3129 1281 3200 pleniorem
1312 3131 1501 3184 borum
1531 3130 1835 3200 intelligen-

258 3195 387 3249 tiam
415 3198 749 3251 observanda
782 3199 1019 3253 doctrina
1051 3199 1113 3253 D.
1147 3199 1369 3255 Tltoma
1409 3201 1491 3255 his
1520 3195 1836 3258 verbis'tra-

256 3268 361 3344 tilla
381 3270 522 3343 (2-2,
545 3267 883 3344 quast._l'78_,
902 3287 954 3323 a.
987 3268 1039 3344 l)_
1056 3288 1068 3322 :
1086 3268 1375 3325 Dicendum
1397 3277 1534 3341 quod
1558 3274 1689 3325 sicut
1713 3290 1836 3344 pro-

253 3336 430 3418 phetia
457 3354 508 3389 se
548 3340 779 3422 extendit
802 3341 871 3394 ad
899 3336 1074 3423 omnia
1104 3357 1217 3423 qua:
1244 3336 1829 3427 supernaturaliter'co:
1855 3363 1901 3427 ρ

251 3408 430 3481 gnosci
459 3419 706 3477 possunt,
740 3411 815 3464 ita
856 3413 1083 3481 operatio
1109 3408 1357 3466 virtutum
1385 3429 1442 3467 se
1481 3414 1709 3469 extendit
1759 3416 1829 3469 ad

252 3479 428 3550 omnia
475 3496 592 3549 qua
632 3479 1098 3547 supernaturaliter
1149 3483 1263 3549 ﬁeri
1307 3494 1519 3550 possunt
1560 3503 1578 3539 :
1609 3502 1828 3549 quorum

250 3548 463 3616 quidem
488 3548 647 3604 causa
672 3562 745 3605 est
778 3553 953 3606 divina
978 3548 1368 3621 omnipotentia,
1398 3571 1512 3621 qua:
1534 3548 1667 3610 nulli
1688 3574 1831 3611 crea-

252 3628 384 3695 tura:
406 3622 775 3695 communicari
800 3632 983 3695 potest.
1009 3623 1078 3677 Et
1105 3625 1219 3677 ideo
1249 3625 1563 3695 impossibile
1593 3635 1667 3679 est
1691 3628 1829 3692 quod

255 3690 563 3761 principium
586 3695 836 3756 Operandi
864 3694 1110 3749 miracula
1138 3695 1204 3747 sit
1228 3690 1403 3761 aliqua
1429 3698 1654 3761 qualitas
1684 3690 1831 3750 babi-

252 3761 459 3837 tualiter
488 3777 701 3837 manens
732 3766 784 3818 in
812 3765 1008 3820 anima.
1058 3764 1165 3837 sed
1195 3773 1365 3817 tamen
1394 3767 1487 3818 Itoc
1515 3776 1679 3837 potest
1709 3782 1831 3819 con-

250 3833 466 3905 tingere,
492 3835 629 3900 quod
653 3835 786 3888 sicut
815 3851 957 3888 mens
980 3833 1240 3905 prapltetce
1266 3846 1494 3888 movetur
1516 3833 1585 3889 ex
1609 3836 1834 3905 inspira-

252 3903 389 3956 tione
430 3906 604 3958 divina
644 3905 710 3959 ad
759 3905 956 3972 aliquid
981 3903 1464 3970 supernaturaliter
1518 3903 1833 3975 cognoscen-

249 3975 373 4026 dum
399 4015 412 4037 ,
452 3976 525 4028 ita
553 3976 705 4029 etiant
735 3992 878 4029 mens
905 3976 1153 4029 miracula
1183 3976 1421 4044 facientis
1461 3985 1721 4029 moveatur
1761 3977 1830 4030 ad

251 4046 544 4117 faciendum
570 4047 790 4115 aliquid,
820 4047 889 4099 ad
925 4048 1063 4117 quod
1090 4048 1320 4117 sequitur
1362 4045 1569 4112 effectus
1595 4047 1832 4101 miraculi

248 4116 386 4189 quod
417 4115 557 4189 Deus?
579 4134 674 4170 sua
699 4119 883 4172 virtute
922 4115 1067 4187 facit.
1104 4116 1255 4182 Quod
1294 4119 1599 4189 quandoque
1627 4117 1831 4189 quidem

248 4186 311 4254 ﬁt
359 4188 674 4252 praecedente
725 4186 943 4256 orante,
991 4190 1123 4242 sicut
1169 4186 1518 4242 cum'Petrus
1556 4186 1831 4242 Tabitltam

250 4266 509 4309 mortuam
538 4261 796 4314 suscitavit
828 4260 974 4330 (Act.
1004 4258 1111 4329 rx).
1164 4259 1484 4330 Quandoque
1527 4260 1681 4312 etiam
1727 4276 1831 4314 non

252 4334 571 4401 prlecedente
598 4328 868 4401 manifesta
893 4328 1145 4401 oratione,
1173 4330 1265 4383 sed
1290 4328 1406 4383 Deo
1429 4331 1498 4383 ad
1530 4340 1709 4401 nutum
1740 4331 1832 4384 Ito-

252 4399 404 4451 minis
441 4411 683 4470 operante
707 4399 884 4462 ,sicut
925 4400 1112 4454 Petrus
1156 4402 1481 4471 Ananiamet
1514 4400 1831 4471 Sappltjrant

252 4418 404 4451 mnus
441 4418 683 4470 operante
707 4442 718 4462 ,
753 4418 884 4455 sicut
925 4418 1112 4454 retrus
1156 4418 1407 4453 mmmam
1434 4418 1481 4453 et
1514 4418 1585 4455 ea
1625 4418 1831 4471 parram

250 4471 548 4543 mentientes
578 4474 727 4525 morti
764 4473 1074 4543 increpando
1101 4470 1317 4543 tradidit
1348 4470 1504 4543 (Act.
1532 4488 1563 4543 γ
1682 4469 1833 4543 [Inde

250 4537 531 4612 Gregorius
562 4544 687 4596 dicit
712 4586 724 4608 ,
765 4543 820 4594 in
857 4537 1082 4595 secundo
1107 4537 1453 4612 DiaIOgorum
1478 4542 1502 4612 ν(
1524 4537 1648 4610 Cap.
1681 4540 1788 4610 50)
1813 4584 1827 4609 ,

247 4610 386 4681 quod
414 4615 576 4664 sancti
601 4612 881 4681 aliquando
904 4627 966 4663 ex
993 4610 1224 4681 potentia
1264 4610 1517 4662 miracula
1553 4612 1789 4664 exhibent
1813 4655 1827 4679 ,

248 4679 539 4750 aliquando
565 4697 629 4734 ex
650 4679 1012 4749 postulatione.
1043 4679 1295 4733 Utrolibet
1322 4690 1490 4733 tamen
1516 4682 1666 4734 modo
1689 4681 1831 4736 Deus

1942 2069 2071 2132 lem,
2089 2078 2141 2121 et
2162 2065 2353 2142 Petrus
2374 2063 3014 2142 suscitandg'l‘abitbam,
3033 2066 3123 2136 qui
3147 2076 3321 2142 tamen
3337 2086 3528 2142 preces

1940 2148 2064 2193 ante
2092 2135 2454 2207 pramiserat;
2489 2146 2543 2190 et
2578 2134 2634 2190 S.
2670 2135 2990 2207 Benedictus
3016 2134 3165 2205 {qui
3193 2178 3209 2202 ,
3252 2150 3309 2195 ut
3338 2134 3528 2199 'refert

1939 2204 2371 2279 Gregoriuswbi
2392 2221 2709 2279 supra,_cap.
2738 2205 2856 2275 51),
2885 2207 3003 2260 solo
3023 2204 3240 2276 aspectu
3264 2214 3528 2269 rusticum

1940 2276 2162 2352 ligainm
2193 2292 2223 2330 a
2252 2276 2484 2352 vinculis
2511 2276 2692 2352 solvit.

2011 2363 2039 2387 ιι
2078 2351 2154 2404 De
2180 2363 2286 2416 quo
2332 2346 2531 2413 sapius
2560 2347 2789 2412 egimus,
2817 2354 2871 2400 et
2901 2360 3002 2414 pro
3042 2345 3317 2410 Pafnutio.
3363 2361 3420 2406 ut
3446 2364 3529 2410 est

1938 2422 1992 2476 in
2023 2420 2260 2477 editione
2291 2416 2553 2484 Plautini,
2588 2416 2949 2486 Paphnutium
2981 2418 3269 2487 legendum
3316 2426 3529 2479 monui-

1938 2508 2083 2548 mus.
2620 2515 2626 2519 ‘

2008 2561 2036 2602 δ
2078 2564 2151 2617 De
2181 2560 2433 2618 lenticula
2457 2559 2583 2615 vide
2607 2566 2791 2613 notata
2822 2559 2890 2615 ad
2910 2574 3032 2627 cap.
3060 2559 3132 2615 20
3160 2561 3258 2617 lib.
3292 2578 3345 2619 tv
3370 2564 3528 2629 Insti-

1940 2636 2232 2698 tutionum,
2261 2633 2376 2687 sive
2398 2631 2467 2685 de
2496 2631 2760 2685 lnstitutis
2783 2632 3235 2686 renuntiantium.

2013 2716 2034 2781 ξε
2072 2710 2261 2781 Ἇθήρα.
2290 2704 2401 2781 sive
2428 2704 2646 2781 saepe,
2678 2709 2737 2755 ut
2767 2707 2970 2781 nctavit
2999 2701 3318 2781 giaconius,
3350 2706 3525 2781 Hesy-

1937 2774 2059 2831 chio
2087 2772 2434 2831 est'edulium
2468 2772 2739 2844 quoddam
2782 2773 2926 2837 quod
2975 2772 3217 2844 Egyptii
3251 2791 3317 2830 ex
3346 2772 3527 2834 tritico

1935 2857 1989 2900 et
2020 2848 2160 2901 lacte
2190 2846 2503 2899 conficiunt.
2535 2843 2711 2897 Plinio
2736 2844 2912 2907 potius
2937 2843 3411 2902 medicamentum.
3433 2850 3528 2906 Sic

1938 2917 2079 2971 enim
2128 2916 2315 2971 scribit
2346 2932 2357 2967 :
2394 2915 2607 2984 Olyram
2654 2913 2886 2984 ariucam
2926 2914 3156 2968 diximus
3194 2921 3403 2973 vocari:
3426 2921 3525 2976 hac

1935 2999 2080 3060 cocta
2098 2989 2155 3056 ﬁt
2175 2983 2622 3060 medicamentum,
2645 2983 2781 3060 quod
2804 2983 3299 3060 gyptiiatharam
3318 3003 3521 3060 vocant,

1936 3055 2219 3128 infantibus
2242 3057 2602 3120 utilissimum;
2624 3055 2714 3108 sed
2733 3064 2781 3109 et
2803 3055 3011 3128 adultos
3038 3058 3246 3128 illinunt
3273 3076 3353 3113 eo.
3377 3055 3525 3120 Ideni

1936 3126 2050 3204 fere
2074 3128 2421 3204 Dioscorides
2452 3128 2589 3181 libro
2614 3126 2877 3204 secundo,
2899 3128 3075 3204 capite
3102 3127 3222 3184 114.
3248 3131 3306 3185 S.
3336 3134 3524 3204 Aug“-

1935 3202 2114 3275 stinns
2140 3201 2281 3275 (non
2310 3199 2672 3275 Hieronymus
2692 3239 2707 3262 ,
2726 3198 3021 3275 _u_t__vitiose
3051 3200 3375 3275 impressum
3408 3198 3522 3275 e'st)

1935 3270 1989 3324 in
2032 3269 2232 3339 Quaest.
2266 3273 2317 3323 in
2350 3270 2640 3341 Genesim.
2673 3270 2739 3323 ad
2772 3269 2907 3341 illud
2947 3284 3068 3341 cap.
3112 3287 3211 3326 xcv
3242 3290 3254 3325 :
3286 3272 3353 3326 Et
3384 3269 3527 3331 dedit

1936 3342 2008 3395 eis
2059 3343 2254 3395 cibaria
2282 3343 2333 3395 in
2362 3343 2521 3415 viam.
2575 3339 2820 3415 Verbum,
2866 3339 3061 3415 inquit,
3090 3345 3239 3415 zeda,
3271 3347 3407 3415 quod
3444 3347 3528 3402 hic

1934 3428 2107 3467 omnes
2134 3430 2221 3466 ore
2245 3429 2464 3467 consono
2493 3412 2834 3483 ἐπισιτισμρν,
2865 3413 2919 3464 id
2945 3421 3038 3478 est,
3082 3412 3296 3481 cibaria,
3324 3418 3430 3470 sive
3455 3420 3528 3472 si-

1933 3485 2097 3536 tarcia
2134 3484 2448 3551 interpretati
2492 3490 2632 3543 sunt,
2664 3485 2719 3553 in
2750 3482 3004 3535 Psalterio
3049 3498 3247 3553 quoque
3288 3485 3526 3542 habetur.

1938 3553 2037 3608 Ubi
2063 3558 2195 3607 enint
2229 3556 2388 3606 nostri
2419 3555 2631 3622 legunt:
2664 3551 2890 3604 Viduam
2912 3555 3024 3621 ejus
3048 3551 3350 3608 benedicens
3377 3560 3527 3611 bene-

1934 3623 2104 3677 dicam
2137 3622 2322 3695 (APsal.
2367 3619 2535 3676 cxx'XI
2554 3619 2596 3690 ),
2628 3622 2742 3674 licet
2771 3622 2825 3673 in
2855 3619 3107 3695 plerisque
3136 3624 3397 3678 codicibus
3426 3645 3525 3695 pro

1932 3695 2113 3769 vidua.
2147 3693 2368 3769 noceat,
2412 3707 2504 3769 pro
2531 3694 2723 3769 χήραν,
2773 3693 3016 3769 nonnulli
3044 3693 3438 3769 legantbripao,
3470 3698 3527 3751 in

1938 3762 2156 3817 Hebraeo
2186 3763 2337 3833 habet
2375 3762 2521 3821 zeda,
2572 3761 2625 3812 id
2668 3771 2763 3825 est,
2797 3761 2991 3833 cibaria
3035 3764 3170 3833 ejus,
3224 3761 3526 3823 benedicens

1934 3834 2249 3887 benedicam.
2281 3830 2450 3905 Porro
2490 3834 2645 3905 θήραν
2683 3832 3003 3905 venationem
3042 3830 3206 3905 magis
3237 3844 3404 3902 potest
3441 3854 3527 3891 so-

1934 3920 2058 3957 nare
2082 3920 2237 3971 quant
2263 3904 2474 3973 fruges;
2512 3901 2712 3954 tametsi
2740 3902 2899 3974 moris
2928 3904 2992 3956 sit
3022 3901 3397 3974 JEggptiorum
3434 3910 3526 3968 θή-

1934 3995 2029 4049 ραν
2076 3975 2228 4027 etiant
2270 3976 2353 4049 far
2393 3987 2611 4049 vocare,
2652 3973 2796 4049 quod
2836 3989 2973 4025 nunc
3010 3973 3261 4049 corrupte
3308 3978 3526 4032 atheran

1934 4043 2260 4168 aucupum.
2292 4045 2417 4098 llac
2437 4044 2790 4114 Augustinus,
2815 4057 2909 4097 seu
2935 4043 3177 4113 quisquis
3198 4057 3386 4102 auctor
3405 4050 3524 4119 ejus

1960 4132 1972 4168 ι
2016 4132 2080 4168 rt.

1960 4116 2080 4169 ibri.

2008 4184 2035 4223 ἀ
2074 4185 2255 4261 Sens_it
2294 4185 2400 4261 l_toc
2428 4185 2713 4261 etiamuvir
2742 4195 2960 4261 sanctus
2986 4185 3211 4261 Ursinus
3243 4190 3525 4261 presbyter

1936 4256 2034 4327 (de
2058 4273 2174 4329 quo
2194 4256 2251 4310 Β.
2285 4254 2691 4325 Gregoriuslib.
2725 4272 2775 4309 tv
2802 4256 3010 4329 Dialog.
3043 4258 3219 4325 capite
3244 4254 3525 4329 ill):'Qui

1933 4330 2075 4397 gravi
2108 4328 2243 4397 febre
2268 4338 2554 4401 correptus,
2586 4338 2634 4381 et
2660 4328 2816 4401 morti
2830 4329 2944 4397 jam
2966 4333 3251 4401 proximus,
3276 4328 3389 4384 cum
3413 4336 3524 4401 ejus

1934 4414 2083 4451 soror
2102 4415 2227 4451 aure
2248 4400 2459 4451 naribus
2479 4400 2593 4469 ejus
2618 4400 2831 4466 prapius
2849 4402 3055 4452 admota
3077 4400 3373 4469 exploraret
3400 4400 3526 4457 num

1935 4470 2125 4541 aliquis
2150 4471 2363 4539 spiritus
2402 4470 2450 4522 ei
2476 4478 2781 4541 superesset,
2815 4470 3070 4536 quantulo
3098 4471 3284 4524 adnisu
3332 4476 3521 4541 potuit,

1936 4538 2282 4611 infervestéens
2312 4541 2500 4610 spiritu
2540 4538 2753 4609 collegit
2794 4557 2987 4605 vocem,
3029 4550 3182 4611 atque
3211 4538 3401 4610 erupit,
3444 4538 3526 4598 di?-

1937 4625 2056 4664 cens
2087 4626 2106 4663 :
2137 4610 2336 4664 Recede
2366 4628 2397 4681 ᾳ
2434 4626 2544 4672 me,
2587 4612 2811 4675 mulier;
2857 4611 3029 4665 adhuc
3066 4610 3328 4681 igniculus
3370 4616 3522 4681 vivit,

1938 4682 2140 4752 paleam
2182 4682 2328 4734 tolle.
2374 4679 2467 4735 Sic
2499 4682 2608 4734 ille.
2647 4681 2847 4735 Eodem
2881 4679 3257 4752 spectat—quod
3302 4684 3355 4738 in
3389 4679 3524 4739 Vitis

247 4742 607 4823 principaliter
636 4742 897 4823 operatur,
928 4753 1012 4820 qui
1040 4751 1201 4823 utitur
1230 4752 1721 4823 instrumentaliter,
1753 4752 1829 4804 vel
1858 4742 1910 4802 Ι)
1936 4748 2153 4823 Patrum
2184 4752 2378 4823 legitur
2410 4752 2493 4804 his
2523 4752 2708 4805 verbis
2740 4752 2891 4821 (Lib.
2912 4742 2958 4804 ’ν
2989 4742 3157 4807 libello
3196 4752 3337 4823 l0):
3372 4755 3523 4807 [liceo

248 4820 488 4876 interiori
517 4832 656 4874 motu
683 4822 907 4876 ltontinis
930 4860 946 4884 ,
988 4822 1065 4875 vel
1106 4824 1216 4891 ejus
1258 4820 1533 4887 locutione,
1568 4822 1644 4875 vel
1675 4823 1828 4875 etiam

248 4892 425 4963 aliquo
452 4895 688 4947 exteriori
722 4905 859 4959 actu,
888 4909 976 4945 seu
1007 4895 1155 4963 etiam
1186 4892 1357 4963 aliqua
1382 4901 1620 4963 contactu
1650 4909 1832 4963 corpo-

248 4960 348 5033 rali
374 4966 603 5031 corporis
630 4966 783 5018 etiam
807 4965 987 5017 mortui
1008 4962 1167 5033 (Vide
1186 4963 1253 5014 ibi
1270 4960 1628 5032 ’Cajetanum).
1660 4960 1827 5030 Unde,

246 5032 409 5090 Josue
448 5054 503 5102 κ,
534 5054 648 5089 cum
672 5035 835 5091 Josue
864 5032 1096 5099 discisset,
1129 5034 1273 5103 quasi
1301 5049 1363 5086 ex
1387 5041 1632 5103 potestate
1663 5049 1679 5084 :
1709 5034 1827 5102 Sol,

247 5118 428 5159 contra
468 5107 683 5163 Gabaon
716 5124 816 5161 non
848 5106 1115 5173 movearis,
1147 5102 1584 5169 subditur'postea
1631 5120 1649 5159 :
1704 5102 1826 5159 Non

248 5179 349 5247 fuit
376 5188 492 5232 ante
521 5188 567 5230 et
598 5189 775 5248 postea
805 5187 911 5231 tam
933 5178 1092 5248 longa
1116 5176 1271 5248 dies,
1301 5175 1563 5248 obediente
1584 5174 1693 5230 Deo
1718 5176 1827 5229 voci

247 5245 493 5302 hominis.
521 5245 790 5303 Hactenus
822 5249 881 5302 S.
912 5247 1167 5300 Thomas.
1203 5245 1354 5300 Unde
1383 5255 1527 5314 patet
1553 5248 1825 5316 quomodo

140 5384 151 5391 .
248 5318 425 5391 sancti
478 5319 774 5391 secundum
841 5316 1506 5391 Gregorium_aliquando
1566 5318 1827 5375 miracula

252 5387 453 5442 faciant
479 5389 633 5456 quasi
679 5406 744 5444 ex
778 5398 1040 5457 potestate
1087 5396 1140 5443 et
1184 5387 1432 5455 imperio,
1465 5402 1586 5442 cum
1617 5397 1830 5444 conStet

251 5459 437 5513 omnia
465 5460 722 5516 miracula
763 5462 937 5517 divina
965 5461 1161 5514 virtute
1193 5458 1305 5512 ﬁeri
1330 5497 1347 5522 ,
1395 5470 1451 5511 ut
1492 5458 1693 5513 dictum
1745 5466 1832 5514 est

248 5527 416 5654 gVide
445 5532 506 5584 S.
530 5529 783 5587 Bernard.
811 5548 963 5586 serm.
992 5530 1056 5584 15
1084 5532 1138 5583 in
1161 5527 1366 5600 Cant.).
1405 5529 1654 5585 Dicuntur
1682 5533 1826 5585 enim

294 5614 371 5653 ac
401 5600 578 5654 facere
604 5617 665 5654 ex
699 5611 984 5654 potestate.
1019 5600 1232 5654 quando
1272 5614 1379 5654 non
1412 5603 1687 5654 nramissa
1720 5603 1823 5654 im-

294 5614 371 5653 ac
401 5600 578 5658 facere
604 5617 665 5657 ex
699 5611 984 5670 potestate,
1019 5600 1232 5669 quando
1272 5614 1379 5654 non
1412 5603 1687 5667 pramissa
1720 5603 1823 5655 im-

246 5671 488 5728 mediate
513 5672 794 5729 manifesta
822 5674 1092 5735 oratione,
1118 5672 1212 5726 sed
1239 5670 1349 5725 sola
1374 5670 1616 5739 iussione
1640 5673 1825 5725 statim

248 5741 569 5803 miraculum
595 5744 978 5814 aggrediuntur
1016 5761 1029 5797 :
1076 5744 1218 5799 sicut
1246 5739 1409 5800 Josue
1452 5741 1692 5798 sistendo
1731 5755 1822 5797 so-

1935 4820 2058 4874 bant
2085 4823 2148 4874 de
2176 4822 2401 4892 quodam
2430 4838 2565 4883 sene,
2599 4824 2722 4892 quia
2750 4820 2911 4887 fuerit
2950 4820 3322 4894 quinquaginta
3363 4841 3524 4878 annos

1936 4907 2094 4959 neque
2120 4910 2307 4961 panem
2336 4895 2627 4956 comedens,
2654 4910 2813 4960 neque
2852 4894 3002 4959 facile
3031 4911 3218 4962 aquam
3249 4894 3444 4957 bibens,
3478 4908 3527 4946 et

1938 4961 2136 5017 dicebat
2163 4979 2181 5015 :
2209 4964 2342 5030 Quia
2372 4965 2595 5017 exstinxi
2622 4964 3041 5032 fornicationem,
3070 4961 3116 5015 et
3138 4965 3411 5015 avaritiam
3436 5005 3448 5025 ,
3478 4974 3526 5016 et

1938 5050 2118 5087 vanam
2150 5036 2389 5105 gloriam.
2418 5033 2486 5097 Et
2506 5036 2628 5102 quia
2648 5033 2803 5085 abbas
2838 5032 3121 5105 Abraltanr
3129 5034 3361 5105 audierat
3388 5036 3527 5105 quod

1938 5106 2048 5158 lucc
2067 5101 2299 5170 dixisset,
2326 5107 2460 5158 venit
2491 5101 2558 5155 ad
2587 5120 2724 5166 eum,
2746 5114 2792 5154 ct
2811 5103 2942 5154 dixit
2965 5102 3008 5155 ei
3034 5117 3051 5153 :
3078 5101 3158 5155 Tu
3186 5102 3363 5154 dixisti
3388 5101 3527 5156 hunc

1935 5178 2263 5230 sermonem?
2291 5176 2356 5230 Et
2384 5176 2473 5230 ille
2499 5175 2761 5246 respondit
2774 5189 2801 5246 _:
2828 5170 3020 5225 Etiam.
3053 5172 3118 5225 Et
3143 5174 3273 5246 dixit
3297 5174 3343 5224 ei
3361 5174 3527 5246 abbas

1934 5246 2238 5301 Abraham:
2265 5246 2398 5300 Ecce
2423 5244 2590 5300 intras
2617 5247 2667 5297 in
2707 5244 2889 5297 cellam
2930 5253 3089 5306 tuam,
3123 5255 3167 5296 et
3199 5244 3394 5297 invenis
3438 5263 3527 5297 su-

1930 5334 2027 5387 pra
2063 5328 2279 5372 mattam
2312 5328 2449 5370 tuam
2496 5316 2796 5387 mulierem;
2836 5324 2979 5387 potes
3006 5330 3106 5366 non
3138 5314 3363 5382 cogitare
3403 5318 3527 5381 quia

1930 5384 2116 5442 mulier
2148 5390 2260 5444 est?
2286 5387 2354 5440 Et
2381 5388 2511 5439 dixit
2542 5403 2559 5439 .·
2585 5384 2728 5447 Νοη,
2767 5385 2858 5437 sed
2888 5388 3132 5453 impugno
3166 5386 3527 5454 cogitationem

1931 5476 2116 5523 meam,
2157 5469 2345 5513 utnon
2389 5466 2602 5524 tangam
2644 5456 2910 5507 mulierem
2955 5456 3121 5507 illam.
3178 5455 3321 5511 Dixit
3367 5455 3525 5512 abbas

1933 5529 2199 5583 Abraham
2230 5544 2248 5580 :
2273 5527 2408 5579 Ecce
2430 5526 2591 5594 igitur
2619 5539 2722 5596 non
2769 5525 3163 5596 fornicationem
3192 5527 3527 5596 interfecisti;

1931 5602 2053 5667 quia
2081 5601 2198 5651 vivit
2225 5598 2395 5667 passio
2422 5596 2556 5663 ipsa,
2584 5594 2680 5667 sed
2701 5596 2918 5667 alligata
2942 5605 3037 5650 est.
3084 5594 3301 5662 Iterum,
3326 5594 3389 5649 'si
3416 5615 3527 5650 am-

1930 5664 2080 5724 bulas
2120 5669 2173 5720 in
2201 5664 2300 5732 via,
2335 5676 2382 5719 et
2410 5666 2547 5718 vides
2577 5664 2810 5733 lapides,
2838 5676 2888 5722 et
2929 5677 3083 5721 testas
3110 5685 3368 5733 vasorum,
3399 5679 3444 5721 et
3476 5669 3527 5722 in

1930 5741 2056 5809 ipsis
2072 5743 2256 5809 jacens
2285 5751 2506 5800 aurum;
2552 5737 2691 5802 quod
2716 5738 2937 5808 videris,
2977 5750 3117 5809 potes
3160 5740 3296 5795 velut
3327 5741 3527 5811 lapides
