  <div class='ocr_page' id='page_1' title='image "/cluster/home/n/w/nwhite01/storage/ocr_20150623/49/uva.x000827093/513.png"; bbox 0 0 4044 6190; ppageno 0'>
   <div class='ocr_carea' id='block_1_1' title="bbox 611 268 745 348">
    <p class='ocr_par' dir='ltr' id='par_1_1' title="bbox 611 268 745 348">
     <span class='ocr_line' id='line_1_1' title="bbox 611 268 745 348; baseline 0.022 -3"><span class='ocrx_word' id='word_1_1' title='bbox 611 268 745 348; x_wconf 76' lang='lat' dir='ltr'><strong>ton</strong></span> 
     </span>
    </p>
   </div>
   <div class='ocr_carea' id='block_1_2' title="bbox 1652 282 2820 345">
    <p class='ocr_par' dir='ltr' id='par_1_2' title="bbox 1652 282 2820 345">
     <span class='ocr_line' id='line_1_2' title="bbox 1652 282 2820 345; baseline -0.003 0"><span class='ocrx_word' id='word_1_2' title='bbox 1652 286 1933 345; x_wconf 77' lang='lat' dir='ltr'><strong>JOANNIS</strong></span> <span class='ocrx_word' id='word_1_3' title='bbox 1970 283 2290 343; x_wconf 77' lang='lat' dir='ltr'><strong>CASSIANI</strong></span> <span class='ocrx_word' id='word_1_4' title='bbox 2326 282 2820 343; x_wconf 81' lang='lat' dir='ltr'><strong>COLLATIONES.</strong></span> 
     </span>
    </p>
   </div>
   <div class='ocr_carea' id='block_1_3' title="bbox 3748 282 3867 346">
    <p class='ocr_par' dir='ltr' id='par_1_3' title="bbox 3748 282 3867 346">
     <span class='ocr_line' id='line_1_3' title="bbox 3748 282 3867 346; baseline 0 -2"><span class='ocrx_word' id='word_1_5' title='bbox 3748 282 3867 346; x_wconf 64' lang='grc' dir='ltr'><strong>Μ</strong></span> 
     </span>
    </p>
   </div>
   <div class='ocr_carea' id='block_1_4' title="bbox 607 401 3864 474">
    <p class='ocr_par' dir='ltr' id='par_1_4' title="bbox 607 401 3864 474">
     <span class='ocr_line' id='line_1_4' title="bbox 607 401 3864 474; baseline -0.001 -10"><span class='ocrx_word' id='word_1_6' title='bbox 607 409 731 464; x_wconf 85' lang='lat' dir='ltr'><strong>deat</strong></span> <span class='ocrx_word' id='word_1_7' title='bbox 763 409 815 463; x_wconf 92' lang='lat' dir='ltr'><strong>in</strong></span> <span class='ocrx_word' id='word_1_8' title='bbox 848 412 1102 465; x_wconf 83' lang='lat' dir='ltr'><strong>membris</strong></span> <span class='ocrx_word' id='word_1_9' title='bbox 1135 410 1236 463; x_wconf 92' lang='lat' dir='ltr'><strong>tuis</strong></span> <span class='ocrx_word' id='word_1_10' title='bbox 1264 405 1561 462; x_wconf 79' lang='lat' dir='ltr'><strong>carnalium</strong></span> <span class='ocrx_word' id='word_1_11' title='bbox 1592 416 1834 459; x_wconf 77' lang='lat' dir='ltr'><strong>motuum</strong></span> <span class='ocrx_word' id='word_1_12' title='bbox 1866 405 2091 459; x_wconf 88' lang='lat' dir='ltr'><strong>necdum</strong></span> <span class='ocrx_word' id='word_1_13' title='bbox 2124 404 2190 459; x_wconf 90' lang='lat' dir='ltr'><strong>ad</strong></span> <span class='ocrx_word' id='word_1_14' title='bbox 2219 409 2272 471; x_wconf 76' lang='grc' dir='ltr'>Α</span> <span class='ocrx_word' id='word_1_15' title='bbox 2295 404 2395 460; x_wconf 93' lang='lat' dir='ltr'><strong>dus</strong></span> <span class='ocrx_word' id='word_1_16' title='bbox 2423 403 2755 459; x_wconf 68' lang='lat' dir='ltr'><strong>castimonia:</strong></span> <span class='ocrx_word' id='word_1_17' title='bbox 2784 416 2895 458; x_wconf 66' lang='lat' dir='ltr'><strong>sua!</strong></span> <span class='ocrx_word' id='word_1_18' title='bbox 2922 401 3083 472; x_wconf 85' lang='lat' dir='ltr'><strong>hujus</strong></span> <span class='ocrx_word' id='word_1_19' title='bbox 3108 402 3449 473; x_wconf 79' lang='lat' dir='ltr'><strong>probationis</strong></span> <span class='ocrx_word' id='word_1_20' title='bbox 3469 401 3701 474; x_wconf 81' lang='lat' dir='ltr'><strong>ponderi</strong></span> <span class='ocrx_word' id='word_1_21' title='bbox 3730 418 3864 460; x_wconf 81' lang='lat' dir='ltr'><strong>com-</strong></span> 
     </span>
    </p>
   </div>
   <div class='ocr_carea' id='block_1_5' title="bbox 606 495 2189 571">
    <p class='ocr_par' dir='ltr' id='par_1_5' title="bbox 606 495 2189 571">
     <span class='ocr_line' id='line_1_5' title="bbox 606 495 2189 571; baseline -0.001 -20"><span class='ocrx_word' id='word_1_22' title='bbox 606 512 797 571; x_wconf 84' lang='lat' dir='ltr'><strong>purum</strong></span> <span class='ocrx_word' id='word_1_23' title='bbox 844 511 1065 556; x_wconf 81' lang='lat' dir='ltr'><strong>excocta</strong></span> <span class='ocrx_word' id='word_1_24' title='bbox 1105 496 1428 554; x_wconf 76' lang='lat' dir='ltr'><strong>commotio?</strong></span> <span class='ocrx_word' id='word_1_25' title='bbox 1465 495 1629 565; x_wconf 85' lang='lat' dir='ltr'><strong>Cujus</strong></span> <span class='ocrx_word' id='word_1_26' title='bbox 1667 495 1875 550; x_wconf 79' lang='lat' dir='ltr'><strong>radices</strong></span> <span class='ocrx_word' id='word_1_27' title='bbox 1912 495 2085 550; x_wconf 89' lang='lat' dir='ltr'><strong>donec</strong></span> <span class='ocrx_word' id='word_1_28' title='bbox 2134 496 2189 549; x_wconf 91' lang='lat' dir='ltr'><strong>in</strong></span> 
     </span>
    </p>
   </div>
   <div class='ocr_carea' id='block_1_6' title="bbox 607 585 2192 659">
    <p class='ocr_par' dir='ltr' id='par_1_6' title="bbox 607 585 2192 659">
     <span class='ocr_line' id='line_1_6' title="bbox 607 585 2192 659; baseline -0.005 -10"><span class='ocrx_word' id='word_1_29' title='bbox 607 585 714 649; x_wconf 73' lang='grc' dir='ltr'><strong>ιυῘέ</strong></span> <span class='ocrx_word' id='word_1_30' title='bbox 736 594 925 649; x_wconf 85' lang='lat' dir='ltr'><strong>vivunt</strong></span> <span class='ocrx_word' id='word_1_31' title='bbox 945 592 1213 659; x_wconf 84' lang='lat' dir='ltr'><strong>medullis,</strong></span> <span class='ocrx_word' id='word_1_32' title='bbox 1243 591 1419 659; x_wconf 78' lang='lat' dir='ltr'><strong>ignem</strong></span> <span class='ocrx_word' id='word_1_33' title='bbox 1448 588 1607 644; x_wconf 88' lang='lat' dir='ltr'><strong>istum</strong></span> <span class='ocrx_word' id='word_1_34' title='bbox 1633 588 1967 643; x_wconf 86' lang='lat' dir='ltr'><strong>materialem</strong></span> <span class='ocrx_word' id='word_1_35' title='bbox 1994 602 2192 655; x_wconf 87' lang='lat' dir='ltr'><strong>nequa-</strong></span> 
     </span>
    </p>
   </div>
   <div class='ocr_carea' id='block_1_7' title="bbox 606 680 2191 756">
    <p class='ocr_par' dir='ltr' id='par_1_7' title="bbox 606 680 2191 756">
     <span class='ocr_line' id='line_1_7' title="bbox 606 680 2191 756; baseline -0.001 -19"><span class='ocrx_word' id='word_1_36' title='bbox 606 701 764 756; x_wconf 88' lang='lat' dir='ltr'><strong>quam</strong></span> <span class='ocrx_word' id='word_1_37' title='bbox 810 684 905 739; x_wconf 89' lang='lat' dir='ltr'><strong>tibi</strong></span> <span class='ocrx_word' id='word_1_38' title='bbox 937 682 1215 753; x_wconf 79' lang='lat' dir='ltr'><strong>pacificum</strong></span> <span class='ocrx_word' id='word_1_39' title='bbox 1262 695 1383 735; x_wconf 87' lang='lat' dir='ltr'><strong>esse</strong></span> <span class='ocrx_word' id='word_1_40' title='bbox 1413 680 1757 751; x_wconf 84' lang='lat' dir='ltr'><strong>permittent,</strong></span> <span class='ocrx_word' id='word_1_41' title='bbox 1804 696 1961 750; x_wconf 88' lang='lat' dir='ltr'><strong>quem</strong></span> <span class='ocrx_word' id='word_1_42' title='bbox 2006 682 2191 751; x_wconf 81' lang='lat' dir='ltr'><strong>utique</strong></span> 
     </span>
    </p>
   </div>
   <div class='ocr_carea' id='block_1_8' title="bbox 606 776 2188 843">
    <p class='ocr_par' dir='ltr' id='par_1_8' title="bbox 606 776 2188 843">
     <span class='ocr_line' id='line_1_8' title="bbox 606 776 2188 843; baseline -0.003 -10"><span class='ocrx_word' id='word_1_43' title='bbox 606 779 883 834; x_wconf 83' lang='lat' dir='ltr'><strong>innoxium</strong></span> <span class='ocrx_word' id='word_1_44' title='bbox 912 776 1043 829; x_wconf 87' lang='lat' dir='ltr'><strong>alias</strong></span> <span class='ocrx_word' id='word_1_45' title='bbox 1068 776 1271 829; x_wconf 89' lang='lat' dir='ltr'><strong>sentire</strong></span> <span class='ocrx_word' id='word_1_46' title='bbox 1297 790 1401 829; x_wconf 92' lang='lat' dir='ltr'><strong>non</strong></span> <span class='ocrx_word' id='word_1_47' title='bbox 1425 776 1652 843; x_wconf 89' lang='lat' dir='ltr'><strong>poteris,</strong></span> <span class='ocrx_word' id='word_1_48' title='bbox 1685 776 1784 829; x_wconf 84' lang='lat' dir='ltr'><strong>nisi</strong></span> <span class='ocrx_word' id='word_1_49' title='bbox 1808 789 1999 829; x_wconf 89' lang='lat' dir='ltr'><strong>omnes</strong></span> <span class='ocrx_word' id='word_1_50' title='bbox 2018 776 2188 832; x_wconf 87' lang='lat' dir='ltr'><strong>inter-</strong></span> 
     </span>
    </p>
   </div>
   <div class='ocr_carea' id='block_1_9' title="bbox 602 867 2183 937">
    <p class='ocr_par' dir='ltr' id='par_1_9' title="bbox 602 867 2183 937">
     <span class='ocr_line' id='line_1_9' title="bbox 602 867 2183 937; baseline -0.003 -12"><span class='ocrx_word' id='word_1_51' title='bbox 602 870 699 925; x_wconf 88' lang='lat' dir='ltr'><strong>nos</strong></span> <span class='ocrx_word' id='word_1_52' title='bbox 741 868 919 924; x_wconf 87' lang='lat' dir='ltr'><strong>motus</strong></span> <span class='ocrx_word' id='word_1_53' title='bbox 969 868 1050 923; x_wconf 86' lang='lat' dir='ltr'><strong>his</strong></span> <span class='ocrx_word' id='word_1_54' title='bbox 1080 867 1287 923; x_wconf 84' lang='lat' dir='ltr'><strong>indiciis</strong></span> <span class='ocrx_word' id='word_1_55' title='bbox 1328 868 1379 922; x_wconf 88' lang='lat' dir='ltr'><strong>in</strong></span> <span class='ocrx_word' id='word_1_56' title='bbox 1423 868 1709 937; x_wconf 84' lang='lat' dir='ltr'><strong>temetipso</strong></span> <span class='ocrx_word' id='word_1_57' title='bbox 1739 869 2039 937; x_wconf 77' lang='lat' dir='ltr'><strong>esperiaris</strong></span> <span class='ocrx_word' id='word_1_58' title='bbox 2085 880 2183 922; x_wconf 82' lang='lat' dir='ltr'><strong>ex-</strong></span> 
     </span>
    </p>
   </div>
   <div class='ocr_carea' id='block_1_10' title="bbox 598 956 2183 1030">
    <p class='ocr_par' dir='ltr' id='par_1_10' title="bbox 598 956 2183 1030">
     <span class='ocr_line' id='line_1_10' title="bbox 598 956 2183 1030; baseline -0.001 -15"><span class='ocrx_word' id='word_1_59' title='bbox 598 962 848 1016; x_wconf 86' lang='lat' dir='ltr'><strong>stinctos.</strong></span> <span class='ocrx_word' id='word_1_60' title='bbox 894 956 1041 1015; x_wconf 76' lang='lat' dir='ltr'><strong>Vade</strong></span> <span class='ocrx_word' id='word_1_61' title='bbox 1079 970 1133 1015; x_wconf 90' lang='lat' dir='ltr'><strong>et</strong></span> <span class='ocrx_word' id='word_1_62' title='bbox 1170 959 1515 1030; x_wconf 80' lang='lat' dir='ltr'><strong>apprehende</strong></span> <span class='ocrx_word' id='word_1_63' title='bbox 1556 961 1749 1014; x_wconf 90' lang='lat' dir='ltr'><strong>nudam</strong></span> <span class='ocrx_word' id='word_1_64' title='bbox 1792 969 1847 1014; x_wconf 89' lang='lat' dir='ltr'><strong>et</strong></span> <span class='ocrx_word' id='word_1_65' title='bbox 1888 959 2183 1029; x_wconf 82' lang='lat' dir='ltr'><strong>pulcherri-</strong></span> 
     </span>
    </p>
   </div>
   <div class='ocr_carea' id='block_1_11' title="bbox 600 1051 2182 1122">
    <p class='ocr_par' dir='ltr' id='par_1_11' title="bbox 600 1051 2182 1122">
     <span class='ocr_line' id='line_1_11' title="bbox 600 1051 2182 1122; baseline 0 -16"><span class='ocrx_word' id='word_1_66' title='bbox 600 1054 739 1106; x_wconf 85' lang='lat' dir='ltr'><strong>mam</strong></span> <span class='ocrx_word' id='word_1_67' title='bbox 786 1051 1088 1122; x_wconf 75' lang='lat' dir='ltr'><strong>virginem;</strong></span> <span class='ocrx_word' id='word_1_68' title='bbox 1122 1062 1174 1107; x_wconf 89' lang='lat' dir='ltr'><strong>et</strong></span> <span class='ocrx_word' id='word_1_69' title='bbox 1212 1053 1257 1107; x_wconf 91' lang='lat' dir='ltr'><strong>si</strong></span> <span class='ocrx_word' id='word_1_70' title='bbox 1303 1053 1447 1107; x_wconf 83' lang='lat' dir='ltr'><strong>illam</strong></span> <span class='ocrx_word' id='word_1_71' title='bbox 1481 1062 1690 1117; x_wconf 89' lang='lat' dir='ltr'><strong>tenens,</strong></span> <span class='ocrx_word' id='word_1_72' title='bbox 1740 1052 2182 1122; x_wconf 88' lang='lat' dir='ltr'><strong>tranquillitatem</strong></span> 
     </span>
    </p>
   </div>
   <div class='ocr_carea' id='block_1_12' title="bbox 599 1146 2181 1216">
    <p class='ocr_par' dir='ltr' id='par_1_12' title="bbox 599 1146 2181 1216">
     <span class='ocr_line' id='line_1_12' title="bbox 599 1146 2181 1216; baseline 0.001 -17"><span class='ocrx_word' id='word_1_73' title='bbox 599 1147 674 1200; x_wconf 90' lang='lat' dir='ltr'><strong>tui</strong></span> <span class='ocrx_word' id='word_1_74' title='bbox 704 1146 882 1200; x_wconf 88' lang='lat' dir='ltr'><strong>cordis</strong></span> <span class='ocrx_word' id='word_1_75' title='bbox 914 1146 1245 1201; x_wconf 87' lang='lat' dir='ltr'><strong>immobilem</strong></span> <span class='ocrx_word' id='word_1_76' title='bbox 1279 1154 1549 1216; x_wconf 65' lang='lat' dir='ltr'><strong>aestusque</strong></span> <span class='ocrx_word' id='word_1_77' title='bbox 1576 1147 1825 1201; x_wconf 87' lang='lat' dir='ltr'><strong>carnales</strong></span> <span class='ocrx_word' id='word_1_78' title='bbox 1854 1146 2104 1215; x_wconf 74' lang='lat' dir='ltr'><strong>pacificos</strong></span> <span class='ocrx_word' id='word_1_79' title='bbox 2127 1146 2181 1200; x_wconf 93' lang='lat' dir='ltr'><strong>in</strong></span> 
     </span>
    </p>
   </div>
   <div class='ocr_carea' id='block_1_13' title="bbox 599 1238 2183 1309">
    <p class='ocr_par' dir='ltr' id='par_1_13' title="bbox 599 1238 2183 1309">
     <span class='ocr_line' id='line_1_13' title="bbox 599 1238 2183 1309; baseline 0.001 -16"><span class='ocrx_word' id='word_1_80' title='bbox 599 1248 651 1293; x_wconf 86' lang='lat' dir='ltr'><strong>te</strong></span> <span class='ocrx_word' id='word_1_81' title='bbox 682 1238 918 1294; x_wconf 75' lang='lat' dir='ltr'><strong>senseris</strong></span> <span class='ocrx_word' id='word_1_82' title='bbox 952 1239 1300 1309; x_wconf 88' lang='lat' dir='ltr'><strong>perdurasse,</strong></span> <span class='ocrx_word' id='word_1_83' title='bbox 1333 1240 1493 1309; x_wconf 74' lang='lat' dir='ltr'><strong>huius</strong></span> <span class='ocrx_word' id='word_1_84' title='bbox 1520 1255 1735 1309; x_wconf 86' lang='lat' dir='ltr'><strong>quoque</strong></span> <span class='ocrx_word' id='word_1_85' title='bbox 1767 1240 1997 1295; x_wconf 87' lang='lat' dir='ltr'><strong>visibilis</strong></span> <span class='ocrx_word' id='word_1_86' title='bbox 2026 1240 2183 1295; x_wconf 86' lang='lat' dir='ltr'><strong>llam-</strong></span> 
     </span>
    </p>
   </div>
   <div class='ocr_carea' id='block_1_14' title="bbox 600 1331 2181 1401">
    <p class='ocr_par' dir='ltr' id='par_1_14' title="bbox 600 1331 2181 1401">
     <span class='ocr_line' id='line_1_14' title="bbox 600 1331 2181 1401; baseline 0.001 -17"><span class='ocrx_word' id='word_1_87' title='bbox 600 1347 699 1384; x_wconf 69' lang='lat' dir='ltr'><strong>ma:</strong></span> <span class='ocrx_word' id='word_1_88' title='bbox 727 1332 870 1386; x_wconf 88' lang='lat' dir='ltr'><strong>mitis</strong></span> <span class='ocrx_word' id='word_1_89' title='bbox 892 1338 1051 1401; x_wconf 88' lang='lat' dir='ltr'><strong>atque</strong></span> <span class='ocrx_word' id='word_1_90' title='bbox 1084 1332 1336 1386; x_wconf 68' lang='lat' dir='ltr'><strong>inno‘xius</strong></span> <span class='ocrx_word' id='word_1_91' title='bbox 1363 1332 1415 1385; x_wconf 88' lang='lat' dir='ltr'><strong>in</strong></span> <span class='ocrx_word' id='word_1_92' title='bbox 1445 1332 1664 1387; x_wconf 90' lang='lat' dir='ltr'><strong>modum</strong></span> <span class='ocrx_word' id='word_1_93' title='bbox 1692 1331 1905 1386; x_wconf 91' lang='lat' dir='ltr'><strong>illorum</strong></span> <span class='ocrx_word' id='word_1_94' title='bbox 1937 1333 2098 1385; x_wconf 89' lang='lat' dir='ltr'><strong>trium</strong></span> <span class='ocrx_word' id='word_1_95' title='bbox 2127 1331 2181 1385; x_wconf 94' lang='lat' dir='ltr'><strong>in</strong></span> 
     </span>
    </p>
   </div>
   <div class='ocr_carea' id='block_1_15' title="bbox 597 1425 2177 1497">
    <p class='ocr_par' dir='ltr' id='par_1_15' title="bbox 597 1425 2177 1497">
     <span class='ocr_line' id='line_1_15' title="bbox 597 1425 2177 1497; baseline -0.001 -18"><span class='ocrx_word' id='word_1_96' title='bbox 597 1425 891 1496; x_wconf 81' lang='lat' dir='ltr'><strong>Babylonia</strong></span> <span class='ocrx_word' id='word_1_97' title='bbox 926 1441 1216 1496; x_wconf 85' lang='lat' dir='ltr'><strong>puerorum</strong></span> <span class='ocrx_word' id='word_1_98' title='bbox 1262 1435 1315 1481; x_wconf 92' lang='lat' dir='ltr'><strong>te</strong></span> <span class='ocrx_word' id='word_1_99' title='bbox 1355 1426 1608 1481; x_wconf 89' lang='lat' dir='ltr'><strong>allambet</strong></span> <span class='ocrx_word' id='word_1_100' title='bbox 1650 1434 1879 1480; x_wconf 88' lang='lat' dir='ltr'><strong>attactus</strong></span> <span class='ocrx_word' id='word_1_101' title='bbox 1924 1425 2177 1497; x_wconf 80' lang='lat' dir='ltr'><strong>(Daniel.</strong></span> 
     </span>
    </p>
   </div>
   <div class='ocr_carea' id='block_1_16' title="bbox 595 1516 2181 1588">
    <p class='ocr_par' dir='ltr' id='par_1_16' title="bbox 595 1516 2181 1588">
     <span class='ocr_line' id='line_1_16' title="bbox 595 1516 2181 1588; baseline 0.001 -18"><span class='ocrx_word' id='word_1_102' title='bbox 595 1517 692 1585; x_wconf 86' lang='grc' dir='ltr'><strong>ιιι).</strong></span> <span class='ocrx_word' id='word_1_103' title='bbox 722 1516 904 1587; x_wconf 87' lang='lat' dir='ltr'><strong>Itaque</strong></span> <span class='ocrx_word' id='word_1_104' title='bbox 927 1532 1092 1572; x_wconf 81' lang='lat' dir='ltr'><strong>senex</strong></span> <span class='ocrx_word' id='word_1_105' title='bbox 1120 1534 1183 1572; x_wconf 86' lang='lat' dir='ltr'><strong>ex</strong></span> <span class='ocrx_word' id='word_1_106' title='bbox 1208 1517 1517 1588; x_wconf 75' lang='lat' dir='ltr'><strong>huju’smodi</strong></span> <span class='ocrx_word' id='word_1_107' title='bbox 1546 1519 1877 1573; x_wconf 83' lang='lat' dir='ltr'><strong>rcvclatione</strong></span> <span class='ocrx_word' id='word_1_108' title='bbox 1900 1518 2181 1587; x_wconf 83' lang='lat' dir='ltr'><strong>perculsus</strong></span> 
     </span>
    </p>
   </div>
   <div class='ocr_carea' id='block_1_17' title="bbox 597 1609 2181 1679">
    <p class='ocr_par' dir='ltr' id='par_1_17' title="bbox 597 1609 2181 1679">
     <span class='ocr_line' id='line_1_17' title="bbox 597 1609 2181 1679; baseline 0.003 -20"><span class='ocrx_word' id='word_1_109' title='bbox 597 1624 703 1661; x_wconf 91' lang='lat' dir='ltr'><strong>non</strong></span> <span class='ocrx_word' id='word_1_110' title='bbox 730 1609 947 1678; x_wconf 87' lang='lat' dir='ltr'><strong>quidem</strong></span> <span class='ocrx_word' id='word_1_111' title='bbox 981 1610 1337 1679; x_wconf 81' lang='lat' dir='ltr'><strong>experimenti</strong></span> <span class='ocrx_word' id='word_1_112' title='bbox 1367 1611 1623 1665; x_wconf 88' lang='lat' dir='ltr'><strong>divinitus</strong></span> <span class='ocrx_word' id='word_1_113' title='bbox 1650 1610 2002 1665; x_wconf 88' lang='lat' dir='ltr'><strong>demonstrati</strong></span> <span class='ocrx_word' id='word_1_114' title='bbox 2035 1611 2181 1679; x_wconf 91' lang='lat' dir='ltr'><strong>peri-</strong></span> 
     </span>
    </p>
   </div>
   <div class='ocr_carea' id='block_1_18' title="bbox 592 1702 2172 1772">
    <p class='ocr_par' dir='ltr' id='par_1_18' title="bbox 592 1702 2172 1772">
     <span class='ocr_line' id='line_1_18' title="bbox 592 1702 2172 1772; baseline 0.003 -19"><span class='ocrx_word' id='word_1_115' title='bbox 592 1702 708 1755; x_wconf 90' lang='lat' dir='ltr'><strong>cula</strong></span> <span class='ocrx_word' id='word_1_116' title='bbox 738 1704 1029 1772; x_wconf 80' lang='lat' dir='ltr'><strong>consuluit,</strong></span> <span class='ocrx_word' id='word_1_117' title='bbox 1065 1703 1157 1759; x_wconf 88' lang='lat' dir='ltr'><strong>sed</strong></span> <span class='ocrx_word' id='word_1_118' title='bbox 1197 1704 1539 1772; x_wconf 81' lang='lat' dir='ltr'><strong>interregans</strong></span> <span class='ocrx_word' id='word_1_119' title='bbox 1569 1704 1955 1759; x_wconf 83' lang='lat' dir='ltr'><strong>conscientiam</strong></span> <span class='ocrx_word' id='word_1_120' title='bbox 1998 1718 2172 1771; x_wconf 86' lang='lat' dir='ltr'><strong>suam,</strong></span> 
     </span>
    </p>
   </div>
   <div class='ocr_carea' id='block_1_19' title="bbox 2292 495 3864 568">
    <p class='ocr_par' dir='ltr' id='par_1_19' title="bbox 2292 495 3864 568">
     <span class='ocr_line' id='line_1_19' title="bbox 2292 495 3864 568; baseline 0.002 -17"><span class='ocrx_word' id='word_1_121' title='bbox 2292 512 2521 568; x_wconf 87' lang='lat' dir='ltr'><strong>pensare</strong></span> <span class='ocrx_word' id='word_1_122' title='bbox 2550 498 2866 565; x_wconf 88' lang='lat' dir='ltr'><strong>conjectans</strong></span> <span class='ocrx_word' id='word_1_123' title='bbox 2897 513 2908 549; x_wconf 90' lang='lat'><strong>:</strong></span> <span class='ocrx_word' id='word_1_124' title='bbox 2936 495 3052 549; x_wconf 87' lang='lat' dir='ltr'><strong>Non</strong></span> <span class='ocrx_word' id='word_1_125' title='bbox 3094 496 3289 550; x_wconf 91' lang='lat' dir='ltr'><strong>mirum</strong></span> <span class='ocrx_word' id='word_1_126' title='bbox 3338 504 3439 562; x_wconf 87' lang='lat' dir='ltr'><strong>est,</strong></span> <span class='ocrx_word' id='word_1_127' title='bbox 3484 496 3583 563; x_wconf 90' lang='lat' dir='ltr'><strong>ait,</strong></span> <span class='ocrx_word' id='word_1_128' title='bbox 3613 496 3661 552; x_wconf 85' lang='lat' dir='ltr'><strong>si</strong></span> <span class='ocrx_word' id='word_1_129' title='bbox 3686 496 3864 553; x_wconf 84' lang='lat' dir='ltr'><strong>ceden-</strong></span> 
     </span>
    </p>
   </div>
   <div class='ocr_carea' id='block_1_20' title="bbox 2292 584 3860 656">
    <p class='ocr_par' dir='ltr' id='par_1_20' title="bbox 2292 584 3860 656">
     <span class='ocr_line' id='line_1_20' title="bbox 2292 584 3860 656; baseline 0 -12"><span class='ocrx_word' id='word_1_130' title='bbox 2292 589 2435 645; x_wconf 88' lang='lat' dir='ltr'><strong>tibus</strong></span> <span class='ocrx_word' id='word_1_131' title='bbox 2466 589 2598 643; x_wconf 87' lang='lat' dir='ltr'><strong>mihi</strong></span> <span class='ocrx_word' id='word_1_132' title='bbox 2629 584 3027 642; x_wconf 91' lang='lat' dir='ltr'><strong>immundorum</strong></span> <span class='ocrx_word' id='word_1_133' title='bbox 3057 587 3348 656; x_wconf 87' lang='lat' dir='ltr'><strong>spirituum</strong></span> <span class='ocrx_word' id='word_1_134' title='bbox 3388 586 3614 655; x_wconf 68' lang='lat' dir='ltr'><strong>praeliis,</strong></span> <span class='ocrx_word' id='word_1_135' title='bbox 3641 588 3860 645; x_wconf 85' lang='lat' dir='ltr'><strong>adustio-</strong></span> 
     </span>
    </p>
   </div>
   <div class='ocr_carea' id='block_1_21' title="bbox 2291 678 3861 750">
    <p class='ocr_par' dir='ltr' id='par_1_21' title="bbox 2291 678 3861 750">
     <span class='ocr_line' id='line_1_21' title="bbox 2291 678 3861 750; baseline 0.001 -15"><span class='ocrx_word' id='word_1_136' title='bbox 2291 696 2387 736; x_wconf 92' lang='lat' dir='ltr'><strong>nes</strong></span> <span class='ocrx_word' id='word_1_137' title='bbox 2434 682 2571 750; x_wconf 78' lang='lat' dir='ltr'><strong>ignis</strong></span> <span class='ocrx_word' id='word_1_138' title='bbox 2620 692 2754 749; x_wconf 87' lang='lat' dir='ltr'><strong>quas</strong></span> <span class='ocrx_word' id='word_1_139' title='bbox 2804 678 3090 734; x_wconf 86' lang='lat' dir='ltr'><strong>dirissimis</strong></span> <span class='ocrx_word' id='word_1_140' title='bbox 3142 678 3523 748; x_wconf 73' lang='lat' dir='ltr'><strong>congressibus</strong></span> <span class='ocrx_word' id='word_1_141' title='bbox 3573 678 3861 737; x_wconf 72' lang='lat' dir='ltr'><strong>daemonum</strong></span> 
     </span>
    </p>
   </div>
   <div class='ocr_carea' id='block_1_22' title="bbox 2289 770 3863 836">
    <p class='ocr_par' dir='ltr' id='par_1_22' title="bbox 2289 770 3863 836">
     <span class='ocr_line' id='line_1_22' title="bbox 2289 770 3863 836; baseline 0.001 -9"><span class='ocrx_word' id='word_1_142' title='bbox 2289 775 2578 828; x_wconf 79' lang='lat' dir='ltr'><strong>inferiores</strong></span> <span class='ocrx_word' id='word_1_143' title='bbox 2603 786 2724 828; x_wconf 88' lang='lat' dir='ltr'><strong>esse</strong></span> <span class='ocrx_word' id='word_1_144' title='bbox 2752 771 3060 836; x_wconf 90' lang='lat' dir='ltr'><strong>credebam,</strong></span> <span class='ocrx_word' id='word_1_145' title='bbox 3092 771 3271 826; x_wconf 89' lang='lat' dir='ltr'><strong>adhuc</strong></span> <span class='ocrx_word' id='word_1_146' title='bbox 3311 770 3598 826; x_wconf 86' lang='lat' dir='ltr'><strong>adversum</strong></span> <span class='ocrx_word' id='word_1_147' title='bbox 3645 788 3735 827; x_wconf 88' lang='lat' dir='ltr'><strong>me</strong></span> <span class='ocrx_word' id='word_1_148' title='bbox 3760 789 3863 829; x_wconf 85' lang='lat' dir='ltr'><strong>sen-</strong></span> 
     </span>
    </p>
   </div>
   <div class='ocr_carea' id='block_1_23' title="bbox 2296 866 3863 935">
    <p class='ocr_par' dir='ltr' id='par_1_23' title="bbox 2296 866 3863 935">
     <span class='ocr_line' id='line_1_23' title="bbox 2296 866 3863 935; baseline 0.001 -13"><span class='ocrx_word' id='word_1_149' title='bbox 2296 866 2459 922; x_wconf 89' lang='lat' dir='ltr'><strong>serim</strong></span> <span class='ocrx_word' id='word_1_150' title='bbox 2497 866 2800 921; x_wconf 75' lang='lat' dir='ltr'><strong>saevientes.</strong></span> <span class='ocrx_word' id='word_1_151' title='bbox 2850 866 3019 935; x_wconf 84' lang='lat' dir='ltr'><strong>Major</strong></span> <span class='ocrx_word' id='word_1_152' title='bbox 3044 867 3245 935; x_wconf 87' lang='lat' dir='ltr'><strong>quippe</strong></span> <span class='ocrx_word' id='word_1_153' title='bbox 3274 875 3359 921; x_wconf 91' lang='lat' dir='ltr'><strong>est</strong></span> <span class='ocrx_word' id='word_1_154' title='bbox 3402 866 3579 921; x_wconf 91' lang='lat' dir='ltr'><strong>virtus</strong></span> <span class='ocrx_word' id='word_1_155' title='bbox 3625 881 3691 921; x_wconf 89' lang='lat' dir='ltr'><strong>ac</strong></span> <span class='ocrx_word' id='word_1_156' title='bbox 3717 869 3863 924; x_wconf 85' lang='lat' dir='ltr'><strong>subli-</strong></span> 
     </span>
    </p>
   </div>
   <div class='ocr_carea' id='block_1_24' title="bbox 2297 960 3855 1031">
    <p class='ocr_par' dir='ltr' id='par_1_24' title="bbox 2297 960 3855 1031">
     <span class='ocr_line' id='line_1_24' title="bbox 2297 960 3855 1031; baseline 0.001 -14"><span class='ocrx_word' id='word_1_157' title='bbox 2297 964 2435 1017; x_wconf 90' lang='lat' dir='ltr'><strong>mior</strong></span> <span class='ocrx_word' id='word_1_158' title='bbox 2461 963 2655 1031; x_wconf 77' lang='lat' dir='ltr'><strong>gratia,</strong></span> <span class='ocrx_word' id='word_1_159' title='bbox 2686 963 2952 1017; x_wconf 90' lang='lat' dir='ltr'><strong>internam</strong></span> <span class='ocrx_word' id='word_1_160' title='bbox 2985 961 3262 1015; x_wconf 90' lang='lat' dir='ltr'><strong>libidinem</strong></span> <span class='ocrx_word' id='word_1_161' title='bbox 3292 960 3472 1015; x_wconf 89' lang='lat' dir='ltr'><strong>carnis</strong></span> <span class='ocrx_word' id='word_1_162' title='bbox 3501 962 3855 1031; x_wconf 79' lang='lat' dir='ltr'><strong>exstinguere,</strong></span> 
     </span>
    </p>
   </div>
   <div class='ocr_carea' id='block_1_25' title="bbox 2292 1053 3858 1125">
    <p class='ocr_par' dir='ltr' id='par_1_25' title="bbox 2292 1053 3858 1125">
     <span class='ocr_line' id='line_1_25' title="bbox 2292 1053 3858 1125; baseline 0.001 -16"><span class='ocrx_word' id='word_1_163' title='bbox 2292 1069 2453 1125; x_wconf 89' lang='lat' dir='ltr'><strong>quam</strong></span> <span class='ocrx_word' id='word_1_164' title='bbox 2500 1054 2764 1123; x_wconf 86' lang='lat' dir='ltr'><strong>nequitias</strong></span> <span class='ocrx_word' id='word_1_165' title='bbox 2812 1053 3119 1107; x_wconf 60' lang='lat' dir='ltr'><strong>daemonum</strong></span> <span class='ocrx_word' id='word_1_166' title='bbox 3167 1053 3508 1108; x_wconf 80' lang='lat' dir='ltr'><strong>extrinsecus</strong></span> <span class='ocrx_word' id='word_1_167' title='bbox 3566 1054 3858 1123; x_wconf 89' lang='lat' dir='ltr'><strong>irruentes,</strong></span> 
     </span>
    </p>
   </div>
   <div class='ocr_carea' id='block_1_26' title="bbox 2295 1142 3860 1217">
    <p class='ocr_par' dir='ltr' id='par_1_26' title="bbox 2295 1142 3860 1217">
     <span class='ocr_line' id='line_1_26' title="bbox 2295 1142 3860 1217; baseline -0.002 -14"><span class='ocrx_word' id='word_1_168' title='bbox 2295 1157 2321 1185; x_wconf 79' lang='grc' dir='ltr'>ι</span> <span class='ocrx_word' id='word_1_169' title='bbox 2353 1147 2508 1217; x_wconf 77' lang='lat' dir='ltr'><strong>signo</strong></span> <span class='ocrx_word' id='word_1_170' title='bbox 2550 1145 2761 1200; x_wconf 91' lang='lat' dir='ltr'><strong>Domini</strong></span> <span class='ocrx_word' id='word_1_171' title='bbox 2792 1160 2855 1199; x_wconf 92' lang='lat' dir='ltr'><strong>ac</strong></span> <span class='ocrx_word' id='word_1_172' title='bbox 2886 1144 3105 1198; x_wconf 88' lang='lat' dir='ltr'><strong>virtutis</strong></span> <span class='ocrx_word' id='word_1_173' title='bbox 3129 1142 3394 1198; x_wconf 79' lang='lat' dir='ltr'><strong>Altissimi</strong></span> <span class='ocrx_word' id='word_1_174' title='bbox 3424 1143 3663 1212; x_wconf 88' lang='lat' dir='ltr'><strong>potentia</strong></span> <span class='ocrx_word' id='word_1_175' title='bbox 3692 1146 3860 1215; x_wconf 83' lang='lat' dir='ltr'><strong>subju-</strong></span> 
     </span>
    </p>
   </div>
   <div class='ocr_carea' id='block_1_27' title="bbox 2289 1235 3862 1309">
    <p class='ocr_par' dir='ltr' id='par_1_27' title="bbox 2289 1235 3862 1309">
     <span class='ocr_line' id='line_1_27' title="bbox 2289 1235 3862 1309; baseline 0 -18"><span class='ocrx_word' id='word_1_176' title='bbox 2289 1254 2437 1309; x_wconf 65' lang='grc' dir='ltr'><strong>εει-θ,</strong></span> <span class='ocrx_word' id='word_1_177' title='bbox 2469 1239 2551 1293; x_wconf 89' lang='lat' dir='ltr'><strong>vel</strong></span> <span class='ocrx_word' id='word_1_178' title='bbox 2579 1238 2647 1293; x_wconf 92' lang='lat' dir='ltr'><strong>de</strong></span> <span class='ocrx_word' id='word_1_179' title='bbox 2675 1237 2915 1292; x_wconf 85' lang='lat' dir='ltr'><strong>obsessis</strong></span> <span class='ocrx_word' id='word_1_180' title='bbox 2960 1235 3287 1304; x_wconf 85' lang='lat' dir='ltr'><strong>corporibus</strong></span> <span class='ocrx_word' id='word_1_181' title='bbox 3326 1236 3563 1289; x_wconf 85' lang='lat' dir='ltr'><strong>nominis</strong></span> <span class='ocrx_word' id='word_1_182' title='bbox 3602 1237 3768 1290; x_wconf 81' lang='lat' dir='ltr'><strong>divini</strong></span> <span class='ocrx_word' id='word_1_183' title='bbox 3795 1237 3862 1291; x_wconf 85' lang='lat' dir='ltr'><strong>in-</strong></span> 
     </span>
    </p>
   </div>
   <div class='ocr_carea' id='block_1_28' title="bbox 2282 1327 3863 1400">
    <p class='ocr_par' dir='ltr' id='par_1_28' title="bbox 2282 1327 3863 1400">
     <span class='ocr_line' id='line_1_28' title="bbox 2282 1327 3863 1400; baseline 0 -15"><span class='ocrx_word' id='word_1_184' title='bbox 2282 1333 2570 1387; x_wconf 86' lang='lat' dir='ltr'><strong>vocatione</strong></span> <span class='ocrx_word' id='word_1_185' title='bbox 2593 1330 2913 1400; x_wconf 88' lang='lat' dir='ltr'><strong>propellere.</strong></span> <span class='ocrx_word' id='word_1_186' title='bbox 2944 1328 3060 1384; x_wconf 88' lang='lat' dir='ltr'><strong>Huc</strong></span> <span class='ocrx_word' id='word_1_187' title='bbox 3086 1342 3258 1398; x_wconf 87' lang='lat' dir='ltr'><strong>usque</strong></span> <span class='ocrx_word' id='word_1_188' title='bbox 3283 1329 3453 1384; x_wconf 87' lang='lat' dir='ltr'><strong>abbas</strong></span> <span class='ocrx_word' id='word_1_189' title='bbox 3473 1327 3733 1384; x_wconf 82' lang='lat' dir='ltr'><strong>Nesteros</strong></span> <span class='ocrx_word' id='word_1_190' title='bbox 3754 1344 3863 1385; x_wconf 84' lang='lat' dir='ltr'><strong>ora-</strong></span> 
     </span>
    </p>
   </div>
   <div class='ocr_carea' id='block_1_29' title="bbox 2286 1421 3863 1490">
    <p class='ocr_par' dir='ltr' id='par_1_29' title="bbox 2286 1421 3863 1490">
     <span class='ocr_line' id='line_1_29' title="bbox 2286 1421 3863 1490; baseline 0 -11"><span class='ocrx_word' id='word_1_191' title='bbox 2286 1426 2486 1480; x_wconf 91' lang='lat' dir='ltr'><strong>tionem</strong></span> <span class='ocrx_word' id='word_1_192' title='bbox 2527 1425 2595 1479; x_wconf 91' lang='lat' dir='ltr'><strong>de</strong></span> <span class='ocrx_word' id='word_1_193' title='bbox 2633 1438 2758 1478; x_wconf 89' lang='lat' dir='ltr'><strong>vera</strong></span> <span class='ocrx_word' id='word_1_194' title='bbox 2805 1421 3198 1477; x_wconf 86' lang='lat' dir='ltr'><strong>charismatum</strong></span> <span class='ocrx_word' id='word_1_195' title='bbox 3250 1422 3567 1490; x_wconf 88' lang='lat' dir='ltr'><strong>operatione</strong></span> <span class='ocrx_word' id='word_1_196' title='bbox 3618 1436 3863 1479; x_wconf 84' lang='lat' dir='ltr'><strong>consum-</strong></span> 
     </span>
    </p>
   </div>
   <div class='ocr_carea' id='block_1_30' title="bbox 2288 1514 3864 1584">
    <p class='ocr_par' dir='ltr' id='par_1_30' title="bbox 2288 1514 3864 1584">
     <span class='ocr_line' id='line_1_30' title="bbox 2288 1514 3864 1584; baseline 0 -12"><span class='ocrx_word' id='word_1_197' title='bbox 2288 1532 2466 1581; x_wconf 82' lang='lat' dir='ltr'><strong>msns,</strong></span> <span class='ocrx_word' id='word_1_198' title='bbox 2498 1532 2596 1572; x_wconf 91' lang='lat' dir='ltr'><strong>nos</strong></span> <span class='ocrx_word' id='word_1_199' title='bbox 2631 1516 2697 1571; x_wconf 89' lang='lat' dir='ltr'><strong>ad</strong></span> <span class='ocrx_word' id='word_1_200' title='bbox 2733 1516 2927 1571; x_wconf 88' lang='lat' dir='ltr'><strong>cellam</strong></span> <span class='ocrx_word' id='word_1_201' title='bbox 2957 1516 3104 1571; x_wconf 89' lang='lat' dir='ltr'><strong>senis</strong></span> <span class='ocrx_word' id='word_1_202' title='bbox 3133 1514 3363 1583; x_wconf 86' lang='lat' dir='ltr'><strong>Joseph,</strong></span> <span class='ocrx_word' id='word_1_203' title='bbox 3391 1528 3514 1584; x_wconf 68' lang='lat' dir='ltr'><strong>quae</strong></span> <span class='ocrx_word' id='word_1_204' title='bbox 3558 1528 3654 1569; x_wconf 79' lang='lat' dir='ltr'><strong>ses</strong></span> <span class='ocrx_word' id='word_1_205' title='bbox 3704 1515 3864 1572; x_wconf 86' lang='lat' dir='ltr'><strong>lerme</strong></span> 
     </span>
    </p>
   </div>
   <div class='ocr_carea' id='block_1_31' title="bbox 2287 1605 3865 1677">
    <p class='ocr_par' dir='ltr' id='par_1_31' title="bbox 2287 1605 3865 1677">
     <span class='ocr_line' id='line_1_31' title="bbox 2287 1605 3865 1677; baseline -0.001 -12"><span class='ocrx_word' id='word_1_206' title='bbox 2287 1610 2526 1665; x_wconf 89' lang='lat' dir='ltr'><strong>millibus</strong></span> <span class='ocrx_word' id='word_1_207' title='bbox 2568 1609 2635 1664; x_wconf 88' lang='lat' dir='ltr'><strong>ab</strong></span> <span class='ocrx_word' id='word_1_208' title='bbox 2672 1609 2792 1676; x_wconf 88' lang='lat' dir='ltr'><strong>ipso</strong></span> <span class='ocrx_word' id='word_1_209' title='bbox 2838 1616 2977 1671; x_wconf 87' lang='lat' dir='ltr'><strong>erat,</strong></span> <span class='ocrx_word' id='word_1_210' title='bbox 3031 1617 3408 1677; x_wconf 82' lang='lat' dir='ltr'><strong>properantes,</strong></span> <span class='ocrx_word' id='word_1_211' title='bbox 3454 1605 3713 1661; x_wconf 76' lang='lat' dir='ltr'><strong>doctrina:</strong></span> <span class='ocrx_word' id='word_1_212' title='bbox 3763 1621 3865 1663; x_wconf 72' lang='lat' dir='ltr'><strong>suae.</strong></span> 
     </span>
    </p>
   </div>
   <div class='ocr_carea' id='block_1_32' title="bbox 2285 1703 3093 1772">
    <p class='ocr_par' dir='ltr' id='par_1_32' title="bbox 2285 1703 3093 1772">
     <span class='ocr_line' id='line_1_32' title="bbox 2285 1703 3093 1772; baseline 0.002 -15"><span class='ocrx_word' id='word_1_213' title='bbox 2285 1703 2625 1759; x_wconf 84' lang='lat' dir='ltr'><strong>institutione</strong></span> <span class='ocrx_word' id='word_1_214' title='bbox 2648 1710 2968 1772; x_wconf 87' lang='lat' dir='ltr'><strong>prosecutus</strong></span> <span class='ocrx_word' id='word_1_215' title='bbox 2990 1708 3093 1759; x_wconf 84' lang='lat' dir='ltr'><strong>est.</strong></span> 
     </span>
    </p>
   </div>
   <div class='ocr_carea' id='block_1_33' title="bbox 591 1782 2259 1868">
    <p class='ocr_par' dir='ltr' id='par_1_33' title="bbox 591 1782 2259 1868">
     <span class='ocr_line' id='line_1_33' title="bbox 591 1782 2259 1868; baseline 0.003 -22"><span class='ocrx_word' id='word_1_216' title='bbox 591 1802 647 1847; x_wconf 89' lang='lat' dir='ltr'><strong>ct</strong></span> <span class='ocrx_word' id='word_1_217' title='bbox 676 1795 961 1850; x_wconf 82' lang='lat' dir='ltr'><strong>puritatem</strong></span> <span class='ocrx_word' id='word_1_218' title='bbox 991 1798 1074 1851; x_wconf 90' lang='lat' dir='ltr'><strong>sui</strong></span> <span class='ocrx_word' id='word_1_219' title='bbox 1104 1797 1284 1852; x_wconf 90' lang='lat' dir='ltr'><strong>cordis</strong></span> <span class='ocrx_word' id='word_1_220' title='bbox 1330 1800 1670 1863; x_wconf 76' lang='lat' dir='ltr'><strong>examinans,</strong></span> <span class='ocrx_word' id='word_1_221' title='bbox 1703 1813 1801 1853; x_wconf 92' lang='lat' dir='ltr'><strong>nec</strong></span> <span class='ocrx_word' id='word_1_222' title='bbox 1832 1798 2007 1853; x_wconf 91' lang='lat' dir='ltr'><strong>adhuc</strong></span> <span class='ocrx_word' id='word_1_223' title='bbox 2041 1814 2176 1868; x_wconf 88' lang='lat' dir='ltr'><strong>pon-</strong></span> <span class='ocrx_word' id='word_1_224' title='bbox 2210 1782 2259 1851; x_wconf 82' lang='grc' dir='ltr'><strong>Β</strong></span> 
     </span>
    </p>
   </div>
   <div class='ocr_carea' id='block_1_34' title="bbox 1645 1909 2785 1969">
    <p class='ocr_par' dir='ltr' id='par_1_34' title="bbox 1645 1909 2785 1969">
     <span class='ocr_line' id='line_1_34' title="bbox 1645 1909 2785 1969; baseline -0.003 -3"><span class='ocrx_word' id='word_1_225' title='bbox 1645 1909 1903 1966; x_wconf 79' lang='lat' dir='ltr'><strong>ALARDI</strong></span> <span class='ocrx_word' id='word_1_226' title='bbox 1946 1910 2179 1967; x_wconf 57' lang='lat' dir='ltr'><strong>GAZIEI</strong></span> <span class='ocrx_word' id='word_1_227' title='bbox 2217 1910 2785 1969; x_wconf 78' lang='lat' dir='ltr'><strong>COMMENTARIUS.</strong></span> 
     </span>
    </p>
   </div>
   <div class='ocr_carea' id='block_1_35' title="bbox 590 2001 2175 2073">
    <p class='ocr_par' dir='ltr' id='par_1_35' title="bbox 590 2001 2175 2073">
     <span class='ocr_line' id='line_1_35' title="bbox 590 2001 2175 2073; baseline 0.001 -19"><span class='ocrx_word' id='word_1_228' title='bbox 590 2004 865 2072; x_wconf 81' lang='lat' dir='ltr'><strong>reputare?</strong></span> <span class='ocrx_word' id='word_1_229' title='bbox 902 2001 971 2055; x_wconf 83' lang='lat' dir='ltr'><strong>Et</strong></span> <span class='ocrx_word' id='word_1_230' title='bbox 1002 2002 1273 2073; x_wconf 84' lang='lat' dir='ltr'><strong>respondit</strong></span> <span class='ocrx_word' id='word_1_231' title='bbox 1297 2020 1315 2057; x_wconf 90' lang='lat'><strong><em>:</em></strong></span> <span class='ocrx_word' id='word_1_232' title='bbox 1344 2002 1483 2073; x_wconf 82' lang='lat' dir='ltr'><strong>Non,</strong></span> <span class='ocrx_word' id='word_1_233' title='bbox 1520 2004 1609 2058; x_wconf 88' lang='lat' dir='ltr'><strong>sed</strong></span> <span class='ocrx_word' id='word_1_234' title='bbox 1652 2004 1833 2057; x_wconf 80' lang='lat' dir='ltr'><strong>resisto</strong></span> <span class='ocrx_word' id='word_1_235' title='bbox 1875 2004 2175 2073; x_wconf 78' lang='lat' dir='ltr'><strong>cogitationi</strong></span> 
     </span>
    </p>
   </div>
   <div class='ocr_carea' id='block_1_36' title="bbox 591 2072 2172 2145">
    <p class='ocr_par' dir='ltr' id='par_1_36' title="bbox 591 2072 2172 2145">
     <span class='ocr_line' id='line_1_36' title="bbox 591 2072 2172 2145; baseline 0.002 -19"><span class='ocrx_word' id='word_1_236' title='bbox 591 2088 745 2145; x_wconf 69' lang='lat' dir='ltr'><strong>mete,</strong></span> <span class='ocrx_word' id='word_1_237' title='bbox 796 2090 860 2128; x_wconf 87' lang='lat' dir='ltr'><strong>ne</strong></span> <span class='ocrx_word' id='word_1_238' title='bbox 908 2072 1145 2145; x_wconf 83' lang='lat' dir='ltr'><strong>colligam</strong></span> <span class='ocrx_word' id='word_1_239' title='bbox 1196 2074 1306 2126; x_wconf 89' lang='lat' dir='ltr'><strong>illa.</strong></span> <span class='ocrx_word' id='word_1_240' title='bbox 1363 2072 1427 2126; x_wconf 84' lang='lat' dir='ltr'><strong>Et</strong></span> <span class='ocrx_word' id='word_1_241' title='bbox 1454 2075 1579 2129; x_wconf 85' lang='lat' dir='ltr'><strong>dicit</strong></span> <span class='ocrx_word' id='word_1_242' title='bbox 1606 2076 1651 2127; x_wconf 88' lang='lat' dir='ltr'><strong>ei</strong></span> <span class='ocrx_word' id='word_1_243' title='bbox 1679 2074 1835 2145; x_wconf 88' lang='lat' dir='ltr'><strong>abbas</strong></span> <span class='ocrx_word' id='word_1_244' title='bbox 1867 2072 2126 2127; x_wconf 75' lang='lat' dir='ltr'><strong>Abraham</strong></span> <span class='ocrx_word' id='word_1_245' title='bbox 2154 2090 2172 2129; x_wconf 93' lang='lat'><strong><em>:</em></strong></span> 
     </span>
    </p>
   </div>
   <div class='ocr_carea' id='block_1_37' title="bbox 588 2143 2171 2216">
    <p class='ocr_par' dir='ltr' id='par_1_37' title="bbox 588 2143 2171 2216">
     <span class='ocr_line' id='line_1_37' title="bbox 588 2143 2171 2216; baseline 0.002 -20"><span class='ocrx_word' id='word_1_246' title='bbox 588 2143 723 2216; x_wconf 81' lang='lat' dir='ltr'><strong>Ecce</strong></span> <span class='ocrx_word' id='word_1_247' title='bbox 742 2161 863 2216; x_wconf 83' lang='lat' dir='ltr'><strong>ergo</strong></span> <span class='ocrx_word' id='word_1_248' title='bbox 884 2146 1003 2216; x_wconf 82' lang='lat' dir='ltr'><strong>vivit</strong></span> <span class='ocrx_word' id='word_1_249' title='bbox 1023 2143 1215 2215; x_wconf 81' lang='lat' dir='ltr'><strong>passio,</strong></span> <span class='ocrx_word' id='word_1_250' title='bbox 1240 2145 1326 2197; x_wconf 87' lang='lat' dir='ltr'><strong>sed</strong></span> <span class='ocrx_word' id='word_1_251' title='bbox 1353 2145 1573 2215; x_wconf 84' lang='lat' dir='ltr'><strong>alligata</strong></span> <span class='ocrx_word' id='word_1_252' title='bbox 1596 2156 1687 2199; x_wconf 87' lang='lat' dir='ltr'><strong>est.</strong></span> <span class='ocrx_word' id='word_1_253' title='bbox 1720 2144 1788 2197; x_wconf 84' lang='lat' dir='ltr'><strong>Et</strong></span> <span class='ocrx_word' id='word_1_254' title='bbox 1811 2146 1940 2198; x_wconf 72' lang='lat' dir='ltr'><strong>dixit</strong></span> <span class='ocrx_word' id='word_1_255' title='bbox 1985 2148 2171 2199; x_wconf 86' lang='lat' dir='ltr'><strong>iterum</strong></span> 
     </span>
    </p>
   </div>
   <div class='ocr_carea' id='block_1_38' title="bbox 586 2214 2173 2284">
    <p class='ocr_par' dir='ltr' id='par_1_38' title="bbox 586 2214 2173 2284">
     <span class='ocr_line' id='line_1_38' title="bbox 586 2214 2173 2284; baseline 0.003 -18"><span class='ocrx_word' id='word_1_256' title='bbox 586 2215 741 2269; x_wconf 90' lang='lat' dir='ltr'><strong>abbas</strong></span> <span class='ocrx_word' id='word_1_257' title='bbox 772 2214 1029 2268; x_wconf 68' lang='lat' dir='ltr'><strong>Abraham</strong></span> <span class='ocrx_word' id='word_1_258' title='bbox 1054 2231 1071 2269; x_wconf 91' lang='lat'><strong><em>:</em></strong></span> <span class='ocrx_word' id='word_1_259' title='bbox 1095 2216 1155 2269; x_wconf 83' lang='lat' dir='ltr'><strong>Si</strong></span> <span class='ocrx_word' id='word_1_260' title='bbox 1194 2215 1422 2269; x_wconf 86' lang='lat' dir='ltr'><strong>audieris</strong></span> <span class='ocrx_word' id='word_1_261' title='bbox 1449 2214 1513 2269; x_wconf 85' lang='lat' dir='ltr'><strong>de</strong></span> <span class='ocrx_word' id='word_1_262' title='bbox 1540 2218 1737 2269; x_wconf 87' lang='lat' dir='ltr'><strong>duobus</strong></span> <span class='ocrx_word' id='word_1_263' title='bbox 1776 2215 2023 2283; x_wconf 77' lang='lat' dir='ltr'><strong>fratribus</strong></span> <span class='ocrx_word' id='word_1_264' title='bbox 2050 2218 2173 2284; x_wconf 88' lang='lat' dir='ltr'><strong>quia</strong></span> 
     </span>
    </p>
   </div>
   <div class='ocr_carea' id='block_1_39' title="bbox 586 2287 2173 2355">
    <p class='ocr_par' dir='ltr' id='par_1_39' title="bbox 586 2287 2173 2355">
     <span class='ocr_line' id='line_1_39' title="bbox 586 2287 2173 2355; baseline 0.001 -17"><span class='ocrx_word' id='word_1_265' title='bbox 586 2302 722 2339; x_wconf 84' lang='lat' dir='ltr'><strong>unus</strong></span> <span class='ocrx_word' id='word_1_266' title='bbox 750 2287 925 2355; x_wconf 81' lang='lat' dir='ltr'><strong>diligit</strong></span> <span class='ocrx_word' id='word_1_267' title='bbox 952 2297 999 2338; x_wconf 91' lang='lat' dir='ltr'><strong>te</strong></span> <span class='ocrx_word' id='word_1_268' title='bbox 1028 2297 1073 2339; x_wconf 88' lang='lat' dir='ltr'><strong>et</strong></span> <span class='ocrx_word' id='word_1_269' title='bbox 1098 2288 1227 2339; x_wconf 89' lang='lat' dir='ltr'><strong>bona</strong></span> <span class='ocrx_word' id='word_1_270' title='bbox 1254 2288 1316 2339; x_wconf 91' lang='lat' dir='ltr'><strong>de</strong></span> <span class='ocrx_word' id='word_1_271' title='bbox 1345 2297 1391 2340; x_wconf 91' lang='lat' dir='ltr'><strong>te</strong></span> <span class='ocrx_word' id='word_1_272' title='bbox 1414 2288 1658 2354; x_wconf 80' lang='lat' dir='ltr'><strong>loquitur,</strong></span> <span class='ocrx_word' id='word_1_273' title='bbox 1692 2288 1829 2341; x_wconf 88' lang='lat' dir='ltr'><strong>alius</strong></span> <span class='ocrx_word' id='word_1_274' title='bbox 1870 2297 2043 2340; x_wconf 87' lang='lat' dir='ltr'><strong>autem</strong></span> <span class='ocrx_word' id='word_1_275' title='bbox 2067 2289 2173 2341; x_wconf 81' lang='lat' dir='ltr'><strong>odit</strong></span> 
     </span>
    </p>
   </div>
   <div class='ocr_carea' id='block_1_40' title="bbox 584 2356 2174 2441">
    <p class='ocr_par' dir='ltr' id='par_1_40' title="bbox 584 2356 2174 2441">
     <span class='ocr_line' id='line_1_40' title="bbox 584 2356 2174 2441; baseline 0.001 -32"><span class='ocrx_word' id='word_1_276' title='bbox 584 2366 633 2409; x_wconf 88' lang='lat' dir='ltr'><strong>et</strong></span> <span class='ocrx_word' id='word_1_277' title='bbox 674 2356 922 2441; x_wconf 39' lang='lat' dir='ltr'><strong>detr-allii</strong></span> <span class='ocrx_word' id='word_1_278' title='bbox 940 2357 1134 2441; x_wconf 29' lang='lat' dir='ltr'><strong>tibinet</strong></span> <span class='ocrx_word' id='word_1_279' title='bbox 1159 2360 1388 2441; x_wconf 52' lang='lat' dir='ltr'><strong>venerint</strong></span> <span class='ocrx_word' id='word_1_280' title='bbox 1413 2359 1481 2441; x_wconf 78' lang='lat' dir='ltr'><strong>ad</strong></span> <span class='ocrx_word' id='word_1_281' title='bbox 1511 2368 1577 2423; x_wconf 84' lang='lat' dir='ltr'><strong>te,</strong></span> <span class='ocrx_word' id='word_1_282' title='bbox 1618 2368 1860 2441; x_wconf 72' lang='lat' dir='ltr'><strong>utrosque</strong></span> <span class='ocrx_word' id='word_1_283' title='bbox 1903 2357 2174 2441; x_wconf 63' lang='lat' dir='ltr'><strong>aequaliter</strong></span> 
     </span>
    </p>
   </div>
   <div class='ocr_carea' id='block_1_41' title="bbox 585 2427 2175 2573">
    <p class='ocr_par' dir='ltr' id='par_1_41' title="bbox 585 2427 2175 2573">
     <span class='ocr_line' id='line_1_41' title="bbox 586 2427 2175 2511; baseline 0.001 -30"><span class='ocrx_word' id='word_1_284' title='bbox 586 2429 850 2508; x_wconf 55' lang='lat' dir='ltr'><strong>suscipis?</strong></span> <span class='ocrx_word' id='word_1_285' title='bbox 878 2427 942 2481; x_wconf 86' lang='lat' dir='ltr'><strong>Et</strong></span> <span class='ocrx_word' id='word_1_286' title='bbox 970 2430 1100 2481; x_wconf 73' lang='lat' dir='ltr'><strong>dixit</strong></span> <span class='ocrx_word' id='word_1_287' title='bbox 1123 2428 1309 2510; x_wconf 31' lang='lat' dir='ltr'><strong>{Nam</strong></span> <span class='ocrx_word' id='word_1_288' title='bbox 1339 2431 1427 2481; x_wconf 85' lang='lat' dir='ltr'><strong>sed</strong></span> <span class='ocrx_word' id='word_1_289' title='bbox 1451 2439 1728 2510; x_wconf 76' lang='lat' dir='ltr'><strong>extorqueo</strong></span> <span class='ocrx_word' id='word_1_290' title='bbox 1750 2430 1924 2483; x_wconf 88' lang='lat' dir='ltr'><strong>animo</strong></span> <span class='ocrx_word' id='word_1_291' title='bbox 1948 2427 2002 2511; x_wconf 65' lang='lat' dir='ltr'><strong>ut</strong></span> <span class='ocrx_word' id='word_1_292' title='bbox 2030 2430 2175 2511; x_wconf 72' lang='lat' dir='ltr'><strong>simi-</strong></span> 
     </span>
     <span class='ocr_line' id='line_1_42' title="bbox 585 2497 2175 2573; baseline 0.004 -24"><span class='ocrx_word' id='word_1_293' title='bbox 585 2497 705 2551; x_wconf 78' lang='lat' dir='ltr'><strong>liter</strong></span> <span class='ocrx_word' id='word_1_294' title='bbox 725 2498 874 2573; x_wconf 80' lang='lat' dir='ltr'><strong>_bene</strong></span> <span class='ocrx_word' id='word_1_295' title='bbox 902 2502 1165 2573; x_wconf 72' lang='lat' dir='ltr'><strong>[aciamet</strong></span> <span class='ocrx_word' id='word_1_296' title='bbox 1198 2516 1281 2573; x_wconf 74' lang='lat' dir='ltr'><strong>qui</strong></span> <span class='ocrx_word' id='word_1_297' title='bbox 1313 2516 1391 2573; x_wconf 80' lang='lat' dir='ltr'><strong>me</strong></span> <span class='ocrx_word' id='word_1_298' title='bbox 1431 2501 1720 2573; x_wconf 78' lang='lat' dir='ltr'><strong>odit_._sicut</strong></span> <span class='ocrx_word' id='word_1_299' title='bbox 1766 2500 1849 2553; x_wconf 89' lang='lat' dir='ltr'><strong>illi</strong></span> <span class='ocrx_word' id='word_1_300' title='bbox 1876 2518 1963 2570; x_wconf 79' lang='lat' dir='ltr'><strong>qui</strong></span> <span class='ocrx_word' id='word_1_301' title='bbox 2003 2502 2175 2573; x_wconf 77' lang='lat' dir='ltr'><strong>diligit</strong></span> 
     </span>
    </p>
   </div>
   <div class='ocr_carea' id='block_1_42' title="bbox 584 2566 2171 2641">
    <p class='ocr_par' dir='ltr' id='par_1_42' title="bbox 584 2566 2171 2641">
     <span class='ocr_line' id='line_1_43' title="bbox 584 2566 2171 2641; baseline 0.003 -19"><span class='ocrx_word' id='word_1_302' title='bbox 584 2583 685 2622; x_wconf 81' lang='lat' dir='ltr'><strong>me.</strong></span> <span class='ocrx_word' id='word_1_303' title='bbox 711 2566 784 2621; x_wconf 84' lang='lat' dir='ltr'><strong>Et</strong></span> <span class='ocrx_word' id='word_1_304' title='bbox 803 2566 935 2623; x_wconf 66' lang='lat' dir='ltr'><strong>dixit</strong></span> <span class='ocrx_word' id='word_1_305' title='bbox 954 2570 1004 2623; x_wconf 88' lang='lat' dir='ltr'><strong>ei</strong></span> <span class='ocrx_word' id='word_1_306' title='bbox 1020 2568 1175 2622; x_wconf 80' lang='lat' dir='ltr'><strong>abbas</strong></span> <span class='ocrx_word' id='word_1_307' title='bbox 1202 2570 1500 2625; x_wconf 75' lang='lat' dir='ltr'><strong>Abraham:</strong></span> <span class='ocrx_word' id='word_1_308' title='bbox 1534 2569 1718 2624; x_wconf 83' lang='lat' dir='ltr'><strong>Vivunt</strong></span> <span class='ocrx_word' id='word_1_309' title='bbox 1743 2588 1863 2641; x_wconf 85' lang='lat' dir='ltr'><strong>ergo</strong></span> <span class='ocrx_word' id='word_1_310' title='bbox 1886 2566 2171 2639; x_wconf 67' lang='lat' dir='ltr'><strong>passionEs,</strong></span> 
     </span>
    </p>
   </div>
   <div class='ocr_carea' id='block_1_43' title="bbox 2282 1999 3864 2071">
    <p class='ocr_par' dir='ltr' id='par_1_43' title="bbox 2282 1999 3864 2071">
     <span class='ocr_line' id='line_1_44' title="bbox 2282 1999 3864 2071; baseline 0 -14"><span class='ocrx_word' id='word_1_311' title='bbox 2282 2005 2372 2057; x_wconf 86' lang='lat' dir='ltr'><strong>sed</strong></span> <span class='ocrx_word' id='word_1_312' title='bbox 2413 2014 2613 2057; x_wconf 86' lang='lat' dir='ltr'><strong>tantum</strong></span> <span class='ocrx_word' id='word_1_313' title='bbox 2654 2018 2685 2055; x_wconf 90' lang='lat' dir='ltr'><strong>a</strong></span> <span class='ocrx_word' id='word_1_314' title='bbox 2733 2004 2924 2056; x_wconf 77' lang='lat' dir='ltr'><strong>sanctis</strong></span> <span class='ocrx_word' id='word_1_315' title='bbox 2970 2002 3092 2055; x_wconf 87' lang='lat' dir='ltr'><strong>viris</strong></span> <span class='ocrx_word' id='word_1_316' title='bbox 3129 2001 3517 2071; x_wconf 87' lang='lat' dir='ltr'><strong>quodammodo</strong></span> <span class='ocrx_word' id='word_1_317' title='bbox 3560 1999 3864 2071; x_wconf 79' lang='lat' dir='ltr'><strong>religantur.</strong></span> 
     </span>
    </p>
   </div>
   <div class='ocr_carea' id='block_1_44' title="bbox 2282 2072 3641 2130">
    <p class='ocr_par' dir='ltr' id='par_1_44' title="bbox 2282 2072 3641 2130">
     <span class='ocr_line' id='line_1_45' title="bbox 2282 2072 3641 2130; baseline -0.005 0"><span class='ocrx_word' id='word_1_318' title='bbox 2282 2076 2407 2130; x_wconf 65' lang='lat' dir='ltr'><strong>Haec</strong></span> <span class='ocrx_word' id='word_1_319' title='bbox 2437 2076 2507 2128; x_wconf 88' lang='lat' dir='ltr'><strong>ibi</strong></span> <span class='ocrx_word' id='word_1_320' title='bbox 2538 2090 2604 2129; x_wconf 82' lang='lat' dir='ltr'><strong>ex</strong></span> <span class='ocrx_word' id='word_1_321' title='bbox 2634 2073 2822 2130; x_wconf 66' lang='lat' dir='ltr'><strong>Graeco</strong></span> <span class='ocrx_word' id='word_1_322' title='bbox 2854 2082 3075 2127; x_wconf 89' lang='lat' dir='ltr'><strong>auctore</strong></span> <span class='ocrx_word' id='word_1_323' title='bbox 3102 2072 3421 2127; x_wconf 90' lang='lat' dir='ltr'><strong>rudiuscule</strong></span> <span class='ocrx_word' id='word_1_324' title='bbox 3452 2073 3641 2127; x_wconf 87' lang='lat' dir='ltr'><strong>relata.</strong></span> 
     </span>
    </p>
   </div>
   <div class='ocr_carea' id='block_1_45' title="bbox 2350 2141 3868 2211">
    <p class='ocr_par' dir='ltr' id='par_1_45' title="bbox 2350 2141 3868 2211">
     <span class='ocr_line' id='line_1_46' title="bbox 2350 2141 3868 2211; baseline -0.001 -11"><span class='ocrx_word' id='word_1_325' title='bbox 2350 2156 2376 2183; x_wconf 76' lang='grc' dir='ltr'>α</span> <span class='ocrx_word' id='word_1_326' title='bbox 2418 2148 2660 2200; x_wconf 75' lang='lat' dir='ltr'><strong>Pessime</strong></span> <span class='ocrx_word' id='word_1_327' title='bbox 2689 2146 2742 2198; x_wconf 92' lang='lat' dir='ltr'><strong>in</strong></span> <span class='ocrx_word' id='word_1_328' title='bbox 2765 2143 3005 2198; x_wconf 83' lang='lat' dir='ltr'><strong>editione</strong></span> <span class='ocrx_word' id='word_1_329' title='bbox 3026 2141 3379 2211; x_wconf 82' lang='lat' dir='ltr'><strong>Lugdunensi</strong></span> <span class='ocrx_word' id='word_1_330' title='bbox 3407 2144 3634 2211; x_wconf 83' lang='lat' dir='ltr'><strong>positum</strong></span> <span class='ocrx_word' id='word_1_331' title='bbox 3656 2152 3736 2195; x_wconf 83' lang='lat' dir='ltr'><strong>eSt</strong></span> <span class='ocrx_word' id='word_1_332' title='bbox 3755 2143 3868 2198; x_wconf 84' lang='lat' dir='ltr'><strong>sine</strong></span> 
     </span>
    </p>
   </div>
   <div class='ocr_carea' id='block_1_46' title="bbox 2280 2213 3867 2287">
    <p class='ocr_par' dir='ltr' id='par_1_46' title="bbox 2280 2213 3867 2287">
     <span class='ocr_line' id='line_1_47' title="bbox 2280 2213 3867 2287; baseline -0.001 -16"><span class='ocrx_word' id='word_1_333' title='bbox 2280 2216 2519 2279; x_wconf 88' lang='lat' dir='ltr'><strong>Domini,</strong></span> <span class='ocrx_word' id='word_1_334' title='bbox 2554 2232 2649 2282; x_wconf 86' lang='lat' dir='ltr'><strong>pro</strong></span> <span class='ocrx_word' id='word_1_335' title='bbox 2677 2218 2823 2287; x_wconf 89' lang='lat' dir='ltr'><strong>signo</strong></span> <span class='ocrx_word' id='word_1_336' title='bbox 2860 2214 3096 2281; x_wconf 82' lang='lat' dir='ltr'><strong>Domini,</strong></span> <span class='ocrx_word' id='word_1_337' title='bbox 3130 2222 3185 2268; x_wconf 90' lang='lat' dir='ltr'><strong>ut</strong></span> <span class='ocrx_word' id='word_1_338' title='bbox 3220 2215 3419 2287; x_wconf 87' lang='lat' dir='ltr'><strong>habent</strong></span> <span class='ocrx_word' id='word_1_339' title='bbox 3444 2214 3621 2268; x_wconf 57' lang='lat' dir='ltr'><strong>caeteri</strong></span> <span class='ocrx_word' id='word_1_340' title='bbox 3656 2213 3867 2287; x_wconf 64' lang='lat' dir='ltr'><strong>codices</strong></span> 
     </span>
    </p>
   </div>
   <div class='ocr_carea' id='block_1_47' title="bbox 2280 2284 3867 2357">
    <p class='ocr_par' dir='ltr' id='par_1_47' title="bbox 2280 2284 3867 2357">
     <span class='ocr_line' id='line_1_48' title="bbox 2280 2284 3867 2357; baseline -0.003 -14"><span class='ocrx_word' id='word_1_341' title='bbox 2280 2301 2335 2344; x_wconf 91' lang='lat' dir='ltr'><strong>et</strong></span> <span class='ocrx_word' id='word_1_342' title='bbox 2367 2287 2653 2357; x_wconf 84' lang='lat' dir='ltr'><strong>Dionysius</strong></span> <span class='ocrx_word' id='word_1_343' title='bbox 2691 2284 3089 2357; x_wconf 78' lang='lat' dir='ltr'><strong>paraphrastes,</strong></span> <span class='ocrx_word' id='word_1_344' title='bbox 3134 2294 3188 2340; x_wconf 90' lang='lat' dir='ltr'><strong>et</strong></span> <span class='ocrx_word' id='word_1_345' title='bbox 3218 2286 3414 2340; x_wconf 86' lang='lat' dir='ltr'><strong>veritas</strong></span> <span class='ocrx_word' id='word_1_346' title='bbox 3460 2287 3723 2346; x_wconf 79' lang='lat' dir='ltr'><strong>exposcit.</strong></span> <span class='ocrx_word' id='word_1_347' title='bbox 3770 2284 3867 2357; x_wconf 73' lang='lat' dir='ltr'><strong>Est</strong></span> 
     </span>
    </p>
   </div>
   <div class='ocr_carea' id='block_1_48' title="bbox 2279 2355 3869 2428">
    <p class='ocr_par' dir='ltr' id='par_1_48' title="bbox 2279 2355 3869 2428">
     <span class='ocr_line' id='line_1_49' title="bbox 2279 2355 3869 2428; baseline -0.003 -15"><span class='ocrx_word' id='word_1_348' title='bbox 2279 2358 2421 2415; x_wconf 88' lang='lat' dir='ltr'><strong>enim</strong></span> <span class='ocrx_word' id='word_1_349' title='bbox 2453 2355 2661 2428; x_wconf 65' lang='lat' dir='ltr'><strong>signum</strong></span> <span class='ocrx_word' id='word_1_350' title='bbox 2694 2355 2909 2411; x_wconf 83' lang='lat' dir='ltr'><strong>Domini</strong></span> <span class='ocrx_word' id='word_1_351' title='bbox 2934 2358 3143 2427; x_wconf 80' lang='lat' dir='ltr'><strong>signum</strong></span> <span class='ocrx_word' id='word_1_352' title='bbox 3176 2367 3373 2428; x_wconf 82' lang='lat' dir='ltr'><strong>sanctae</strong></span> <span class='ocrx_word' id='word_1_353' title='bbox 3416 2357 3614 2419; x_wconf 90' lang='lat' dir='ltr'><strong>crucis,</strong></span> <span class='ocrx_word' id='word_1_354' title='bbox 3641 2355 3783 2423; x_wconf 89' lang='lat' dir='ltr'><strong>quod</strong></span> <span class='ocrx_word' id='word_1_355' title='bbox 3817 2357 3869 2409; x_wconf 89' lang='lat' dir='ltr'><strong>in</strong></span> 
     </span>
    </p>
   </div>
   <div class='ocr_carea' id='block_1_49' title="bbox 2280 2427 3869 2497">
    <p class='ocr_par' dir='ltr' id='par_1_49' title="bbox 2280 2427 3869 2497">
     <span class='ocr_line' id='line_1_50' title="bbox 2280 2427 3869 2497; baseline -0.003 -10"><span class='ocrx_word' id='word_1_356' title='bbox 2280 2432 2601 2487; x_wconf 80' lang='lat' dir='ltr'><strong>exorcismis</strong></span> <span class='ocrx_word' id='word_1_357' title='bbox 2628 2438 2678 2483; x_wconf 89' lang='lat' dir='ltr'><strong>et</strong></span> <span class='ocrx_word' id='word_1_358' title='bbox 2712 2430 3016 2483; x_wconf 76' lang='lat' dir='ltr'><strong>daemonum</strong></span> <span class='ocrx_word' id='word_1_359' title='bbox 3049 2427 3476 2497; x_wconf 80' lang='lat' dir='ltr'><strong>adiuratiouibus</strong></span> <span class='ocrx_word' id='word_1_360' title='bbox 3522 2428 3869 2482; x_wconf 85' lang='lat' dir='ltr'><strong>invocatione</strong></span> 
     </span>
    </p>
   </div>
   <div class='ocr_carea' id='block_1_50' title="bbox 2282 2499 3176 2556">
    <p class='ocr_par' dir='ltr' id='par_1_50' title="bbox 2282 2499 3176 2556">
     <span class='ocr_line' id='line_1_51' title="bbox 2282 2499 3176 2556; baseline -0.003 -1"><span class='ocrx_word' id='word_1_361' title='bbox 2282 2501 2451 2556; x_wconf 86' lang='lat' dir='ltr'><strong>divini</strong></span> <span class='ocrx_word' id='word_1_362' title='bbox 2484 2502 2716 2556; x_wconf 78' lang='lat' dir='ltr'><strong>nominis</strong></span> <span class='ocrx_word' id='word_1_363' title='bbox 2743 2499 2988 2555; x_wconf 85' lang='lat' dir='ltr'><strong>adhiberi</strong></span> <span class='ocrx_word' id='word_1_364' title='bbox 3016 2500 3176 2555; x_wconf 89' lang='lat' dir='ltr'><strong>solet.</strong></span> 
     </span>
    </p>
   </div>
   <div class='ocr_carea' id='block_1_51' title="bbox 592 2684 3863 2711">
    <p class='ocr_par' dir='ltr' id='par_1_51' title="bbox 592 2684 3863 2711">
     <span class='ocr_line' id='line_1_52' title="bbox 592 2684 3863 2711; baseline 0.001 -7"><span class='ocrx_word' id='word_1_365' title='bbox 592 2684 3863 2711; x_wconf 53' lang='lat' dir='ltr'><strong>M—H—</strong></span> 
     </span>
    </p>
   </div>
   <div class='ocr_carea' id='block_1_52' title="bbox 1138 2797 2162 2927">
    <p class='ocr_par' dir='ltr' id='par_1_52' title="bbox 1138 2797 2162 2911">
     <span class='ocr_line' id='line_1_53' title="bbox 1138 2797 2162 2911; baseline 0.008 -8"><span class='ocrx_word' id='word_1_366' title='bbox 1138 2797 1929 2909; x_wconf 77' lang='grc' dir='ltr'><strong>οοιιΑΤιΟ</strong></span> <span class='ocrx_word' id='word_1_367' title='bbox 2008 2804 2162 2911; x_wconf 77' lang='lat' dir='ltr'><strong>Di</strong></span> 
     </span>
    </p>
   </div>
   <div class='ocr_carea' id='block_1_53' title="bbox 2265 2797 3309 2927">
    <p class='ocr_par' dir='ltr' id='par_1_53' title="bbox 2265 2805 3309 2927">
     <span class='ocr_line' id='line_1_54' title="bbox 2265 2805 3309 2927; baseline 0.015 -16"><span class='ocrx_word' id='word_1_368' title='bbox 2265 2805 2653 2914; x_wconf 69' lang='lat' dir='ltr'><strong>DIMA</strong></span> <span class='ocrx_word' id='word_1_369' title='bbox 2734 2805 3309 2927; x_wconf 66' lang='lat' dir='ltr'><strong>SEXTA,</strong></span> 
     </span>
    </p>
   </div>
   <div class='ocr_carea' id='block_1_54' title="bbox 1679 2991 2739 3074">
    <p class='ocr_par' dir='ltr' id='par_1_54' title="bbox 1679 2991 2739 3074">
     <span class='ocr_line' id='line_1_55' title="bbox 1679 2991 2739 3074; baseline 0.003 -22"><span class='ocrx_word' id='word_1_370' title='bbox 1679 2991 1835 3066; x_wconf 73' lang='lat' dir='ltr'><strong>Quin</strong></span> <span class='ocrx_word' id='word_1_371' title='bbox 1861 2998 1958 3055; x_wconf 88' lang='lat' dir='ltr'><strong>est</strong></span> <span class='ocrx_word' id='word_1_372' title='bbox 1988 2993 2193 3072; x_wconf 82' lang='lat' dir='ltr'><strong>prima</strong></span> <span class='ocrx_word' id='word_1_373' title='bbox 2224 2993 2475 3057; x_wconf 84' lang='lat' dir='ltr'><strong>abbatis</strong></span> <span class='ocrx_word' id='word_1_374' title='bbox 2502 2994 2739 3074; x_wconf 87' lang='lat' dir='ltr'><strong>Joseph</strong></span> 
     </span>
    </p>
   </div>
   <div class='ocr_carea' id='block_1_55' title="bbox 1996 3135 2422 3189">
    <p class='ocr_par' dir='ltr' id='par_1_55' title="bbox 1996 3135 2422 3189">
     <span class='ocr_line' id='line_1_56' title="bbox 1996 3135 2422 3189; baseline 0 -2"><span class='ocrx_word' id='word_1_375' title='bbox 1996 3136 2081 3188; x_wconf 86' lang='lat' dir='ltr'><strong>DE</strong></span> <span class='ocrx_word' id='word_1_376' title='bbox 2112 3135 2422 3189; x_wconf 79' lang='lat' dir='ltr'><strong>AMICITIA.</strong></span> 
     </span>
    </p>
   </div>
   <div class='ocr_carea' id='block_1_56' title="bbox 1089 3326 1643 3387">
    <p class='ocr_par' dir='ltr' id='par_1_56' title="bbox 1089 3326 1643 3387">
     <span class='ocr_line' id='line_1_57' title="bbox 1089 3326 1643 3387; baseline 0 -3"><span class='ocrx_word' id='word_1_377' title='bbox 1089 3326 1319 3387; x_wconf 77' lang='lat' dir='ltr'><strong>CAPUT</strong></span> <span class='ocrx_word' id='word_1_378' title='bbox 1356 3327 1643 3385; x_wconf 81' lang='lat' dir='ltr'><strong>PRIMUM.</strong></span> 
     </span>
    </p>
   </div>
   <div class='ocr_carea' id='block_1_57' title="bbox 648 3416 2158 3494">
    <p class='ocr_par' dir='ltr' id='par_1_57' title="bbox 648 3416 2158 3494">
     <span class='ocr_line' id='line_1_58' title="bbox 648 3416 2158 3494; baseline 0.004 -20"><span class='ocrx_word' id='word_1_379' title='bbox 648 3416 848 3474; x_wconf 82' lang='lat' dir='ltr'><strong>Beatus</strong></span> <span class='ocrx_word' id='word_1_380' title='bbox 870 3416 1098 3490; x_wconf 68' lang='lat' dir='ltr'><strong>Ioseph,</strong></span> <span class='ocrx_word' id='word_1_381' title='bbox 1139 3421 1292 3490; x_wconf 87' lang='lat' dir='ltr'><strong>cujus</strong></span> <span class='ocrx_word' id='word_1_382' title='bbox 1328 3436 1474 3477; x_wconf 92' lang='lat' dir='ltr'><strong>nunc</strong></span> <span class='ocrx_word' id='word_1_383' title='bbox 1523 3422 1765 3475; x_wconf 84' lang='lat' dir='ltr'><strong>instituta</strong></span> <span class='ocrx_word' id='word_1_384' title='bbox 1797 3437 1860 3477; x_wconf 90' lang='lat' dir='ltr'><strong>ac</strong></span> <span class='ocrx_word' id='word_1_385' title='bbox 1888 3434 2158 3494; x_wconf 72' lang='lat' dir='ltr'><strong>przecepta</strong></span> 
     </span>
    </p>
   </div>
   <div class='ocr_carea' id='block_1_58' title="bbox 577 3509 2155 3587">
    <p class='ocr_par' dir='ltr' id='par_1_58' title="bbox 577 3509 2155 3587">
     <span class='ocr_line' id='line_1_59' title="bbox 577 3509 2155 3587; baseline 0.006 -24"><span class='ocrx_word' id='word_1_386' title='bbox 577 3509 861 3579; x_wconf 87' lang='lat' dir='ltr'><strong>pandenda</strong></span> <span class='ocrx_word' id='word_1_387' title='bbox 906 3517 1061 3579; x_wconf 85' lang='lat' dir='ltr'><strong>sunt,</strong></span> <span class='ocrx_word' id='word_1_388' title='bbox 1094 3526 1231 3567; x_wconf 91' lang='lat' dir='ltr'><strong>unus</strong></span> <span class='ocrx_word' id='word_1_389' title='bbox 1256 3528 1324 3569; x_wconf 77' lang='lat' dir='ltr'><strong>ex</strong></span> <span class='ocrx_word' id='word_1_390' title='bbox 1366 3514 1537 3570; x_wconf 91' lang='lat' dir='ltr'><strong>tribus</strong></span> <span class='ocrx_word' id='word_1_391' title='bbox 1578 3529 1803 3584; x_wconf 90' lang='lat' dir='ltr'><strong>quorum</strong></span> <span class='ocrx_word' id='word_1_392' title='bbox 1833 3525 1859 3553; x_wconf 80' lang='grc' dir='ltr'>ι</span> <span class='ocrx_word' id='word_1_393' title='bbox 1891 3518 1943 3570; x_wconf 92' lang='lat' dir='ltr'><strong>in</strong></span> <span class='ocrx_word' id='word_1_394' title='bbox 1984 3518 2155 3587; x_wconf 88' lang='lat' dir='ltr'><strong>prima</strong></span> 
     </span>
    </p>
   </div>
   <div class='ocr_carea' id='block_1_59' title="bbox 572 3602 2157 3674">
    <p class='ocr_par' dir='ltr' id='par_1_59' title="bbox 572 3602 2157 3674">
     <span class='ocr_line' id='line_1_60' title="bbox 572 3602 2157 3674; baseline 0.003 -14"><span class='ocrx_word' id='word_1_395' title='bbox 572 3603 864 3661; x_wconf 89' lang='lat' dir='ltr'><strong>collatione</strong></span> <span class='ocrx_word' id='word_1_396' title='bbox 900 3602 1129 3661; x_wconf 80' lang='lat' dir='ltr'><strong>fecimus</strong></span> <span class='ocrx_word' id='word_1_397' title='bbox 1157 3608 1515 3674; x_wconf 88' lang='lat' dir='ltr'><strong>mentionem,</strong></span> <span class='ocrx_word' id='word_1_398' title='bbox 1557 3607 1717 3663; x_wconf 83' lang='lat' dir='ltr'><strong>clarae</strong></span> <span class='ocrx_word' id='word_1_399' title='bbox 1764 3608 2050 3663; x_wconf 86' lang='lat' dir='ltr'><strong>admodum</strong></span> <span class='ocrx_word' id='word_1_400' title='bbox 2078 3609 2157 3664; x_wconf 81' lang='lat' dir='ltr'><strong>fa-</strong></span> 
     </span>
    </p>
   </div>
   <div class='ocr_carea' id='block_1_60' title="bbox 571 3694 2153 3771">
    <p class='ocr_par' dir='ltr' id='par_1_60' title="bbox 571 3694 2153 3771">
     <span class='ocr_line' id='line_1_61' title="bbox 571 3694 2153 3771; baseline 0.004 -22"><span class='ocrx_word' id='word_1_401' title='bbox 571 3694 736 3751; x_wconf 71' lang='lat' dir='ltr'><strong>milite</strong></span> <span class='ocrx_word' id='word_1_402' title='bbox 756 3710 821 3751; x_wconf 91' lang='lat' dir='ltr'><strong>ac</strong></span> <span class='ocrx_word' id='word_1_403' title='bbox 844 3696 1131 3766; x_wconf 90' lang='lat' dir='ltr'><strong>primarius</strong></span> <span class='ocrx_word' id='word_1_404' title='bbox 1154 3698 1389 3753; x_wconf 84' lang='lat' dir='ltr'><strong>civitatis</strong></span> <span class='ocrx_word' id='word_1_405' title='bbox 1414 3714 1528 3754; x_wconf 63' lang='lat' dir='ltr'><strong>suae</strong></span> <span class='ocrx_word' id='word_1_406' title='bbox 1553 3698 1694 3754; x_wconf 89' lang='lat' dir='ltr'><strong>intra</strong></span> <span class='ocrx_word' id='word_1_407' title='bbox 1717 3699 2009 3771; x_wconf 63' lang='lat' dir='ltr'><strong>Egyptum</strong></span> <span class='ocrx_word' id='word_1_408' title='bbox 2033 3700 2056 3754; x_wconf 79' lang='grc' dir='ltr'>Γ</span> <span class='ocrx_word' id='word_1_409' title='bbox 2056 3704 2153 3768; x_wconf 90' lang='lat' dir='ltr'><strong>uit,</strong></span> 
     </span>
    </p>
   </div>
   <div class='ocr_carea' id='block_1_61' title="bbox 570 3784 2150 3863">
    <p class='ocr_par' dir='ltr' id='par_1_61' title="bbox 570 3784 2150 3863">
     <span class='ocr_line' id='line_1_62' title="bbox 570 3784 2150 3863; baseline 0.003 -22"><span class='ocrx_word' id='word_1_410' title='bbox 570 3784 600 3824; x_wconf 68' lang='grc' dir='ltr'>δ</span> <span class='ocrx_word' id='word_1_411' title='bbox 626 3803 745 3855; x_wconf 62' lang='lat' dir='ltr'><strong>quae</strong></span> <span class='ocrx_word' id='word_1_412' title='bbox 771 3789 1073 3858; x_wconf 87' lang='lat' dir='ltr'><strong>appellatur</strong></span> <span class='ocrx_word' id='word_1_413' title='bbox 1094 3789 1337 3857; x_wconf 85' lang='lat' dir='ltr'><strong>Thmuis,</strong></span> <span class='ocrx_word' id='word_1_414' title='bbox 1360 3799 1415 3845; x_wconf 92' lang='lat' dir='ltr'><strong>et</strong></span> <span class='ocrx_word' id='word_1_415' title='bbox 1432 3792 1505 3845; x_wconf 91' lang='lat' dir='ltr'><strong>ita</strong></span> <span class='ocrx_word' id='word_1_416' title='bbox 1531 3807 1639 3846; x_wconf 87' lang='lat' dir='ltr'><strong>non</strong></span> <span class='ocrx_word' id='word_1_417' title='bbox 1668 3794 1842 3847; x_wconf 90' lang='lat' dir='ltr'><strong>solum</strong></span> <span class='ocrx_word' id='word_1_418' title='bbox 1874 3793 2150 3863; x_wconf 71' lang='lat' dir='ltr'><strong>Egyptia,</strong></span> 
     </span>
    </p>
   </div>
   <div class='ocr_carea' id='block_1_62' title="bbox 568 3878 2154 3955">
    <p class='ocr_par' dir='ltr' id='par_1_62' title="bbox 568 3878 2154 3955">
     <span class='ocr_line' id='line_1_63' title="bbox 568 3878 2154 3955; baseline 0.005 -22"><span class='ocrx_word' id='word_1_419' title='bbox 568 3878 665 3934; x_wconf 88' lang='lat' dir='ltr'><strong>sed</strong></span> <span class='ocrx_word' id='word_1_420' title='bbox 690 3878 851 3934; x_wconf 86' lang='lat' dir='ltr'><strong>etiam</strong></span> <span class='ocrx_word' id='word_1_421' title='bbox 883 3878 1072 3936; x_wconf 66' lang='lat' dir='ltr'><strong>Grmca</strong></span> <span class='ocrx_word' id='word_1_422' title='bbox 1103 3880 1353 3938; x_wconf 86' lang='lat' dir='ltr'><strong>facundia</strong></span> <span class='ocrx_word' id='word_1_423' title='bbox 1380 3883 1668 3955; x_wconf 76' lang='lat' dir='ltr'><strong>diligenter</strong></span> <span class='ocrx_word' id='word_1_424' title='bbox 1690 3885 1933 3953; x_wconf 89' lang='lat' dir='ltr'><strong>edoctus,</strong></span> <span class='ocrx_word' id='word_1_425' title='bbox 1980 3896 2036 3941; x_wconf 92' lang='lat' dir='ltr'><strong>ut</strong></span> <span class='ocrx_word' id='word_1_426' title='bbox 2065 3886 2154 3941; x_wconf 88' lang='lat' dir='ltr'><strong>vel</strong></span> 
     </span>
    </p>
   </div>
   <div class='ocr_carea' id='block_1_63' title="bbox 570 3970 2154 4049">
    <p class='ocr_par' dir='ltr' id='par_1_63' title="bbox 570 3970 2154 4049">
     <span class='ocr_line' id='line_1_64' title="bbox 570 3970 2154 4049; baseline 0.009 -28"><span class='ocrx_word' id='word_1_427' title='bbox 570 3970 726 4025; x_wconf 88' lang='lat' dir='ltr'><strong>nobis</strong></span> <span class='ocrx_word' id='word_1_428' title='bbox 775 3972 857 4025; x_wconf 83' lang='lat' dir='ltr'><strong>vel</strong></span> <span class='ocrx_word' id='word_1_429' title='bbox 909 3971 995 4026; x_wconf 88' lang='lat' dir='ltr'><strong>his</strong></span> <span class='ocrx_word' id='word_1_430' title='bbox 1043 3974 1133 4042; x_wconf 89' lang='lat' dir='ltr'><strong>qui</strong></span> <span class='ocrx_word' id='word_1_431' title='bbox 1176 3976 1537 4045; x_wconf 86' lang='lat' dir='ltr'><strong>eloquentiam</strong></span> <span class='ocrx_word' id='word_1_432' title='bbox 1585 3975 1893 4049; x_wconf 63' lang='lat' dir='ltr'><strong>[Egyptiam</strong></span> <span class='ocrx_word' id='word_1_433' title='bbox 1938 3981 2154 4049; x_wconf 90' lang='lat' dir='ltr'><strong>penitus</strong></span> 
     </span>
    </p>
   </div>
   <div class='ocr_carea' id='block_1_64' title="bbox 566 4061 2153 4141">
    <p class='ocr_par' dir='ltr' id='par_1_64' title="bbox 566 4061 2153 4141">
     <span class='ocr_line' id='line_1_65' title="bbox 566 4061 2153 4141; baseline 0.008 -27"><span class='ocrx_word' id='word_1_434' title='bbox 566 4061 909 4129; x_wconf 76' lang='lat' dir='ltr'><strong>ignorabant,</strong></span> <span class='ocrx_word' id='word_1_435' title='bbox 956 4079 1065 4120; x_wconf 91' lang='lat' dir='ltr'><strong>non</strong></span> <span class='ocrx_word' id='word_1_436' title='bbox 1091 4075 1146 4120; x_wconf 92' lang='lat' dir='ltr'><strong>ut</strong></span> <span class='ocrx_word' id='word_1_437' title='bbox 1175 4071 1356 4123; x_wconf 60' lang='lat' dir='ltr'><strong>creteri</strong></span> <span class='ocrx_word' id='word_1_438' title='bbox 1399 4084 1493 4138; x_wconf 90' lang='lat' dir='ltr'><strong>per</strong></span> <span class='ocrx_word' id='word_1_439' title='bbox 1528 4069 1903 4139; x_wconf 87' lang='lat' dir='ltr'><strong>interpretem,</strong></span> <span class='ocrx_word' id='word_1_440' title='bbox 1932 4072 2025 4127; x_wconf 91' lang='lat' dir='ltr'><strong>sed</strong></span> <span class='ocrx_word' id='word_1_441' title='bbox 2058 4087 2153 4141; x_wconf 88' lang='lat' dir='ltr'><strong>per</strong></span> 
     </span>
    </p>
   </div>
   <div class='ocr_carea' id='block_1_65' title="bbox 568 4157 2144 4233">
    <p class='ocr_par' dir='ltr' id='par_1_65' title="bbox 568 4157 2144 4233">
     <span class='ocr_line' id='line_1_66' title="bbox 568 4157 2144 4233; baseline 0.009 -26"><span class='ocrx_word' id='word_1_442' title='bbox 568 4157 921 4225; x_wconf 86' lang='lat' dir='ltr'><strong>semetipsum</strong></span> <span class='ocrx_word' id='word_1_443' title='bbox 959 4158 1360 4230; x_wconf 77' lang='lat' dir='ltr'><strong>elegantissime</strong></span> <span class='ocrx_word' id='word_1_444' title='bbox 1407 4163 1727 4233; x_wconf 87' lang='lat' dir='ltr'><strong>disputaret.</strong></span> <span class='ocrx_word' id='word_1_445' title='bbox 1776 4165 1879 4232; x_wconf 86' lang='lat' dir='ltr'><strong>Qui</strong></span> <span class='ocrx_word' id='word_1_446' title='bbox 1906 4181 2028 4222; x_wconf 92' lang='lat' dir='ltr'><strong>cum</strong></span> <span class='ocrx_word' id='word_1_447' title='bbox 2059 4167 2144 4221; x_wconf 88' lang='lat' dir='ltr'><strong>in-</strong></span> 
     </span>
    </p>
   </div>
   <div class='ocr_carea' id='block_1_66' title="bbox 566 4246 2146 4328">
    <p class='ocr_par' dir='ltr' id='par_1_66' title="bbox 566 4246 2146 4328">
     <span class='ocr_line' id='line_1_67' title="bbox 566 4246 2146 4328; baseline 0.01 -30"><span class='ocrx_word' id='word_1_448' title='bbox 566 4246 902 4302; x_wconf 88' lang='lat' dir='ltr'><strong>stitutionem</strong></span> <span class='ocrx_word' id='word_1_449' title='bbox 947 4263 1098 4304; x_wconf 86' lang='lat' dir='ltr'><strong>suam</strong></span> <span class='ocrx_word' id='word_1_450' title='bbox 1127 4266 1225 4306; x_wconf 89' lang='lat' dir='ltr'><strong>nos</strong></span> <span class='ocrx_word' id='word_1_451' title='bbox 1250 4252 1559 4311; x_wconf 80' lang='lat' dir='ltr'><strong>desiderare</strong></span> <span class='ocrx_word' id='word_1_452' title='bbox 1586 4258 1868 4327; x_wconf 89' lang='lat' dir='ltr'><strong>sensisset,</strong></span> <span class='ocrx_word' id='word_1_453' title='bbox 1918 4272 2146 4328; x_wconf 87' lang='lat' dir='ltr'><strong>percun-</strong></span> 
     </span>
    </p>
   </div>
   <div class='ocr_carea' id='block_1_67' title="bbox 2182 3335 3867 3404">
    <p class='ocr_par' dir='ltr' id='par_1_67' title="bbox 2182 3335 3867 3404">
     <span class='ocr_line' id='line_1_68' title="bbox 2182 3335 3867 3404; baseline 0.002 -14"><span class='ocrx_word' id='word_1_454' title='bbox 2182 3335 2229 3399; x_wconf 89' lang='lat' dir='ltr'><strong><em>C</em></strong></span> <span class='ocrx_word' id='word_1_455' title='bbox 2261 3344 2438 3390; x_wconf 86' lang='lat' dir='ltr'><strong>ctatus</strong></span> <span class='ocrx_word' id='word_1_456' title='bbox 2464 3336 2695 3403; x_wconf 91' lang='lat' dir='ltr'><strong>primum</strong></span> <span class='ocrx_word' id='word_1_457' title='bbox 2724 3342 3031 3388; x_wconf 89' lang='lat' dir='ltr'><strong>utrumnam</strong></span> <span class='ocrx_word' id='word_1_458' title='bbox 3072 3348 3315 3389; x_wconf 90' lang='lat' dir='ltr'><strong>essemus</strong></span> <span class='ocrx_word' id='word_1_459' title='bbox 3342 3338 3588 3404; x_wconf 83' lang='lat' dir='ltr'><strong>germani</strong></span> <span class='ocrx_word' id='word_1_460' title='bbox 3638 3338 3867 3404; x_wconf 82' lang='lat' dir='ltr'><strong>fratres,</strong></span> 
     </span>
    </p>
   </div>
   <div class='ocr_carea' id='block_1_68' title="bbox 2265 3425 3869 3500">
    <p class='ocr_par' dir='ltr' id='par_1_68' title="bbox 2265 3425 3869 3500">
     <span class='ocr_line' id='line_1_69' title="bbox 2265 3425 3869 3500; baseline 0.001 -19"><span class='ocrx_word' id='word_1_461' title='bbox 2265 3427 2595 3493; x_wconf 85' lang='lat' dir='ltr'><strong>audiensque</strong></span> <span class='ocrx_word' id='word_1_462' title='bbox 2636 3441 2665 3477; x_wconf 90' lang='lat' dir='ltr'><strong>a</strong></span> <span class='ocrx_word' id='word_1_463' title='bbox 2695 3425 2850 3479; x_wconf 89' lang='lat' dir='ltr'><strong>nobis</strong></span> <span class='ocrx_word' id='word_1_464' title='bbox 2882 3425 3024 3493; x_wconf 90' lang='lat' dir='ltr'><strong>quod</strong></span> <span class='ocrx_word' id='word_1_465' title='bbox 3053 3440 3160 3480; x_wconf 91' lang='lat' dir='ltr'><strong>non</strong></span> <span class='ocrx_word' id='word_1_466' title='bbox 3191 3428 3431 3493; x_wconf 87' lang='lat' dir='ltr'><strong>carnali,</strong></span> <span class='ocrx_word' id='word_1_467' title='bbox 3465 3430 3562 3483; x_wconf 90' lang='lat' dir='ltr'><strong>sed</strong></span> <span class='ocrx_word' id='word_1_468' title='bbox 3588 3430 3869 3500; x_wconf 81' lang='lat' dir='ltr'><strong>Spirituali</strong></span> 
     </span>
    </p>
   </div>
   <div class='ocr_carea' id='block_1_69' title="bbox 2265 3516 3871 3586">
    <p class='ocr_par' dir='ltr' id='par_1_69' title="bbox 2265 3516 3871 3586">
     <span class='ocr_line' id='line_1_70' title="bbox 2265 3516 3871 3586; baseline 0.004 -13"><span class='ocrx_word' id='word_1_469' title='bbox 2265 3532 2505 3574; x_wconf 90' lang='lat' dir='ltr'><strong>essemus</strong></span> <span class='ocrx_word' id='word_1_470' title='bbox 2553 3516 2893 3571; x_wconf 79' lang='lat' dir='ltr'><strong>fraternitate</strong></span> <span class='ocrx_word' id='word_1_471' title='bbox 2936 3516 3209 3580; x_wconf 88' lang='lat' dir='ltr'><strong>devincti,</strong></span> <span class='ocrx_word' id='word_1_472' title='bbox 3252 3532 3465 3586; x_wconf 90' lang='lat' dir='ltr'><strong>nosque</strong></span> <span class='ocrx_word' id='word_1_473' title='bbox 3511 3522 3580 3573; x_wconf 91' lang='lat' dir='ltr'><strong>ab</strong></span> <span class='ocrx_word' id='word_1_474' title='bbox 3630 3524 3871 3578; x_wconf 87' lang='lat' dir='ltr'><strong>exordio</strong></span> 
     </span>
    </p>
   </div>
   <div class='ocr_carea' id='block_1_70' title="bbox 2262 3608 3873 3681">
    <p class='ocr_par' dir='ltr' id='par_1_70' title="bbox 2262 3608 3873 3681">
     <span class='ocr_line' id='line_1_71' title="bbox 2262 3608 3873 3681; baseline 0 -18"><span class='ocrx_word' id='word_1_475' title='bbox 2262 3608 2677 3663; x_wconf 89' lang='lat' dir='ltr'><strong>renuntiationis</strong></span> <span class='ocrx_word' id='word_1_476' title='bbox 2717 3616 2939 3674; x_wconf 70' lang='lat' dir='ltr'><strong>nostrae,</strong></span> <span class='ocrx_word' id='word_1_477' title='bbox 2988 3615 3094 3661; x_wconf 90' lang='lat' dir='ltr'><strong>tam</strong></span> <span class='ocrx_word' id='word_1_478' title='bbox 3142 3608 3192 3661; x_wconf 90' lang='lat' dir='ltr'><strong>in</strong></span> <span class='ocrx_word' id='word_1_479' title='bbox 3239 3608 3693 3676; x_wconf 83' lang='lat' dir='ltr'><strong>peregrinatione,</strong></span> <span class='ocrx_word' id='word_1_480' title='bbox 3736 3630 3873 3681; x_wconf 67' lang='lat' dir='ltr'><strong>qum</strong></span> 
     </span>
    </p>
   </div>
   <div class='ocr_carea' id='block_1_71' title="bbox 2260 3700 3874 3773">
    <p class='ocr_par' dir='ltr' id='par_1_71' title="bbox 2260 3700 3874 3773">
     <span class='ocr_line' id='line_1_72' title="bbox 2260 3700 3874 3773; baseline 0.004 -18"><span class='ocrx_word' id='word_1_481' title='bbox 2260 3702 2328 3756; x_wconf 89' lang='lat' dir='ltr'><strong>ab</strong></span> <span class='ocrx_word' id='word_1_482' title='bbox 2357 3712 2587 3773; x_wconf 90' lang='lat' dir='ltr'><strong>utroque</strong></span> <span class='ocrx_word' id='word_1_483' title='bbox 2616 3711 2859 3756; x_wconf 87' lang='lat' dir='ltr'><strong>nostrum</strong></span> <span class='ocrx_word' id='word_1_484' title='bbox 2891 3700 3069 3757; x_wconf 82' lang='lat' dir='ltr'><strong>fuerat</strong></span> <span class='ocrx_word' id='word_1_485' title='bbox 3097 3701 3321 3757; x_wconf 89' lang='lat' dir='ltr'><strong>obtentu</strong></span> <span class='ocrx_word' id='word_1_486' title='bbox 3350 3700 3559 3755; x_wconf 68' lang='lat' dir='ltr'><strong>militia:</strong></span> <span class='ocrx_word' id='word_1_487' title='bbox 3586 3704 3874 3769; x_wconf 80' lang='lat' dir='ltr'><strong>Spiritalis</strong></span> 
     </span>
    </p>
   </div>
   <div class='ocr_carea' id='block_1_72' title="bbox 2261 3795 3869 3867">
    <p class='ocr_par' dir='ltr' id='par_1_72' title="bbox 2261 3795 3869 3867">
     <span class='ocr_line' id='line_1_73' title="bbox 2261 3795 3869 3867; baseline 0.002 -16"><span class='ocrx_word' id='word_1_488' title='bbox 2261 3808 2503 3867; x_wconf 87' lang='lat' dir='ltr'><strong>arrepta,</strong></span> <span class='ocrx_word' id='word_1_489' title='bbox 2552 3811 2709 3867; x_wconf 90' lang='lat' dir='ltr'><strong>quam</strong></span> <span class='ocrx_word' id='word_1_490' title='bbox 2745 3796 2799 3851; x_wconf 91' lang='lat' dir='ltr'><strong>in</strong></span> <span class='ocrx_word' id='word_1_491' title='bbox 2831 3795 3062 3852; x_wconf 67' lang='lat' dir='ltr'><strong>coanobii</strong></span> <span class='ocrx_word' id='word_1_492' title='bbox 3104 3796 3280 3851; x_wconf 87' lang='lat' dir='ltr'><strong>studio</strong></span> <span class='ocrx_word' id='word_1_493' title='bbox 3321 3795 3598 3850; x_wconf 90' lang='lat' dir='ltr'><strong>individua</strong></span> <span class='ocrx_word' id='word_1_494' title='bbox 3638 3811 3869 3866; x_wconf 86' lang='lat' dir='ltr'><strong>semper</strong></span> 
     </span>
    </p>
   </div>
   <div class='ocr_carea' id='block_1_73' title="bbox 2261 3890 3863 3962">
    <p class='ocr_par' dir='ltr' id='par_1_73' title="bbox 2261 3890 3863 3962">
     <span class='ocr_line' id='line_1_74' title="bbox 2261 3890 3863 3962; baseline 0.001 -16"><span class='ocrx_word' id='word_1_495' title='bbox 2261 3891 2651 3962; x_wconf 86' lang='lat' dir='ltr'><strong>conjunctione</strong></span> <span class='ocrx_word' id='word_1_496' title='bbox 2694 3890 2951 3958; x_wconf 88' lang='lat' dir='ltr'><strong>sociatos,</strong></span> <span class='ocrx_word' id='word_1_497' title='bbox 3000 3891 3097 3945; x_wconf 87' lang='lat' dir='ltr'><strong>tali</strong></span> <span class='ocrx_word' id='word_1_498' title='bbox 3122 3905 3253 3945; x_wconf 89' lang='lat' dir='ltr'><strong>usus</strong></span> <span class='ocrx_word' id='word_1_499' title='bbox 3282 3900 3364 3946; x_wconf 89' lang='lat' dir='ltr'><strong>est</strong></span> <span class='ocrx_word' id='word_1_500' title='bbox 3394 3891 3667 3946; x_wconf 87' lang='lat' dir='ltr'><strong>sermonis</strong></span> <span class='ocrx_word' id='word_1_501' title='bbox 3698 3907 3863 3947; x_wconf 81' lang='lat' dir='ltr'><strong>exor-</strong></span> 
     </span>
    </p>
   </div>
   <div class='ocr_carea' id='block_1_74' title="bbox 2261 3985 2375 4041">
    <p class='ocr_par' dir='ltr' id='par_1_74' title="bbox 2261 3985 2375 4041">
     <span class='ocr_line' id='line_1_75' title="bbox 2261 3985 2375 4041; baseline -0.009 -1"><span class='ocrx_word' id='word_1_502' title='bbox 2261 3985 2375 4041; x_wconf 91' lang='lat' dir='ltr'><strong>dio.</strong></span> 
     </span>
    </p>
   </div>
   <div class='ocr_carea' id='block_1_75' title="bbox 2893 4055 3220 4112">
    <p class='ocr_par' dir='ltr' id='par_1_75' title="bbox 2893 4055 3220 4112">
     <span class='ocr_line' id='line_1_76' title="bbox 2893 4055 3220 4112; baseline -0.009 -1"><span class='ocrx_word' id='word_1_503' title='bbox 2893 4055 3120 4112; x_wconf 83' lang='lat' dir='ltr'><strong>CAPUT</strong></span> <span class='ocrx_word' id='word_1_504' title='bbox 3160 4056 3220 4110; x_wconf 92' lang='lat' dir='ltr'><strong>ll.</strong></span> 
     </span>
    </p>
   </div>
   <div class='ocr_carea' id='block_1_76' title="bbox 2260 4144 3849 4219">
    <p class='ocr_par' dir='ltr' id='par_1_76' title="bbox 2260 4144 3849 4219">
     <span class='ocr_line' id='line_1_77' title="bbox 2260 4144 3849 4219; baseline 0.003 -22"><span class='ocrx_word' id='word_1_505' title='bbox 2260 4144 2561 4216; x_wconf 85' lang='lat' dir='ltr'><strong>Disputatio</strong></span> <span class='ocrx_word' id='word_1_506' title='bbox 2586 4148 2813 4219; x_wconf 83' lang='lat' dir='ltr'><strong>ejusdem</strong></span> <span class='ocrx_word' id='word_1_507' title='bbox 2836 4148 2972 4201; x_wconf 87' lang='lat' dir='ltr'><strong>senis</strong></span> <span class='ocrx_word' id='word_1_508' title='bbox 3002 4148 3065 4201; x_wconf 89' lang='lat' dir='ltr'><strong>de</strong></span> <span class='ocrx_word' id='word_1_509' title='bbox 3088 4148 3249 4214; x_wconf 82' lang='lat' dir='ltr'><strong>inﬁdo</strong></span> <span class='ocrx_word' id='word_1_510' title='bbox 3278 4148 3624 4200; x_wconf 86' lang='lat' dir='ltr'><strong>amicitiarum</strong></span> <span class='ocrx_word' id='word_1_511' title='bbox 3644 4164 3849 4219; x_wconf 77' lang='lat' dir='ltr'><strong>genere.</strong></span> 
     </span>
    </p>
   </div>
   <div class='ocr_carea' id='block_1_77' title="bbox 2331 4261 3845 4331">
    <p class='ocr_par' dir='ltr' id='par_1_77' title="bbox 2331 4261 3845 4331">
     <span class='ocr_line' id='line_1_78' title="bbox 2331 4261 3845 4331; baseline 0 -15"><span class='ocrx_word' id='word_1_512' title='bbox 2331 4272 2354 4299; x_wconf 73' lang='grc' dir='ltr'><strong>ε</strong></span> <span class='ocrx_word' id='word_1_513' title='bbox 2396 4261 2768 4316; x_wconf 86' lang='lat' dir='ltr'><strong>Amicitiarum</strong></span> <span class='ocrx_word' id='word_1_514' title='bbox 2800 4277 2861 4316; x_wconf 88' lang='lat' dir='ltr'><strong>ac</strong></span> <span class='ocrx_word' id='word_1_515' title='bbox 2892 4261 3199 4317; x_wconf 87' lang='lat' dir='ltr'><strong>sodalitatis</strong></span> <span class='ocrx_word' id='word_1_516' title='bbox 3246 4263 3409 4316; x_wconf 90' lang='lat' dir='ltr'><strong>multa</strong></span> <span class='ocrx_word' id='word_1_517' title='bbox 3456 4271 3579 4317; x_wconf 73' lang='lat' dir='ltr'><strong>sunt</strong></span> <span class='ocrx_word' id='word_1_518' title='bbox 3615 4277 3845 4331; x_wconf 82' lang='lat' dir='ltr'><strong>genera,</strong></span> 
     </span>
    </p>
   </div>
   <div class='ocr_carea' id='block_1_78' title="bbox 1630 4364 2759 4451">
    <p class='ocr_par' dir='ltr' id='par_1_78' title="bbox 1630 4364 2759 4451">
     <span class='ocr_line' id='line_1_79' title="bbox 1630 4364 2759 4451; baseline -0.002 -2"><span class='ocrx_word' id='word_1_519' title='bbox 1630 4364 1887 4450; x_wconf 63' lang='lat' dir='ltr'><strong>suam</strong></span> <span class='ocrx_word' id='word_1_520' title='bbox 1926 4393 2159 4449; x_wconf 73' lang='lat' dir='ltr'><strong>GAZASI</strong></span> <span class='ocrx_word' id='word_1_521' title='bbox 2195 4392 2759 4451; x_wconf 69' lang='lat' dir='ltr'><strong>COMMENTARIUS.</strong></span> 
     </span>
    </p>
   </div>
   <div class='ocr_carea' id='block_1_79' title="bbox 634 4498 2148 4579">
    <p class='ocr_par' dir='ltr' id='par_1_79' title="bbox 634 4498 2148 4579">
     <span class='ocr_line' id='line_1_80' title="bbox 634 4498 2148 4579; baseline 0.009 -27"><span class='ocrx_word' id='word_1_522' title='bbox 634 4508 660 4579; x_wconf 64' lang='grc' dir='ltr'><strong>ξι</strong></span> <span class='ocrx_word' id='word_1_523' title='bbox 702 4498 777 4554; x_wconf 85' lang='lat' dir='ltr'><strong>Ex</strong></span> <span class='ocrx_word' id='word_1_524' title='bbox 804 4508 919 4579; x_wconf 71' lang='lat' dir='ltr'><strong>toto</strong></span> <span class='ocrx_word' id='word_1_525' title='bbox 943 4502 1157 4579; x_wconf 79' lang='lat' dir='ltr'><strong>quidem</strong></span> <span class='ocrx_word' id='word_1_526' title='bbox 1183 4519 1409 4579; x_wconf 81' lang='lat' dir='ltr'><strong>numero</strong></span> <span class='ocrx_word' id='word_1_527' title='bbox 1428 4508 1745 4575; x_wconf 88' lang='lat' dir='ltr'><strong>undecima;</strong></span> <span class='ocrx_word' id='word_1_528' title='bbox 1771 4513 1939 4579; x_wconf 90' lang='lat' dir='ltr'><strong>prima</strong></span> <span class='ocrx_word' id='word_1_529' title='bbox 1965 4521 2148 4566; x_wconf 90' lang='lat' dir='ltr'><strong>autem</strong></span> 
     </span>
    </p>
   </div>
   <div class='ocr_carea' id='block_1_80' title="bbox 560 4568 2146 4651">
    <p class='ocr_par' dir='ltr' id='par_1_80' title="bbox 560 4568 2146 4651">
     <span class='ocr_line' id='line_1_81' title="bbox 560 4568 2146 4651; baseline 0.008 -27"><span class='ocrx_word' id='word_1_530' title='bbox 560 4584 591 4624; x_wconf 89' lang='lat' dir='ltr'><strong>e</strong></span> <span class='ocrx_word' id='word_1_531' title='bbox 609 4568 796 4651; x_wconf 67' lang='lat' dir='ltr'><strong>decem</strong></span> <span class='ocrx_word' id='word_1_532' title='bbox 815 4568 1191 4651; x_wconf 75' lang='lat' dir='ltr'><strong>collaiionibus</strong></span> <span class='ocrx_word' id='word_1_533' title='bbox 1209 4575 1635 4651; x_wconf 65' lang='lat' dir='ltr'><strong>hujussecundm</strong></span> <span class='ocrx_word' id='word_1_534' title='bbox 1651 4568 1859 4646; x_wconf 77' lang='lat' dir='ltr'><strong>classis,</strong></span> <span class='ocrx_word' id='word_1_535' title='bbox 1886 4597 2004 4651; x_wconf 81' lang='lat' dir='ltr'><strong>quae</strong></span> <span class='ocrx_word' id='word_1_536' title='bbox 2025 4597 2146 4636; x_wconf 89' lang='lat' dir='ltr'><strong>cum</strong></span> 
     </span>
    </p>
   </div>
   <div class='ocr_carea' id='block_1_81' title="bbox 560 4642 2148 4718">
    <p class='ocr_par' dir='ltr' id='par_1_81' title="bbox 560 4642 2148 4718">
     <span class='ocr_line' id='line_1_82' title="bbox 560 4642 2148 4718; baseline 0.009 -25"><span class='ocrx_word' id='word_1_537' title='bbox 560 4642 731 4718; x_wconf 73' lang='lat' dir='ltr'><strong>tribus</strong></span> <span class='ocrx_word' id='word_1_538' title='bbox 778 4644 1145 4718; x_wconf 77' lang='lat' dir='ltr'><strong>anachoretis,</strong></span> <span class='ocrx_word' id='word_1_539' title='bbox 1192 4642 1309 4702; x_wconf 81' lang='lat' dir='ltr'><strong>scil.</strong></span> <span class='ocrx_word' id='word_1_540' title='bbox 1361 4649 1737 4718; x_wconf 75' lang='lat' dir='ltr'><strong>Chaeremone,</strong></span> <span class='ocrx_word' id='word_1_541' title='bbox 1779 4642 2058 4707; x_wconf 72' lang='lat' dir='ltr'><strong>Nesterotc</strong></span> <span class='ocrx_word' id='word_1_542' title='bbox 2093 4663 2148 4707; x_wconf 88' lang='lat' dir='ltr'><strong>et</strong></span> 
     </span>
    </p>
   </div>
   <div class='ocr_carea' id='block_1_82' title="bbox 558 4710 1859 4783">
    <p class='ocr_par' dir='ltr' id='par_1_82' title="bbox 558 4710 1859 4783">
     <span class='ocr_line' id='line_1_83' title="bbox 558 4710 1859 4783; baseline 0.008 -18"><span class='ocrx_word' id='word_1_543' title='bbox 558 4710 659 4783; x_wconf 79' lang='lat' dir='ltr'><strong>hoc</strong></span> <span class='ocrx_word' id='word_1_544' title='bbox 683 4712 921 4783; x_wconf 87' lang='lat' dir='ltr'><strong>.losepho</strong></span> <span class='ocrx_word' id='word_1_545' title='bbox 946 4716 1146 4773; x_wconf 87' lang='lat' dir='ltr'><strong>ibidem</strong></span> <span class='ocrx_word' id='word_1_546' title='bbox 1176 4720 1466 4775; x_wconf 83' lang='lat' dir='ltr'><strong>nominatis</strong></span> <span class='ocrx_word' id='word_1_547' title='bbox 1495 4722 1690 4775; x_wconf 76' lang='lat' dir='ltr'><strong>habita:</strong></span> <span class='ocrx_word' id='word_1_548' title='bbox 1715 4710 1859 4776; x_wconf 80' lang='lat' dir='ltr'><strong>sunt.</strong></span> 
     </span>
    </p>
   </div>
   <div class='ocr_carea' id='block_1_83' title="bbox 627 4781 2046 4864">
    <p class='ocr_par' dir='ltr' id='par_1_83' title="bbox 627 4781 2046 4864">
     <span class='ocr_line' id='line_1_84' title="bbox 627 4781 2046 4864; baseline 0.007 -26"><span class='ocrx_word' id='word_1_549' title='bbox 627 4781 655 4822; x_wconf 69' lang='grc' dir='ltr'>δ</span> <span class='ocrx_word' id='word_1_550' title='bbox 686 4784 775 4864; x_wconf 69' lang='lat' dir='ltr'><strong>Pe</strong></span> <span class='ocrx_word' id='word_1_551' title='bbox 806 4781 905 4841; x_wconf 85' lang='lat' dir='ltr'><strong>hac</strong></span> <span class='ocrx_word' id='word_1_552' title='bbox 932 4787 1149 4864; x_wconf 78' lang='lat' dir='ltr'><strong>civitate</strong></span> <span class='ocrx_word' id='word_1_553' title='bbox 1176 4790 1301 4864; x_wconf 88' lang='lat' dir='ltr'><strong>_vide</strong></span> <span class='ocrx_word' id='word_1_554' title='bbox 1331 4804 1491 4860; x_wconf 91' lang='lat' dir='ltr'><strong>supra</strong></span> <span class='ocrx_word' id='word_1_555' title='bbox 1516 4794 1700 4846; x_wconf 90' lang='lat' dir='ltr'><strong>collat.</strong></span> <span class='ocrx_word' id='word_1_556' title='bbox 1741 4792 1803 4864; x_wconf 70' lang='lat' dir='ltr'><strong>Li</strong></span> <span class='ocrx_word' id='word_1_557' title='bbox 1837 4809 1956 4864; x_wconf 90' lang='lat' dir='ltr'><strong>cap.</strong></span> <span class='ocrx_word' id='word_1_558' title='bbox 1990 4794 2046 4848; x_wconf 70' lang='grc'><strong>4.</strong></span> 
     </span>
    </p>
   </div>
   <div class='ocr_carea' id='block_1_84' title="bbox 630 4854 2139 4933">
    <p class='ocr_par' dir='ltr' id='par_1_84' title="bbox 630 4854 2139 4933">
     <span class='ocr_line' id='line_1_85' title="bbox 630 4854 2139 4933; baseline 0.007 -24"><span class='ocrx_word' id='word_1_559' title='bbox 630 4864 653 4892; x_wconf 76' lang='grc'><strong><em>⁸</em></strong></span> <span class='ocrx_word' id='word_1_560' title='bbox 686 4854 906 4933; x_wconf 47' lang='lat' dir='ltr'><strong>Praeter:</strong></span> <span class='ocrx_word' id='word_1_561' title='bbox 930 4858 1311 4933; x_wconf 52' lang='lat' dir='ltr'><strong>Aristotelem,</strong></span> <span class='ocrx_word' id='word_1_562' title='bbox 1355 4854 1445 4931; x_wconf 79' lang='lat' dir='ltr'><strong>qui</strong></span> <span class='ocrx_word' id='word_1_563' title='bbox 1493 4873 1602 4919; x_wconf 87' lang='lat' dir='ltr'><strong>tres</strong></span> <span class='ocrx_word' id='word_1_564' title='bbox 1639 4854 2139 4933; x_wconf 56' lang='lat' dir='ltr'><strong>amicitiaz&#39;spccics</strong></span> 
     </span>
    </p>
   </div>
   <div class='ocr_carea' id='block_1_85' title="bbox 2256 4511 3855 4579">
    <p class='ocr_par' dir='ltr' id='par_1_85' title="bbox 2256 4511 3855 4579">
     <span class='ocr_line' id='line_1_86' title="bbox 2256 4511 3855 4579; baseline 0.002 -15"><span class='ocrx_word' id='word_1_565' title='bbox 2256 4513 2375 4579; x_wconf 82' lang='lat' dir='ltr'><strong>quia</strong></span> <span class='ocrx_word' id='word_1_566' title='bbox 2402 4512 2550 4565; x_wconf 75' lang='lat' dir='ltr'><strong>mulce</strong></span> <span class='ocrx_word' id='word_1_567' title='bbox 2588 4522 2730 4577; x_wconf 87' lang='lat' dir='ltr'><strong>sunt,</strong></span> <span class='ocrx_word' id='word_1_568' title='bbox 2769 4520 2813 4565; x_wconf 88' lang='lat' dir='ltr'><strong>et</strong></span> <span class='ocrx_word' id='word_1_569' title='bbox 2851 4511 3008 4566; x_wconf 88' lang='lat' dir='ltr'><strong>bonas</strong></span> <span class='ocrx_word' id='word_1_570' title='bbox 3038 4521 3234 4565; x_wconf 87' lang='lat' dir='ltr'><strong>tantum</strong></span> <span class='ocrx_word' id='word_1_571' title='bbox 3273 4514 3328 4565; x_wconf 87' lang='lat' dir='ltr'><strong>in</strong></span> <span class='ocrx_word' id='word_1_572' title='bbox 3359 4513 3573 4565; x_wconf 85' lang='lat' dir='ltr'><strong>medium</strong></span> <span class='ocrx_word' id='word_1_573' title='bbox 3603 4512 3855 4567; x_wconf 81' lang='lat' dir='ltr'><strong>adduca-</strong></span> 
     </span>
    </p>
   </div>
   <div class='ocr_carea' id='block_1_86' title="bbox 2255 4582 3852 4652">
    <p class='ocr_par' dir='ltr' id='par_1_86' title="bbox 2255 4582 3852 4652">
     <span class='ocr_line' id='line_1_87' title="bbox 2255 4582 3852 4652; baseline 0.002 -18"><span class='ocrx_word' id='word_1_574' title='bbox 2255 4599 2386 4647; x_wconf 78' lang='lat' dir='ltr'><strong>mus,</strong></span> <span class='ocrx_word' id='word_1_575' title='bbox 2433 4584 2549 4637; x_wconf 74' lang='lat' dir='ltr'><strong>alia:</strong></span> <span class='ocrx_word' id='word_1_576' title='bbox 2584 4592 2701 4636; x_wconf 89' lang='lat' dir='ltr'><strong>sunt</strong></span> <span class='ocrx_word' id='word_1_577' title='bbox 2732 4584 2976 4635; x_wconf 72' lang='lat' dir='ltr'><strong>amicitia:</strong></span> <span class='ocrx_word' id='word_1_578' title='bbox 3012 4583 3317 4651; x_wconf 79' lang='lat' dir='ltr'><strong>temporales</strong></span> <span class='ocrx_word' id='word_1_579' title='bbox 3338 4626 3350 4649; x_wconf 91' lang='lat'><strong>,</strong></span> <span class='ocrx_word' id='word_1_580' title='bbox 3381 4582 3495 4635; x_wconf 71' lang='lat' dir='ltr'><strong>alite</strong></span> <span class='ocrx_word' id='word_1_581' title='bbox 3536 4584 3811 4637; x_wconf 81' lang='lat' dir='ltr'><strong>naturales</strong></span> <span class='ocrx_word' id='word_1_582' title='bbox 3836 4629 3852 4652; x_wconf 91' lang='lat'><strong>,</strong></span> 
     </span>
    </p>
   </div>
   <div class='ocr_carea' id='block_1_87' title="bbox 2252 4652 3855 4724">
    <p class='ocr_par' dir='ltr' id='par_1_87' title="bbox 2252 4652 3855 4724">
     <span class='ocr_line' id='line_1_88' title="bbox 2252 4652 3855 4724; baseline 0.002 -19"><span class='ocrx_word' id='word_1_583' title='bbox 2252 4653 2374 4708; x_wconf 71' lang='lat' dir='ltr'><strong>alite</strong></span> <span class='ocrx_word' id='word_1_584' title='bbox 2399 4655 2713 4724; x_wconf 84' lang='lat' dir='ltr'><strong>spiritualcs.</strong></span> <span class='ocrx_word' id='word_1_585' title='bbox 2745 4652 3069 4722; x_wconf 84' lang='lat' dir='ltr'><strong>Temporales</strong></span> <span class='ocrx_word' id='word_1_586' title='bbox 3099 4655 3335 4707; x_wconf 86' lang='lat' dir='ltr'><strong>oriuntur</strong></span> <span class='ocrx_word' id='word_1_587' title='bbox 3367 4670 3429 4707; x_wconf 69' lang='lat' dir='ltr'><strong>ex</strong></span> <span class='ocrx_word' id='word_1_588' title='bbox 3464 4654 3701 4720; x_wconf 83' lang='lat' dir='ltr'><strong>beneﬁcio</strong></span> <span class='ocrx_word' id='word_1_589' title='bbox 3728 4696 3743 4717; x_wconf 84' lang='lat'><strong>,</strong></span> <span class='ocrx_word' id='word_1_590' title='bbox 3780 4674 3855 4711; x_wconf 69' lang='lat' dir='ltr'><strong>ea;</strong></span> 
     </span>
    </p>
   </div>
   <div class='ocr_carea' id='block_1_88' title="bbox 2251 4726 3855 4795">
    <p class='ocr_par' dir='ltr' id='par_1_88' title="bbox 2251 4726 3855 4795">
     <span class='ocr_line' id='line_1_89' title="bbox 2251 4726 3855 4795; baseline 0.001 -19"><span class='ocrx_word' id='word_1_591' title='bbox 2251 4727 2609 4779; x_wconf 82' lang='lat' dir='ltr'><strong>communione</strong></span> <span class='ocrx_word' id='word_1_592' title='bbox 2650 4740 2866 4790; x_wconf 77' lang='lat' dir='ltr'><strong>mensat,</strong></span> <span class='ocrx_word' id='word_1_593' title='bbox 2898 4735 2986 4777; x_wconf 89' lang='lat' dir='ltr'><strong>aut</strong></span> <span class='ocrx_word' id='word_1_594' title='bbox 3012 4726 3461 4795; x_wconf 80' lang='lat' dir='ltr'><strong>peregrinationis,</strong></span> <span class='ocrx_word' id='word_1_595' title='bbox 3502 4734 3586 4776; x_wconf 85' lang='lat' dir='ltr'><strong>aut</strong></span> <span class='ocrx_word' id='word_1_596' title='bbox 3624 4727 3855 4783; x_wconf 81' lang='lat' dir='ltr'><strong>artiﬁcii</strong></span> 
     </span>
    </p>
   </div>
   <div class='ocr_carea' id='block_1_89' title="bbox 2248 4796 3851 4865">
    <p class='ocr_par' dir='ltr' id='par_1_89' title="bbox 2248 4796 3851 4865">
     <span class='ocr_line' id='line_1_90' title="bbox 2248 4796 3851 4865; baseline 0.003 -19"><span class='ocrx_word' id='word_1_597' title='bbox 2248 4797 2500 4865; x_wconf 80' lang='lat' dir='ltr'><strong>ejusdem,</strong></span> <span class='ocrx_word' id='word_1_598' title='bbox 2525 4806 2611 4848; x_wconf 88' lang='lat' dir='ltr'><strong>aut</strong></span> <span class='ocrx_word' id='word_1_599' title='bbox 2633 4811 2693 4848; x_wconf 79' lang='lat' dir='ltr'><strong>ea:</strong></span> <span class='ocrx_word' id='word_1_600' title='bbox 2721 4797 2906 4849; x_wconf 83' lang='lat' dir='ltr'><strong>vicinia</strong></span> <span class='ocrx_word' id='word_1_601' title='bbox 2926 4797 3121 4861; x_wconf 86' lang='lat' dir='ltr'><strong>eadem,</strong></span> <span class='ocrx_word' id='word_1_602' title='bbox 3153 4807 3242 4849; x_wconf 87' lang='lat' dir='ltr'><strong>aut</strong></span> <span class='ocrx_word' id='word_1_603' title='bbox 3269 4812 3329 4848; x_wconf 83' lang='lat' dir='ltr'><strong>ea:</strong></span> <span class='ocrx_word' id='word_1_604' title='bbox 3360 4796 3655 4864; x_wconf 80' lang='lat' dir='ltr'><strong>hujusmodi</strong></span> <span class='ocrx_word' id='word_1_605' title='bbox 3687 4799 3851 4851; x_wconf 81' lang='lat' dir='ltr'><strong>rebus</strong></span> 
     </span>
    </p>
   </div>
   <div class='ocr_carea' id='block_1_90' title="bbox 2246 4865 3851 4937">
    <p class='ocr_par' dir='ltr' id='par_1_90' title="bbox 2246 4865 3851 4937">
     <span class='ocr_line' id='line_1_91' title="bbox 2246 4865 3851 4937; baseline 0.002 -20"><span class='ocrx_word' id='word_1_606' title='bbox 2246 4868 2386 4920; x_wconf 82' lang='lat' dir='ltr'><strong>aliis.</strong></span> <span class='ocrx_word' id='word_1_607' title='bbox 2422 4867 2704 4920; x_wconf 73' lang='lat' dir='ltr'><strong>Naturales</strong></span> <span class='ocrx_word' id='word_1_608' title='bbox 2726 4878 2866 4931; x_wconf 84' lang='lat' dir='ltr'><strong>sunt,</strong></span> <span class='ocrx_word' id='word_1_609' title='bbox 2896 4867 3059 4935; x_wconf 84' lang='lat' dir='ltr'><strong>patris</strong></span> <span class='ocrx_word' id='word_1_610' title='bbox 3090 4884 3211 4936; x_wconf 83' lang='lat' dir='ltr'><strong>erga</strong></span> <span class='ocrx_word' id='word_1_611' title='bbox 3240 4868 3405 4935; x_wconf 84' lang='lat' dir='ltr'><strong>ﬁlium</strong></span> <span class='ocrx_word' id='word_1_612' title='bbox 3429 4910 3441 4933; x_wconf 94' lang='lat'><strong>,</strong></span> <span class='ocrx_word' id='word_1_613' title='bbox 3472 4865 3566 4933; x_wconf 78' lang='lat' dir='ltr'><strong>ﬁlii</strong></span> <span class='ocrx_word' id='word_1_614' title='bbox 3592 4883 3715 4937; x_wconf 85' lang='lat' dir='ltr'><strong>ergo</strong></span> <span class='ocrx_word' id='word_1_615' title='bbox 3749 4886 3851 4933; x_wconf 82' lang='lat' dir='ltr'><strong>pa-</strong></span> 
     </span>
    </p>
   </div>
   <div class='ocr_carea' id='block_1_91' title="bbox 552 4925 3849 5009">
    <p class='ocr_par' dir='ltr' id='par_1_91' title="bbox 552 4925 3849 5009">
     <span class='ocr_line' id='line_1_92' title="bbox 552 4925 3849 5009; baseline 0.004 -31"><span class='ocrx_word' id='word_1_616' title='bbox 552 4928 829 5009; x_wconf 77' lang='lat' dir='ltr'><strong>rccensuit</strong></span> <span class='ocrx_word' id='word_1_617' title='bbox 854 4928 995 5000; x_wconf 89' lang='lat' dir='ltr'><strong>(Lib.</strong></span> <span class='ocrx_word' id='word_1_618' title='bbox 1025 4946 1116 5009; x_wconf 62' lang='lat' dir='ltr'><strong>vui</strong></span> <span class='ocrx_word' id='word_1_619' title='bbox 1150 4925 1323 5009; x_wconf 62' lang='lat' dir='ltr'><strong>Ethic.</strong></span> <span class='ocrx_word' id='word_1_620' title='bbox 1347 4925 1393 4986; x_wconf 57' lang='grc' dir='ltr'><strong>εἰ</strong></span> <span class='ocrx_word' id='word_1_621' title='bbox 1413 4934 1492 5003; x_wconf 78' lang='grc'><strong>5),</strong></span> <span class='ocrx_word' id='word_1_622' title='bbox 1518 4935 1915 5009; x_wconf 80' lang='lat' dir='ltr'><strong>delectabilem,</strong></span> <span class='ocrx_word' id='word_1_623' title='bbox 1947 4925 2133 5009; x_wconf 82' lang='lat' dir='ltr'><strong>utilem</strong></span> <span class='ocrx_word' id='word_1_624' title='bbox 2162 4925 2216 4985; x_wconf 82' lang='lat' dir='ltr'><strong>D</strong></span> <span class='ocrx_word' id='word_1_625' title='bbox 2241 4944 2370 4991; x_wconf 85' lang='lat' dir='ltr'><strong>trem</strong></span> <span class='ocrx_word' id='word_1_626' title='bbox 2388 4982 2407 5009; x_wconf 16' lang='grc' dir='ltr'><strong>,ν</strong></span> <span class='ocrx_word' id='word_1_627' title='bbox 2458 4939 2635 5007; x_wconf 78' lang='lat' dir='ltr'><strong>fratris</strong></span> <span class='ocrx_word' id='word_1_628' title='bbox 2665 4955 2785 5009; x_wconf 81' lang='lat' dir='ltr'><strong>erga</strong></span> <span class='ocrx_word' id='word_1_629' title='bbox 2816 4925 3057 5008; x_wconf 56' lang='lat' dir='ltr'><strong>fialrem,</strong></span> <span class='ocrx_word' id='word_1_630' title='bbox 3084 4925 3281 5009; x_wconf 53' lang='lat' dir='ltr'><strong>ne;on</strong></span> <span class='ocrx_word' id='word_1_631' title='bbox 3306 4925 3624 5009; x_wconf 43' lang='lat' dir='ltr'><strong>erga&#39;avum,</strong></span> <span class='ocrx_word' id='word_1_632' title='bbox 3648 4925 3849 4993; x_wconf 46' lang='lat' dir='ltr'><strong>aratris</strong></span> 
     </span>
    </p>
   </div>
   <div class='ocr_carea' id='block_1_92' title="bbox 548 4998 2133 5072">
    <p class='ocr_par' dir='ltr' id='par_1_92' title="bbox 548 4998 2133 5072">
     <span class='ocr_line' id='line_1_93' title="bbox 548 4998 2133 5072; baseline 0.007 -22"><span class='ocrx_word' id='word_1_633' title='bbox 548 5008 601 5050; x_wconf 92' lang='lat' dir='ltr'><strong>ct</strong></span> <span class='ocrx_word' id='word_1_634' title='bbox 650 4998 964 5072; x_wconf 80' lang='lat' dir='ltr'><strong>honestam,</strong></span> <span class='ocrx_word' id='word_1_635' title='bbox 996 5004 1204 5072; x_wconf 86' lang='lat' dir='ltr'><strong>antiqui</strong></span> <span class='ocrx_word' id='word_1_636' title='bbox 1244 4998 1631 5060; x_wconf 52' lang='lat' dir='ltr'><strong>Patres&#39;etiam</strong></span> <span class='ocrx_word' id='word_1_637' title='bbox 1683 5006 1831 5059; x_wconf 87' lang='lat' dir='ltr'><strong>varia</strong></span> <span class='ocrx_word' id='word_1_638' title='bbox 1884 4998 2133 5061; x_wconf 79' lang='lat' dir='ltr'><strong>amicitiae</strong></span> 
     </span>
    </p>
   </div>
   <div class='ocr_carea' id='block_1_93' title="bbox 545 5070 2135 5140">
    <p class='ocr_par' dir='ltr' id='par_1_93' title="bbox 545 5070 2135 5140">
     <span class='ocr_line' id='line_1_94' title="bbox 545 5070 2135 5140; baseline 0.006 -18"><span class='ocrx_word' id='word_1_639' title='bbox 545 5083 748 5140; x_wconf 73' lang='lat' dir='ltr'><strong>genera</strong></span> <span class='ocrx_word' id='word_1_640' title='bbox 777 5070 1204 5140; x_wconf 82' lang='lat' dir='ltr'><strong>descripserunt.</strong></span> <span class='ocrx_word' id='word_1_641' title='bbox 1237 5072 1487 5129; x_wconf 89' lang='lat' dir='ltr'><strong>Clemens</strong></span> <span class='ocrx_word' id='word_1_642' title='bbox 1515 5076 1908 5131; x_wconf 78' lang='lat' dir='ltr'><strong>Alexandrinus</strong></span> <span class='ocrx_word' id='word_1_643' title='bbox 1949 5078 2046 5131; x_wconf 92' lang='lat' dir='ltr'><strong>lib.</strong></span> <span class='ocrx_word' id='word_1_644' title='bbox 2100 5095 2135 5132; x_wconf 84' lang='grc' dir='ltr'>ιι</span> 
     </span>
    </p>
   </div>
   <div class='ocr_carea' id='block_1_94' title="bbox 545 5138 2136 5221">
    <p class='ocr_par' dir='ltr' id='par_1_94' title="bbox 545 5138 2136 5221">
     <span class='ocr_line' id='line_1_95' title="bbox 545 5138 2136 5221; baseline 0.004 -27"><span class='ocrx_word' id='word_1_645' title='bbox 545 5138 751 5221; x_wconf 60' lang='lat' dir='ltr'><strong>Strom.</strong></span> <span class='ocrx_word' id='word_1_646' title='bbox 778 5156 896 5211; x_wconf 88' lang='lat' dir='ltr'><strong>cap.</strong></span> <span class='ocrx_word' id='word_1_647' title='bbox 938 5138 973 5197; x_wconf 78' lang='lat'><strong>9</strong></span> <span class='ocrx_word' id='word_1_648' title='bbox 1008 5161 1019 5195; x_wconf 91' lang='lat'><strong>:</strong></span> <span class='ocrx_word' id='word_1_649' title='bbox 1054 5142 1335 5221; x_wconf 83' lang='lat' dir='ltr'><strong>Docemur,</strong></span> <span class='ocrx_word' id='word_1_650' title='bbox 1378 5146 1580 5221; x_wconf 79' lang='lat' dir='ltr'><strong>inquit,</strong></span> <span class='ocrx_word' id='word_1_651' title='bbox 1619 5164 1726 5202; x_wconf 87' lang='lat' dir='ltr'><strong>esse</strong></span> <span class='ocrx_word' id='word_1_652' title='bbox 1755 5148 1946 5217; x_wconf 73' lang='lat' dir='ltr'><strong>triplex</strong></span> <span class='ocrx_word' id='word_1_653' title='bbox 1979 5165 2136 5221; x_wconf 85' lang='lat' dir='ltr'><strong>genus</strong></span> 
     </span>
    </p>
   </div>
   <div class='ocr_carea' id='block_1_95' title="bbox 544 5212 2138 5289">
    <p class='ocr_par' dir='ltr' id='par_1_95' title="bbox 544 5212 2138 5289">
     <span class='ocr_line' id='line_1_96' title="bbox 544 5212 2138 5289; baseline 0.007 -28"><span class='ocrx_word' id='word_1_654' title='bbox 544 5212 788 5289; x_wconf 72' lang='lat' dir='ltr'><strong>amicitia!</strong></span> <span class='ocrx_word' id='word_1_655' title='bbox 824 5228 843 5266; x_wconf 91' lang='lat'><strong><em>:</em></strong></span> <span class='ocrx_word' id='word_1_656' title='bbox 866 5223 909 5267; x_wconf 92' lang='lat' dir='ltr'><strong>et</strong></span> <span class='ocrx_word' id='word_1_657' title='bbox 942 5229 1115 5267; x_wconf 83' lang='lat' dir='ltr'><strong>eorum</strong></span> <span class='ocrx_word' id='word_1_658' title='bbox 1144 5215 1369 5289; x_wconf 86' lang='lat' dir='ltr'><strong>primum</strong></span> <span class='ocrx_word' id='word_1_659' title='bbox 1412 5212 1615 5289; x_wconf 79' lang='lat' dir='ltr'><strong>quidem</strong></span> <span class='ocrx_word' id='word_1_660' title='bbox 1656 5212 1923 5289; x_wconf 37' lang='lat' dir='ltr'><strong>genus&#39;est</strong></span> <span class='ocrx_word' id='word_1_661' title='bbox 1950 5212 2138 5289; x_wconf 74' lang='lat' dir='ltr'><strong>,idque</strong></span> 
     </span>
    </p>
   </div>
   <div class='ocr_carea' id='block_1_96' title="bbox 545 5284 2131 5355">
    <p class='ocr_par' dir='ltr' id='par_1_96' title="bbox 545 5284 2131 5355">
     <span class='ocr_line' id='line_1_97' title="bbox 545 5284 2131 5355; baseline 0.008 -23"><span class='ocrx_word' id='word_1_662' title='bbox 545 5284 795 5355; x_wconf 81' lang='lat' dir='ltr'><strong>optimum</strong></span> <span class='ocrx_word' id='word_1_663' title='bbox 834 5300 893 5336; x_wconf 86' lang='lat' dir='ltr'><strong>ac</strong></span> <span class='ocrx_word' id='word_1_664' title='bbox 938 5284 1453 5354; x_wconf 67' lang='lat' dir='ltr'><strong>prwslanlissimum,</strong></span> <span class='ocrx_word' id='word_1_665' title='bbox 1494 5288 1548 5339; x_wconf 86' lang='lat' dir='ltr'><strong>id</strong></span> <span class='ocrx_word' id='word_1_666' title='bbox 1576 5284 1711 5355; x_wconf 75' lang='lat' dir='ltr'><strong>quod</strong></span> <span class='ocrx_word' id='word_1_667' title='bbox 1737 5300 1809 5342; x_wconf 85' lang='lat' dir='ltr'><strong>est</strong></span> <span class='ocrx_word' id='word_1_668' title='bbox 1838 5305 1901 5342; x_wconf 70' lang='lat' dir='ltr'><strong>est:</strong></span> <span class='ocrx_word' id='word_1_669' title='bbox 1933 5284 2131 5355; x_wconf 74' lang='lat' dir='ltr'><strong>virtute,</strong></span> 
     </span>
    </p>
   </div>
   <div class='ocr_carea' id='block_1_97' title="bbox 540 5305 2132 5425">
    <p class='ocr_par' dir='ltr' id='par_1_97' title="bbox 540 5305 2132 5425">
     <span class='ocr_line' id='line_1_98' title="bbox 545 5305 2131 5355; baseline 0.008 -23"><span class='ocrx_word' id='word_1_670' title='bbox 545 5305 795 5351; x_wconf 79' lang='lat' dir='ltr'><strong>upumum</strong></span> <span class='ocrx_word' id='word_1_671' title='bbox 834 5305 893 5336; x_wconf 86' lang='lat' dir='ltr'><strong>ac</strong></span> <span class='ocrx_word' id='word_1_672' title='bbox 938 5305 1416 5354; x_wconf 74' lang='grc' dir='ltr'><strong>ρτωειαηιιδδιιηιιῐη</strong></span> <span class='ocrx_word' id='word_1_673' title='bbox 1440 5328 1453 5350; x_wconf 85' lang='grc'><em>,</em></span> <span class='ocrx_word' id='word_1_674' title='bbox 1494 5305 1547 5339; x_wconf 79' lang='lat' dir='ltr'><strong>ta</strong></span> <span class='ocrx_word' id='word_1_675' title='bbox 1612 5305 1709 5341; x_wconf 85' lang='lat' dir='ltr'><strong>uoa</strong></span> <span class='ocrx_word' id='word_1_676' title='bbox 1737 5305 1809 5342; x_wconf 86' lang='lat' dir='ltr'><strong>est</strong></span> <span class='ocrx_word' id='word_1_677' title='bbox 1838 5305 1901 5342; x_wconf 77' lang='lat' dir='ltr'><strong>ea:</strong></span> <span class='ocrx_word' id='word_1_678' title='bbox 1933 5305 2131 5355; x_wconf 79' lang='lat' dir='ltr'><strong>virtute,</strong></span> 
     </span>
     <span class='ocr_line' id='line_1_99' title="bbox 540 5305 2132 5425; baseline 0.005 -22"><span class='ocrx_word' id='word_1_679' title='bbox 540 5349 719 5405; x_wconf 78' lang='lat' dir='ltr'><strong>valida</strong></span> <span class='ocrx_word' id='word_1_680' title='bbox 746 5356 881 5406; x_wconf 87' lang='lat' dir='ltr'><strong>enim</strong></span> <span class='ocrx_word' id='word_1_681' title='bbox 911 5363 983 5408; x_wconf 83' lang='lat' dir='ltr'><strong>est</strong></span> <span class='ocrx_word' id='word_1_682' title='bbox 1007 5374 1121 5425; x_wconf 75' lang='lat' dir='ltr'><strong>qua:</strong></span> <span class='ocrx_word' id='word_1_683' title='bbox 1145 5366 1217 5409; x_wconf 84' lang='lat' dir='ltr'><strong>est</strong></span> <span class='ocrx_word' id='word_1_684' title='bbox 1248 5373 1311 5411; x_wconf 79' lang='lat' dir='ltr'><strong>ea:</strong></span> <span class='ocrx_word' id='word_1_685' title='bbox 1340 5359 1537 5411; x_wconf 81' lang='lat' dir='ltr'><strong>ratione</strong></span> <span class='ocrx_word' id='word_1_686' title='bbox 1564 5305 1789 5412; x_wconf 50' lang='lat' dir='ltr'><strong>gilectio.</strong></span> <span class='ocrx_word' id='word_1_687' title='bbox 1837 5360 2132 5413; x_wconf 84' lang='lat' dir='ltr'><strong>Secundum</strong></span> 
     </span>
    </p>
   </div>
   <div class='ocr_carea' id='block_1_98' title="bbox 541 5426 2134 5492">
    <p class='ocr_par' dir='ltr' id='par_1_98' title="bbox 541 5426 2134 5492">
     <span class='ocr_line' id='line_1_100' title="bbox 541 5426 2134 5492; baseline 0.006 -18"><span class='ocrx_word' id='word_1_688' title='bbox 541 5433 715 5475; x_wconf 83' lang='lat' dir='ltr'><strong>autem</strong></span> <span class='ocrx_word' id='word_1_689' title='bbox 738 5468 751 5492; x_wconf 88' lang='lat'><strong>,</strong></span> <span class='ocrx_word' id='word_1_690' title='bbox 783 5440 843 5477; x_wconf 85' lang='lat' dir='ltr'><strong>ac</strong></span> <span class='ocrx_word' id='word_1_691' title='bbox 871 5426 1116 5490; x_wconf 84' lang='lat' dir='ltr'><strong>medium,</strong></span> <span class='ocrx_word' id='word_1_692' title='bbox 1142 5444 1203 5480; x_wconf 74' lang='lat' dir='ltr'><strong>ea:</strong></span> <span class='ocrx_word' id='word_1_693' title='bbox 1236 5430 1644 5484; x_wconf 86' lang='lat' dir='ltr'><strong>remuneratione</strong></span> <span class='ocrx_word' id='word_1_694' title='bbox 1680 5440 1796 5484; x_wconf 85' lang='lat' dir='ltr'><strong>:est</strong></span> <span class='ocrx_word' id='word_1_695' title='bbox 1832 5443 2003 5483; x_wconf 84' lang='lat' dir='ltr'><strong>autem</strong></span> <span class='ocrx_word' id='word_1_696' title='bbox 2039 5431 2134 5484; x_wconf 81' lang='lat' dir='ltr'><strong>hoc</strong></span> 
     </span>
    </p>
   </div>
   <div class='ocr_carea' id='block_1_99' title="bbox 538 5499 2135 5564">
    <p class='ocr_par' dir='ltr' id='par_1_99' title="bbox 538 5499 2135 5564">
     <span class='ocr_line' id='line_1_101' title="bbox 538 5499 2135 5564; baseline 0.005 -18"><span class='ocrx_word' id='word_1_697' title='bbox 538 5510 695 5564; x_wconf 79' lang='lat' dir='ltr'><strong>genus</strong></span> <span class='ocrx_word' id='word_1_698' title='bbox 717 5503 896 5563; x_wconf 84' lang='lat' dir='ltr'><strong>aptum</strong></span> <span class='ocrx_word' id='word_1_699' title='bbox 916 5499 986 5549; x_wconf 90' lang='lat' dir='ltr'><strong>ad</strong></span> <span class='ocrx_word' id='word_1_700' title='bbox 1015 5499 1308 5553; x_wconf 86' lang='lat' dir='ltr'><strong>societatem</strong></span> <span class='ocrx_word' id='word_1_701' title='bbox 1336 5509 1381 5552; x_wconf 87' lang='lat' dir='ltr'><strong>et</strong></span> <span class='ocrx_word' id='word_1_702' title='bbox 1408 5504 1937 5563; x_wconf 86' lang='lat' dir='ltr'><strong>communicationem,</strong></span> <span class='ocrx_word' id='word_1_703' title='bbox 1971 5500 2135 5554; x_wconf 88' lang='lat' dir='ltr'><strong>liben-</strong></span> 
     </span>
    </p>
   </div>
   <div class='ocr_carea' id='block_1_100' title="bbox 537 5565 2135 5637">
    <p class='ocr_par' dir='ltr' id='par_1_100' title="bbox 537 5565 2135 5637">
     <span class='ocr_line' id='line_1_102' title="bbox 537 5565 2135 5637; baseline 0.004 -18"><span class='ocrx_word' id='word_1_704' title='bbox 537 5574 615 5619; x_wconf 76' lang='lat' dir='ltr'><strong>ter</strong></span> <span class='ocrx_word' id='word_1_705' title='bbox 643 5565 962 5637; x_wconf 83' lang='lat' dir='ltr'><strong>impertiens,</strong></span> <span class='ocrx_word' id='word_1_706' title='bbox 989 5578 1039 5622; x_wconf 86' lang='lat' dir='ltr'><strong>et</strong></span> <span class='ocrx_word' id='word_1_707' title='bbox 1059 5571 1173 5623; x_wconf 74' lang='lat' dir='ltr'><strong>vita:</strong></span> <span class='ocrx_word' id='word_1_708' title='bbox 1196 5572 1537 5626; x_wconf 84' lang='lat' dir='ltr'><strong>conducibile.</strong></span> <span class='ocrx_word' id='word_1_709' title='bbox 1570 5573 1801 5625; x_wconf 86' lang='lat' dir='ltr'><strong>Tertium</strong></span> <span class='ocrx_word' id='word_1_710' title='bbox 1835 5583 2007 5625; x_wconf 88' lang='lat' dir='ltr'><strong>autem</strong></span> <span class='ocrx_word' id='word_1_711' title='bbox 2054 5572 2135 5625; x_wconf 91' lang='lat' dir='ltr'><strong>di-</strong></span> 
     </span>
    </p>
   </div>
   <div class='ocr_carea' id='block_1_101' title="bbox 538 5637 2132 5714">
    <p class='ocr_par' dir='ltr' id='par_1_101' title="bbox 538 5637 2132 5714">
     <span class='ocr_line' id='line_1_103' title="bbox 538 5637 2132 5714; baseline 0.008 -31"><span class='ocrx_word' id='word_1_712' title='bbox 538 5637 734 5714; x_wconf 73' lang='lat' dir='ltr'><strong>cimus,</strong></span> <span class='ocrx_word' id='word_1_713' title='bbox 777 5639 912 5714; x_wconf 65' lang='lat' dir='ltr'><strong>quod</strong></span> <span class='ocrx_word' id='word_1_714' title='bbox 941 5650 1011 5714; x_wconf 80' lang='lat' dir='ltr'><strong>_esl</strong></span> <span class='ocrx_word' id='word_1_715' title='bbox 1039 5656 1101 5714; x_wconf 76' lang='lat' dir='ltr'><strong>ex</strong></span> <span class='ocrx_word' id='word_1_716' title='bbox 1128 5644 1515 5714; x_wconf 56' lang='lat' dir='ltr'><strong>consuetudine.</strong></span> <span class='ocrx_word' id='word_1_717' title='bbox 1546 5643 1757 5699; x_wconf 85' lang='lat' dir='ltr'><strong>Clarius</strong></span> <span class='ocrx_word' id='word_1_718' title='bbox 1805 5643 1862 5700; x_wconf 86' lang='lat' dir='ltr'><strong>S.</strong></span> <span class='ocrx_word' id='word_1_719' title='bbox 1896 5642 2132 5714; x_wconf 84' lang='lat' dir='ltr'><strong>Chryso-</strong></span> 
     </span>
    </p>
   </div>
   <div class='ocr_carea' id='block_1_102' title="bbox 539 5706 2134 5778">
    <p class='ocr_par' dir='ltr' id='par_1_102' title="bbox 539 5706 2134 5778">
     <span class='ocr_line' id='line_1_104' title="bbox 539 5706 2134 5778; baseline 0.009 -27"><span class='ocrx_word' id='word_1_720' title='bbox 539 5712 750 5753; x_wconf 65' lang='lat' dir='ltr'><strong>Stomus</strong></span> <span class='ocrx_word' id='word_1_721' title='bbox 780 5706 834 5756; x_wconf 92' lang='lat' dir='ltr'><strong>in</strong></span> <span class='ocrx_word' id='word_1_722' title='bbox 858 5706 1152 5778; x_wconf 68' lang='lat' dir='ltr'><strong>Epistulam</strong></span> <span class='ocrx_word' id='word_1_723' title='bbox 1178 5711 1242 5762; x_wconf 88' lang='lat' dir='ltr'><strong>ad</strong></span> <span class='ocrx_word' id='word_1_724' title='bbox 1264 5710 1643 5778; x_wconf 83' lang='lat' dir='ltr'><strong>Colossenses:</strong></span> <span class='ocrx_word' id='word_1_725' title='bbox 1670 5715 1873 5775; x_wconf 70' lang='lat' dir='ltr'><strong>Multa’,</strong></span> <span class='ocrx_word' id='word_1_726' title='bbox 1895 5717 1987 5778; x_wconf 84' lang='lat' dir='ltr'><strong>ait,</strong></span> <span class='ocrx_word' id='word_1_727' title='bbox 2010 5706 2134 5767; x_wconf 64' lang='lat' dir='ltr'><strong>siml</strong></span> 
     </span>
    </p>
   </div>
   <div class='ocr_carea' id='block_1_103' title="bbox 538 5773 2133 5852">
    <p class='ocr_par' dir='ltr' id='par_1_103' title="bbox 538 5773 2133 5852">
     <span class='ocr_line' id='line_1_105' title="bbox 538 5773 2133 5852; baseline 0.016 -39"><span class='ocrx_word' id='word_1_728' title='bbox 538 5780 711 5817; x_wconf 67' lang='lat' dir='ltr'><strong>causa</strong></span> <span class='ocrx_word' id='word_1_729' title='bbox 728 5784 793 5820; x_wconf 79' lang='lat' dir='ltr'><strong>ea:</strong></span> <span class='ocrx_word' id='word_1_730' title='bbox 811 5773 990 5835; x_wconf 83' lang='lat' dir='ltr'><strong>quibus</strong></span> <span class='ocrx_word' id='word_1_731' title='bbox 1013 5776 1177 5828; x_wconf 87' lang='lat' dir='ltr'><strong>oritur</strong></span> <span class='ocrx_word' id='word_1_732' title='bbox 1193 5777 1443 5845; x_wconf 88' lang='lat' dir='ltr'><strong>amicitia,</strong></span> <span class='ocrx_word' id='word_1_733' title='bbox 1478 5790 1526 5834; x_wconf 82' lang='lat' dir='ltr'><strong>et</strong></span> <span class='ocrx_word' id='word_1_734' title='bbox 1546 5790 1601 5832; x_wconf 85' lang='lat' dir='ltr'><strong>ut</strong></span> <span class='ocrx_word' id='word_1_735' title='bbox 1620 5790 1791 5849; x_wconf 83' lang='lat' dir='ltr'><strong>turpes</strong></span> <span class='ocrx_word' id='word_1_736' title='bbox 1814 5773 2133 5852; x_wconf 74' lang='lat' dir='ltr'><strong>omittamus,</strong></span> 
     </span>
    </p>
   </div>
   <div class='ocr_carea' id='block_1_104' title="bbox 2239 5007 3850 5081">
    <p class='ocr_par' dir='ltr' id='par_1_104' title="bbox 2239 5007 3850 5081">
     <span class='ocr_line' id='line_1_106' title="bbox 2239 5007 3850 5081; baseline 0.002 -21"><span class='ocrx_word' id='word_1_737' title='bbox 2239 5025 2362 5078; x_wconf 82' lang='lat' dir='ltr'><strong>erga</strong></span> <span class='ocrx_word' id='word_1_738' title='bbox 2390 5008 2574 5081; x_wconf 80' lang='lat' dir='ltr'><strong>liberos</strong></span> <span class='ocrx_word' id='word_1_739' title='bbox 2598 5052 2611 5071; x_wconf 90' lang='lat'><strong>,</strong></span> <span class='ocrx_word' id='word_1_740' title='bbox 2635 5007 2822 5063; x_wconf 76' lang='lat' dir='ltr'><strong>uxoris</strong></span> <span class='ocrx_word' id='word_1_741' title='bbox 2843 5026 2961 5081; x_wconf 85' lang='lat' dir='ltr'><strong>erga</strong></span> <span class='ocrx_word' id='word_1_742' title='bbox 2996 5010 3179 5062; x_wconf 77' lang='lat' dir='ltr'><strong>virum.</strong></span> <span class='ocrx_word' id='word_1_743' title='bbox 3210 5007 3277 5060; x_wconf 86' lang='lat' dir='ltr'><strong>Et</strong></span> <span class='ocrx_word' id='word_1_744' title='bbox 3299 5010 3411 5060; x_wconf 79' lang='lat' dir='ltr'><strong>ista:</strong></span> <span class='ocrx_word' id='word_1_745' title='bbox 3439 5008 3646 5077; x_wconf 81' lang='lat' dir='ltr'><strong>quidem</strong></span> <span class='ocrx_word' id='word_1_746' title='bbox 3690 5009 3850 5063; x_wconf 73' lang='lat' dir='ltr'><strong>reite-</strong></span> 
     </span>
    </p>
   </div>
   <div class='ocr_carea' id='block_1_105' title="bbox 2240 5080 3847 5149">
    <p class='ocr_par' dir='ltr' id='par_1_105' title="bbox 2240 5080 3847 5149">
     <span class='ocr_line' id='line_1_107' title="bbox 2240 5080 3847 5149; baseline 0.001 -19"><span class='ocrx_word' id='word_1_747' title='bbox 2240 5080 2513 5133; x_wconf 85' lang='lat' dir='ltr'><strong>mentiores</strong></span> <span class='ocrx_word' id='word_1_748' title='bbox 2560 5081 2665 5133; x_wconf 86' lang='lat' dir='ltr'><strong>illis</strong></span> <span class='ocrx_word' id='word_1_749' title='bbox 2704 5097 2808 5134; x_wconf 79' lang='lat' dir='ltr'><strong>esse</strong></span> <span class='ocrx_word' id='word_1_750' title='bbox 2850 5082 3106 5145; x_wconf 75' lang='lat' dir='ltr'><strong>videnlur;</strong></span> <span class='ocrx_word' id='word_1_751' title='bbox 3138 5081 3396 5143; x_wconf 85' lang='lat' dir='ltr'><strong>videntur,</strong></span> <span class='ocrx_word' id='word_1_752' title='bbox 3439 5082 3685 5149; x_wconf 86' lang='lat' dir='ltr'><strong>inquam,</strong></span> <span class='ocrx_word' id='word_1_753' title='bbox 3719 5082 3847 5149; x_wconf 85' lang='lat' dir='ltr'><strong>quia</strong></span> 
     </span>
    </p>
   </div>
   <div class='ocr_carea' id='block_1_106' title="bbox 2240 5148 3849 5218">
    <p class='ocr_par' dir='ltr' id='par_1_106' title="bbox 2240 5148 3849 5218">
     <span class='ocr_line' id='line_1_108' title="bbox 2240 5148 3849 5218; baseline 0.002 -17"><span class='ocrx_word' id='word_1_754' title='bbox 2240 5165 2589 5218; x_wconf 66' lang='lat' dir='ltr'><strong>saepenumero</strong></span> <span class='ocrx_word' id='word_1_755' title='bbox 2614 5150 2721 5203; x_wconf 85' lang='lat' dir='ltr'><strong>illis</strong></span> <span class='ocrx_word' id='word_1_756' title='bbox 2751 5152 3020 5215; x_wconf 77' lang='lat' dir='ltr'><strong>inferiores</strong></span> <span class='ocrx_word' id='word_1_757' title='bbox 3047 5161 3185 5203; x_wconf 88' lang='lat' dir='ltr'><strong>sunt.</strong></span> <span class='ocrx_word' id='word_1_758' title='bbox 3219 5149 3357 5201; x_wconf 86' lang='lat' dir='ltr'><strong>Nam</strong></span> <span class='ocrx_word' id='word_1_759' title='bbox 3387 5148 3579 5202; x_wconf 84' lang='lat' dir='ltr'><strong>alicubi</strong></span> <span class='ocrx_word' id='word_1_760' title='bbox 3601 5150 3697 5202; x_wconf 71' lang='lat' dir='ltr'><strong>uisi</strong></span> <span class='ocrx_word' id='word_1_761' title='bbox 3718 5164 3849 5204; x_wconf 78' lang='lat' dir='ltr'><strong>sunt</strong></span> 
     </span>
    </p>
   </div>
   <div class='ocr_carea' id='block_1_107' title="bbox 2240 5220 3845 5293">
    <p class='ocr_par' dir='ltr' id='par_1_107' title="bbox 2240 5220 3845 5293">
     <span class='ocr_line' id='line_1_109' title="bbox 2240 5220 3845 5293; baseline 0.001 -20"><span class='ocrx_word' id='word_1_762' title='bbox 2240 5222 2391 5293; x_wconf 76' lang='lat' dir='ltr'><strong>amici</strong></span> <span class='ocrx_word' id='word_1_763' title='bbox 2421 5224 2711 5293; x_wconf 79' lang='lat' dir='ltr'><strong>germanius</strong></span> <span class='ocrx_word' id='word_1_764' title='bbox 2750 5220 2919 5285; x_wconf 74' lang='lat' dir='ltr'><strong>affecti</strong></span> <span class='ocrx_word' id='word_1_765' title='bbox 2959 5237 3114 5290; x_wconf 85' lang='lat' dir='ltr'><strong>quam</strong></span> <span class='ocrx_word' id='word_1_766' title='bbox 3163 5224 3369 5292; x_wconf 82' lang='lat' dir='ltr'><strong>fratres.</strong></span> <span class='ocrx_word' id='word_1_767' title='bbox 3403 5220 3672 5293; x_wconf 80' lang='lat' dir='ltr'><strong>Spiritalis</strong></span> <span class='ocrx_word' id='word_1_768' title='bbox 3720 5237 3845 5275; x_wconf 75' lang='lat' dir='ltr'><strong>vero</strong></span> 
     </span>
    </p>
   </div>
   <div class='ocr_carea' id='block_1_108' title="bbox 2239 5290 3845 5361">
    <p class='ocr_par' dir='ltr' id='par_1_108' title="bbox 2239 5290 3845 5361">
     <span class='ocr_line' id='line_1_110' title="bbox 2239 5290 3845 5361; baseline 0.002 -19"><span class='ocrx_word' id='word_1_769' title='bbox 2239 5290 2446 5361; x_wconf 81' lang='lat' dir='ltr'><strong>dilectio</strong></span> <span class='ocrx_word' id='word_1_770' title='bbox 2477 5307 2647 5345; x_wconf 83' lang='lat' dir='ltr'><strong>omnes</strong></span> <span class='ocrx_word' id='word_1_771' title='bbox 2674 5293 2895 5358; x_wconf 80' lang='lat' dir='ltr'><strong>reliquas</strong></span> <span class='ocrx_word' id='word_1_772' title='bbox 2926 5290 3431 5359; x_wconf 35' lang='lat' dir='ltr'><strong>excellit,&#39;tamquam</strong></span> <span class='ocrx_word' id='word_1_773' title='bbox 3461 5292 3641 5361; x_wconf 83' lang='lat' dir='ltr'><strong>regina</strong></span> <span class='ocrx_word' id='word_1_774' title='bbox 3686 5309 3845 5359; x_wconf 59' lang='lat' dir='ltr'><strong>quos-</strong></span> 
     </span>
    </p>
   </div>
   <div class='ocr_carea' id='block_1_109' title="bbox 2242 5360 3844 5426">
    <p class='ocr_par' dir='ltr' id='par_1_109' title="bbox 2242 5360 3844 5426">
     <span class='ocr_line' id='line_1_111' title="bbox 2242 5360 3844 5426; baseline 0.003 -15"><span class='ocrx_word' id='word_1_775' title='bbox 2242 5360 2363 5413; x_wconf 87' lang='lat' dir='ltr'><strong>dam</strong></span> <span class='ocrx_word' id='word_1_776' title='bbox 2404 5378 2611 5415; x_wconf 84' lang='lat' dir='ltr'><strong>suorum</strong></span> <span class='ocrx_word' id='word_1_777' title='bbox 2647 5363 2929 5415; x_wconf 85' lang='lat' dir='ltr'><strong>dominium</strong></span> <span class='ocrx_word' id='word_1_778' title='bbox 2976 5364 3193 5424; x_wconf 83' lang='lat' dir='ltr'><strong>habens,</strong></span> <span class='ocrx_word' id='word_1_779' title='bbox 3247 5371 3296 5415; x_wconf 88' lang='lat' dir='ltr'><strong>et</strong></span> <span class='ocrx_word' id='word_1_780' title='bbox 3326 5360 3602 5426; x_wconf 81' lang='lat' dir='ltr'><strong>splendido</strong></span> <span class='ocrx_word' id='word_1_781' title='bbox 3651 5363 3844 5416; x_wconf 76' lang='lat' dir='ltr'><strong>habitu</strong></span> 
     </span>
    </p>
   </div>
   <div class='ocr_carea' id='block_1_110' title="bbox 2243 5433 3844 5504">
    <p class='ocr_par' dir='ltr' id='par_1_110' title="bbox 2243 5433 3844 5504">
     <span class='ocr_line' id='line_1_112' title="bbox 2243 5433 3844 5504; baseline 0 -20"><span class='ocrx_word' id='word_1_782' title='bbox 2243 5435 2538 5504; x_wconf 76' lang='lat' dir='ltr'><strong>conspicua.</strong></span> <span class='ocrx_word' id='word_1_783' title='bbox 2578 5434 2725 5487; x_wconf 85' lang='lat' dir='ltr'><strong>Nihil</strong></span> <span class='ocrx_word' id='word_1_784' title='bbox 2753 5434 2884 5485; x_wconf 87' lang='lat' dir='ltr'><strong>enim</strong></span> <span class='ocrx_word' id='word_1_785' title='bbox 2908 5444 3160 5486; x_wconf 84' lang='lat' dir='ltr'><strong>terrenum</strong></span> <span class='ocrx_word' id='word_1_786' title='bbox 3188 5435 3267 5485; x_wconf 87' lang='lat' dir='ltr'><strong>hic</strong></span> <span class='ocrx_word' id='word_1_787' title='bbox 3292 5444 3396 5494; x_wconf 86' lang='lat' dir='ltr'><strong>est,</strong></span> <span class='ocrx_word' id='word_1_788' title='bbox 3430 5433 3568 5486; x_wconf 82' lang='lat' dir='ltr'><strong>unde</strong></span> <span class='ocrx_word' id='word_1_789' title='bbox 3598 5436 3702 5488; x_wconf 82' lang='lat' dir='ltr'><strong>ista</strong></span> <span class='ocrx_word' id='word_1_790' title='bbox 3742 5453 3844 5486; x_wconf 83' lang='lat' dir='ltr'><strong>na-</strong></span> 
     </span>
    </p>
   </div>
   <div class='ocr_carea' id='block_1_111' title="bbox 2239 5504 3840 5573">
    <p class='ocr_par' dir='ltr' id='par_1_111' title="bbox 2239 5504 3840 5573">
     <span class='ocr_line' id='line_1_113' title="bbox 2239 5504 3840 5573; baseline 0.002 -19"><span class='ocrx_word' id='word_1_791' title='bbox 2239 5514 2434 5567; x_wconf 77' lang='lat' dir='ltr'><strong>scatur,</strong></span> <span class='ocrx_word' id='word_1_792' title='bbox 2460 5504 2893 5573; x_wconf 78' lang='lat' dir='ltr'><strong>quemadmodum</strong></span> <span class='ocrx_word' id='word_1_793' title='bbox 2915 5504 2965 5556; x_wconf 88' lang='lat' dir='ltr'><strong>in</strong></span> <span class='ocrx_word' id='word_1_794' title='bbox 2994 5505 3145 5568; x_wconf 82' lang='lat' dir='ltr'><strong>aliis;</strong></span> <span class='ocrx_word' id='word_1_795' title='bbox 3163 5521 3263 5557; x_wconf 87' lang='lat' dir='ltr'><strong>non</strong></span> <span class='ocrx_word' id='word_1_796' title='bbox 3292 5506 3429 5557; x_wconf 88' lang='lat' dir='ltr'><strong>enim</strong></span> <span class='ocrx_word' id='word_1_797' title='bbox 3455 5520 3517 5558; x_wconf 68' lang='lat' dir='ltr'><strong>ex</strong></span> <span class='ocrx_word' id='word_1_798' title='bbox 3544 5517 3840 5559; x_wconf 79' lang='lat' dir='ltr'><strong>consuetu-</strong></span> 
     </span>
    </p>
   </div>
   <div class='ocr_carea' id='block_1_112' title="bbox 2239 5575 3839 5641">
    <p class='ocr_par' dir='ltr' id='par_1_112' title="bbox 2239 5575 3839 5641">
     <span class='ocr_line' id='line_1_114' title="bbox 2239 5575 3839 5641; baseline 0.002 -15"><span class='ocrx_word' id='word_1_799' title='bbox 2239 5575 2361 5627; x_wconf 88' lang='lat' dir='ltr'><strong>dine</strong></span> <span class='ocrx_word' id='word_1_800' title='bbox 2384 5579 2631 5637; x_wconf 86' lang='lat' dir='ltr'><strong>nascitur,</strong></span> <span class='ocrx_word' id='word_1_801' title='bbox 2665 5592 2765 5629; x_wconf 82' lang='lat' dir='ltr'><strong>non</strong></span> <span class='ocrx_word' id='word_1_802' title='bbox 2785 5591 2848 5629; x_wconf 79' lang='lat' dir='ltr'><strong>ea:</strong></span> <span class='ocrx_word' id='word_1_803' title='bbox 2877 5576 3223 5641; x_wconf 75' lang='lat' dir='ltr'><strong>beneﬁcentia,</strong></span> <span class='ocrx_word' id='word_1_804' title='bbox 3254 5590 3355 5629; x_wconf 81' lang='lat' dir='ltr'><strong>non</strong></span> <span class='ocrx_word' id='word_1_805' title='bbox 3377 5592 3441 5629; x_wconf 68' lang='lat' dir='ltr'><strong>ex</strong></span> <span class='ocrx_word' id='word_1_806' title='bbox 3470 5586 3659 5629; x_wconf 83' lang='lat' dir='ltr'><strong>natura</strong></span> <span class='ocrx_word' id='word_1_807' title='bbox 3680 5619 3693 5641; x_wconf 88' lang='lat'><strong>,</strong></span> <span class='ocrx_word' id='word_1_808' title='bbox 3730 5594 3839 5629; x_wconf 83' lang='lat' dir='ltr'><strong>mm</strong></span> 
     </span>
    </p>
   </div>
   <div class='ocr_carea' id='block_1_113' title="bbox 2239 5649 3836 5716">
    <p class='ocr_par' dir='ltr' id='par_1_113' title="bbox 2239 5649 3836 5716">
     <span class='ocr_line' id='line_1_115' title="bbox 2239 5649 3836 5716; baseline 0.003 -20"><span class='ocrx_word' id='word_1_809' title='bbox 2239 5661 2303 5698; x_wconf 78' lang='lat' dir='ltr'><strong>ea;</strong></span> <span class='ocrx_word' id='word_1_810' title='bbox 2334 5656 2579 5716; x_wconf 82' lang='lat' dir='ltr'><strong>tempore,</strong></span> <span class='ocrx_word' id='word_1_811' title='bbox 2611 5649 2697 5698; x_wconf 76' lang='lat' dir='ltr'><strong>sed</strong></span> <span class='ocrx_word' id='word_1_812' title='bbox 2729 5662 2758 5698; x_wconf 87' lang='lat' dir='ltr'><strong>e</strong></span> <span class='ocrx_word' id='word_1_813' title='bbox 2782 5649 3015 5714; x_wconf 81' lang='lat' dir='ltr'><strong>supernis</strong></span> <span class='ocrx_word' id='word_1_814' title='bbox 3052 5649 3348 5709; x_wconf 82' lang='lat' dir='ltr'><strong>descendit,</strong></span> <span class='ocrx_word' id='word_1_815' title='bbox 3398 5664 3463 5700; x_wconf 77' lang='lat' dir='ltr'><strong>ea:</strong></span> <span class='ocrx_word' id='word_1_816' title='bbox 3509 5649 3625 5716; x_wconf 83' lang='lat' dir='ltr'><strong>ipso</strong></span> <span class='ocrx_word' id='word_1_817' title='bbox 3677 5650 3836 5703; x_wconf 67' lang='lat' dir='ltr'><strong>(mlo.</strong></span> 
     </span>
    </p>
   </div>
   <div class='ocr_carea' id='block_1_114' title="bbox 2239 5715 3839 5786">
    <p class='ocr_par' dir='ltr' id='par_1_114' title="bbox 2239 5715 3839 5786">
     <span class='ocr_line' id='line_1_116' title="bbox 2239 5715 3839 5786; baseline 0.005 -19"><span class='ocrx_word' id='word_1_818' title='bbox 2239 5715 2367 5786; x_wconf 63' lang='lat' dir='ltr'><strong>Haec</strong></span> <span class='ocrx_word' id='word_1_819' title='bbox 2417 5715 2857 5786; x_wconf 83' lang='lat' dir='ltr'><strong>Chrysostomus.</strong></span> <span class='ocrx_word' id='word_1_820' title='bbox 2921 5716 3252 5785; x_wconf 77' lang='lat' dir='ltr'><strong>Augustinus</strong></span> <span class='ocrx_word' id='word_1_821' title='bbox 3301 5732 3431 5771; x_wconf 86' lang='lat' dir='ltr'><strong>vero</strong></span> <span class='ocrx_word' id='word_1_822' title='bbox 3485 5719 3711 5773; x_wconf 75' lang='lat' dir='ltr'><strong>hoiuilia</strong></span> <span class='ocrx_word' id='word_1_823' title='bbox 3764 5722 3839 5775; x_wconf 77' lang='lat'><strong>38</strong></span> 
     </span>
    </p>
   </div>
   <div class='ocr_carea' id='block_1_115' title="bbox 2176 5785 3839 5863">
    <p class='ocr_par' dir='ltr' id='par_1_115' title="bbox 2176 5785 3839 5863">
     <span class='ocr_line' id='line_1_117' title="bbox 2176 5785 3839 5863; baseline 0.004 -24"><span class='ocrx_word' id='word_1_824' title='bbox 2238 5785 2379 5839; x_wconf 89' lang='lat' dir='ltr'><strong>inter</strong></span> <span class='ocrx_word' id='word_1_825' title='bbox 2410 5786 2479 5842; x_wconf 82' lang='lat'><strong>50</strong></span> <span class='ocrx_word' id='word_1_826' title='bbox 2527 5785 2541 5842; x_wconf 69' lang='grc' dir='ltr'><strong>ξ</strong></span> <span class='ocrx_word' id='word_1_827' title='bbox 2574 5786 2652 5843; x_wconf 86' lang='lat' dir='ltr'><strong>De</strong></span> <span class='ocrx_word' id='word_1_828' title='bbox 2680 5788 2909 5843; x_wconf 84' lang='lat' dir='ltr'><strong>amicitia</strong></span> <span class='ocrx_word' id='word_1_829' title='bbox 2936 5790 3095 5843; x_wconf 79' lang='lat' dir='ltr'><strong>videte</strong></span> <span class='ocrx_word' id='word_1_830' title='bbox 3121 5790 3246 5859; x_wconf 86' lang='lat' dir='ltr'><strong>quid</strong></span> <span class='ocrx_word' id='word_1_831' title='bbox 3275 5792 3474 5850; x_wconf 84' lang='lat' dir='ltr'><strong>dicam.</strong></span> <span class='ocrx_word' id='word_1_832' title='bbox 3506 5791 3647 5848; x_wconf 79' lang='lat' dir='ltr'><strong>Sunt</strong></span> <span class='ocrx_word' id='word_1_833' title='bbox 3676 5792 3839 5846; x_wconf 78' lang='lat' dir='ltr'><strong>amici</strong></span> 
     </span>
    </p>
   </div>
  </div>
