4044 6190
518 180 656 241 1015

1566 176 1847 233 JOANNIS
1886 175 2203 233 CASSIANI
2241 175 2733 234 COLLATIUNES.

3672 190 3810 250 1016

511 297 792 358 charitatis
816 336 832 365 ,
880 294 1024 368 quod
1070 308 1172 351 nec
1215 290 1696 349 commendationis
1747 292 1916 361 gratia
1939 334 1954 357 ,
1998 306 2101 348 nec
2128 298 2177 353 Α
2205 290 2449 363 quaedam
2477 291 2793 361 temporalis
2816 291 3053 359 atl‘ectio,
3077 294 3202 363 quia
3230 309 3340 352 non
3365 298 3562 369 aquali
3597 304 3803 360 utrius.

512 392 677 449 ofﬁcii
716 388 803 446 vel
836 402 1120 445 munerum
1170 383 1488 457 magnitudo
1532 390 1951 454 contractusque
2000 398 2099 439 cu-

508 485 757 555 jusquam
788 482 951 550 ratio,
976 480 1064 536 vel
1086 488 1296 535 natura:
1324 475 1622 532 necessitas
1641 474 1837 546 jungit,
1866 475 1961 532 sed
1984 476 2101 532 sola

510 575 808 632 similitudo
824 574 1107 631 virtutum.
1142 572 1288 641 llaec,
1315 571 1563 641 inquam,
1594 577 1681 626 est
1706 586 1827 640 quae
1855 571 1908 625 in
1937 571 2099 629 nullis

510 684 764 740 umquam
802 666 1017 722 casibus
1046 663 1342 731 scinditur,
1388 678 1551 734 quam
1580 680 1687 719 non
1714 664 1895 720 solum
1923 664 2099 722 disso-

507 762 660 815 ciare
690 758 777 813 vel
822 757 1009 813 delere
1048 755 1290 811 locorum
1330 756 1417 812 vel
1462 766 1765 826 temporum
1813 758 2097 814 intervalla

507 867 613 907 non
654 849 990 920 praevalent,
1038 847 1135 905 sed
1166 862 1233 903 ne
1262 862 1413 903 mors
1454 849 1673 919 quidem
1703 852 1818 918 ipsa
1860 849 2091 905 divellit.

507 944 635 999 litec
682 952 768 998 est
816 958 943 998 vera
995 949 1053 997 et
1099 941 1371 1011 indirupta
1420 941 1665 1010 dilectio,
1710 957 1831 1014 quae
1879 943 2093 1014 gemina

502 1038 803 1093 amicorum
836 1036 1168 1105 perfectione
1217 1051 1281 1092 ac
1310 1036 1511 1092 virtute
1556 1038 1885 1093 concrescit.
1928 1038 2093 1107 Cujus

502 1132 669 1189 semel
698 1132 889 1186 initum
912 1130 1105 1197 foedus,
1159 1145 1259 1185 nec
1281 1130 1682 1185 desideriorum
1709 1130 1963 1193 varietas.
1993 1144 2093 1186 nec

500 1224 840 1281 contentiosa
871 1224 1141 1293 dirumpet
1179 1224 1540 1279 contrarietas
1585 1223 1943 1279 voluntatum.
1975 1223 2092 1279 Ca3-

496 1328 672 1373 terum
706 1318 901 1371 multos
931 1317 1179 1371 novimus
1211 1319 1264 1371 in
1294 1318 1399 1373 hoc
1430 1318 1713 1387 proposito
1738 1318 2087 1388 constitutos,

495 1410 587 1479 qui
617 1424 739 1463 cum
773 1424 871 1478 pro
894 1409 1161 1465 charitate
1201 1408 1403 1466 Christi
1434 1409 1859 1481 ﬂagrantissima
1903 1421 2089 1470 essent

496 1502 782 1556 sodalitate
812 1502 1068 1564 devincti.
1103 1518 1209 1557 non
1242 1513 1505 1573 perpetuo
1541 1519 1659 1558 eam
1683 1519 1783 1560 nec
1815 1504 2087 1574 indirnpte

494 1607 715 1648 servare
763 1602 1083 1661 potuerunt;
1128 1595 1253 1663 quia
1289 1594 1415 1649 licet
1453 1594 1595 1649 bono
1622 1595 1903 1650 societatis
1934 1596 2083 1665 prin-

2206 398 2309 454 que
2336 385 2575 451 virtute,
2631 384 2728 439 sed
2772 382 2929 438 unius
2964 386 3227 455 patientia
3272 392 3619 447 servabatur.
3668 396 3802 462 Qum

2203 476 2451 546 quamvis
2489 476 2559 531 ab
2599 492 2707 531 uno
2736 466 3159 546 magnanimiter
3186 488 3352 549 atque
3382 480 3798 553 infatigabililcr

2204 577 2538 635 retentetur,
2584 583 2813 626 necesse
2841 578 2923 625 est
2953 580 3134 628 tamen
3160 587 3281 628 eam
3308 574 3535 632 alterius
3570 581 3798 649 pusilla-

2202 662 2445 718 nimitate
2490 662 2748 734 dirumpi.
2782 664 3131 722 Infirmitates
3175 682 3408 739 namque
3451 686 3645 727 eorum
3703 684 3795 745 qui

2201 753 2432 823 tepidius
2463 753 2812 824 perfectionis
2858 765 3117 826 expetunt
3168 758 3480 827 sanitatem,
3513 767 3791 833 quantali-

2198 858 2289 914 bet
2314 858 2531 913 fortium
2562 858 2857 915 tolerantia
2886 868 3294 927 sustententur,
3346 861 3416 917 ab
3446 862 3577 932 ipsis
3609 876 3791 926 tamen

2197 958 2291 1028 qui
2324 957 2520 1013 infirmi
2551 966 2680 1013 sunt
2715 973 2823 1014 non
2868 957 3134 1014 teruntur.
3166 959 3379 1016 Habent
3414 963 3564 1018 enim
3596 965 3791 1024 insitas

2194 1060 2298 1115 sibi
2323 1060 2749 1116 commotionum
2776 1072 2989 1128 causas,
3015 1074 3137 1129 qua:
3158 1074 3255 1117 eos
3275 1061 3491 1132 quietos
3521 1079 3649 1121 esse
3679 1083 3787 1125 non

2193 1162 2402 1217 sinant:
2445 1170 2503 1215 ut
2533 1162 2707 1217 solent
2738 1161 2790 1215 hi
2824 1162 2912 1229 qui
2941 1160 3147 1217 carnali
3178 1162 3504 1233 aegritudine
3526 1166 3785 1224 detinen-

2196 1274 2301 1331 tur,
2330 1264 2593 1321 stoniacbi
2630 1264 2713 1318 sui
2752 1263 3189 1335 infirmitatisque
3212 1264 3449 1336 fastidia,
3478 1283 3784 1341 coquorum

2190 1367 2275 1422 vel
2305 1365 2728 1421 ministrantium
2758 1363 3101 1435 negligentiis
3125 1365 3419 1437 imputare,
3450 1378 3502 1425 et
3549 1383 3789 1442 quanta-

2190 1469 2319 1526 libet
2351 1468 2429 1523 eis
2456 1468 2868 1535 obsequentium
2891 1466 3201 1523 sollicitudo
3221 1468 3534 1538 deserviat,
3579 1472 3784 1532 nihilo-

2187 1570 2365 1626 minus
2416 1577 2597 1624 tamen
2630 1570 2778 1624 sanis
2806 1582 3000 1625 causas
3038 1583 3151 1625 suae
3194 1572 3582 1631 commotionis
3608 1580 3783 1635 ascri-

490 1685 634 1754 cjpio
680 1685 987 1739 niteremur
1012 1726 1027 1751 ,
1078 1700 1187 1739 non
1247 1694 1431 1741 tamen
1485 1700 1594 1740 uno
1619 1700 1719 1741 nec
1752 1687 1869 1757 pari
1904 1687 2082 1744 studio
2111 1694 2158 1755 Β
2186 1675 2335 1743 bere,
2375 1689 2509 1745 quas
2541 1672 2645 1729 sibi
2688 1674 2870 1743 utique
2901 1672 3033 1728 vitio
3062 1672 3386 1732 valetudinis
3433 1691 3549 1734 sua:
3593 1679 3777 1740 inesse

488 1787 763 1847 arreptum
811 1777 1146 1847 propositum
1185 1786 1503 1847 tenuerunt,
1556 1777 1765 1848 fuitque
1807 1779 1950 1835 inter
1974 1794 2071 1835 eos

2182 1793 2288 1833 non
2330 1776 2592 1832 sentiunt.
2641 1775 3005 1843 Quamobrem
3051 1784 3077 1813 λ
3110 1774 3225 1832 haec
3268 1785 3357 1833 est
3400 1779 3685 1851 amicitiae,
3715 1792 3775 1839 ut

1554 1917 1813 1974 ALARDI
1852 1918 2088 1975 GAZIEI
2123 1915 2689 1975 COMMENTARIUS.

566 2009 683 2065 aUt
727 2010 888 2079 igitur
917 2009 1069 2064 lirma
1120 2009 1226 2073 sit,
1271 2017 1528 2065 constans
1567 2020 1729 2078 atque
1770 2011 2071 2067 insolubilis

482 2081 735 2144 amicitia,
774 2081 882 2135 duo
914 2081 1289 2148 requiruntur:
1330 2082 1390 2135 l°
1418 2080 1634 2135 virtutis
1663 2083 1917 2137 studium.
1959 2082 2072 2137 Pri-

481 2168 627 2205 mum
650 2152 790 2206 enim
814 2151 1065 2205 amicitiae
1086 2151 1496 2205 fundamentum
1518 2153 1571 2206 in
1600 2151 1803 2206 virtute
1828 2162 2071 2208 statuen-

480 2224 605 2293 dum
636 2232 736 2277 est.
765 2222 1176 2293 D.Ambrosius
1200 2222 1289 2275 lib.
1324 2237 1382 2276 ιιι
1424 2223 1577 2293 ΟΠίοί.
1612 2221 1843 2293 (ϐαρΛό
1865 2233 1911 2278 et
1936 2225 2023 2293 lli)
2052 2243 2066 2277 ε

481 2292 606 2347 Νοη
632 2302 791 2361 potest
819 2292 1015 2346 homini
1043 2294 1239 2346 amicus
1268 2309 1396 2357 esse,
1419 2294 1504 2357 qui
1536 2292 1644 2345 Dea
1672 2293 1831 2363 fuerit
1852 2292 2066 2363 inﬁdus.

480 2364 697 2419 Pietatis
727 2373 894 2417 custos
949 2364 1178 2417 amicitia
1214 2372 1307 2417 est.
1346 2364 1407 2416 Ι).
1442 2363 1799 2431 Hieronymus
1830 2365 1896 2418 ad
1930 2366 2068 2420 Pau-

477 2435 647 2488 linum
699 2433 894 2505 (Epist.
957 2435 1085 2501 105)
1137 2452 1147 2485 :
1192 2434 1322 2486 Vera
1361 2433 1458 2487 illa
1488 2436 1813 2488 necessitudo
1855 2445 1965 2498 est,
2019 2444 2069 2491 et

476 2505 670 2561 Christi
691 2507 886 2575 glutino
908 2506 1167 2577 capulata,
1192 2520 1349 2573 quam
1376 2522 1479 2557 non
1512 2506 1710 2559 utilitas
1732 2506 1808 2558 rei
1836 2506 2069 2577 familia-

475 2579 569 2639 ris,
610 2593 711 2629 non
751 2576 1027 2645 praesentia
1066 2585 1264 2645 tantum
1290 2591 1593 2639 corporum,
1635 2592 1737 2629 non
1773 2576 1990 2630 subdola
2016 2587 2068 2632 et

475 2648 696 2717 palpans
726 2644 984 2707 adulatio,
1016 2645 1105 2717 sed
1128 2644 1403 2717 Deiitimar
1428 2656 1475 2698 et
1506 2645 1800 2699 divinarum
1825 2648 2065 2716 Scriptu-

473 2716 652 2770 rarum
683 2718 855 2769 studia
886 2716 1181 2769 conciliant.
1214 2716 1271 2770 S.
1320 2717 1651 2781 Augustinus
1702 2717 1771 2771 ad
1817 2719 2067 2774 Macedo-

474 2789 623 2843 nium
658 2786 849 2856 (Epist.
881 2786 971 2851 52;
1020 2786 1133 2858 vide
1157 2786 1310 2858 plura
1333 2787 1474 2853 infra
1496 2804 1543 2840 c.
1572 2788 1627 2856 5)
1658 2806 1670 2840 :
1707 2787 1872 2842 Nemo
1898 2802 2063 2858 potest

472 2860 717 2930 veraciter
729 2858 926 2930 amicus
946 2873 1053 2930 esse
1073 2857 1320 2930 hominis,
1344 2859 1443 2930 nisi
1476 2858 1629 2926 fuerit
1644 2860 1806 2926 ipsius
1820 2857 2061 2930 primitus

472 2929 721 2983 veritatis.
760 2928 943 2996 Neque
991 2928 1094 2983 hoc
1121 2927 1430 2998 philosophi
1460 2930 1691 2996 gentiles
1722 2927 2057 2999 ignararnnt.

471 3000 794 3074 Aristoteles
825 3001 968 3053 enim
1013 3000 1064 3053 in
1086 3010 1297 3074 ‘octavo
1322 2999 1638 3074 Ethicorum
1678 3000 1836 3074 (Cap.
1864 3002 1899 3074 5
1921 3012 1971 3056 et
2001 3004 2059 3074 8)

473 3072 638 3126 tradit
670 3087 790 3124 eam
813 3075 923 3124 veri
952 3070 1188 3124 nominis
1208 3079 1264 3125 et
1280 3072 1573 3138 perfectam
1600 3086 1724 3126 esse
1738 3070 2057 3141 amicitiam,

469 3158 590 3209 qua:
613 3158 721 3196 non
754 3142 1026 3195 commodi
1068 3150 1155 3194 aut
1188 3141 1501 3209 voluptatis,
1535 3142 1628 3197 sed
1663 3142 1871 3198 virtutis
1896 3158 2057 3201 causa

470 3222 679 3268 tantum
718 3212 1058 3266 conciliatur.
1108 3212 1302 3265 Laelius
1347 3212 1487 3279 apud
1516 3211 1833 3269 Ciceronem
1865 3215 1934 3269 ita
1979 3217 2057 3269 lo-

470 3285 654 3355 quitur
687 3282 821 3353 (Lib.
871 3284 933 3335 de
972 3282 1235 3348 Amicitia)
1273 3300 1285 3334 :
1327 3282 1437 3336 Hoc
1466 3284 1688 3354 primum
1717 3287 1915 3350 sentio,
1957 3288 2057 3342 nisi

470 3356 524 3409 in
547 3355 689 3408 bonis
719 3355 1001 3407 amicitiam
1032 3369 1140 3407 esse
1167 3369 1265 3406 non
1287 3370 1456 3424 posse.
1486 3355 1665 3409 Bonos
1688 3369 1867 3410 autem
1899 3369 2055 3413 vocat

470 3429 557 3494 qui
584 3428 655 3478 ita
692 3442 745 3478 se
768 3436 953 3495 gerunt
972 3467 986 3491 ,
1016 3426 1089 3477 ita
1109 3425 1302 3496 vivunt,
1349 3434 1404 3478 ut
1425 3442 1602 3479 eorum
1631 3426 1872 3496 probetur
1901 3428 2052 3494 ﬁdes,

469 3494 1015 3567 integritaspthuitas
1035 3535 1048 3558 ,
1081 3494 1397 3567 liberalitas;
1426 3513 1516 3550 nec
1537 3497 1591 3550 in
1621 3494 1691 3552 eis
1720 3499 1786 3551 sit
1818 3497 1927 3551 ulla
1963 3516 2056 3553 cu-

471 3564 686 3637 piditas,
716 3566 790 3619 vel
813 3566 1004 3631 libido,
1050 3564 1129 3619 vel
1160 3566 1400 3620 audacia.
1440 3567 1506 3621 Et
1542 3568 1699 3636 paulo
1727 3577 1850 3637 post
1882 3585 1895 3621 :
1930 3569 2056 3624 Sine

468 3639 654 3693 virtute
699 3638 929 3691 amicitia
973 3638 1114 3690 nullo
1150 3647 1301 3708 pacto
1324 3654 1433 3693 esse
1478 3648 1661 3708 potest.
1702 3639 1948 3694 Alterum
2000 3642 2053 3696 in

468 3709 703 3763 amicitia
723 3710 1108 3769 necessarium,
1132 3711 1390 3762 virtutum
1419 3710 1665 3779 quaedam
1690 3711 1911 3778 paritas,
1939 3712 2054 3768 sive

468 3780 767 3847 aequalitas.
796 3780 850 3833 Si
882 3780 1021 3832 enim
1052 3779 1221 3833 virtus
1244 3780 1296 3833 in
1322 3779 1494 3833 altero
1521 3781 1773 3843 excellat,
1802 3783 1852 3834 iu
1878 3783 2052 3836 altero

467 3850 703 3913 deﬁciat,
738 3851 892 3905 facile
922 3865 994 3904 ex
1026 3849 1128 3903 hac
1157 3860 1309 3915 parte
1338 3849 1670 3905 dissolvetur
1696 3853 1963 3917 amicitia,
1997 3863 2055 3908 ut

468 3920 556 3975 hic
583 3922 747 3976 abbas
779 3921 1024 3990 pluribus
1053 3921 1311 3986 ostendit,
1336 3921 1423 3975 cui
1449 3931 1501 3975 et
1527 3922 1712 3977 Patres
1732 3932 1787 3977 et
1815 3924 2053 3988 philoso-

466 3991 557 4058 plii
586 3992 952 4047 consentiunt.
989 3992 1051 4044 D.
1085 3991 1403 4045 Ambrosius
1431 3992 1519 4046 ubi
1549 4008 1709 4061 supra
1744 4010 1755 4047 :
1786 3993 2048 4060 Amicitia,

466 4062 672 4135 inquit,
719 4062 1027 4135 tequalitatis
1054 4064 1296 4135 magistra
1326 4070 1423 4124 est,
1456 4073 1510 4119 ut
1556 4065 1787 4135 superior
1816 4066 2052 4132 inferiori

464 4149 518 4185 se
532 4134 750 4200 prtebeat
766 4134 1035 4202 a’qualem,
1057 4141 1104 4185 et
1126 4133 1337 4201 inferior
1353 4133 1627 4197 superiori.
1653 4133 1795 4188 Inter
1816 4136 2051 4202 dispares

466 4207 939 4275 enimmorestnan
964 4212 1124 4270 potest
1152 4219 1261 4275 esse
1299 4204 1544 4257 amicitia.
1583 4205 1645 4259 D.
1690 4206 2049 4275 Hieronymus

466 4276 519 4327 in
550 4273 827 4345 Micbmam
854 4272 1023 4345 (Cap.
1041 4276 1138 4339 vn)
1166 4291 1177 4325 :
1204 4272 1441 4326 Amicitia
1464 4292 1612 4345 pares
1633 4287 1723 4331 aut
1747 4272 1937 4345 accipit
1959 4288 2050 4331 aut

468 4345 610 4410 facit.
655 4342 753 4396 Ubi
785 4343 1105 4409 ianualilas
1135 4353 1238 4409 est,
1263 4354 1311 4396 et
1339 4342 1549 4399 alterius
1582 4342 1882 4413 eminentia,
1916 4348 2049 4401 alte-

465 4416 574 4468 rius
598 4414 866 4485 subiectio,
904 4413 978 4485 ibi
1003 4430 1106 4467 non
1132 4423 1235 4467 tam
1265 4416 1497 4469 amicitia
1515 4434 1669 4485 quam
1689 4418 1923 4471 adulatio
1951 4430 2045 4473 est.

469 4485 620 4540 Unde
653 4496 698 4539 et
736 4484 863 4537 alibi
895 4483 1110 4553 legimus
1161 4502 1179 4539 :
1211 4486 1293 4540 Sit
1319 4483 1725 4542 amicusﬁeadem
1752 4490 1947 4543 anima.
1982 4488 2050 4543 Et

462 4555 687 4626 Lyricus
715 4571 807 4625 pro
836 4557 1001 4608 antica
1028 4573 1240 4626 precans
1268 4575 1280 4607 :
1309 4556 1511 4624 Servas,
1542 4559 1727 4627 inquit,
1759 4562 1944 4614 animos
1970 4562 2053 4613 di-

465 4627 679 4700 midium
700 4642 841 4679 mete.
860 4627 1177 4700 Aristoteles
1201 4628 1494 4683 lococitato
1523 4647 1535 4681 :
1564 4630 1831 4698 Perfecta,
1853 4631 2046 4700 inquit,

2178 2010 2281 2077 tia,
2332 2009 2475 2080 quod
2494 2017 2804 2085 _certe_tam
2846 2007 3039 2085 rationi
3085 2022 3149 2064 ac
3201 2009 3421 2085 veritati
3476 2027 3764 2085 repugnat,

2175 2078 2511 2151 quani'quod
2542 2080 2802 2133 maxime.
2834 2078 2917 2134 Ad
2956 2078 3096 2133 hunc
3124 2079 3322 2151 nodum
3355 2078 3758 2143 dissolvendum

2175 2149 2291 2223 haec
2352 2149 2481 2223 mihi
2529 2160 2893 2223 occurrerunt
2930 2149 3258 2223 _ann0land_a
3302 2152 3340 2223 γ(
3355 2152 3485 2207 Vide
3542 2153 3766 2223 Gregor.

2184 2221 2432 2293 Valent.):
2452 2220 2693 2295 Primum
2710 2221 2817 2295 duo
2837 2220 2943 2295 lori
2960 2222 3195 2295 insignes
3220 2221 3279 2295 D.
3298 2222 3523 2279 Thomte
3539 2220 3763 2295 (Ini-2,

2173 2295 2372 2361 disput.
2395 2291 2461 2357 ’5,
2491 2310 2542 2365 q.
2573 2291 2649 2362 l),
2681 2291 2805 2346 huic
2836 2291 3020 2365 itidem
3052 2292 3179 2365 loco
3199 2292 3522 2350 elucidando
3544 2291 3769 2365 aptissi-L

2173 2365 2245 2418 mi
2277 2382 2292 2418 :
2324 2380 2390 2419 ex
2419 2364 2631 2439 quibus
2649 2378 2774 2439 vera
2804 2362 3057 2439 amicitiae
3086 2364 3229 2439 ratio
3264 2366 3522 2435 notioque
3560 2362 3771 2439 cogito-

2172 2444 2375 2490 scatur.
2419 2433 2577 2489 Prior
2618 2434 2705 2488 hic
2731 2442 2833 2495 est,
2865 2434 2956 2505 qui
2985 2434 3053 2488 ad
3082 2434 3395 2490 charitatem
3429 2433 3552 2505 erga
3583 2433 3759 2498 Deum

2171 2508 2445 2576 praecipue
2473 2513 2702 2573 spectat,
2723 2520 2842 2573 quin
2867 2504 3008 2560 inter
3032 2520 3221 2560 omnes
3240 2504 3756 2575 amicitiasprimum

2170 2577 2351 2632 locum
2384 2577 2614 2637 obtinet,
2646 2585 2701 2630 et
2729 2577 3260 2646 caeterarumgregula
3289 2592 3352 2631 ac
3383 2594 3564 2632 norma
3611 2595 3753 2635 cen-

2168 2649 2273 2702 seri
2302 2648 2462 2703 debet
2488 2666 2501 2699 :
2544 2646 2801 2713 Charitas,
2829 2646 3003 2716 inquit
3030 2644 3176 2714 (2-2,
3202 2664 3251 2715 q.
3278 2646 3367 2714 65,
3398 2656 3497 2704 art.
3531 2650 3609 2716 5),
3646 2669 3761 2709 non

2166 2719 2335 2773 solum
2378 2718 2638 2789 signiﬁcat
2686 2733 2914 2772 amarem
2969 2717 3105 2781 Dei,
3148 2722 3240 2773 sed
3282 2721 3436 2773 etiam
3472 2722 3759 2778 amicitiam

2166 2790 2449 2859 quamdam
2478 2790 2547 2843 ad
2570 2791 2773 2857 ipsum,
2801 2804 2918 2859 qua:
2946 2790 3155 2858 quidem
3179 2806 3335 2860 super
3356 2808 3581 2846 amorem
3608 2796 3759 2850 addit

2166 2871 2397 2914 mutuam
2447 2861 2850 2914 redamationem
2897 2877 3013 2913 cum
3042 2861 3268 2927 quadam
3298 2865 3757 2920 communicatione

2166 2942 2369 2996 mutua,
2424 2942 2479 2984 ut
2506 2932 2780 3004 dicitur-in
2803 2947 2894 2985 vm
2918 2928 3225 3004 Ethicarum
3258 2930 3411 3001 (Cap.
3443 2934 3477 2986 2
3503 2944 3550 2987 et
3576 2934 3652 3004 5).
3686 2936 3755 2989 Et

2163 3004 2303 3071 quod
2348 3004 2443 3056 hoc
2472 3002 2541 3055 ad
2569 3003 2874 3056 charitatem
2907 3002 3192 3074 pertineat.
3229 3012 3370 3068 patet
3413 3023 3504 3069 per
3524 3007 3580 3057 id
3613 3002 3758 3074 quod

2164 3075 2348 3127 dicitur
2383 3074 2581 3127 lJoan.
2618 3089 2691 3127 Iv:
2724 3074 2824 3138 Qui
2847 3083 3016 3127 manet
3040 3081 3092 3127 tn
3120 3072 3391 3139 charitate,
3419 3076 3470 3130 in
3504 3072 3753 3131 Deoma-

2164 3155 2269 3210 net,
2302 3156 2348 3199 et
2376 3143 2518 3199 Deus
2547 3146 2599 3197 in
2624 3161 2704 3197 eo.
2755 3144 2818 3197 Et
2847 3144 2864 3198 l
2889 3142 3142 3215 CorinthL
3162 3160 3209 3198 ιε
3244 3143 3444 3201 Fidelis
3474 3147 3629 3213 Deus,
3664 3166 3753 3215 per

2160 3232 2313 3285 quem
2348 3216 2513 3287 iocati
2536 3217 2655 3287 estis
2686 3215 2735 3287 in
2760 3217 3072 3287 sacietatem
3097 3213 3228 3269 Filii
3256 3219 3388 3287 ejus.
3425 3218 3557 3272 Haec
3582 3213 3756 3274 autem

2160 3283 2374 3340 societas
2403 3285 2626 3359 horninis
2651 3284 2720 3359 ad
2748 3283 2935 3359 Deum,
2968 3302 3082 3353 qua:
3104 3296 3179 3359 est
3202 3283 3441 3355 quaedam
3474 3292 3754 3359 familiaris

2158 3357 2477 3431 conversatio
2500 3370 2616 3407 cum
2642 3352 2771 3431 Deo,
2796 3356 3074 3406 inchoatur
3094 3352 3299 3431 quidem
3326 3360 3409 3411 hic
3434 3352 3488 3412 in
3509 3363 3754 3431 prwsenti

2159 3445 2249 3497 per
2286 3427 2525 3497 gratiam,
2553 3424 2851 3493 perﬁcietur
2885 3434 3063 3497 autem
3092 3426 3349 3497 infuturo
3380 3445 3474 3497 per
3493 3424 3743 3497 gloriam.

2157 3493 2305 3552 Alter
2340 3498 2485 3548 locus
2515 3497 2601 3547 hic
2628 3503 2841 3547 notatus
2874 3494 3011 3562 (2-2,
3042 3511 3091 3562 q.
3135 3493 3236 3555 εδ,
3266 3493 3459 3561 ανι.’1)
3494 3493 3514 3549 ’Ξ
3542 3501 3759 3555 Secun-

2118 3582 2127 3593 ί
2157 3568 2274 3620 dum
2301 3564 2701 3632 PhilosOpIium,
2742 3564 2796 3617 in
2852 3579 2943 3618 vni
2988 3563 3180 3635 Ethic.,
3213 3581 3310 3617 non
3337 3568 3551 3635 quilibet
3592 3588 3761 3625 amor

2156 3639 2305 3692 habet
2334 3637 2585 3691 rationem
2614 3635 2889 3697 amicitiae,
2932 3634 3021 3688 sed
3051 3650 3194 3687 amor
3224 3636 3308 3701 qui
3334 3634 3407 3689 est
3434 3654 3551 3690 cum
3579 3640 3753 3698 bene—

2155 3710 2411 3774 volentia;
2464 3708 2670 3778 quando
2703 3706 2911 3778 scilicet
2942 3706 3015 3759 sic
3068 3722 3299 3759 amamus
3339 3707 3565 3777 aliquem
3603 3723 3662 3764 ut
3704 3717 3758 3765 ei

2155 3781 2347 3834 bonum
2384 3777 2618 3834 velimus.
2678 3777 2740 3832 Si
2778 3786 2950 3830 autem
2979 3780 3125 3830 rebus
3157 3779 3343 3831 amatis
3393 3795 3501 3833 non
3556 3781 3752 3837 bonum

2155 3854 2395 3917 velimus,
2428 3850 2518 3905 sed
2549 3851 2720 3916 ipsum
2742 3862 2921 3902 earum
2944 3848 3131 3902 bonum
3154 3850 3297 3903 nobis
3324 3850 3575 3911 velimus,
3618 3854 3752 3908 sicut

2155 3921 2378 3976 dicimur
2398 3936 2575 3974 amare
2598 3921 2793 3984 vinum,
2827 3931 2916 3973 aut
2944 3936 3164 3988 equum,
3210 3930 3298 3973 aut
3336 3921 3537 3990 aliquid
3568 3925 3748 3987 liuius-

2155 3995 2321 4053 modi,
2346 4008 2447 4046 non
2473 4005 2547 4044 est
2570 4008 2717 4045 amor
2744 3992 3006 4056 amicitite,
3047 3991 3135 4045 sed
3184 3990 3458 4059 cujusdam
3496 3997 3741 4060 concupi-

2154 4064 2381 4118 scentite.
2411 4062 2713 4115 Ridiculum
2742 4062 2980 4133 enimest
3010 4061 3191 4133 dicere
3206 4063 3347 4131 quod
3375 4063 3567 4133 aliquis
3599 4066 3746 4118 liabet

2153 4135 2432 4213 amicitiam
2452 4133 2520 4213 ad
2542 4134 2716 4213 vinum
2743 4131 2823 4184 vel
2838 4132 2907 4184 ad
2933 4148 3140 4213 equum.
3164 4132 3378 4213 Sed_nec
3399 4131 3744 4213 benevolentia

2153 4204 2269 4258 sola
2300 4203 2485 4272 suﬂicit
2511 4201 2581 4254 ad
2611 4202 2864 4254 rationem
2883 4201 3165 4267 amicitias;
3192 4204 3281 4257 sed
3301 4206 3583 4273 requiritur
3605 4222 3743 4269 quar-

2154 4276 2271 4327 dam
2295 4284 2473 4327 mutua
2493 4273 2705 4336 amatio,
2724 4274 2847 4337 quia
2867 4274 3062 4327 amicus
3079 4284 3153 4329 est
3175 4275 3342 4327 amico
3366 4276 3580 4329 amicus.
3600 4275 3742 4330 Talis

2153 4356 2325 4399 autem
2357 4353 2535 4397 mutua
2562 4341 2906 4415 benevolentia
2946 4346 3193 4415 fundatur
3219 4360 3378 4414 super
3402 4346 3574 4415 aliqua
3603 4364 3742 4400 cam-

2157 4416 2523 4469 municatione.
2559 4412 2689 4467 Cum
2716 4429 2837 4481 ergo
2865 4414 2929 4467 sit
2950 4414 3125 4485 aliqua
3150 4412 3536 4468 communicatio
3562 4418 3739 4469 Itami-

2154 4489 2233 4541 nis
2261 4487 2329 4539 ad
2355 4485 2543 4554 Deum,
2568 4487 2848 4538 secundum
2878 4485 3013 4551 quod
3033 4502 3185 4539 suam
3207 4486 3561 4539 beatitudinem
3582 4487 3732 4540 nobis

2155 4558 2536 4623 communicat,
2592 4571 2746 4626 super
2796 4557 2939 4627 hanc
2970 4557 3484 4610 communicationem
3527 4566 3732 4627 oportet

2154 4630 2388 4693 aliquam
2416 4627 2711 4697 amicitiam
2732 4626 2972 4697 fundari,
3008 4626 3079 4697 de
3097 4645 3198 4695 qua
3222 4628 3429 4697 quidem
3456 4626 3738 4681 communi-

466 4698 694 4751 amicitia
717 4708 788 4751 est
808 4740 822 4763 ,
854 4714 956 4765 qua
989 4699 1085 4751 viri
1123 4700 1239 4753 boni
1262 4701 1376 4768 pari
1401 4701 1583 4755 virtute
1613 4695 1814 4767 prtediti
1844 4695 1977 4755 inter
1999 4695 2053 4757 se
2079 4695 2132 4756 D
2156 4702 2355 4754 catione
2386 4700 2580 4752 dicitur
2609 4698 2624 4751 Ι
2672 4695 2908 4750 Corinth.
2942 4712 2959 4751 ι
2986 4715 2998 4749 :
3033 4695 3242 4752 Fidelis
3265 4695 3408 4751 Deus
3429 4738 3444 4761 ,
3474 4714 3560 4765 per
3588 4715 3739 4768 quem

467 4769 730 4842 conjuncti
757 4778 945 4842 suntet
973 4770 1221 4842 copulati.
1253 4769 1494 4840 Denique
1522 4771 1730 4826 Tullius
1755 4772 1931 4842 (cujus
1962 4784 2050 4829 est

465 4839 532 4894 de
545 4839 801 4912 (Amicitia
828 4839 983 4905 liber,
1007 4839 1163 4907 quem
1188 4839 1419 4895 Laelium
1437 4839 1853 4912 inscripsit):‘Ut
1877 4844 1933 4910 ii,
1962 4844 2047 4897 iti-

463 4910 613 4982 quit,
645 4913 733 4981 qui
758 4911 961 4982 suntin
983 4913 1211 4966 amicitia
1238 4915 1526 4981 superiores
1555 4910 1824 4982 exagitare
1850 4930 1905 4967 se
1932 4930 2050 4968 cum

424 4988 425 4995 ‘
461 4980 792 5050 inferioribus
816 4980 1030 5048 debent,
1062 4986 1135 5036 sic
1164 4980 1430 5053 inferiores
1457 4984 1642 5037 docere
1670 4980 1772 5037 non
1795 4984 1975 5038 debent
1996 5002 2049 5039 se

462 5069 497 5106 α
519 5054 625 5107 suis
650 5055 859 5119 amicis,
890 5065 979 5107 aut
1010 5056 1233 5125 ingenio,
1283 5064 1376 5107 aut
1403 5054 1612 5119 fortuna
1634 5095 1648 5118 ,
1685 5064 1773 5107 aut
1803 5054 2051 5126 dignitate

462 5126 721 5193 superari.
755 5126 1000 5196 Dispares
1026 5128 1160 5178 enim
1185 5142 1348 5178 mores
1376 5126 1603 5196 disparia
1637 5127 1809 5179 studia
1830 5142 2049 5195 sequun-

463 5203 569 5258 tur,
603 5211 822 5263 quorum
865 5196 1234 5249 dissimilitudo
1272 5197 1513 5249 dissociat
1539 5196 1835 5263 amicitias;
1865 5214 1957 5252 nec
1984 5197 2046 5251 ob

462 5266 622 5319 aliain
642 5281 852 5320 causam
872 5267 989 5320 boni
1014 5267 1274 5335 improbis,
1309 5266 1529 5333 improbi
1561 5268 1734 5331 bonis,
1757 5269 1910 5321 amici
1939 5285 2047 5323 esse

461 5352 564 5390 non
582 5349 812 5405 possunt,
828 5339 927 5391 nisi
946 5340 1083 5405 quod
1097 5347 1237 5391 tanta
1257 5339 1470 5391 estinter
1483 5354 1593 5401 eos,
1609 5349 1797 5409 quanta
1818 5341 2047 5393 maxima

460 5415 627 5531 ἔσται
676 5424 803 5471 esse,
835 5425 1036 5462 morum
1061 5409 1451 5478 studiorumque
1481 5410 1748 5464 distantia.
1791 5410 1915 5465 Haec
1947 5411 2043 5463 illi.

515 5494 545 5530 x
566 5479 763 5531 auibus
787 5493 919 5531 sane
944 5494 1051 5531 non
1077 5480 1209 5531 levis
1232 5479 1459 5531 emeruit
1484 5481 1771 5531 scrunulus
1788 5524 1802 5531 -
1832 5496 1953 5531 cum
1976 5494 2043 5531 ex

515 5494 545 5530 χ
566 5479 763 5547 quibus
784 5493 919 5549 sane
944 5494 1051 5534 non
1077 5480 1209 5535 levis
1232 5479 1459 5549 emergit
1484 5481 1771 5549 scrupulus
1788 5524 1803 5547 ,
1832 5496 1953 5535 cum
1976 5494 2044 5535 ex

460 5547 532 5623 iis
562 5550 713 5623 sequi
741 5548 986 5623 videatur
1007 5560 1065 5604 ut
1081 5547 1422 5623 neque‘inte‘r
1445 5566 1545 5606 nos
1572 5547 1629 5623 et
1649 5552 1840 5618 Deum,
1867 5565 2043 5620 neque

461 5618 604 5691 inter
631 5618 1234 5691 homiuesdispares'et
1263 5620 1575 5689 inaequales,
1607 5621 1710 5678 hoc
1738 5629 1850 5689 est,
1882 5618 2045 5691 supe-

465 5685 639 5736 riores
668 5692 724 5736 et
748 5685 1034 5741 inferiores
1053 5730 1067 5753 ,
1102 5690 1207 5743 ulla
1230 5685 1483 5744 constare
1512 5685 1682 5759 possit
1708 5685 2042 5749 vera'amici-

2150 4773 2321 4825 vocati
2346 4772 2468 4823 estis
2512 4770 2566 4822 in
2598 4768 3014 4841 societatem/itii
3039 4772 3172 4841 ejus.
3204 4770 3361 4821 Antor
3383 4778 3553 4823 autem
3580 4786 3739 4841 super

2150 4841 2285 4895 lianc
2321 4839 2834 4893 communicationem
2883 4838 3135 4910 fundatus
3175 4852 3247 4894 est
3286 4841 3532 4893 Charitas.
3589 4838 3741 4894 Unde

2150 4912 2483 4983 manifestum
2505 4910 2735 4983 estquod
2772 4910 3002 4983 cliaijtas
3022 4920 3097 4965 est
3124 4911 3360 4983 amicitia
3379 4911 3617 4983 quwdam
3645 4910 3741 4963 Ito-

2151 4980 2306 5038 minis
2333 4983 2401 5036 ad
2430 4980 2619 5037 Deum.
2652 4981 2776 5036 Haec
2797 4980 2857 5036 S.
2883 4980 3141 5036 Thomas.
3175 4982 3249 5036 Ex
3292 4982 3494 5049 quibus
3532 4981 3739 5050 colligit

2150 5054 2446 5123 Cajetanus
2483 5052 3009 5123 amicitimrinomine
3053 5051 3338 5122 importari
3387 5066 3482 5107 seu
3534 5051 3739 5107 involvi

2154 5133 2266 5180 tres
2304 5124 2663 5188 conditiones,
2688 5122 2897 5178 scilicet
2915 5122 3377 5188 benevolentiam,
3410 5123 3738 5177 redamatio-

2156 5211 2313 5261 nem,
2365 5211 2461 5250 seu
2504 5209 2743 5250 amorem
2782 5194 3142 5263 reciprocum,
3193 5202 3247 5248 et
3292 5194 3740 5250 communicatio-

2156 5282 2300 5331 nem,
2352 5266 2403 5321 id
2432 5275 2535 5333 est,
2562 5266 2639 5320 rei
2671 5263 2898 5335 alicujus
2943 5265 3399 5332 communionem,
3450 5274 3575 5335 puta
3613 5280 3740 5320 san-

2152 5337 2363 5407 guinis,
2421 5337 2596 5407 qualis
2644 5338 2782 5407 inter
2837 5340 3298 5405 consanguineos;
3355 5337 3443 5391 vel
3492 5336 3735 5407 militiae,

2152 5406 2327 5478 qualis
2358 5406 2499 5464 inter
2528 5406 2954 5468 commilitones;
2986 5407 3073 5461 vel
3102 5408 3381 5475 religionis
3407 5415 3499 5462 aut
3525 5406 3739 5474 profes-

2150 5479 2343 5543 sionis,
2366 5479 2540 5550 qualis
2561 5480 2702 5534 inter
2719 5478 3034 5543 monachos,
3060 5487 3167 5533 etc.
3188 5479 3254 5535 Et
3275 5479 3378 5534 has
3396 5478 3738 5550 conditiones

2151 5549 2395 5605 ostendit
2429 5550 2482 5604 in
2525 5550 2845 5620 charitatem
2879 5553 3146 5620 prmeipue
3198 5550 3447 5620 reperiri.
3487 5549 3741 5610 Secundo

2149 5620 2471 5688 notandum,
2529 5635 2651 5676 cum
2701 5619 2897 5676 dicitur
2948 5619 3434 5677 amicitiam’iuter
3481 5633 3639 5688 pares
3687 5628 3741 5675 et

2146 5692 2380 5757 aequales
2409 5694 2612 5748 virtute
2638 5700 2735 5748 aut
2760 5691 2976 5748 virtutis
2996 5692 3182 5750 studio
3211 5706 3334 5749 esse
3362 5690 3563 5752 debere
3584 5727 3601 5751 .
3626 5706 3738 5748 non
