4014 6200
581 289 718 350 ihlL

577 509 665 569 ut,
713 501 958 572 expulsis
997 500 1247 570 primitus
1286 497 1472 563 vitiis,
1526 495 1868 551 mortiﬁcetis
1923 493 2166 563 proprias

577 594 911 658 voluntates,
934 602 987 647 et
1013 601 1092 658 ut,
1117 590 1270 645 unito
1297 586 1477 644 studio
1498 599 1657 658 atque
1681 587 1965 658 proposito
1989 629 2003 651 ,
2032 587 2165 643 illud

576 703 682 758 quo
709 687 977 756 Propheta
1000 685 1291 741 admodum
1323 682 1636 747 delectatur,
1669 683 1916 752 gnaviter
1943 681 2168 751 implea-

575 780 645 834 tis
684 797 697 834 :
741 777 878 833 Ecce
903 791 1058 848 quam
1103 777 1296 831 bonum
1322 784 1369 830 et
1410 779 1563 845 quam
1594 775 1888 846 jucundum
1932 774 2168 830 habitare

577 873 760 942 fratres
801 871 854 924 in
893 886 1052 923 unum
1085 867 1261 939 (Psal.
1306 867 1529 939 cxxxu).
1566 867 1718 936 Quod
1759 883 1864 921 non
1896 867 2160 936 localiter,

575 963 671 1020 sed
715 964 1033 1034 spiritaliter
1063 970 1284 1034 oportet
1308 961 1562 1032 intelligi.
1592 961 1736 1017 Nihil
1765 961 1909 1018 enim
1947 961 2168 1031 prodest

575 1061 620 1115 si
649 1059 894 1114 moribus
912 1073 978 1113 ac
1006 1056 1288 1127 proposito
1320 1055 1652 1111 dissidentes
1682 1069 1787 1109 una
1829 1054 2166 1110 habitatione

571 1151 885 1221 juugantur,
918 1163 1018 1204 nec
1044 1149 1199 1205 obest
1223 1147 1381 1218 parili
1405 1148 1602 1228 virtute
1628 1145 2002 1216 fundatis,per
2018 1148 2167 1202 loco-

575 1257 693 1298 rum
720 1243 1000 1299 intervalla
1022 1241 1274 1314 disjungi.
1301 1235 1455 1312 Apud
1484 1243 1659 1303 Deum
1683 1257 1917 1314 namque
1951 1257 2164 1299 morum

575 1335 925 1402 cohabitatio,
970 1350 1076 1391 non
1105 1336 1347 1392 locorum
1380 1377 1395 1400 ,
1424 1336 1572 1390 unita
1600 1335 1802 1391 fratres
1831 1335 2167 1391 habitatione

575 1429 880 1499 conjungit;
913 1443 1013 1485 nec
1054 1431 1232 1500 potest
1262 1445 1516 1501 umquam
1555 1430 1704 1500 pacis
1743 1429 2027 1500 integritas
2067 1443 2162 1484 cu-

577 1522 786 1588 stodiri,
820 1521 912 1578 ubi
942 1521 1278 1578 voluntatum
1307 1522 1594 1578 diversitas
1617 1522 1912 1578 invenitur.

1190 1613 1416 1670 CAPUT
1457 1613 1547 1670 ιν.

578 1705 954 1778 Interrogatio,
991 1714 1162 1760 utrum
1202 1707 1326 1760 utile
1362 1705 1558 1778 aliquid
1595 1705 1746 1759 etiam
1783 1713 1960 1758 contra
1997 1711 2170 1758 votum

1099 1778 1275 1850 fratris
1299 1779 1426 1848 eﬂici
1451 1777 1652 1830 debeat.

650 1870 988 1925 Germanus:
1025 1877 1050 1906 ιι
1078 1869 1219 1938 Quid
1247 1883 1396 1940 ergo,
1423 1869 1466 1924 si
1509 1883 1618 1923 uno
1660 1868 1878 1924 volente
1916 1867 2177 1938 perﬁcere

580 1959 781 2029 aliquid
813 1960 958 2030 quod
989 1960 1283 2016 secundum
1316 1961 1482 2016 Deum
1509 1959 1849 2015 commodum
1883 1967 1936 2016 et
1957 1960 2177 2016 salubre

581 2052 937 2122 perspexerit,
971 2053 1109 2107 alius
1147 2067 1251 2108 non
1290 2060 1510 2122 praestet
1537 2065 1840 2118 assensum,
1879 2067 2179 2123 exsequen—

581 2143 781 2201 dumne
809 2144 970 2199 etiam
1003 2154 1189 2200 contra
1219 2155 1401 2200 votum
1436 2143 1622 2200 fratris
1651 2153 1756 2212 est,
1802 2160 1869 2200 an
1918 2159 2018 2215 pro
2063 2144 2179 2216 ejus

583 2240 806 2294 arbitrio
835 2238 1250 2306 negligendum?

1634 284 1917 344 JOANNIS
1954 283 2261 341 CASSIANI
2298 277 2792 339 COLLATIONES.

576 407 772 480 cupitis
795 405 1158 464 inviolabilem
1191 411 1490 472 retentare,
1521 401 1885 459 festinandum
1904 411 1987 457 est
2008 399 2164 456 vobis
2190 403 2243 464 Α

3754 277 3894 336 1020

2897 394 3126 455 CAPUT
3165 395 3231 454 ν.

2269 599 2551 671 Responsio
2578 598 2716 670 quod
2753 609 2998 669 perpetua
3034 599 3262 671 ana'citia
3296 597 3400 652 nisi
3438 597 3580 653 inter
3625 601 3880 669 perfectos
3939 591 3953 612 ⁸

2827 680 2964 726 stare
2990 687 3095 725 non
3119 670 3298 742 possit.

2338 845 2540 915 Joseph
2566 862 2580 898 :
2607 844 2813 902 ideirco
2836 846 3074 902 diximus
3094 844 3123 886 δ
3147 847 3364 916 plenam
3389 856 3556 918 atque
3579 845 3882 917 perfectam

2267 937 2519 992 amiticia:
2548 938 2774 1008 gratiam
2807 938 2911 993 nisi
2942 939 3085 995 inter
3119 938 3389 1009 perfectos
3418 939 3575 994 viros
3610 939 3884 1008 ejusdem-

2267 1046 2375 1101 que
2427 1031 2646 1086 virtutis
2691 1047 3044 1101 perseverare
3089 1048 3201 1087 non
3250 1047 3452 1103 posse,
3498 1049 3645 1102 quos
3694 1035 3880 1088 eadem

2266 1124 2520 1179 voluntas
2579 1141 2851 1195 unumque
2899 1127 3238 1196 propositum
3289 1137 3384 1182 aut
3431 1142 3742 1198 numquam
3799 1138 3886 1182 aut

2267 1226 2415 1272 certe
2456 1231 2582 1272 raro
2630 1217 2842 1274 diversa
2889 1220 3114 1284 sentire,
3152 1227 3245 1274 aut
3283 1219 3336 1274 in
3379 1219 3466 1278 his
3501 1236 3632 1291 quae
3662 1221 3734 1274 ad
3766 1234 3885 1292 pro-

2267 1309 2468 1366 tectum
2521 1310 2781 1381 Spiritalis
2829 1311 3104 1382 pertinent
3151 1314 3280 1369 vita:
3333 1316 3539 1384 patitur
3589 1313 3879 1370 dissidere.

2267 1404 2423 1473 Quod
2451 1407 2496 1461 si
2523 1407 2782 1463 animosis
2822 1408 3087 1479 coeperint
3132 1409 3582 1464 contentionibus
3629 1419 3881 1476 mstuare,

2269 1499 2438 1568 liquet
2465 1501 2652 1569 utique
2673 1515 2769 1555 eos
2795 1515 3090 1570 numquam
3118 1501 3417 1556 secundum
3451 1501 3704 1570 regulam
3727 1516 3886 1571 quam

2271 1592 2627 1660 praediximus
2656 1593 2824 1649 fuisse
2859 1593 3184 1650 concordes.
3214 1594 3319 1650 Sed
3349 1595 3476 1664 quia
3509 1610 3680 1650 nemo
3713 1603 3886 1664 potest

2272 1699 2302 1738 a
2346 1685 2681 1754 perfectione
2723 1685 2925 1743 habere
2966 1687 3316 1758 principium,
3361 1687 3469 1743 nisi
3516 1689 3609 1756 qui
3656 1687 3724 1742 ab
3765 1688 3887 1758 ejus

2200 1785 2250 1846 Β
2277 1778 2504 1844 cmperit
2533 1778 2988 1850 fundamentopt
3018 1795 3112 1834 vos
3146 1794 3254 1834 non
3289 1789 3491 1850 quanta
3523 1781 3646 1850 ejus
3668 1781 3742 1835 sit
3769 1795 3887 1834 ma-

2280 1870 2522 1940 gnitudo,
2551 1871 2645 1926 sed
2672 1872 3128 1940 quemadmodum
3151 1873 3218 1927 ad
3239 1887 3356 1928 eam
3380 1871 3660 1944 perveniri
3694 1874 3881 1944 possit,

2280 1964 2569 2034 inquiritis,
2607 1965 2978 2022 necessarium
3009 1980 3134 2021 reor
3159 1975 3218 2020 ut
3245 1966 3432 2036 paucis
3461 1968 3713 2037 regulam
3740 1967 3885 2021 vobis

2281 2057 2402 2127 ejus
2423 2073 2487 2114 ac
2514 2059 2782 2113 tramitem
2809 2058 3118 2127 quemdam,
3151 2073 3250 2128 per
3273 2073 3436 2128 quem
3470 2072 3694 2128 gressus
3721 2059 3887 2113 vestri

2282 2150 2606 2222 dirigantur,
2640 2152 2903 2221 aperiam,
2946 2159 3004 2206 ut
3053 2151 3332 2222 patientia:
3380 2167 3445 2207 ac
3493 2153 3639 2222 pacis
3685 2151 3887 2207 bonum

2286 2243 2495 2299 facilius
2519 2245 2766 2300 obtinere
2791 2243 3033 2314 possitis.

1658 2353 1918 2412 ALARDI
1958 2355 2193 2413 GAZJEI
2229 2359 2800 2418 COMMENTARIUS.

585 2471 924 2523 occasionem
963 2477 1017 2524 et
1052 2482 1238 2523 ansam
1275 2468 1509 2538 arripuit
1552 2468 1606 2523 in
1651 2469 1751 2523 hac
1786 2467 2075 2536 collatione
2113 2470 2181 2524 de

585 2541 819 2594 amicitia
856 2541 1177 2596 disserendi.

659 2620 684 2647 η
730 2612 919 2665 Alﬁuis
967 2621 1050 2666 est
1095 2611 1326 2680 quaestio
1367 2611 1509 2680 apud
1558 2608 1878 2665 Ciceronem
1927 2609 2066 2680 (Lib.
2119 2611 2184 2665 de

584 2683 886 2752 Amicitia).
943 2693 998 2737 et
1044 2681 1242 2737 Aulum
1296 2682 1530 2737 Gellium
1583 2680 1778 2751 (Noct.
1820 2681 1976 2752 Attig.
2031 2681 2121 2735 lib.
2165 2697 2180 2736 ι

586 2770 701 2822 cap.
738 2753 816 2820 5),
848 2742 993 2807 Nam
1039 2755 1189 2806 amici
1235 2754 1402 2825 gratia
1429 2742 1733 2825 aliquando
1781 2742 2182 2825 delinquendum

586 2825 693 2879 sit?
718 2825 789 2879 At
820 2827 934 2878 luet-
969 2826 1198 2893 quaestio
1231 2823 1372 2879 inter
1409 2824 1769 2889 Christianos,
1803 2825 1999 2878 nedum
2043 2823 2183 2877 inter

589 2895 885 2950 monachos
932 2904 988 2949 et
1033 2895 1338 2964 religiosos,
1389 2898 1562 2950 locum
1607 2910 1713 2949 non
1759 2895 1943 2958 habet,
1991 2895 2185 2964 quibus

589 2967 723 3020 illud
768 2976 979 3022 constat
1017 2968 1159 3035 quod
1209 2969 1276 3022 ab
1317 2968 1591 3034 Apostolls
1631 2975 1714 3020 cst
1757 2967 2034 3030 traditum,
2078 2965 2185 3019 Deo

592 3039 933 3092 obedientium
955 3055 1066 3092 esse
1091 3040 1255 3108 ntagis
1284 3055 1440 3108 quam
1464 3037 1757 3092 hominibus
1791 3037 1991 3107 (Actor.
2023 3035 2106 3108 v);
2133 3047 2188 3090 et

593 3111 841 3178 dissipari
862 3127 892 3162 a
913 3109 1020 3162 Deo
1041 3126 1155 3162 ossa
1178 3127 1379 3172 eorum,
1399 3125 1482 3173 qut
1504 3110 1791 3161 hominibus
1808 3110 2034 3179 placent,
2060 3124 2188 3176 quo-

593 3181 734 3233 niam
755 3181 890 3235 Deus
906 3182 1092 3249 sprevit
1122 3197 1205 3234 eos
1225 3179 1399 3249 (Psal.
1427 3179 1546 3248 Lit).
1578 3181 1729 3246 Quod
1755 3193 1809 3234 et
1836 3180 2026 3233 Cicero
2055 3180 2188 3232 satis

593 3253 877 3318 intellexit,
898 3251 1022 3304 dum
1048 3251 1149 3304 ait:
1187 3250 1347 3304 Nulla
1365 3260 1435 3302 est
1458 3252 1722 3303 excusatio
1743 3251 1956 3317 peccati,
1973 3251 2018 3302 si
2035 3251 2190 3302 amici

593 3338 752 3375 causa
792 3323 1105 3393 peccaveris.
1147 3323 1211 3376 Et
1252 3337 1440 3375 rursus
1479 3320 1604 3391 (Ubi
1625 3321 1849 3392 supra):
1888 3319 2009 3373 llrec
2037 3322 2192 3389 igitur

595 3395 763 3464 prima
791 3393 876 3448 lea:
919 3395 970 3446 in
1009 3394 1239 3447 amicitia
1269 3394 1554 3446 sanciatur.
1581 3401 1635 3444 ut
1662 3405 1823 3460 neque
1840 3401 2083 3464 rogemus
2114 3408 2192 3464 res

599 3462 794 3535 turpes,
828 3481 988 3536 neque
1027 3465 1281 3534 faciamus
1327 3464 1531 3534 ragati;
1563 3463 1728 3536 turpis
1765 3462 1901 3514 enim
1930 3462 2192 3536 excusatio

597 3534 692 3604 est,
716 3552 828 3590 cum
848 3534 1119 3589 ht'creteris
1140 3536 1381 3607 peccatis,
1413 3547 1520 3587 tum
1549 3535 1593 3586 si
1621 3535 1737 3604 quis
1761 3543 1938 3607 contra
1959 3534 2190 3607 rempnb.

599 3623 653 3660 se
679 3602 831 3662 amici
855 3623 1011 3661 causa
1043 3602 1224 3677 fecisse
1254 3608 1498 3675 fateatur.
1536 3607 1601 3659 Et
1627 3602 1747 3674 post
1778 3606 1940 3657 multa
1971 3621 1983 3656 :
2016 3602 2081 3677 In
2114 3616 2194 3657 ta-

599 3680 732 3733 libus
761 3680 1013 3733 stabilitas
1043 3675 1292 3732 amicitia:
1324 3679 1621 3743 conﬁrmari
1654 3685 1834 3743 potest.
1874 3692 1992 3728 cum
2029 3675 2196 3728 homi-

599 3767 688 3805 nes
733 3751 1080 3805 benevolentia
1122 3751 1384 3822 conjuncti
1439 3750 1666 3816 primum
1714 3747 2092 3822 cupiditatibus
2130 3748 2195 3799 iis

599 3823 781 3891 quibus
827 3827 993 3876 caueri
1040 3819 1266 3875 serviunt
1320 3823 1676 3887 imperabunt,
1732 3819 1919 3872 deinde
1961 3819 2198 3891 (equitate

593 3890 903 3966 iustitiaque
929 3893 1242 3962 gaudebunt.
1277 3891 1702 3966 omniaquealter
1731 3906 1824 3960 pro
1851 3891 2012 3943 altero
2036 3890 2198 3943 susci-

600 3963 736 4033 piet;
756 3981 917 4036 neque
931 3967 1220 4036 quidquam
1231 3980 1495 4036 umquam,
1514 3963 1619 4036 nisi
1631 3963 1902 4036 honestum
1919 3971 2195 4036 etrectum,

599 4037 736 4089 alter
765 4033 1018 4090 ab'altero
1049 4035 1350 4104 postulabit.
1388 4033 1574 4103 Itaque
1605 4034 1656 4084 in
1688 4033 1751 4084 iis
1782 4033 2097 4101 perniciosus
2124 4040 2197 4084 est

601 4123 766 4175 error,
815 4109 903 4178 qui
955 4107 1251 4160 existimant
1297 4105 1569 4178 libidinum
1611 4114 2034 4178 peccatorumque
2083 4119 2196 4178 om-

600 4173 760 4230 nium
794 4173 967 4246 patere
1015 4179 1070 4230 in
1119 4178 1350 4229 amicitia
1395 4176 1653 4228 licentiam
1705 4187 1722 4224 :
1771 4173 2198 4246 virtutumenim

601 4243 832 4302 amicitia
877 4249 1113 4313 adiutrix.
1158 4265 1189 4300 a
1234 4257 1420 4300 natura
1472 4246 1596 4298 data
1647 4253 1755 4310 est,
1806 4259 1910 4296 non
1957 4243 2198 4296 vitiorum

598 4334 790 4372 comes.

677 4387 704 4426 δ
743 4389 1101 4444 Commendat
1146 4401 1334 4442 rursus
1374 4397 1428 4442 et
1470 4386 1704 4441 inculcat
1737 4386 1876 4439 hanc
1920 4384 2196 4439 seniorum

603 4461 962 4523 sententiam,
1019 4461 1202 4514 verbis
1255 4457 1498 4512 nonnihil
1544 4457 1872 4522 immutatis,
1919 4471 2038 4523 cap.
2087 4455 2197 4509 ‘24:

605 4531 842 4585 Charitas
865 4529 1067 4584 stabilis
1088 4541 1240 4601 atque
1262 4529 1524 4599 indirupta
1548 4545 1648 4580 non
1680 4529 1865 4595 poterit
1892 4528 2196 4601 perdurare,

605 4603 707 4656 nisi
751 4603 884 4656 inter
923 4603 1054 4655 viros
1093 4598 1568 4670 ejusdemlvirtutis
1598 4608 1750 4666 atque
1792 4598 2063 4670 propositi.
2091 4600 2201 4670 (Ea-

2217 3289 2263 3351 C

2284 2473 2454 2527 cabat.
2486 2471 2614 2527 Erat
2637 2474 2775 2530 enim
2804 2488 2976 2526 rerum
3001 2475 3355 2527 tantummodo
3377 2475 3755 2538 humanarum,
3787 2491 3884 2528 non

2285 2546 2439 2598 etiam
2461 2545 2782 2615 divinarum,
2799 2545 3029 2615 quamvis
3050 2561 3168 2597 cum
3196 2545 3529 2599 benevolentia
3553 2554 3603 2598 et
3624 2547 3887 2599 charitate

2285 2617 2570 2682 consensio,
2594 2627 2700 2670 etc.
2733 2614 2890 2668 Nunc
2913 2631 3032 2667 vero
3061 2626 3308 2681 quantum
3343 2616 3402 2667 de
3428 2628 3472 2667 te
3502 2617 3738 2681 gaudeo,
3768 2619 3889 2681 qui:

2288 2687 2381 2741 bus
2421 2688 2667 2758 explicem
2702 2686 2897 2758 verbis,
2919 2688 3126 2758 quando
3149 2703 3284 2749 eum,
3318 2701 3455 2754 quem
3487 2689 3883 2755 quodammodo

2289 2759 2444 2812 habui
2471 2756 2562 2811 diu
2591 2760 2845 2822 amicum,
2878 2756 3041 2810 habeo
3062 2760 3180 2828 jam
3209 2773 3378 2811 verum
3402 2759 3672 2810 amicum?
3707 2758 3887 2812 Acces-

2288 2831 2354 2882 sit
2399 2830 2533 2883 enim
2583 2831 2736 2882 etiam
2777 2845 2950 2881 rerum
2991 2829 3254 2882 consensio
3285 2829 3610 2891 divinorum;
3638 2830 3886 2898 quoniam

2288 2903 2373 2969 qui
2405 2917 2600 2952 mecum
2645 2900 2974 2966 temporalem
3025 2901 3180 2952 vitam
3220 2901 3478 2962 quondam
3524 2900 3886 2971 benignissima

2282 2972 2611 3041 jucunditate
2636 2971 2854 3035 duxisti,
2887 2987 3023 3023 nunc
3053 2987 3144 3041 spe
3179 2971 3292 3024 vitae
3316 2979 3522 3023 ceterum
3550 2986 3749 3023 mecum
3779 2987 3886 3024 esse

2291 3044 2507 3111 coepisti.
2557 3040 2641 3095 Ita
2691 3043 2750 3110 fit
2796 3049 2850 3093 ut
2894 3041 3026 3094 inter
3070 3040 3199 3112 quos
3241 3043 3433 3094 amicos
3479 3058 3582 3094 non
3616 3051 3689 3094 est
3720 3058 3886 3094 rerum

2291 3115 2558 3167 consensio
2589 3114 2898 3171 divinarum.
2927 3128 3020 3164 nec
3049 3113 3394 3165 humanarum
3416 3113 3572 3182 plena
3602 3129 3713 3166 esse
3734 3116 3887 3178 possit

2291 3201 2352 3236 ac
2382 3202 2518 3236 vera.
2559 3183 2776 3237 Necesse
2805 3192 2879 3236 est
2912 3189 3047 3235 enim
3084 3192 3137 3235 ut
3176 3185 3329 3236 aliter
3369 3200 3522 3250 quam
3553 3193 3758 3251 oportet
3794 3183 3886 3236 hu-

2297 3273 2449 3308 mana
2503 3257 2737 3318 atstintet,
2784 3255 2872 3323 qui
2924 3254 3095 3306 divina
3141 3255 3454 3319 contemnit;
3495 3270 3587 3306 nec
3635 3255 3885 3308 hominem

2297 3337 2431 3378 recte
2474 3328 2686 3394 diligere
2735 3329 2956 3382 noverit.
3001 3327 3232 3394 qusquis
3281 3341 3394 3377 eum
3445 3342 3548 3378 non
3593 3326 3762 3392 diligit
3805 3328 3886 3391 qui

2297 3396 2554 3450 hominem
2586 3398 2723 3465 fecit.
2762 3395 2990 3448 Proinde
3020 3414 3120 3448 non
3158 3397 3295 3463 dico,
3332 3396 3490 3450 Nunc
3525 3397 3653 3448 mihi
3695 3397 3884 3463 plenius

2297 3470 2493 3520 amicus
2525 3485 2596 3530 es,
2629 3470 2712 3535 qui
2751 3484 2864 3520 eras
2893 3482 2956 3520 ea?
2985 3478 3160 3537 parte;
3191 3469 3280 3520 sed
3310 3479 3557 3536 quantum
3590 3468 3726 3520 ratio
3756 3469 3882 3520 indi-

2296 3547 2401 3604 cat,
2434 3555 2525 3591 nec
2555 3555 2619 3592 eo:
2659 3550 2802 3609 parte
2829 3555 2962 3598 eras.
2996 3540 3205 3606 quando
3248 3555 3337 3590 nec
3377 3541 3428 3590 in
3473 3539 3624 3592 rebus
3654 3539 3882 3592 humanis

2297 3626 2493 3662 mecum
2537 3611 2818 3662 amicitiam
2847 3626 3015 3661 ueram
3059 3611 3280 3663 tenebas.
3321 3609 3514 3663 Rerum
3544 3613 3732 3674 quippe
3762 3610 3885 3662 diri--

2297 3697 2504 3740 narum,
2531 3698 2592 3734 ex
2620 3681 2800 3748 quibus
2832 3691 2964 3733 recte
2989 3681 3214 3732 humana
3238 3689 3541 3749 pensantur,
3567 3680 3735 3734 socius
3766 3682 3885 3732 mihi

2298 3753 2526 3804 nondum
2555 3769 2686 3814 eras,
2718 3753 2821 3804 sive
2849 3752 3056 3817 quando
3105 3767 3193 3804 nec
3238 3754 3347 3820 ipse
3389 3753 3441 3804 in
3482 3753 3552 3804 eis
3599 3767 3763 3808 erum.
3792 3754 3885 3804 sive

2301 3833 2628 3892 posteaquam
2659 3838 2745 3876 eas
2782 3838 2961 3887 sapere
2990 3822 3137 3891 coepi,
3169 3840 3201 3874 a
3227 3823 3412 3886 quibus
3439 3833 3495 3874 tu
3524 3821 3677 3889 longe
3707 3823 3883 3876 abhor-

2300 3895 2466 3946 rebas.
2505 3893 2640 3946 Nolo
2669 3903 2843 3946 autem
2877 3908 3194 3956 succenseas,
3225 3909 3314 3945 nec
3343 3894 3433 3945 tibi
3460 3896 3694 3946 videatur
3715 3894 3884 3947 absur-

2299 3965 2446 4029 dum,
2490 3966 2626 4034 quod
2666 3965 2760 4018 illo
2803 3974 3046 4034 tempore.
3080 3980 3194 4016 cum
3241 3965 3295 4016 in
3341 3981 3472 4016 uana
3517 3964 3701 4016 mundi
3741 3965 3884 4032 hujus

2300 4049 2590 4100 wsttun'em,
2625 4036 2851 4105 quamvis
2886 4051 2961 4087 me
2994 4036 3212 4086 multum
3253 4051 3427 4087 cunare
3470 4035 3735 4098 videreris,
3766 4052 3886 4087 non-

2302 4107 2422 4158 dum
2451 4123 2563 4158 cras
2597 4107 2792 4159 amicus
2836 4123 2997 4166 meus,
3039 4107 3243 4173 quando
3283 4122 3376 4159 nec
3407 4106 3515 4175 ipse
3547 4105 3671 4157 mihi
3697 4108 3885 4158 amicus

2301 4193 2462 4238 eram,
2492 4178 2579 4230 sed
2609 4179 2777 4242 potius
2801 4178 3078 4241 inimicus;
3115 4176 3389 4246 diligebant
3417 4179 3608 4246 quippe
3650 4177 3886 4243 iniquita-

2301 4256 2421 4310 tem,
2452 4255 2497 4300 et
2527 4265 2722 4312 reuere,
2751 4251 2869 4314 quia
2901 4248 3069 4300 dit-ina
3093 4249 3346 4317 sententia
3368 4256 3464 4310 est,
3497 4249 3618 4317 quia
3643 4248 3885 4314 scriptum

2300 4328 2372 4370 est
2404 4320 2454 4371 in
2483 4321 2674 4372 smu‘tis
2707 4319 2850 4371 libris
2877 4334 2894 4370 :
2924 4318 3024 4382 Qui
3055 4315 3221 4386 diligit
3257 4315 3602 4388 iniquitatem,
3639 4319 3744 4370 odit
3779 4320 3885 4370 ani-

2301 4404 2437 4441 mam
2472 4407 2633 4441 suam.
2667 4390 2794 4444 Cant
2824 4405 2944 4460 ergo
2980 4387 3204 4442 odissem
3230 4387 3452 4448 animam
3489 4406 3673 4460 meum,
3720 4405 3884 4441 verum

2301 4463 2520 4513 amicum
2558 4463 2815 4528 quomodo
2855 4456 3043 4512 habere
3085 4474 3332 4527 poteram,
3359 4477 3415 4510 ea
3439 4456 3568 4510 mihi
3590 4469 3881 4528 aptantem,

2301 4530 2356 4583 in
2401 4525 2583 4601 quibus
2633 4534 2740 4597 ipse
2783 4532 3031 4596 mcipsum
3066 4525 3292 4595 patiebar
3334 4525 3888 4601 inimicumPAGratias

2303 4597 2474 4671 itaque.
2519 4601 2646 4666 Deo,
2675 4604 2814 4670 quod
2852 4612 2897 4654 te
2929 4602 3053 4654 mihi
3082 4604 3301 4654 amicum
3340 4601 3499 4665 facere
3538 4597 3748 4671 tandem
3777 4601 3885 4651 ali-

605 4674 838 4737 demque
865 4688 1050 4728 rursus
1081 4663 1218 4726 hanc
1244 4663 1588 4726 collationem
1621 4663 2032 4743 ita'rconcludit:
2067 4669 2187 4721 Cer-
2219 4676 2274 4736 1)
2299 4663 2506 4740 quando
2528 4663 2773 4743 dignatur
2798 4690 2813 4734 ;
2847 4689 2984 4724 nunc
3014 4673 3146 4743 enim
3173 4673 3314 4725 nobis
3340 4663 3408 4724 est
3430 4685 3600 4743 rerum
3615 4668 3887 4743 humana-

605 4745 804 4799 tissinta
845 4760 965 4815 ergo
1007 4753 1079 4797 est
1125 4744 1636 4814 prudentissimorum
1674 4742 1900 4815 virorum
1934 4741 2026 4815 illa
2070 4757 2191 4794 sen-

607 4819 764 4870 tentia
808 4832 825 4870 :
860 4813 1031 4871 veram
1076 4813 1402 4871 cancer-diam
1445 4825 1492 4868 et
1538 4813 1862 4870 individuam
1906 4813 2194 4864 societatem

606 4890 709 4943 nisi
737 4889 872 4942 inter
897 4887 1187 4942 emendatos
1214 4903 1380 4941 mores
1409 4886 1740 4960 ejusdemque
1761 4886 1962 4960 virtutis
1989 4899 2049 4935 ac
2073 4900 2194 4960 pro-

609 4961 766 5028 positi
793 4961 928 5014 viros
956 4970 1093 5014 stare
1122 4975 1223 5012 non
1258 4955 1445 5026 posse.’
1461 4959 1631 5011 Porro
1664 4958 1764 5010 huc
1790 4955 2023 5028 pertinet
2054 4956 2191 5028 ami-

606 5024 748 5087 citia:
775 5031 1020 5088 deﬁnitio
1061 5045 1088 5083 a
1122 5024 1384 5086 Cicerone
1412 5029 1631 5091 tradita,
1663 5034 1767 5080 eta
1802 5027 1859 5079 ι).
1893 5024 2194 5094 Augustino

606 5118 932 5174 magnopere
952 5102 1351 5165 commendata,
1375 5116 1496 5156 cum
1519 5099 1585 5153 ad
1612 5097 1978 5174 Marcellinum
2009 5111 2194 5166 quem-

605 5167 727 5230 dam
777 5167 1016 5231 veterem
1066 5175 1298 5228 amicum
1344 5183 1400 5227 et
1439 5187 1470 5227 e
1509 5170 1694 5241 gentili
1743 5167 2190 5241 catechumenmn

605 5248 803 5302 luctum
843 5247 914 5301 ita
955 5245 1144 5302 scribit
1183 5243 1378 5316 (Epist.
1421 5239 1547 5312 {55)
1587 5259 1600 5294 :
1643 5240 1797 5316 Nosti
1836 5249 1891 5293 ut
1941 5239 2195 5316 deﬁnierit

604 5319 888 5373 amicitiam
920 5317 1142 5372 Romani
1187 5309 1284 5385 (ita
1328 5317 1402 5369 ait
1432 5309 1644 5384 quidam
1694 5311 1916 5385 [Lucam
1953 5311 1989 5365 l.
2023 5309 2191 5381 vm]),

603 5392 858 5445 maximus
886 5399 1067 5444 auctor
1086 5385 1292 5442 Tullius
1317 5387 1524 5456 eloquii.
1556 5386 1697 5438 Dixit
1720 5385 1875 5448 enim,
1901 5387 2190 5456 etsanctis-

599 5466 730 5516 sime
767 5477 829 5514 ac
868 5461 1132 5514 uerissime
1166 5459 1337 5513 dixit:
1367 5459 1608 5513 Amicitia
1633 5464 1704 5509 est
1735 5471 1909 5508 rerum
1946 5455 2194 5506 humana-

601 5547 718 5586 rum
749 5542 798 5587 et
825 5532 1120 5585 divinarum
1135 5547 1250 5584 cum
1276 5529 1622 5584 benevolentia
1649 5536 1695 5581 et
1718 5526 1967 5579 charitate
1995 5541 2193 5576 summa

601 5618 897 5658 consensio.
939 5603 1019 5657 Tu
1057 5612 1248 5666 autem,
1288 5603 1356 5654 mi
1397 5601 1713 5659 citatissime,
1749 5596 2031 5675 aliquando
2071 5597 2194 5649 nuhi

601 5678 952 5731 consentiebas
988 5678 1041 5730 in
1073 5676 1220 5729 rebus
1257 5676 1494 5728 humanis
1521 5688 1539 5726 :
1568 5687 1719 5741 porro
1749 5670 1800 5723 in
1831 5669 2037 5741 divinis,
2071 5685 2195 5738 qua-

597 5756 725 5799 rum
758 5748 886 5798 mihi
918 5748 1008 5799 illo
1049 5757 1270 5810 tempore
1305 5746 1453 5797 nulla
1483 5740 1683 5796 luxerat
1713 5743 1898 5803 virtus,
1933 5740 2105 5807 utique
2142 5741 2194 5791 in

603 5816 805 5882 majore
829 5815 970 5867 illius
1000 5815 1314 5880 definitionis
1342 5823 1509 5881 parte,
1539 5821 1716 5866 nostra
1740 5811 1972 5865 amicitia
1997 5810 2198 5865 claudi-

2296 4739 2412 4797 rum
2451 4761 2565 4796 cum
2587 4739 2952 4798 benevolentia
2976 4752 3021 4796 et
3051 4742 3299 4798 rharitate
3325 4741 3585 4796 consensio
3611 4740 3663 4794 in
3684 4739 3887 4795 Christo

2295 4812 2420 4895 ζων(
2457 4813 2678 4895 Domino
2710 4825 2906 4876 nostro,
2937 4816 3201 4895 verissima
3223 4830 3366 4895 _pat‘e
3403 4823 3592 4895 nostra,
3621 4811 3728 4895 .quli.
3763 4813 3886 4864 duo-

2296 4887 2388 4956 bus
2417 4885 2679 4956 prmceptis
2709 4896 2892 4956 cuncta
2919 4887 3178 4950 praeconia
3199 4880 3376 4938 divina
3403 4880 3651 4956 conclusit
3677 4883 3848 4935 dicens
3870 4899 3882 4932 :

2297 4954 2499 5028 Diliges
2535 4954 2807 5010 [luminum
2843 4954 3008 5009 Deum
3037 4966 3179 5010 tuum
3204 4972 3267 5011 ca:
3298 4966 3403 5007 tota
3430 4955 3724 5028 cordetuo,
3755 4964 3799 5005 et
3827 4969 3885 5028 ex

2297 5024 2601 5080 tota'anima
2632 5039 2741 5091 tua,
2769 5037 2816 5080 et
2853 5043 2914 5080 ea:
2949 5036 3055 5081 tota
3087 5036 3251 5080 mente
3278 5035 3401 5090 tua;
3433 5034 3480 5079 et
3503 5025 3684 5094 diliges
3718 5024 3883 5092 proxi-

2301 5115 2438 5151 mum
2467 5111 2608 5152 tuum
2638 5109 2898 5168 tamquam
2926 5097 3160 5168 teipsum.
3187 5095 3254 5168 In
3285 5097 3364 5168 his
3393 5094 3884 5168 duobuspraxeplts

2302 5178 2406 5222 tota
2439 5170 2524 5223 lea:
2553 5171 2732 5236 pendet
2755 5164 2809 5222 et
2854 5164 3116 5238 propheta!
3156 5166 3371 5234 (Matth.
3403 5168 3558 5234 xm).
3597 5164 3721 5220 Htec
3761 5168 3880 5228 duo,

2300 5241 2345 5294 si
2378 5258 2572 5294 mecum
2616 5241 2908 5309 ﬁrmissime
2945 5249 3142 5302 teneas,
3170 5238 3401 5309 amicitia
3443 5246 3622 5292 nostra
3665 5252 3802 5309 uera
3830 5250 3883 5286 ac

2299 5306 2754 5384 sempiterua‘erit,
2777 5319 2842 5384 et
2876 5327 3097 5384 nosnon
3128 5307 3294 5384 solum
3344 5306 3884 5384 inuicem‘sed‘ctjain

2299 5375 2653 5454 ipsi'Domino
2679 5381 2911 5454 sociabit.
2959 5381 3082 5434 Hth
3120 5380 3186 5433 de
3223 5393 3354 5434 vera
3380 5377 3649 5454 amicitia}
3695 5375 3856 5454 deﬂui

2302 5447 2450 5510 ticue
2474 5471 2576 5508 non
2608 5453 2783 5507 minus
2808 5453 3090 5520 eleganter
3116 5464 3274 5517 quam
3308 5448 3584 5503 subtiliter
3614 5447 3681 5520 Ι),
3713 5449 3862 5520 Attgu

2303 5528 2504 5591 stinus;
2544 5543 2660 5594 quae
2690 5524 2812 5594 licet
2847 5517 3054 5588 prolixe
3077 5521 3238 5581 dicta.
3262 5529 3465 5594 tameu
3486 5521 3549 5572 ad
3585 5517 3883 5594 hujusloci,

2303 5597 2467 5651 immo
2493 5585 2573 5648 ad
2602 5595 2762 5648 totius
2803 5585 2960 5658 huius
2997 5593 3304 5646 eullattouis
3332 5601 3386 5645 et
3415 5585 3800 5659 disputationis
3823 5585 3885 5644 de

2301 5683 2428 5722 vera
2455 5668 2685 5720 amicitia
2717 5662 3123 5732 intelligentiam
3147 5661 3681 5734 elucidationemque
3709 5659 3884 5718 existi-

2302 5740 2446 5794 mavi
2469 5739 2686 5794 omnino
2717 5735 3013 5790 recitanda.
