4014 6200
250 253 383 318 ίΟΞί

866 378 1087 436 CAPUT
1128 380 1219 435 γι.

324 467 521 536 Quibus
549 470 714 524 modis
740 470 1049 527 inviolabilis
1074 476 1237 543 possit
1264 477 1476 531 societas
1504 478 1760 531 retentari.

322 560 499 615 Prima
532 571 557 598 ει
595 562 756 632 igitur
795 574 921 617 sunt
964 580 1106 619 verte
1152 568 1401 623 amicitiae
1437 569 1486 622 in
1525 577 1837 637 contemptu

243 652 565 705 substantiae
601 654 891 707 mundialis
920 664 979 707 et
1010 656 1249 711 omnium
1294 674 1426 728 quas
1458 659 1711 713 habemus
1752 675 1837 715 re-

242 757 363 794 rum
396 743 745 809 despectione
773 743 1103 801 fundamina.
1130 747 1394 817 Perquam
1416 750 1555 804 enim
1580 750 1833 820 injustam

242 845 403 901 atque
433 834 661 900 impium
694 844 794 897 est,
831 835 875 889 si
922 846 1048 904 post
1090 836 1518 893 abrenuntiatam
1564 841 1745 895 mundi
1782 851 1837 897 et

244 928 483 979 omnium
534 942 654 997 qua:
692 927 745 980 in
787 942 853 980 eo
902 937 1027 980 sunt
1076 930 1382 997 vanitatem,
1434 933 1834 1000 pretiosissima:

245 1019 429 1074 fratris
481 1020 753 1073 dilectioni
796 1020 1039 1093 supellex
1086 1022 1344 1076 vilissima
1400 1040 1520 1093 quae
1570 1026 1835 1095 superfuit

245 1110 415 1181 |l.ips.
468 1114 519 1164 in
566 1128 730 1180 marg.
779 1110 1109 1179 superfluit],
1147 1113 1828 1182 tu'wferatur:secundum

244 1214 329 1255 est
365 1215 419 1254 ιιι
450 1206 517 1256 ita
546 1220 670 1257 suas
695 1205 1063 1272 unusquisque
1093 1217 1299 1261 resecet
1324 1208 1649 1270 voluntates,
1677 1224 1743 1264 ne
1772 1224 1830 1264 se

245 1296 545 1364 8::plelllCll)
572 1306 730 1365 atque
761 1296 1067 1351 consultum
1098 1313 1218 1353 esse
1245 1299 1514 1367 judicans,
1547 1302 1656 1355 suis
1683 1304 1832 1358 malit

248 1402 411 1455 quam
457 1388 679 1455 proximi
725 1387 1128 1443 definitionibus
1174 1390 1413 1446 obedire.
1463 1392 1705 1447 Tertium
1748 1404 1831 1449 est

243 1490 302 1530 ut
333 1479 465 1531 sciat
496 1482 698 1544 omnia,
731 1482 891 1535 etiam
929 1498 1047 1551 qua:
1072 1481 1218 1536 utilia
1251 1496 1313 1536 ac
1343 1485 1647 1537 necessaria
1680 1487 1826 1538 acsti-

240 1581 377 1631 ntat,
410 1572 779 1639 p0stponenda
810 1574 948 1626 bono
974 1573 1252 1627 cltaritatis
1278 1590 1341 1628 ac
1366 1576 1547 1643 pacis;
1572 1586 1825 1644 quartum

238 1670 301 1713 ut
341 1662 531 1716 credat
577 1680 676 1716 nec
718 1663 878 1733 justis
924 1678 1024 1718 nec
1068 1665 1280 1733 injustis
1307 1666 1374 1719 de
1404 1666 1581 1721 causis
1613 1667 1825 1735 penitus

1350 264 1685 323 ϐοιωτιο
1727 266 1863 322 1m.
1906 268 2084 325 —DE
2124 264 2459 333 AMICITIA.‘

1855 390 1909 449 Α
1936 404 2021 441 ma
2047 392 2335 443 communia
2359 391 2556 462 (Actor.
2581 391 2678 463 tv).
2709 390 2886 450 Deind
2958 393 3406 463 qttemadmouum
3448 401 3517 455 ab

3369 283 3519 340 £023

1937 493 2004 533 eo
2035 482 2386 536 seminarium
2417 476 2773 541 dissensionis
2798 490 3082 553 exsurget,
3111 484 3200 550 qui
3240 499 3345 537 non
3377 500 3514 554 suae,

1937 570 2033 625 sed
2066 572 2249 625 fratris
2270 573 2509 627 serviens
2534 573 2824 638 voluntati,
2852 573 3062 628 Domini
3093 581 3253 644 atque
3277 579 3516 631 auctOris

1936 662 2019 715 sui
2050 661 2207 718 fuerit
2238 664 2473 719 imitator
2523 663 2778 729 effectus,
2810 663 2903 734 qui
2933 664 3161 735 loquens
3190 680 3257 721 ex
3286 681 3514 736 persona

1938 752 2169 807 hominis
2196 770 2361 824 quem
2388 755 2636 824 gerebat,
2670 755 2794 811 Non
2820 757 2953 823 veni,
2984 758 3175 827 inquit,
3208 765 3262 812 ut
3296 759 3518 829 facerem

1934 847 2244 901 uoluntatem
2287 863 2472 914 meam,
2512 851 2605 903 sed
2645 850 2957 904 voluntatem
2985 852 3096 922 ejus
3131 851 3221 919 qui
3263 867 3342 905 me
3380 851 3516 906 misit

1935 939 2107 1009 (Joan.
2140 939 2235 1010 v)?
2276 940 2392 1009 Quo
2420 950 2603 999 autem
2635 943 2797 998 modo
2829 942 2994 997 ullum
3043 943 3408 999 contentionis
3435 943 3515 999 fo-

1933 1033 2118 1085 mitem
2149 1031 2457 1101 suscitabit,
2490 1034 2579 1101 qui
2610 1034 2678 1089 de
2712 1033 3061 1103 intelligentia
3092 1048 3154 1089 ac
3201 1049 3360 1089 sensu
3390 1049 3507 1104 suo,

1934 1139 2039 1177 non
2069 1132 2174 1176 tam
2208 1125 2433 1193 proprio
2463 1125 2671 1195 judicio
2704 1141 2865 1197 quam
2900 1126 3088 1180 fratris
3116 1126 3310 1181 cedere
3341 1125 3509 1199 [Lips.

1932 1218 1984 1269 in
2011 1233 2173 1287 marg.
2210 1216 2460 1289 credere]
2483 1218 2727 1274 decrevit
2754 1221 3008 1284 examini,
3040 1234 3136 1289 pro
3167 1219 3283 1288 ejus
3306 1219 3513 1273 scilicet

1930 1308 2173 1374 arbitrio,
2204 1311 2289 1364 vel
2321 1311 2555 1379 probans
2584 1326 2678 1367 sua
2710 1312 2953 1381 inventa,
2985 1313 3067 1366 vel
3094 1311 3430 1380 improbans,
3457 1320 3511 1365 et

1930 1400 2314 1470 Evangellcum
2338 1404 2467 1458 illud
2494 1405 2566 1472 pii
2584 1404 2765 1460 cordis
2785 1404 3085 1459 humilitate
3105 1419 3506 1466 consummans,

1939 1490 2299 1546 Verumtamen
2349 1510 2452 1546 non
2494 1495 2626 1549 sicut
2679 1510 2770 1565 ego
2821 1496 2969 1561 volo,
3018 1496 3107 1549 sed
3154 1496 3287 1548 sicut
3336 1504 3391 1547 tu
3436 1495 3511 1549 vis

1930 1582 2148 1653 (Matth.
2180 1584 2364 1653 xxvi)?
2404 1586 2510 1639 Aut
2554 1600 2654 1654 qua
2700 1585 2909 1640 ratione
2949 1585 3151 1655 aliquid
3192 1600 3299 1652 quo
3346 1584 3509 1639 frater

1927 1676 2325 1741 moestilieetur,
2352 1675 2622 1740 admittet,
2654 1676 2746 1745 qui
2772 1677 2914 1731 bono
2948 1676 3091 1743 pacis
3127 1675 3261 1729 nihil
3302 1675 3511 1745 judieat

239 1753 615 1817 irascendum;
666 1754 912 1821 quintum
962 1768 1020 1808 ut
1066 1758 1325 1811 adversus
1378 1772 1439 1812 se
1494 1758 1823 1813 iracundiam
1854 1760 1899 1821 B
1928 1780 2048 1820 esse
2092 1767 2400 1834 pretiosius,
2445 1767 2739 1821 Dominica:
2785 1767 2931 1821 illius
2976 1766 3257 1821 sententiae
3305 1781 3509 1821 meum-

237 1842 446 1908 fratris,
476 1845 637 1898 etiam
669 1846 785 1900 sine
815 1846 1022 1900 ratione
1052 1859 1392 1917 conceptam,
1426 1850 1617 1904 eodem
1666 1852 1825 1907 modo

237 1951 348 2004 quo
395 1951 544 1988 suam
595 1951 783 1991 curare
822 1937 1115 2006 desideret,
1168 1942 1348 1995 sciens
1397 1944 1672 2011 aequaliter
1722 1945 1824 1999 sibi

237 2029 597 2097 perniciosam
628 2030 852 2083 alterius
880 2046 1001 2085 esse
1032 2032 1326 2098 tristitiam,
1371 2049 1434 2089 ac
1476 2036 1519 2088 si
1564 2036 1824 2091 adversus

236 2122 399 2174 alium
431 2121 545 2189 ipse
578 2132 879 2188 moveatur,
917 2122 1019 2176 nisi
1067 2140 1207 2192 eam,
1247 2136 1503 2195 quantum
1536 2127 1588 2179 in
1631 2142 1689 2183 se
1718 2139 1817 2195 est,

237 2215 400 2269 etiam
446 2215 511 2269 de
556 2213 739 2269 fratris
783 2226 964 2270 mente
1005 2217 1293 2285 depulerit.
1326 2217 1661 2273 Postremum
1694 2220 1822 2275 illud

236 2317 344 2373 est,
377 2306 513 2373 quod
553 2307 808 2375 generale
841 2308 1092 2362 vitiorum
1130 2311 1366 2365 omnium
1399 2314 1821 2381 peremptorium

236 2412 360 2452 esse
395 2412 499 2451 non
535 2398 753 2452 dubium
800 2410 904 2464 est,
937 2409 996 2454 ut
1024 2416 1083 2455 se
1121 2401 1190 2456 de
1241 2402 1342 2457 hoc
1387 2404 1591 2459 mundo
1639 2398 1823 2460 credat

234 2492 477 2558 quotidie
503 2491 874 2561 migraturum.
908 2493 1037 2561 Quae
1069 2496 1343 2563 persuasio
1370 2512 1476 2551 non
1504 2498 1677 2551 solum
1708 2499 1824 2552 nul-

235 2583 342 2637 lam
389 2585 439 2636 iu
485 2584 648 2638 corde
691 2585 969 2639 tristitiam
1013 2587 1253 2642 residere
1297 2587 1576 2657 permittit.
1633 2604 1819 2643 verum

235 2675 399 2729 etiam
434 2662 714 2729 universos
761 2676 1322 2745 concupiscentiarum
1368 2693 1430 2732 ac
1477 2688 1819 2748 peccatorum

234 2770 476 2822 ontnium
524 2770 850 2837 comprimet
890 2780 1089 2825 motus.
1137 2771 1262 2825 Haec
1308 2772 1466 2841 igitur
1502 2772 1822 2843 quicumque

236 2862 495 2925 tenuerit,
522 2860 936 2917 amaritudinem
964 2862 1059 2917 ira:
1080 2872 1241 2933 atque
1270 2863 1555 2920 discordia:
1585 2880 1685 2921 nec
1714 2867 1821 2936 pati

236 2955 437 3023 poterit
461 2970 557 3010 nec
589 2955 809 3010 inferre.
842 2956 938 3010 His
963 2967 1141 3010 autem
1174 2958 1529 3025 cessantibus,
1560 2974 1681 3013 cum
1713 2961 1823 3028 pri-

235 3061 383 3098 munt
406 3044 431 3083 ιι
456 3046 545 3101 ille
576 3047 800 3101 aemulus
830 3047 1111 3102 charitatis
1156 3048 1208 3103 in
1244 3048 1498 3104 cordibus
1526 3050 1819 3104 amicorum

1928 1858 2065 1913 riam
2110 1874 2216 1912 non
2247 1858 2524 1923 amittens,
2568 1857 2633 1911 In
2677 1858 2773 1911 hoc
2814 1867 3117 1926 cognoscent
3165 1873 3333 1911 omnes
3371 1859 3509 1928 quod

1926 1953 2025 2006 mei
2067 1953 2186 2006 estis
2231 1951 2499 2020 discipuli,
2540 1953 2585 2005 si
2614 1951 2940 2006 dilectionem
2979 1951 3259 2007 habueritis
3311 1952 3510 2005 adinvi-

1927 2059 2031 2096 cem
2064 2041 2242 2111 (Joan.
2274 2042 2421 2114 xm),
2462 2057 2558 2113 per
2585 2058 2744 2112 quam
2777 2044 2926 2097 velut
2964 2044 3193 2113 spiritali
3235 2044 3511 2113 signaculo

1926 2150 2139 2205 gregem
2171 2136 2351 2189 ovium
2383 2150 2600 2190 suarum
2632 2137 2685 2189 in
2713 2136 2815 2189 hoc
2840 2135 3037 2189 mundo
3068 2135 3234 2191 voluit
3262 2132 3511 2189 Christus

1928 2230 2169 2299 agnosci,
2199 2239 2361 2299 atque
2388 2229 2493 2283 hoc
2519 2244 2548 2282 a
2574 2230 2809 2293 caneris,
2840 2239 2897 2284 ut
2927 2229 3001 2283 ita
3025 2229 3277 2297 dixerim,
3318 2228 3508 2282 chara-

1924 2333 2071 2377 ctere
2096 2322 2366 2377 discerni?
2396 2320 2510 2388 Qua
2534 2334 2664 2375 vero
2692 2335 2760 2375 ex
2797 2334 2956 2374 causa
2984 2319 3068 2373 vel
3095 2318 3149 2373 in
3175 2334 3234 2373 se
3261 2319 3508 2388 recipere

1924 2414 2007 2468 vel
2035 2413 2089 2467 in
2120 2412 2226 2467 alio
2249 2412 2495 2467 residere
2517 2424 2803 2466 rancorem
2833 2410 3061 2464 tristitiae
3088 2408 3394 2474 sustinebit,
3418 2410 3503 2463 cui

1925 2519 2131 2560 summa
2164 2502 2405 2559 definitio
2435 2511 2537 2567 est,
2568 2512 2590 2540 ο
2617 2500 2910 2557 iracundiae
2942 2515 3095 2571 ,quaz
3118 2499 3417 2569 perniciosa
3449 2507 3505 2553 et

1924 2596 2110 2650 illicita
2141 2604 2244 2662 est,
2274 2595 2445 2665 justas
2472 2607 2667 2649 causas
2706 2606 2829 2647 esse
2859 2606 2964 2647 non
2990 2605 3169 2661 posse,
3202 2590 3505 2659 eodemque

1922 2704 1983 2745 se
2012 2689 2196 2756 modo,
2216 2699 2567 2745 succensente
2613 2687 2717 2743 sibi
2768 2686 2957 2755 fratre,
2992 2701 3151 2741 orare
3194 2700 3299 2741 non
3321 2700 3503 2755 posse,

1922 2800 2046 2840 cum
2071 2785 2221 2854 quasi
2243 2784 2394 2839 fratri
2417 2798 2519 2839 suo
2542 2784 2659 2854 ipse
2680 2790 3015 2846 succenseat,
3043 2782 3330 2851 irrogatam
3357 2781 3503 2834 illam

1923 2877 2135 2931 Domini
2193 2876 2488 2932 Salvatoris
2540 2875 2727 2929 humili
2782 2889 2999 2943 semper
3046 2875 3286 2928 retinens
3344 2873 3507 2927 corde

1923 2970 2267 3029 sententiam,
2300 2966 2361 3021 Si
2389 2967 2541 3034 offers
2578 2981 2766 3019 munus
2804 2972 2948 3019 tuum
2988 2964 3060 3018 ad
3099 2964 3296 3029 altare,
3347 2974 3395 3018 et
3435 2965 3507 3018 ibi

1921 3060 2222 3115 recordatus
2249 3058 2409 3129 fueris
2438 3059 2574 3128 quod
2601 3062 2759 3128 frater
2788 3066 2903 3111 tuus
2926 3057 3072 3111 habet
3096 3057 3297 3127 aliquid
3322 3058 3506 3110 adver-

237 3139 470 3193 tristitiac
516 3141 715 3196 sensim
768 3156 975 3195 venena
1017 3140 1325 3209 suffuderit,
1375 3158 1593 3199 necesse
1637 3152 1720 3199 est
1763 3153 1819 3199 ut
1845 3146 1891 3209 C
1922 3170 2038 3208 sum
2067 3162 2134 3219 te,
2170 3153 2401 3223 relinque
2428 3152 2500 3206 ibi
2538 3169 2724 3205 munus
2752 3162 2895 3205 tuum
2927 3146 3047 3205 ante
3077 3150 3262 3215 altare,
3298 3160 3349 3204 et
3378 3151 3507 3205 vade

234 3235 608 3304 frequentibus
650 3237 839 3306 jurgiis
885 3237 1141 3307 paulatim
1194 3238 1486 3295 dilectione
1532 3240 1813 3310 tepefacta,

233 3333 530 3387 amantium
555 3332 715 3387 corda
740 3332 831 3387 diu
854 3334 1164 3389 exulcerata
1195 3334 1515 3404 quandoque
1542 3334 1814 3389 dissociet.

235 3423 375 3479 Nam
402 3424 493 3493 qui
520 3441 617 3495 per
643 3426 836 3481 callem
862 3426 1136 3495 praedictae
1164 3428 1474 3483 directionis
1500 3429 1817 3500 ingreditur,

236 3516 294 3570 in
328 3531 432 3585 quo
460 3517 528 3570 ab
556 3519 729 3572 amico
761 3534 1014 3587 umquam
1043 3534 1143 3573 suo
1176 3521 1374 3588 poterit
1411 3520 1697 3589 dissidere,
1729 3521 1821 3591 qui

235 3611 468 3679 primam
500 3611 675 3665 litium
718 3626 933 3666 causam
963 3627 1082 3681 qua:
1125 3628 1188 3667 ex
1221 3615 1457 3683 parvulis
1486 3615 1647 3669 rebus
1675 3616 1819 3668 vilis-

237 3703 495 3774 simisque
536 3705 774 3760 materiis
809 3704 1058 3777 generari
1096 3707 1266 3771 solet,
1295 3706 1424 3760 nihil
1455 3722 1611 3761 suum
1642 3706 1816 3761 vindi-

236 3811 391 3862 cans,
419 3797 682 3853 radicitus
702 3800 1083 3867 amputaverit,
1130 3799 1262 3853 illud
1307 3799 1450 3868 quod
1494 3801 1548 3853 in
1596 3800 1819 3854 Actibus

239 3889 624 3958 Ap05tolorunt
666 3892 894 3959 legimus
940 3892 1009 3946 de
1055 3892 1259 3946 unitate
1304 3890 1642 3945 credentium
1673 3891 1821 3946 omni

237 3981 436 4035 virtute
480 3981 826 4037 custodiens?
878 3981 1229 4037 Multitudinis
1278 3991 1452 4035 autem
1503 3982 1819 4037 credentium

238 4081 351 4125 erat
371 4090 459 4127 cor
489 4090 648 4126 unum
666 4081 714 4127 et
738 4076 908 4130 anima
934 4093 1054 4141 una,
1086 4093 1178 4131 nec
1208 4078 1479 4147 quisquam
1508 4092 1683 4130 eorum
1707 4092 1820 4143 qua:

237 4164 558 4234 possidebat,
581 4165 780 4234 aliquid
798 4183 943 4221 suum
964 4184 1069 4223 esse
1084 4168 1304 4236 dicebat,
1327 4168 1417 4222 sed
1436 4178 1581 4221 erant
1595 4167 1698 4222 illis
1712 4182 1823 4221 om-

1924 3248 2073 3316 prius
2102 3245 2433 3300 reconciliari
2456 3246 2606 3315 fratri
2635 3256 2741 3311 tuo,
2770 3254 2816 3299 et
2844 3244 2917 3297 sic
2942 3244 3148 3299 ueniens
3169 3242 3298 3310 offer
3321 3259 3508 3297 munus

1926 3349 2070 3393 tuu-m
2102 3336 2320 3409 (Matth.
2361 3340 2441 3407 ν).
2486 3337 2628 3392 Nihil
2672 3336 2817 3392 enim
2850 3336 3096 3407 proderit
3139 3336 3182 3390 si
3216 3343 3268 3391 te
3292 3336 3505 3406 quidem

1926 3446 2138 3486 asseras
2172 3448 2276 3484 non
2315 3430 2497 3497 irasci,
2529 3438 2581 3485 et
2613 3428 2807 3484 credas
2840 3437 2891 3483 te
2920 3428 3150 3498 implere
3185 3425 3316 3481 illud
3357 3443 3508 3481 man-

1924 3524 2105 3577 datum
2131 3538 2239 3592 quo
2268 3522 2489 3587 dicitur,
2521 3521 2616 3576 Sol
2642 3538 2745 3575 non
2778 3522 2978 3575 occidat
3002 3536 3155 3588 super
3183 3519 3509 3572 iracundiam

1922 3626 2163 3679 uestram,
2196 3625 2269 3681 et,
2303 3613 2401 3679 Qui
2428 3613 2672 3666 irascitur
2700 3614 2851 3682 fratri
2879 3628 3000 3680 suo,
3024 3627 3141 3666 reus
3161 3610 3258 3663 erit
3268 3611 3507 3680 judicio;

1926 3709 2146 3761 alterius
2176 3720 2309 3759 vero
2338 3704 2605 3758 tristitiam
2641 3719 2800 3773 quam
2824 3702 3052 3756 delinire
3080 3710 3166 3754 tua
3196 3711 3508 3754 mansuetu-

1927 3801 2051 3856 dine
2099 3798 2352 3866 potuisti,
2394 3797 2700 3851 contumaci
2747 3796 2911 3851 corde
2960 3794 3250 3863 despicias.
3301 3794 3501 3847 Eodem

1926 3905 2161 3959 namque
2217 3889 2376 3944 modo
2432 3890 2690 3959 prazcepti
2742 3888 3006 3943 Dominici
3063 3887 3507 3956 praevaricatione

1925 3983 2205 4052 plecteris.
2235 3982 2338 4050 Qui
2366 3983 2508 4037 enim
2540 3990 2593 4038 te
2620 3983 2777 4037 irasci
2814 3982 3075 4035 adversus
3122 3979 3349 4033 alterum
3394 3996 3501 4035 non

1926 4078 2126 4134 debere
2150 4077 2309 4143 dixit,
2342 4092 2441 4134 nec
2462 4076 2684 4133 alterius
2705 4075 2980 4131 contemni
3008 4071 3278 4129 tristitiam
3305 4072 3507 4130 debere

1928 4169 2094 4233 dixit;
2127 4170 2252 4238 quia
2282 4184 2389 4225 non
2419 4169 2652 4225 interest
2677 4169 2817 4238 apud
2848 4168 3039 4237 Deum,
3071 4167 3160 4237 qui
3186 4180 3377 4222 omnes
3408 4164 3506 4221 lto-

1302 4301 1555 4359 ALARDI
1593 4301 1827 4359 GAZEI
1863 4301 2421 4360 COMMENTARIUS.

321 4426 346 4453 κ
366 4414 671 4471 Traduntur
696 4415 782 4472 hic
821 4424 946 4472 octo
976 4417 1149 4471 media
1178 4416 1375 4486 quibus
1402 4432 1531 4472 vera
1554 4424 1609 4471 et
1638 4417 1816 4486 perfe-

242 4497 329 4544 cta
358 4490 501 4542 inter
540 4487 836 4542 monachos
859 4488 1093 4542 amicitia
1125 4487 1359 4551 ineatur,
1391 4500 1740 4543 conservetur
1767 4496 1820 4542 et
1862 4542 1869 4549 ,

241 4568 535 4628 augeatur:
566 4572 687 4627 qua:
714 4557 1258 4625 memorimjuvandm
1288 4573 1445 4613 causa
1479 4560 1718 4614 breviter
1746 4559 1819 4613 ita

239 4630 417 4697 colligi
450 4639 711 4695 possunt:
743 4628 799 4683 1⁸
822 4640 879 4682 ιιι
902 4628 1111 4683 firmum
1141 4638 1196 4683 et
1222 4628 1453 4683 solidum
1474 4629 1676 4699 jaciant
1702 4630 1819 4683 fun-

241 4702 545 4752 damentum
576 4701 626 4753 in
656 4700 907 4770 religiosa
938 4707 1274 4768 paupertate,
1298 4710 1611 4768 contemptu
1638 4711 1691 4754 et
1720 4700 1817 4753 ab-

240 4770 513 4823 dicatione
551 4786 731 4824 rerum
779 4770 1185 4838 temporalium;
1234 4771 1292 4824 2'
1323 4780 1380 4824 ut
1425 4785 1549 4825 suas
1594 4772 1817 4839 quisque

240 4848 455 4911 resecet
492 4842 820 4906 voluntates,
858 4854 957 4894 nec
985 4848 1088 4894 tam
1119 4841 1230 4896 suis
1261 4856 1418 4910 quam
1446 4841 1676 4911 proximi
1720 4842 1816 4896 de-

239 4910 573 4964 finitionibus
605 4912 752 4964 malit
778 4910 1032 4974 obedire;
1061 4912 1122 4965 ὄσ
1153 4920 1207 4965 ιιι
1246 4914 1381 4965 sciat
1413 4910 1591 4965 omnia
1611 4952 1625 4973 ,
1654 4912 1815 4967 etiam

238 4997 358 5049 qua),
381 4981 685 5035 necessaria
708 4990 795 5035 aut
824 4982 971 5034 utilia
996 4981 1244 5045 aestimat,
1275 4982 1645 5051 postponenda
1674 4982 1817 5036 bono

238 5052 521 5107 charitntis
561 5061 615 5106 et
646 5056 823 5119 pacis;
877 5052 939 5106 κιο
974 5056 1028 5105 ut
1070 5061 1255 5106 caveat
1298 5052 1648 5117 iracundiam,
1698 5068 1818 5121 qua!

183 5134 192 5143 '
240 5134 416 5175 mater
445 5131 526 5174 est
568 5123 883 5187 discordim;
922 5122 984 5177 5°
1015 5132 1071 5176 ut
1114 5123 1245 5175 iram
1289 5122 1470 5177 fratris
1510 5131 1696 5175 contra
1737 5138 1815 5187 se,

240 5194 399 5245 etiam
432 5192 548 5247 sine
578 5193 790 5247 ratione
836 5204 1176 5260 conceptam,
1218 5207 1408 5247 curare
1453 5206 1515 5245 ac
1547 5192 1813 5260 mitigare,

241 5279 393 5331 mque
442 5279 504 5316 ac
554 5278 706 5318 suam
748 5263 1055 5327 desideret;
1110 5260 1166 5315 6'
1220 5272 1277 5315 ut
1303 5278 1363 5316 se
1390 5263 1456 5317 de
1489 5262 1592 5317 hoc
1620 5262 1820 5317 mundo

240 5335 428 5387 credat
479 5333 721 5402 quotidie
753 5336 1134 5403 migraturum,
1162 5333 1303 5403 quod
1344 5344 1426 5387 est
1457 5332 1709 5401 generale
1738 5334 1820 5385 vi-

242 5403 442 5458 tiorum
477 5406 715 5457 omnium
753 5402 1204 5467 peremptorium;
1238 5402 1293 5456 'l'
1326 5412 1380 5455 ut
1420 5406 1579 5456 etiam
1618 5403 1668 5455 in
1701 5403 1821 5470 opi-

238 5475 495 5528 nionibus
517 5476 581 5526 ad
617 5476 949 5531 intellectum
974 5473 1390 5542 pertinentibus,
1418 5474 1581 5541 fugiat
1602 5485 1825 5527 conten-

240 5544 448 5610 tiones;
480 5544 535 5601 8'
564 5553 626 5599 ut
653 5562 941 5616 numquam
971 5560 1093 5609 suo,
1125 5544 1220 5599 sed
1250 5544 1420 5614 magis
1461 5549 1638 5598 alieno
1678 5542 1823 5612 judi-

238 5617 327 5671 cio
361 5617 512 5671 fidat.

311 5685 342 5724 δ
379 5688 656 5749 Diabolus,
684 5686 760 5738 vel
788 5689 940 5741 radix
979 5689 1203 5741 omnium
1250 5683 1505 5739 malorum
1552 5685 1825 5755 cupiditas,

241 5756 529 5812 cbaritatis
570 5759 786 5825 aemula,
833 5770 886 5813 et
921 5758 1161 5823 inimica,
1196 5772 1353 5826 quam
1402 5756 1626 5810 inferius
1676 5768 1827 5810 vocat

1922 4419 2151 4487 primam
2174 4432 2387 4471 causam
2414 4415 2616 4471 litium:
2641 4416 2707 4471 de
2728 4432 2833 4487 qua
2857 4415 3208 4473 Cassiodorus
3232 4414 3253 4487 (
3264 4413 3335 4470 De
3360 4417 3505 4471 Ami—

1922 4490 2045 4542 citia
2083 4507 2196 4560 cap.
2248 4489 2299 4558 l)
2344 4497 2467 4555 apte
2517 4489 2568 4541 in
2617 4488 2759 4560 hunc
2803 4490 3014 4541 locum:
3066 4488 3309 4542 Amicitia
3348 4505 3503 4560 quam

1922 4559 2185 4613 mundana
2226 4560 2479 4629 cupiditas
2524 4559 2803 4612 introducit
2841 4560 3174 4626 fraudulenta
3218 4567 3347 4629 est;
3372 4559 3505 4612 nihil

1920 4647 2112 4695 verum,
2143 4630 2274 4684 nihil
2292 4628 2561 4696 securum,
2592 4629 2722 4683 nihil
2748 4630 2925 4683 stabile
2953 4631 3137 4692 habet;
3169 4629 3303 4682 bona
3331 4628 3503 4682 homi-

1922 4702 2001 4753 nis
2032 4712 2190 4768 amat,
2236 4717 2335 4753 non
2364 4699 2656 4771 hominem;
2694 4716 2919 4753 antorem
2960 4702 3161 4755 metitur
3188 4715 3251 4754 ea:
3268 4710 3505 4771 qucestu;

1921 4772 2185 4896 {organum
2212 4774 2337 4824 votis
2376 4770 2722 4841 amplectitur,
2764 4787 2865 4824 non
2902 4785 3207 4839 personam;
3246 4770 3403 4843 juxta
3438 4771 3502 4824 il~

1949 4859 1976 4893 ιι
2044 4859 2055 4894 :

1949 4859 2014 4893 ιια
2044 4859 2055 4894 ε

2045 4930 2149 4994 Non
2177 4938 2253 4982 est
2274 4944 2518 4994 QBI'SODiB,
2541 4930 2629 4981 sed
2657 4932 2993 4994 prosperitatis
3014 4935 3213 4994 amicus,

2108 4992 2265 5051 Quem
2290 4992 2483 5042 fortuna
2508 4998 2651 5042 tenet
2667 4992 2839 5053 dulcis,
2864 4994 3043 5042 acerba
3066 4992 3203 5054 fugat

1925 5121 2145 5176 Etinfra
2174 5122 2348 5175 :Audi
2374 5120 2436 5174 B.
2465 5122 2790 5191 Ambrosium
2814 5121 2949 5191 (Lib.
2978 5137 3037 5176 ιιι
3062 5121 3170 5188 0]".
3201 5138 3315 5189 cap.
3342 5122 3466 5187 ult.)
3498 5142 3508 5174 :

1927 5191 2047 5246 Non
2077 5202 2174 5257 est,
2208 5194 2397 5263 inquit,
2429 5193 2657 5246 anticitia
2678 5192 2961 5264 vectigalis,
2992 5192 3081 5245 sed
3105 5192 3335 5245 liberalis
3358 5208 3376 5245 :
3412 5196 3514 5246 vir-

1927 5274 2003 5316 tus
2027 5267 2159 5316 enim
2186 5274 2277 5321 est,
2306 5272 2354 5315 et
2384 5281 2486 5316 non
2510 5274 2770 5332 quastus;
2801 5280 2902 5316 non
2944 5267 3161 5332 pecunia
3183 5264 3511 5326 conciliatur,

1926 5335 2013 5388 sed
2055 5337 2260 5405 gratia;
2294 5351 2394 5386 non
2426 5335 2711 5402 litigatione
2754 5336 3071 5399 pra'liorum,
3110 5334 3201 5387 sed
3243 5345 3511 5387 concerta.

1928 5407 2062 5458 tione
2092 5416 2283 5457 mutare
2312 5405 2669 5457 benevolentia
2700 5406 2924 5473 gignitur
2952 5415 3000 5457 et
3028 5408 3245 5475 fovetur,
3280 5415 3385 5475 etc.

2004 5486 2023 5513 ε
2060 5477 2205 5535 llaec,
2235 5484 2287 5525 ct
2316 5490 2435 5541 qum
2460 5472 2779 5541 sequuntur,
2822 5490 2929 5541 quo
2956 5472 3119 5528 sensu
3163 5472 3513 5543 intelligenda

1930 5557 2073 5611 sunt,
2115 5547 2233 5596 vide
2276 5546 2324 5595 itt
2368 5545 2803 5597 anttnlatiottibus
2844 5547 2907 5597 ad
2946 5545 3039 5597 lib.
3077 5559 3170 5598 Vttl
3217 5543 3515 5597 Institutio-

1936 5634 2081 5670 num.
2126 5614 2427 5667 Prudenter
2468 5624 2648 5665 autem
2692 5615 2831 5666 dixit
2880 5616 3201 5675 iracundia’,
3237 5631 3341 5666 non
3400 5615 3515 5663 ira’.

1933 5688 2062 5740 Νςιιιι
2099 5688 2171 5736 ira
2208 5702 2350 5747 Su'pc
2376 5686 2513 5750 jns:a
2547 5695 2648 5741 est,
2686 5695 2733 5735 cf
2765 5686 2937 5751 justas
2967 5699 3157 5741 causas
3188 5685 3375 5749 habet;
3409 5698 3518 5737 non

1931 5759 2225 5816 iracundia,
2261 5767 2313 5806 ut
2343 5770 2440 5810 suo
2468 5754 2586 5807 loco
2614 5755 2816 5810 dictum
2849 5767 2954 5813 est.
