4044 6190
533 274 675 335 Im

1588 271 1866 331 JOANNIS
1902 271 2209 330 CASSIANI
2246 271 2749 331 COLLATIONES.

3685 278 3832 339 1094

532 393 705 447 mines
733 390 853 446 vult
872 388 1052 445 salvos
1081 390 1222 453 fieri,
1249 397 1430 444 utrum
1454 398 1509 443 te
1534 401 1601 441 an
1632 388 1796 442 alium
1818 388 2124 458 quempiam
2150 392 2202 452 Α
2229 403 2333 459 qua
2354 388 2471 444 sine
2490 388 2657 444 dubio
2678 389 3058 447 contentiones
3078 391 3319 463 rixaeque
3340 392 3663 460 verborum,
3687 412 3825 465 quas

531 481 750 550 perdas.
772 489 797 517 ⁸
818 472 993 535 U'num
1013 479 1281 549 siquidem
1304 477 1597 547 cujuslibet
1627 476 1848 533 interitu
1865 476 1916 533 ei
1947 479 2126 533 nasci-

530 576 616 628 tur
647 573 1073 638 detrimentum;
1104 571 1400 641 itidemque
1439 569 1519 625 illi
1566 570 1653 625 cui
1701 580 1853 641 grata
1884 572 2126 626 omnium

534 664 776 732 perditio
806 672 912 730 est,
946 677 1110 718 unum
1142 663 1377 729 lucrum,
1404 663 1489 718 vel
1522 671 1611 717 tua
1639 662 1725 718 vel
1749 661 1931 719 fratris
1954 672 2127 719 morte

531 760 894 829 conquiritur.
943 755 1413 823 Quemadmodum
1466 765 1744 828 postremo
1794 757 1996 827 poterit
2038 756 2127 812 vel

534 860 748 905 tenuem
794 857 985 904 contra
1030 848 1257 904 fratrem
1307 849 1551 906 retinere
1591 849 1891 916 tristitiam,
1937 849 2029 919 qui
2068 863 2128 905 se

531 942 708 996 credit
738 941 1005 1012 quotidie,
1030 941 1199 998 immo
1220 942 1477 999 continuo
1496 941 1565 999 ab
1595 941 1699 998 hoc
1722 941 2129 1013 saeculomigra-

534 1032 755 1089 turum?

1124 1129 1355 1187 CAPUT
1413 1130 1528 1187 νιι.

538 1221 693 1287 Quod
719 1221 851 1276 nihil
882 1223 1126 1277 charitati
1158 1225 1567 1292 prteponendum
1590 1224 1687 1291 sit,
1719 1239 1812 1278 nec
1836 1222 2129 1277 iracundia

1107 1295 1547 1364 postponendum.

606 1404 757 1460 Sicut
785 1419 915 1475 ergo
958 1404 1094 1459 nihil
1124 1405 1552 1475 praponendum
1596 1414 1682 1462 est
1728 1405 2018 1473 charitati,
2056 1407 2127 1461 ita

534 1495 704 1550 furori
759 1497 843 1550 vel
891 1496 1189 1554 iracundiae
1236 1497 1371 1551 nihil
1414 1506 1500 1553 est
1547 1497 1857 1553 econtrario
1902 1507 2127 1568 postpo-

532 1588 793 1643 neudum.
826 1587 1022 1644 Omnia
1054 1604 1288 1659 namque
1314 1592 1561 1660 quamvis
1591 1591 1742 1644 utilia
1778 1604 1839 1645 ac
1869 1606 2128 1645 necessa-

534 1684 611 1735 ria
637 1681 943 1747 videantur,
972 1682 1277 1751 spernenda
1309 1691 1488 1737 tamen
1520 1692 1670 1747 sunt,
1698 1690 1758 1737 ut
1785 1684 1879 1737 ira:
1907 1692 2123 1752 pertur-

2230 480 2527 550 Apostolus
2548 480 2767 535 damnat
2794 478 2997 552 (Galat.
3020 481 3098 553 v),
3120 483 3437 554 plerumque
3460 500 3822 559 consurgunt;

2231 574 2371 629 unde
2400 585 2799 644 consequenter
2826 574 3064 631 divortia
3096 578 3241 634 inter
3286 580 3574 636 unanimes
3618 580 3823 640 fratres

2231 667 2402 724 hostis
2433 668 2652 724 invidus
2672 683 2736 724 ac
2764 671 3031 741 malignus
3058 672 3357 728 interserit.
3380 672 3524 730 Vera
3554 687 3641 731 est
3671 692 3825 733 nam-

2228 775 2332 830 que
2360 760 2743 831 sapientissimi
2774 762 3083 820 Salomonis
3111 765 3201 819 illa
3229 768 3531 834 sententia,
3566 766 3596 806 ά
3629 769 3823 827 Odium

2228 851 2442 905 suscitat
2472 853 2731 907 contentio
2752 870 2771 918 ;
2796 855 3061 910 universos
3088 870 3211 911 vero
3244 857 3334 925 qui
3359 874 3463 912 non
3480 862 3820 930 contendunt,

2230 947 2447 1019 protegit
2469 948 2704 1002 amicitia
2725 946 2908 1019 (Prov.
2937 948 3022 1015 ι).

2842 1037 3069 1097 CAPUT
3116 1041 3215 1100 IX.

2228 1128 2309 1186 De
2335 1134 2669 1204 amputandis
2694 1136 2850 1190 etiam
2878 1136 3202 1207 spiritalibus
3221 1138 3393 1192 causis
3416 1138 3823 1198 discordiarum.

2300 1224 2649 1295 Quapropter
2682 1226 2749 1281 ad
2776 1228 3207 1284 conservandam
3239 1237 3558 1299 perpetuam
3590 1240 3647 1285 et
3682 1231 3826 1287 indi-

2226 1318 2442 1374 viduam
2471 1321 2825 1391 charitatem,
2856 1332 2879 1359 θ
2914 1322 3045 1377 nihil
3089 1322 3311 1393 prodest
3336 1325 3568 1394 primam
3601 1340 3823 1384 causam

2227 1420 2534 1480 amputasse
2566 1411 2798 1479 dissidii,
2822 1428 2941 1483 qua:
2971 1416 3121 1469 nasci
3169 1415 3309 1469 solet
3346 1413 3414 1470 de
3443 1419 3612 1471 rebus
3649 1418 3823 1473 cadu-

2227 1504 2309 1559 cis
2351 1514 2511 1575 atque
2542 1506 2802 1572 terrenis,
2838 1513 2893 1561 et
2919 1505 3179 1561 universa
3206 1505 3525 1577 despexisse
3554 1510 3823 1577 carnalia,

2228 1608 2388 1668 atque
2416 1598 2658 1653 omnium
2688 1597 2883 1669 quibus
2908 1608 3094 1655 noster
3124 1614 3257 1655 usus
3289 1598 3497 1669 indiget
3524 1616 3708 1658 rerum
3733 1605 3825 1659 in-

2228 1689 2516 1744 discretam
2545 1691 2981 1746 communionem
3030 1690 3293 1745 fratribus
3336 1692 3668 1761 permisisse,
3709 1696 3822 1752 nisi

532 1772 680 1826 balio
722 1773 1019 1837 dGVilellll';
1067 1781 1122 1827 ει
1160 1774 1343 1827 omnia
1384 1774 1548 1829 etiam
1591 1789 1713 1844 quae
1745 1783 1998 1844 plllaﬂlur
2030 1776 2125 1830 δά·
2155 1768 2204 1829 Β
2230 1785 2395 1839 etiam
2418 1783 2712 1840 secundam
2737 1799 2859 1855 quin
2882 1784 2984 1839 sub
3006 1785 3187 1855 specie
3211 1782 3537 1854 spiritalium
3563 1801 3821 1845 sensuum

531 1878 711 1930 versa,
754 1864 1101 1933 suscipienda
1133 1874 1297 1933 atque
1328 1864 1610 1919 toleranda
1658 1875 1808 1931 sunt,
1838 1864 1865 1904 δ
1894 1874 1953 1919 ut
1992 1866 2129 1922 dile-

534 1957 733 2011 ctionis
769 1957 1022 2027 pacisque
1056 1957 1421 2027 tranquillitas
1450 1958 1654 2012 illibata
1693 1966 1970 2024 servetur;
2000 1960 2127 2030 quia

534 2063 634 2104 nec
678 2050 755 2103 ira
803 2058 970 2119 atque
1012 2049 1226 2105 tristitia
1275 2050 1635 2121 perniciosius
1672 2051 1987 2123 quidquam,
2028 2068 2127 2110 nec

531 2141 797 2197 cbaritate
824 2140 1008 2197 utilius
1037 2142 1375 2198 credendum
1402 2153 1510 2198 est.

1124 2236 1356 2294 CAPUT
1400 2236 1535 2292 VIII.

569 2327 768 2392 Quibus
796 2328 862 2383 de
891 2330 1062 2384 causis
1083 2329 1218 2384 inter
1238 2330 1500 2401 spiritales
1521 2338 1771 2385 nascatur
1795 2330 2087 2386 dissensio?

603 2419 736 2475 Nam
770 2421 1228 2489 quemadmodum
1259 2423 1507 2478 carnales
1535 2423 1713 2480 adhuc
1740 2435 1795 2481 et
1825 2425 2125 2482 imbecilles

532 2514 729 2571 fratres
760 2517 831 2571 ob
858 2518 1015 2571 vilem
1059 2525 1439 2587 terrenamque
1480 2518 1837 2573 substantiam
1868 2521 1979 2574 cito
2018 2519 2123 2574 ini-

533 2606 703 2660 micus
745 2607 835 2661 ille
887 2606 1185 2675 disjungit,
1241 2608 1314 2661 ita
1365 2618 1388 2646 ο
1435 2609 1599 2663 etiam
1656 2610 1797 2665 inter
1850 2610 2125 2680 spiritales

529 2697 703 2767 gignit
728 2712 828 2768 pro
859 2697 1230 2755 intellectuum
1277 2699 1598 2758 diversitate
1645 2702 1999 2759 discordiam.
2043 2704 2126 2760 Ex

2233 1877 2381 1929 nasci
2422 1877 2562 1931 solet
2588 1875 2842 1931 similiter
2870 1876 3285 1943 abscindentes,
3318 1877 3732 1947 acquisierimus
3769 1882 3823 1937 in

2231 1966 2484 2021 omnibus
2511 1966 2768 2022 humilem
2792 1982 3013 2023 sensum
3043 1975 3099 2022 et
3131 1982 3403 2024 consonas
3432 1969 3740 2027 voluntates

2856 2059 3083 2118 CAPUT
3115 2060 3183 2116 Χ.

2608 2155 2687 2210 De
2716 2156 2911 2226 Optimo
2939 2157 3178 2211 examine
3197 2158 3446 2213 veritatis.

2305 2246 2522 2302 Memini
2552 2261 2787 2317 namque
2815 2263 2939 2303 cum
2970 2263 3057 2303 me
3084 2248 3261 2303 adhuc
3289 2249 3575 2306 adhaerere
3602 2265 3828 2308 consor-

2234 2340 2309 2395 tio
2336 2339 2565 2395 fratrum
2595 2351 2728 2396 actas
2754 2342 2939 2411 junior
2970 2342 3301 2407 hortaretur,
3328 2342 3638 2412 huiusmodi
3669 2345 3828 2401 nobis

2233 2429 2652 2498 intelligentiam
2701 2430 2787 2485 vel
2838 2432 2891 2485 in
2940 2430 3237 2485 moralibus
3284 2430 3583 2501 disciplinis
3635 2434 3720 2490 vel
3774 2436 3825 2489 in

2233 2521 2528 2593 Scripturis
2575 2524 2746 2578 sacris
2795 2523 3108 2593 frequenter
3148 2524 3423 2588 insertam,
3467 2532 3524 2578 ut
3571 2524 3706 2579 nihil
3757 2541 3827 2580 ea

2234 2616 2419 2669 verius
2450 2614 2692 2685 nihilque
2719 2614 3101 2670 rationabilius
3128 2614 3486 2671 crederemus.
3516 2614 3626 2670 Sed
3652 2612 3671 2653 ί
3687 2629 3825 2670 cum

2235 2706 2289 2761 in
2320 2722 2486 2761 unum
2534 2709 2929 2763 convenientes
2979 2708 3280 2764 sententias
3318 2716 3529 2763 nostras
3571 2722 3829 2776 promere

1618 2836 1877 2894 ALABDI
1917 2837 2152 2894 GAZZEI
2189 2836 2734 2896 COMMENTARIUS

608 2956 634 2985 ι
658 2947 748 3003 Sic
795 2947 1088 3005 Cassianus
1122 2950 1221 3005 lib.
1258 2964 1355 3005 vin
1394 2948 1629 3005 lnstitut.
1680 2964 1783 3020 cap
1830 2951 1898 3005 15
1933 2970 1945 3005 :
1998 2951 2119 3006 Non

530 3020 666 3104 enim
710 3020 783 3072 ita
806 3021 995 3075 nostris
1020 3021 1271 3104 obsequiis
1297 3024 1583 3103 communis
1606 3024 1832 3104 omnium
1861 3020 2119 3104 Portunus

529 3089 836 3163 delectatur,
881 3101 936 3145 ut
965 3093 1103 3160 quod
1142 3089 1196 3163 in
1228 3109 1330 3146 uno
1364 3093 1601 3159 acquirit,
1639 3092 1826 3163 perdat
1856 3094 1913 3146 in
1936 3096 2118 3160 altera,

2231 2951 2452 3020 (Ephes.
2489 2952 2565 3022 ιιι)
2595 2971 2607 3005 :
2637 2952 2865 3008 Solliciti
2890 2971 3091 3009 servare
3110 2955 3361 3009 unitatem
3386 2956 3599 3022 spiritus
3625 2954 3677 3007 in
3706 2955 3823 3010 virt-

2226 3024 2345 3077 culo
2412 3024 2517 3077 acis
2550 3022 2731 3095 (Greg.
2761 3023 3027 3080 Pastoral.
3055 3034 3189 3095 part.
3226 3041 3317 3090 ιιι,
3351 3022 3561 3079 admon.
3588 3026 3667 3093 2).

2299 3092 2327 3131 ἀ
2359 3041 2550 3151 graece
2579 3104 2732 3151 μῖσος
2761 3097 2943 3151 ἐγείρει
2977 3105 3160 3151 νεῖκος.
3199 3097 3354 3151 Ουοᾱ
3388 3109 3614 3151 utroaue
3653 3113 3667 3149 ι

2299 3092 2327 3131 ἀ
2350 3092 2732 3172 βτιιξοσξμῖςρς
2761 3097 2943 3172 ἐγείρει
2977 3092 3177 3172 νεῖᾆιοςη
3199 3097 3354 3164 Quod
3388 3092 3816 3172 utroque’modo

530 3162 834 3235 dominante
869 3158 1095 3235 tristitia.
1155 3162 1222 3217 In
1266 3158 1537 3235 cujuslibet
1576 3158 1815 3235 namque
1847 3158 2121 3231 dispendio
2149 3158 2195 3223 C
2227 3165 2364 3219 verti
2411 3158 2603 3233 potuit.
2645 3158 2805 3220 Nam'
2827 3158 3009 3222 odium
3038 3158 3262 3222 suscitat
3303 3158 3596 3232 contentio,
3628 3177 3686 3221 ut
3731 3167 3820 3222 hic

528 3248 689 3285 unum
726 3233 923 3298 patitur
951 3233 1335 3297 detrimentum,
1372 3235 1459 3302 qui
1489 3233 1668 3287 eodem
1696 3234 1850 3287 modo
1884 3238 2119 3289 omnium

530 3303 844 3375 famulorum
872 3319 1085 3358 suorum
1110 3306 1328 3359 salutem
1356 3304 1690 3375 desideraret
1720 3316 1999 3375 exspectat.

600 3372 628 3411 δ
656 3375 714 3429 S.
746 3376 1085 3444 Augustinus
1106 3376 1172 3429 de
1197 3376 1429 3431 Civitate
1454 3375 1543 3429 Dei
1572 3394 1583 3427 :
1618 3372 1845 3430 Tantum
1874 3387 1949 3431 est
1979 3379 2120 3445 pacis

530 3446 735 3510 bonum,
772 3456 827 3500 ut
851 3447 1006 3499 etiam
1031 3448 1084 3499 in
1114 3448 1260 3500 rebus
1292 3448 1505 3500 terrenis
1525 3456 1675 3509 atque
1704 3447 2008 3502 mortalibus
2039 3451 2121 3502 ni-

528 3515 604 3589 hil
647 3516 814 3589 soleat
857 3518 1058 3589 gratius
1096 3518 1291 3583 audiri,
1333 3517 1464 3589 nihil
1504 3517 1896 3573 desiderabilius
1932 3536 2122 3573 concu-

529 3587 683 3660 pisci,
708 3588 838 3643 nihil
859 3587 1119 3660 postremo
1150 3591 1309 3656 possit
1337 3588 1516 3642 melius
1540 3589 1774 3660 inveniri.
1816 3590 1988 3656 Idem,
2023 3606 2117 3646 seu

529 3658 653 3725 quis
678 3658 953 3713 auctorad
980 3658 1175 3714 fratres
1198 3661 1249 3714 in
1280 3674 1465 3714 eremo
1494 3678 1505 3711 :
1536 3659 1703 3726 Scire,
1734 3662 1930 3729 inquit,
1962 3661 2117 3715 debe-

530 3729 617 3794 tis,
648 3732 854 3799 fratres,
884 3732 1022 3799 quod
1042 3734 1276 3801 qntedam
1296 3740 1414 3784 sunt
1443 3731 1573 3783 bona
1605 3774 1618 3796 ,
1676 3748 1790 3801 qute
1838 3748 1944 3786 non
1998 3741 2120 3787 sunt

530 3803 840 3872 commoda;
878 3801 1113 3871 quadam
1128 3802 1395 3872 jucunda,
1432 3816 1547 3870 qua
1574 3818 1675 3856 non
1714 3812 1832 3855 sunt
1858 3803 1992 3857 bona
2017 3821 2036 3860 :
2067 3820 2115 3857 v.

529 3886 583 3944 αἱ
614 3871 749 3927 bona
768 3882 887 3926 sunt
904 3871 1137 3942 jejunia,’
1157 3874 1365 3944 vigilite,
1393 3874 1781 3944 macerationes,
1819 3881 1870 3926 et
1902 3874 2115 3928 similia.

529 3938 659 3995 Haec
683 3945 818 3996 enim
840 3938 973 3996 bona
995 3956 1133 4008 sunt,
1155 3938 1245 3997 sed
1271 3960 1373 3998 non
1396 3943 1647 4013 iucunda,
1669 3945 1789 4009 quia
1815 3958 1944 3999 caro
1958 3945 2012 3999 in
2036 3944 2118 3999 his

530 4027 634 4066 non
674 4013 1025 4084 jucundatur,
1067 4015 1157 4069 sed
1207 4012 1437 4069 lteditur.
1491 4012 1735 4067 Iucunda
1776 4029 1953 4069 autem
1999 4024 2119 4068 sunt

532 4087 941 4148 comessationes,
984 4086 1274 4149 ebrietates,
1315 4087 1403 4140 sed
1434 4102 1536 4139 non
1565 4088 1716 4139 bona.
1766 4084 1811 4138 0
1846 4087 2112 4149 monache.

529 4153 615 4207 vix
640 4157 830 4223 poteris
856 4157 1082 4226 invenire
1118 4157 1175 4209 in
1204 4158 1440 4225 prasenti
1471 4173 1629 4209 unum
1673 4156 1810 4226 quod
1839 4159 1906 4212 sit
1934 4159 2119 4210 bonum

531 4232 580 4277 et
599 4227 915 4295 jucundum.
960 4224 1117 4295 Cupis
1150 4224 1317 4281 tamen
1352 4228 1484 4297 illud
1516 4224 1776 4281 invenire?
1812 4242 2120 4297 persequere

530 4311 730 4363 pacem,
761 4306 807 4349 et
837 4297 1143 4360 amplectere
1183 4313 1314 4351 eam.
1353 4296 1478 4352 Htec
1518 4308 1591 4351 est
1629 4300 1764 4352 enim
1793 4296 1909 4353 sola
1936 4299 2117 4364 virtus,

529 4382 643 4435 qua:
690 4367 836 4420 habet
877 4368 1063 4420 bonum
1106 4375 1155 4422 et
1182 4368 1495 4437 jucundum.
1528 4367 1657 4423 Htec
1692 4378 1766 4423 est
1804 4370 1898 4425 illa
1923 4370 2119 4423 bonitas

529 4452 645 4519 qua:
676 4454 766 4519 nos
790 4438 1020 4519 habitare
1049 4438 1175 4519 facit
1202 4439 1354 4491 unius
1386 4440 1541 4492 moris
1572 4440 1625 4493 in
1658 4442 1837 4519 domo,
1874 4448 1929 4493 ut
1962 4438 2119 4493 simul

530 4508 692 4563 vivere
717 4507 970 4577 simulque
992 4510 1123 4562 mori
1149 4523 1348 4577 semper
1373 4517 1628 4578 optemus.
1666 4510 1709 4564 0
1740 4528 1860 4573 pax,
1891 4522 1945 4564 tu
1972 4526 2118 4565 men-
2144 4530 2198 4578 ,ς
2226 4508 2319 4563 ubi
2345 4506 2457 4561 haec
2484 4506 2626 4561 inter
2654 4506 2758 4560 alia
2793 4506 2969 4578 (orat.
2996 4508 3091 4577 ‘26)
3129 4526 3140 4559 :

2224 3236 2445 3301 citatur,
2479 3238 2567 3291 ubi
2592 3246 2743 3307 μῖσος
2770 3249 2853 3292 est
2897 3239 3190 3293 accusativi
3236 3252 3419 3303 casus,
3446 3252 3501 3293 et
3523 3246 3683 3301 ναῖκος
3720 3252 3822 3294 no-

2228 3308 2507 3371 minativi;
2539 3318 2591 3361 et
2620 3307 2803 3361 odium
2835 3308 3577 3371 suscitatcontentionem,si
3600 3318 3821 3363 contra-

2227 3378 2291 3429 rii
2335 3378 2445 3431 sint
2489 3392 2677 3440 casus;
2712 3378 2988 3439 quomodo
3034 3378 3253 3431 Latinus
3296 3380 3568 3443 interpres
3611 3379 3818 3433 vertit:

2229 3447 2415 3568 Odia?
2443 3447 2657 3568 susci)tat
2685 3447 2846 3513 rixas,
2878 3456 2927 3501 et
2960 3448 3195 3501 universa
3220 3446 3413 3502 delicta
3443 3450 3609 3519 operit
3638 3450 3823 3503 chari-

2229 3528 2302 3568 tas
2408 3533 2517 3568 rov.
2543 3533 2572 3568 χ
2608 3553 2621 3567 .

2224 3528 2302 3571 tas
2335 3520 2517 3584 (Prov.
2543 3520 2621 3582 χ).

2297 3596 2321 3624 ε
2347 3584 2536 3640 Causae
2589 3584 2936 3641 dissidiorum
2982 3595 3038 3641 et
3073 3585 3468 3642 discordiarum
3512 3588 3657 3643 inter
3700 3590 3829 3645 fra-

2226 3669 2335 3713 tres
2364 3666 2491 3712 suut
2519 3656 2570 3711 in
2602 3657 2803 3728 duplici
2846 3672 3046 3728 genere
3074 3674 3088 3711 :
3119 3657 3359 3712 carnales
3388 3659 3534 3719 alite.
3564 3674 3692 3713 cum
3746 3664 3830 3717 de

2223 3744 2344 3783 meo
2391 3738 2446 3784 et
2487 3738 2599 3792 tuo,
2632 3729 2734 3784 hoc
2764 3739 2867 3793 est,
2899 3728 2968 3783 de
3015 3728 3175 3784 rebus
3218 3729 3484 3795 externis,
3526 3744 3666 3799 quas
3727 3730 3824 3787 hic

2223 3800 2389 3854 abbas
2415 3810 2573 3855 vocat
2592 3800 2909 3856 utilissimas
2932 3801 3015 3871 (ut
3036 3808 3159 3854 sunt
3182 3813 3372 3871 revera
3400 3801 3823 3869 comparatione

2224 3871 2553 3941 spiritalium
2579 3881 2634 3927 et
2662 3869 3012 3936 cmlestium),
3040 3880 3169 3941 puta
3190 3869 3258 3941 de
3283 3873 3552 3936 vestibus,
3584 3871 3821 3927 alimen-

2226 3939 2318 4014 tis,
2351 3944 2472 3997 loco
2513 3942 2790 4014 digniore,
2839 3939 3194 4014 praefectura,
3221 3939 3526 4014 domicilio,
3573 3944 3819 4014 utensili-

2224 4012 2348 4073 bus,
2386 4011 2623 4081 jnrihus,
2655 4015 2883 4082 aliisque
2928 4011 3405 4068 commoditatibus
3430 4013 3815 4078 contenditur;

2223 4084 2345 4137 alite
2374 4083 2668 4149 spiritales,
2692 4099 2817 4139 cum
2839 4083 2909 4138 de
2934 4084 3105 4138 variis
3127 4083 3540 4152 quaestionibus,
3564 4084 3817 4139 sensibus

2222 4152 2544 4222 Scriptura,
2590 4155 2819 4221 aliisque
2858 4154 3024 4208 rebus
3069 4155 3437 4209 controversis
3485 4155 3552 4209 ad
3603 4155 3819 4209 intelle-

2224 4232 2394 4295 ctum,
2424 4232 2493 4295 ut
2514 4224 2602 4295 hic
2628 4224 2848 4286 dicitur,
2882 4224 3279 4293 pertinentibus
3308 4224 3664 4295 disceptatur,
3698 4240 3815 4293 pro-

2263 4294 2356 4349 riis
2409 4293 2756 4364 opinionibus
2800 4296 2942 4348 ultra
2989 4310 3147 4364 quam
3205 4310 3301 4364 par
3347 4305 3432 4350 est
3468 4293 3811 4350 inhaerendo.

2263 4310 2356 4349 rus
2409 4310 2756 4361 opinionibus
2800 4310 2942 4348 ultra
2989 4310 3147 4364 quam
3205 4310 3301 4364 par
3347 4310 3432 4350 est
3469 4310 3811 4350 tnumrenuo.

2223 4310 2361 4421 Uine
2408 4364 2470 4418 D.
2518 4363 2813 4435 Gregorius
2860 4364 3228 4420 Nazianzenus
3260 4366 3573 4433 praeclaram
3623 4365 3815 4420 habuit

2224 4435 2523 4492 orationem
2549 4437 2610 4489 de
2637 4436 2984 4490 moderatione
3008 4437 3061 4489 in
3082 4437 3515 4506 disputationibus
3532 4437 3811 4499 servanda,

3188 4507 3448 4575 Quidnam
3480 4508 3531 4559 in
3567 4506 3810 4559 doctrina

529 4578 594 4631 tis
616 4552 900 4643 serenitas:
902 4579 1061 4632 animi
1084 4552 1457 4650 tranquillitag,
1474 4582 1667 4633 antoris
1687 4552 1967 4645 vihculum,
1992 4580 2119 4635 cha-
2144 4552 2200 4614 Β
2223 4579 2698 4651 praestantissimum
2728 4552 2841 4633 ωδε)
2870 4577 3009 4632 Pax.
3045 4552 3245 4631 Aldda‘m
3274 4580 3424 4651 etiam
3448 4576 3803 4651 utilissimum.

528 4650 698 4722 ritatis
719 4652 1059 4704 consortium.
1104 4650 1233 4705 Haec
1256 4660 1329 4706 est
1360 4653 1451 4705 illa
1486 4668 1692 4705 summa
1724 4653 1966 4721 felicitas,
2002 4668 2119 4722 qua:

531 4720 664 4774 bella
692 4722 991 4793 compescit,
1023 4722 1124 4776 iras
1150 4722 1459 4793 comprimit,
1510 4720 1776 4777 discordes
1802 4724 1968 4789 sedat,
1996 4720 2120 4793 gini-

528 4793 688 4847 micas
710 4791 1008 4858 concordat,
1032 4794 1226 4847 cunctis
1248 4791 1436 4863 placet,
1458 4809 1491 4845 a
1511 4794 1711 4847 cunctis
1735 4802 1960 4864 optatur.
1986 4791 2120 4847 Bea-

530 4874 609 4917 tus
639 4864 727 4933 qui
751 4876 797 4917 te
824 4863 997 4929 habet,
1029 4864 1328 4936 maledictus
1348 4864 1437 4934 qui
1458 4873 1509 4920 te
1530 4865 1661 4931 odit,
1689 4871 1737 4919 et
1760 4863 1953 4936 frangit
1986 4864 2121 4936 inter

528 4936 795 5001 homines,
843 4937 1091 5007 quoniam
1131 4934 1475 4991 Antichristus
1522 4944 1629 5004 est,
1676 4944 1725 4992 et
1765 4934 1906 5006 ﬁlius
1948 4935 2121 5005 perdi-

525 5019 704 5061 1101118.

602 5091 623 5116 ο
658 5078 737 5133 Ad
758 5077 869 5151 _hos
898 5086 1104 5151 spectat
1145 5078 1236 5133 illa
1268 5078 1330 5133 D.
1365 5078 1617 5151 Gregorii
1655 5079 1907 5134 salutaris
1935 5078 2125 5151 admo-

527 5151 660 5203 uilio
694 5167 706 5202 :
743 5149 1037 5217 Discordes,
1079 5150 1271 5220 inquit,
1322 5149 1637 5205 admonendi
1664 5160 1807 5213 sunt,
1846 5158 1904 5204 ut
1941 5150 2122 5203 certis-

522 5225 649 5303 sime
677 5222 1025 5303 sciantnquia,
1065 5219 1397 5303 quantislibet
1430 5222 1701 5303 virtutibus
1726 5219 1984 5303 polleant,
2019 5222 2127 5290 spi-

524 5292 702 5345 ritales
751 5292 1048 5347 nullatenus
1086 5292 1199 5362 ﬁeri
1237 5302 1492 5363 possunt,
1530 5294 1574 5346 si
1602 5292 1742 5345 uniri
1791 5309 1879 5359 per
1908 5306 2121 5363 concor-

523 5366 663 5417 diam
687 5366 937 5435 proximis
958 5360 1247 5435 negligant.
1267 5363 1533 5434 Scriptum
1554 5365 1739 5434 quippe
1764 5372 1835 5416 est
1858 5379 1886 5435 :_
1901 5360 2125 5417 Fructus

522 5433 694 5488 autem
722 5434 949 5504 Spiritus
968 5433 1043 5489 est
1064 5434 1309 5498 Charitas,
1335 5435 1604 5505 gaudium.
1630 5433 1686 5488 et
1700 5450 1802 5503 pax
1822 5433 2021 5505 (Galat.
2042 5436 2118 5505 v).

526 5504 630 5573 Qui
656 5522 776 5577 ergo
801 5524 999 5563 servare
1024 5522 1200 5577 pacem
1222 5504 1526 5573 non’curat,
1553 5505 1687 5576 ferre
1716 5504 1942 5574 fructum
1970 5504 2124 5577 spiri-

522 5588 604 5632 tus
630 5575 850 5634 recitsat.
880 5577 1020 5633 Hinc
1052 5576 1257 5631 Paulus
1286 5578 1361 5631 ait
1389 5593 1409 5631 :
1451 5575 1578 5631 Cum
1607 5578 1669 5631 sit
1705 5577 1837 5630 inter
1863 5592 1951 5630 vos
1982 5575 2123 5629 zelus

522 5660 569 5719 et
614 5651 891 5713 contentio,
940 5664 1106 5719 nonne
1143 5649 1382 5703 carnales
1429 5649 1549 5703 estis
1578 5647 1623 5719 (Ι
1663 5646 1784 5719 Cor.
1815 5645 1943 5717 ut)?
1990 5644 2125 5699 Hinc

524 5717 711 5768 iterum
740 5719 863 5769 dicit
892 5733 910 5770 :
936 5718 1130 5785 (Pacem
1160 5720 1431 5785 sequimini
1472 5717 1595 5770 cum
1615 5718 1870 5780 omnibus,
1912 5727 1960 5772 et
2006 5733 2127 5771 san-

436 5840 441 5853 ,
525 5786 821 5835 ctimoniam
878 5784 1057 5848 (H-eb.
1093 5800 1168 5836 xu
1196 5784 1235 5847 ).
1293 5786 1430 5839 Hinc
1470 5803 1651 5839 rursus
1689 5786 2008 5855 admonens,
2048 5788 2123 5839 ait

2223 4646 2431 4713 Contra,
2461 4653 2585 4720 quid
2610 4652 2961 4720 turpissimum
2998 4658 3045 4702 et
3072 4646 3585 4720 perniciosissimum?
3611 4646 3810 4699 volun-

2220 4730 2385 4776 tatum
2414 4718 2713 4791 dis-iunctio.
2740 4720 2798 4775 S.
2828 4718 3145 4791 Ambrosius
3178 4719 3492 4775 Ofﬁciorum
3523 4718 3662 4771 libro
3706 4720 3816 4791 pri-

2223 4809 2313 4847 mo
2340 4790 2499 4863 (Cap.
2531 4792 2626 4861 22)
2661 4810 2671 4845 ε
2718 4792 2900 4847 Sermo
2930 4790 3179 4863 dividitur
3212 4792 3267 4843 in
3306 4791 3618 4863 colloquium
3656 4790 3816 4858 fami-

2223 4860 2357 4919 liare
2389 4860 2455 4922 δι’
2492 4866 2547 4916 in
2596 4872 2866 4916 tractatum
2918 4860 3461 4931 disceptationemque
3496 4860 3619 4929 ﬁdei
3658 4868 3817 4929 atque

2212 4936 2456 5008 justitite.
2490 4932 2557 4987 In
2587 4943 2806 5008 utroque
2824 4934 3132 5008 servandum
3154 4950 3216 4988 ne
3243 4934 3309 4988 sit
3333 4932 3814 5008 aliqudperturba-

2226 5000 2330 5072 tio;
2355 5010 2446 5064 sed
2475 5015 2673 5063 tantunt
2694 5000 2857 5068 mitis,
2885 5011 2934 5074 et
2960 5004 3220 5074 placidus,
3250 5015 3297 5058 et
3325 5000 3683 5057 benevolentia?
3704 5002 3817 5074 ple-

2224 5095 2343 5141 nus,
2392 5090 2442 5134 et
2473 5078 2671 5149 gratim,
2704 5076 2814 5149 sine
2848 5072 2982 5149 ulla
3002 5089 3165 5127 sermo
3206 5073 3427 5129 ducatur
3471 5072 3811 5149 contumelia.

2224 5150 2371 5205 Absit
2397 5144 2635 5219 pertinax
2656 5147 2710 5219 in
2736 5144 2984 5219 familiari
3008 5160 3247 5219 sermons
3266 5144 3820 5219 contentio;_qutsstto-

2227 5238 2314 5274 nes
2377 5216 2511 5275 enim
2568 5218 2793 5272 excitare
2837 5217 3017 5269 inanes
3078 5216 3378 5271 subtilitatis
3421 5216 3587 5286 magis
3656 5232 3817 5286 quam

2226 5291 2467 5346 utilitatis
2490 5288 2676 5356 afferre
2702 5288 2901 5355 aliquid
2916 5288 3068 5360 solet.
3094 5286 3411 5360 Disceptatio
3433 5303 3545 5360 sine
3562 5287 3665 5348 ira,
3693 5304 3821 5360 sua-

2226 5362 2353 5417 vitas
2378 5363 2488 5417 sine
2515 5360 2856 5414 amaritudine
2881 5358 2968 5423 sit,
2995 5358 3209 5413 monitio
3233 5358 3346 5414 sine
3364 5359 3660 5431 asperitate,
3697 5358 3821 5410 hor-

2227 5434 2354 5487 tatio
2385 5434 2497 5487 sine
2522 5431 2822 5500 offensione.

2302 5500 2322 5542 ί
2352 5503 2723 5560 Collationum
2749 5503 2864 5555 sive
2893 5500 3314 5573 collocutionum
3346 5503 3667 5573 spiritalium
3701 5501 3817 5573 frug

2226 5588 2396 5642 etum,
2437 5576 2705 5642 simulque
2756 5572 3070 5629 earumdem
3101 5575 3261 5629 ritum
3308 5571 3627 5629 ac‘modum
3673 5571 3819 5643 apud

2227 5650 2479 5716 antiquos
2528 5644 2824 5699 monachos
2854 5644 3060 5699 servari
3108 5646 3349 5709 solitum,
3382 5645 3555 5702 habes
3585 5645 3673 5700 hic
3723 5658 3819 5699 ex-

2229 5733 2497 5787 pressum.
2531 5716 2609 5770 De
2644 5730 2752 5783 quo
2788 5716 2950 5771 etiam
2981 5716 3102 5772 vide
3129 5719 3534 5774 annotationem
3571 5727 3815 5773 nostram

2229 5788 2297 5843 ad
2324 5788 2507 5843 collat.
2537 5788 2572 5840 2
2600 5801 2718 5855 cap.
2752 5788 2805 5840 2.
