  <div class='ocr_page' id='page_1' title='image "/cluster/home/n/w/nwhite01/storage/ocr_20150623/49/uva.x000827093/520.png"; bbox 0 0 4014 6200; ppageno 0'>
   <div class='ocr_carea' id='block_1_1' title="bbox 207 275 345 338">
    <p class='ocr_par' dir='ltr' id='par_1_1' title="bbox 207 275 345 338">
     <span class='ocr_line' id='line_1_1' title="bbox 207 275 345 338; baseline -0.007 -1"><span class='ocrx_word' id='word_1_1' title='bbox 207 275 345 338; x_wconf 65' lang='grc'><strong>1095</strong></span> 
     </span>
    </p>
   </div>
   <div class='ocr_carea' id='block_1_2' title="bbox 1286 254 2413 334">
    <p class='ocr_par' dir='ltr' id='par_1_2' title="bbox 1286 254 2413 334">
     <span class='ocr_line' id='line_1_2' title="bbox 1286 254 2413 334; baseline -0.001 0"><span class='ocrx_word' id='word_1_2' title='bbox 1286 276 1628 334; x_wconf 75' lang='lat' dir='ltr'><strong>COLLATIO</strong></span> <span class='ocrx_word' id='word_1_3' title='bbox 1664 275 1805 333; x_wconf 63' lang='grc' dir='ltr'>χιι.</span> <span class='ocrx_word' id='word_1_4' title='bbox 1848 254 1917 319; x_wconf 62' lang='grc' dir='ltr'><strong>-ὲ</strong></span> <span class='ocrx_word' id='word_1_5' title='bbox 1960 258 2048 332; x_wconf 75' lang='lat' dir='ltr'><strong>DE</strong></span> <span class='ocrx_word' id='word_1_6' title='bbox 2085 274 2413 334; x_wconf 66' lang='lat' dir='ltr'><strong>summa.</strong></span> 
     </span>
    </p>
   </div>
   <div class='ocr_carea' id='block_1_3' title="bbox 3351 290 3507 349">
    <p class='ocr_par' dir='ltr' id='par_1_3' title="bbox 3351 290 3507 349">
     <span class='ocr_line' id='line_1_3' title="bbox 3351 290 3507 349; baseline 0.019 -2"><span class='ocrx_word' id='word_1_7' title='bbox 3351 290 3507 349; x_wconf 67' lang='grc'><strong>1026</strong></span> 
     </span>
    </p>
   </div>
   <div class='ocr_carea' id='block_1_4' title="bbox 203 390 3495 470">
    <p class='ocr_par' dir='ltr' id='par_1_4' title="bbox 203 390 3495 470">
     <span class='ocr_line' id='line_1_4' title="bbox 203 390 3495 470; baseline 0.002 -16"><span class='ocrx_word' id='word_1_8' title='bbox 203 400 586 470; x_wconf 88' lang='lat' dir='ltr'><strong>coepissemus,</strong></span> <span class='ocrx_word' id='word_1_9' title='bbox 642 394 894 468; x_wconf 66' lang='lat' dir='ltr'><strong>quaedam</strong></span> <span class='ocrx_word' id='word_1_10' title='bbox 944 395 1218 450; x_wconf 90' lang='lat' dir='ltr'><strong>communi</strong></span> <span class='ocrx_word' id='word_1_11' title='bbox 1265 393 1668 449; x_wconf 77' lang='lat' dir='ltr'><strong>examinatione</strong></span> <span class='ocrx_word' id='word_1_12' title='bbox 1689 391 1874 455; x_wconf 75' lang='lat' dir='ltr'><strong>dis-A</strong></span> <span class='ocrx_word' id='word_1_13' title='bbox 1901 391 2079 446; x_wconf 87' lang='lat' dir='ltr'><strong>cordis</strong></span> <span class='ocrx_word' id='word_1_14' title='bbox 2106 392 2363 463; x_wconf 89' lang='lat' dir='ltr'><strong>implerit.</strong></span> <span class='ocrx_word' id='word_1_15' title='bbox 2416 390 2479 447; x_wconf 88' lang='lat' dir='ltr'><strong>Si</strong></span> <span class='ocrx_word' id='word_1_16' title='bbox 2527 407 2631 462; x_wconf 87' lang='lat' dir='ltr'><strong>qua</strong></span> <span class='ocrx_word' id='word_1_17' title='bbox 2671 407 2826 463; x_wconf 87' lang='lat' dir='ltr'><strong>ergo,</strong></span> <span class='ocrx_word' id='word_1_18' title='bbox 2870 391 3074 463; x_wconf 80' lang='lat' dir='ltr'><strong>inquit,</strong></span> <span class='ocrx_word' id='word_1_19' title='bbox 3123 400 3411 458; x_wconf 72' lang='lat' dir='ltr'><strong>consolatio</strong></span> <span class='ocrx_word' id='word_1_20' title='bbox 3442 407 3495 460; x_wconf 86' lang='lat' dir='ltr'><strong>in</strong></span> 
     </span>
    </p>
   </div>
   <div class='ocr_carea' id='block_1_5' title="bbox 203 488 1795 563">
    <p class='ocr_par' dir='ltr' id='par_1_5' title="bbox 203 488 1795 563">
     <span class='ocr_line' id='line_1_5' title="bbox 203 488 1795 563; baseline -0.005 -15"><span class='ocrx_word' id='word_1_21' title='bbox 203 507 364 548; x_wconf 87' lang='lat' dir='ltr'><strong>cussa</strong></span> <span class='ocrx_word' id='word_1_22' title='bbox 425 492 660 563; x_wconf 90' lang='lat' dir='ltr'><strong>primum</strong></span> <span class='ocrx_word' id='word_1_23' title='bbox 693 491 762 545; x_wconf 89' lang='lat' dir='ltr'><strong>ab</strong></span> <span class='ocrx_word' id='word_1_24' title='bbox 793 491 970 545; x_wconf 89' lang='lat' dir='ltr'><strong>altero</strong></span> <span class='ocrx_word' id='word_1_25' title='bbox 997 488 1135 544; x_wconf 82' lang='lat' dir='ltr'><strong>falsa</strong></span> <span class='ocrx_word' id='word_1_26' title='bbox 1166 504 1229 544; x_wconf 92' lang='lat' dir='ltr'><strong>ac</strong></span> <span class='ocrx_word' id='word_1_27' title='bbox 1258 490 1413 543; x_wconf 88' lang='lat' dir='ltr'><strong>noxia</strong></span> <span class='ocrx_word' id='word_1_28' title='bbox 1444 488 1795 551; x_wconf 70' lang='lat' dir='ltr'><strong>notabantur,</strong></span> 
     </span>
    </p>
   </div>
   <div class='ocr_carea' id='block_1_6' title="bbox 203 577 1803 652">
    <p class='ocr_par' dir='ltr' id='par_1_6' title="bbox 203 577 1803 652">
     <span class='ocr_line' id='line_1_6' title="bbox 203 577 1803 652; baseline -0.006 -12"><span class='ocrx_word' id='word_1_29' title='bbox 203 601 335 640; x_wconf 79' lang='lat' dir='ltr'><strong>mox</strong></span> <span class='ocrx_word' id='word_1_30' title='bbox 370 584 570 640; x_wconf 92' lang='lat' dir='ltr'><strong>deinde</strong></span> <span class='ocrx_word' id='word_1_31' title='bbox 602 594 659 638; x_wconf 81' lang='lat' dir='ltr'><strong>ut</strong></span> <span class='ocrx_word' id='word_1_32' title='bbox 690 582 1001 652; x_wconf 86' lang='lat' dir='ltr'><strong>perniciosa</strong></span> <span class='ocrx_word' id='word_1_33' title='bbox 1029 581 1305 638; x_wconf 89' lang='lat' dir='ltr'><strong>communi</strong></span> <span class='ocrx_word' id='word_1_34' title='bbox 1338 579 1682 651; x_wconf 87' lang='lat' dir='ltr'><strong>pronuntiata</strong></span> <span class='ocrx_word' id='word_1_35' title='bbox 1714 577 1803 647; x_wconf 89' lang='lat' dir='ltr'><strong>ju-</strong></span> 
     </span>
    </p>
   </div>
   <div class='ocr_carea' id='block_1_7' title="bbox 202 670 1799 744">
    <p class='ocr_par' dir='ltr' id='par_1_7' title="bbox 202 670 1799 744">
     <span class='ocr_line' id='line_1_7' title="bbox 202 670 1799 744; baseline -0.004 -15"><span class='ocrx_word' id='word_1_36' title='bbox 202 675 348 730; x_wconf 91' lang='lat' dir='ltr'><strong>dicio</strong></span> <span class='ocrx_word' id='word_1_37' title='bbox 389 675 817 739; x_wconf 83' lang='lat' dir='ltr'><strong>damnabantur,</strong></span> <span class='ocrx_word' id='word_1_38' title='bbox 852 689 974 744; x_wconf 85' lang='lat' dir='ltr'><strong>quae</strong></span> <span class='ocrx_word' id='word_1_39' title='bbox 1004 674 1059 728; x_wconf 93' lang='lat' dir='ltr'><strong>in</strong></span> <span class='ocrx_word' id='word_1_40' title='bbox 1103 681 1309 728; x_wconf 90' lang='lat' dir='ltr'><strong>tantum</strong></span> <span class='ocrx_word' id='word_1_41' title='bbox 1360 672 1509 743; x_wconf 87' lang='lat' dir='ltr'><strong>prius</strong></span> <span class='ocrx_word' id='word_1_42' title='bbox 1555 670 1731 725; x_wconf 89' lang='lat' dir='ltr'><strong>inlusa</strong></span> <span class='ocrx_word' id='word_1_43' title='bbox 1769 683 1799 723; x_wconf 92' lang='lat' dir='ltr'><strong>a</strong></span> 
     </span>
    </p>
   </div>
   <div class='ocr_carea' id='block_1_8' title="bbox 202 761 1802 833">
    <p class='ocr_par' dir='ltr' id='par_1_8' title="bbox 202 761 1802 833">
     <span class='ocr_line' id='line_1_8' title="bbox 202 761 1802 833; baseline -0.004 -11"><span class='ocrx_word' id='word_1_44' title='bbox 202 766 419 822; x_wconf 86' lang='lat' dir='ltr'><strong>diabolo</strong></span> <span class='ocrx_word' id='word_1_45' title='bbox 463 766 613 821; x_wconf 83' lang='lat' dir='ltr'><strong>velut</strong></span> <span class='ocrx_word' id='word_1_46' title='bbox 663 764 782 819; x_wconf 90' lang='lat' dir='ltr'><strong>luce</strong></span> <span class='ocrx_word' id='word_1_47' title='bbox 837 764 1138 833; x_wconf 76' lang='lat' dir='ltr'><strong>fulgebant,</strong></span> <span class='ocrx_word' id='word_1_48' title='bbox 1193 771 1252 818; x_wconf 92' lang='lat' dir='ltr'><strong>ut</strong></span> <span class='ocrx_word' id='word_1_49' title='bbox 1302 763 1463 819; x_wconf 77' lang='lat' dir='ltr'><strong>facile</strong></span> <span class='ocrx_word' id='word_1_50' title='bbox 1505 761 1802 832; x_wconf 88' lang='lat' dir='ltr'><strong>potuissent</strong></span> 
     </span>
    </p>
   </div>
   <div class='ocr_carea' id='block_1_9' title="bbox 203 855 1804 930">
    <p class='ocr_par' dir='ltr' id='par_1_9' title="bbox 203 855 1804 930">
     <span class='ocr_line' id='line_1_9' title="bbox 203 855 1804 930; baseline -0.003 -17"><span class='ocrx_word' id='word_1_51' title='bbox 203 873 468 930; x_wconf 88' lang='lat' dir='ltr'><strong>generare</strong></span> <span class='ocrx_word' id='word_1_52' title='bbox 488 858 845 925; x_wconf 84' lang='lat' dir='ltr'><strong>discordiam,</strong></span> <span class='ocrx_word' id='word_1_53' title='bbox 873 857 979 911; x_wconf 86' lang='lat' dir='ltr'><strong>nisi</strong></span> <span class='ocrx_word' id='word_1_54' title='bbox 1008 865 1339 925; x_wconf 66' lang='lat' dir='ltr'><strong>praeceptum</strong></span> <span class='ocrx_word' id='word_1_55' title='bbox 1361 859 1636 912; x_wconf 89' lang='lat' dir='ltr'><strong>seniorum</strong></span> <span class='ocrx_word' id='word_1_56' title='bbox 1658 855 1804 910; x_wconf 86' lang='lat' dir='ltr'><strong>velut</strong></span> 
     </span>
    </p>
   </div>
   <div class='ocr_carea' id='block_1_10' title="bbox 205 946 1803 1019">
    <p class='ocr_par' dir='ltr' id='par_1_10' title="bbox 205 946 1803 1019">
     <span class='ocr_line' id='line_1_10' title="bbox 205 946 1803 1019; baseline -0.003 -13"><span class='ocrx_word' id='word_1_57' title='bbox 205 950 452 1006; x_wconf 87' lang='lat' dir='ltr'><strong>divinum</strong></span> <span class='ocrx_word' id='word_1_58' title='bbox 481 949 751 1019; x_wconf 81' lang='lat' dir='ltr'><strong>quoddam</strong></span> <span class='ocrx_word' id='word_1_59' title='bbox 776 948 1056 1003; x_wconf 88' lang='lat' dir='ltr'><strong>oraculum</strong></span> <span class='ocrx_word' id='word_1_60' title='bbox 1084 946 1414 1002; x_wconf 85' lang='lat' dir='ltr'><strong>custoditum</strong></span> <span class='ocrx_word' id='word_1_61' title='bbox 1436 948 1506 1002; x_wconf 88' lang='lat' dir='ltr'><strong>ab</strong></span> <span class='ocrx_word' id='word_1_62' title='bbox 1531 948 1678 1001; x_wconf 86' lang='lat' dir='ltr'><strong>omni</strong></span> <span class='ocrx_word' id='word_1_63' title='bbox 1702 959 1803 1001; x_wconf 88' lang='lat' dir='ltr'><strong>nos</strong></span> 
     </span>
    </p>
   </div>
   <div class='ocr_carea' id='block_1_11' title="bbox 208 1028 1803 1109">
    <p class='ocr_par' dir='ltr' id='par_1_11' title="bbox 208 1028 1803 1109">
     <span class='ocr_line' id='line_1_11' title="bbox 208 1028 1803 1109; baseline -0.004 -11"><span class='ocrx_word' id='word_1_64' title='bbox 208 1028 559 1098; x_wconf 84' lang='lat' dir='ltr'><strong>contentione</strong></span> <span class='ocrx_word' id='word_1_65' title='bbox 604 1046 953 1105; x_wconf 80' lang='lat' dir='ltr'><strong>revocasset,</strong></span> <span class='ocrx_word' id='word_1_66' title='bbox 986 1054 1092 1109; x_wconf 90' lang='lat' dir='ltr'><strong>quo</strong></span> <span class='ocrx_word' id='word_1_67' title='bbox 1119 1039 1187 1092; x_wconf 92' lang='lat' dir='ltr'><strong>ab</strong></span> <span class='ocrx_word' id='word_1_68' title='bbox 1226 1038 1339 1091; x_wconf 89' lang='lat' dir='ltr'><strong>illis</strong></span> <span class='ocrx_word' id='word_1_69' title='bbox 1368 1038 1527 1107; x_wconf 83' lang='lat' dir='ltr'><strong>legali</strong></span> <span class='ocrx_word' id='word_1_70' title='bbox 1570 1037 1803 1108; x_wconf 89' lang='lat' dir='ltr'><strong>quadam</strong></span> 
     </span>
    </p>
   </div>
   <div class='ocr_carea' id='block_1_12' title="bbox 209 1128 1804 1203">
    <p class='ocr_par' dir='ltr' id='par_1_12' title="bbox 209 1128 1804 1203">
     <span class='ocr_line' id='line_1_12' title="bbox 209 1128 1804 1203; baseline -0.004 -14"><span class='ocrx_word' id='word_1_71' title='bbox 209 1134 491 1190; x_wconf 83' lang='lat' dir='ltr'><strong>sanctione</strong></span> <span class='ocrx_word' id='word_1_72' title='bbox 518 1133 897 1203; x_wconf 64' lang='lat' dir='ltr'><strong>praescriptum</strong></span> <span class='ocrx_word' id='word_1_73' title='bbox 925 1138 1043 1197; x_wconf 89' lang='lat' dir='ltr'><strong>est,</strong></span> <span class='ocrx_word' id='word_1_74' title='bbox 1087 1137 1151 1183; x_wconf 90' lang='lat' dir='ltr'><strong>ut</strong></span> <span class='ocrx_word' id='word_1_75' title='bbox 1182 1138 1374 1184; x_wconf 87' lang='lat' dir='ltr'><strong>neuter</strong></span> <span class='ocrx_word' id='word_1_76' title='bbox 1410 1140 1653 1184; x_wconf 91' lang='lat' dir='ltr'><strong>nostrum</strong></span> <span class='ocrx_word' id='word_1_77' title='bbox 1682 1128 1804 1199; x_wconf 89' lang='lat' dir='ltr'><strong>plus</strong></span> 
     </span>
    </p>
   </div>
   <div class='ocr_carea' id='block_1_13' title="bbox 207 1221 1805 1297">
    <p class='ocr_par' dir='ltr' id='par_1_13' title="bbox 207 1221 1805 1297">
     <span class='ocr_line' id='line_1_13' title="bbox 207 1221 1805 1297; baseline -0.003 -17"><span class='ocrx_word' id='word_1_78' title='bbox 207 1223 418 1297; x_wconf 89' lang='lat' dir='ltr'><strong>judicio</strong></span> <span class='ocrx_word' id='word_1_79' title='bbox 444 1239 545 1279; x_wconf 91' lang='lat' dir='ltr'><strong>suo</strong></span> <span class='ocrx_word' id='word_1_80' title='bbox 568 1239 725 1295; x_wconf 88' lang='lat' dir='ltr'><strong>quam</strong></span> <span class='ocrx_word' id='word_1_81' title='bbox 755 1223 941 1278; x_wconf 77' lang='lat' dir='ltr'><strong>fratris</strong></span> <span class='ocrx_word' id='word_1_82' title='bbox 977 1221 1256 1291; x_wconf 86' lang='lat' dir='ltr'><strong>crederet,</strong></span> <span class='ocrx_word' id='word_1_83' title='bbox 1290 1223 1336 1278; x_wconf 92' lang='lat' dir='ltr'><strong>si</strong></span> <span class='ocrx_word' id='word_1_84' title='bbox 1366 1237 1660 1293; x_wconf 86' lang='lat' dir='ltr'><strong>numquam</strong></span> <span class='ocrx_word' id='word_1_85' title='bbox 1688 1221 1805 1278; x_wconf 85' lang='lat' dir='ltr'><strong>vel-</strong></span> 
     </span>
    </p>
   </div>
   <div class='ocr_carea' id='block_1_14' title="bbox 210 1317 1070 1374">
    <p class='ocr_par' dir='ltr' id='par_1_14' title="bbox 210 1317 1070 1374">
     <span class='ocr_line' id='line_1_14' title="bbox 210 1317 1070 1374; baseline -0.001 -1"><span class='ocrx_word' id='word_1_86' title='bbox 210 1318 287 1374; x_wconf 86' lang='lat' dir='ltr'><strong>let</strong></span> <span class='ocrx_word' id='word_1_87' title='bbox 314 1318 515 1374; x_wconf 87' lang='lat' dir='ltr'><strong>diaboli</strong></span> <span class='ocrx_word' id='word_1_88' title='bbox 544 1317 841 1374; x_wconf 84' lang='lat' dir='ltr'><strong>calliditate</strong></span> <span class='ocrx_word' id='word_1_89' title='bbox 862 1317 1070 1373; x_wconf 87' lang='lat' dir='ltr'><strong>deludi.</strong></span> 
     </span>
    </p>
   </div>
   <div class='ocr_carea' id='block_1_15' title="bbox 809 1408 1173 1466">
    <p class='ocr_par' dir='ltr' id='par_1_15' title="bbox 809 1408 1173 1466">
     <span class='ocr_line' id='line_1_15' title="bbox 809 1408 1173 1466; baseline 0.003 -1"><span class='ocrx_word' id='word_1_90' title='bbox 809 1408 1040 1466; x_wconf 81' lang='lat' dir='ltr'><strong>CAPUT</strong></span> <span class='ocrx_word' id='word_1_91' title='bbox 1080 1410 1173 1466; x_wconf 78' lang='lat' dir='ltr'><strong>XI.</strong></span> 
     </span>
    </p>
   </div>
   <div class='ocr_carea' id='block_1_16' title="bbox 214 1502 1808 1575">
    <p class='ocr_par' dir='ltr' id='par_1_16' title="bbox 214 1502 1808 1575">
     <span class='ocr_line' id='line_1_16' title="bbox 214 1502 1808 1575; baseline -0.001 -18"><span class='ocrx_word' id='word_1_92' title='bbox 214 1503 367 1571; x_wconf 80' lang='lat' dir='ltr'><strong>Quod</strong></span> <span class='ocrx_word' id='word_1_93' title='bbox 422 1502 764 1575; x_wconf 13' lang='lat' dir='ltr'><strong>impossibile,</strong></span> <span class='ocrx_word' id='word_1_94' title='bbox 794 1504 861 1575; x_wconf 90' lang='lat' dir='ltr'><strong>sit</strong></span> <span class='ocrx_word' id='word_1_95' title='bbox 902 1518 1225 1575; x_wconf 5' lang='lat' dir='ltr'><strong>(quamquam</strong></span> <span class='ocrx_word' id='word_1_96' title='bbox 1280 1503 1392 1575; x_wconf 12' lang='lat' dir='ltr'><strong>qui,</strong></span> <span class='ocrx_word' id='word_1_97' title='bbox 1434 1502 1644 1574; x_wconf 92' lang='lat' dir='ltr'><strong>proprio</strong></span> <span class='ocrx_word' id='word_1_98' title='bbox 1696 1502 1808 1571; x_wconf 80' lang='lat' dir='ltr'><strong>ﬁdit</strong></span> 
     </span>
    </p>
   </div>
   <div class='ocr_carea' id='block_1_17' title="bbox 452 1573 1549 1645">
    <p class='ocr_par' dir='ltr' id='par_1_17' title="bbox 452 1573 1549 1645">
     <span class='ocr_line' id='line_1_17' title="bbox 452 1573 1549 1645; baseline 0.001 -18"><span class='ocrx_word' id='word_1_99' title='bbox 452 1573 689 1644; x_wconf 85' lang='lat' dir='ltr'><strong>judicio,</strong></span> <span class='ocrx_word' id='word_1_100' title='bbox 732 1573 930 1627; x_wconf 90' lang='lat' dir='ltr'><strong>diaboli</strong></span> <span class='ocrx_word' id='word_1_101' title='bbox 958 1573 1201 1627; x_wconf 89' lang='lat' dir='ltr'><strong>illusione</strong></span> <span class='ocrx_word' id='word_1_102' title='bbox 1229 1589 1333 1627; x_wconf 86' lang='lat' dir='ltr'><strong>non</strong></span> <span class='ocrx_word' id='word_1_103' title='bbox 1360 1574 1549 1645; x_wconf 83' lang='lat' dir='ltr'><strong>decipi.</strong></span> 
     </span>
    </p>
   </div>
   <div class='ocr_carea' id='block_1_18' title="bbox 282 1664 1805 1735">
    <p class='ocr_par' dir='ltr' id='par_1_18' title="bbox 282 1664 1805 1735">
     <span class='ocr_line' id='line_1_18' title="bbox 282 1664 1805 1735; baseline -0.001 -15"><span class='ocrx_word' id='word_1_104' title='bbox 282 1665 498 1720; x_wconf 84' lang='lat' dir='ltr'><strong>Etenim</strong></span> <span class='ocrx_word' id='word_1_105' title='bbox 529 1680 678 1735; x_wconf 63' lang='lat' dir='ltr'><strong>saepe</strong></span> <span class='ocrx_word' id='word_1_106' title='bbox 705 1664 841 1719; x_wconf 91' lang='lat' dir='ltr'><strong>illud</strong></span> <span class='ocrx_word' id='word_1_107' title='bbox 875 1665 1013 1734; x_wconf 91' lang='lat' dir='ltr'><strong>quod</strong></span> <span class='ocrx_word' id='word_1_108' title='bbox 1051 1665 1340 1734; x_wconf 83' lang='lat' dir='ltr'><strong>Apostolus</strong></span> <span class='ocrx_word' id='word_1_109' title='bbox 1364 1664 1496 1719; x_wconf 88' lang='lat' dir='ltr'><strong>dicit</strong></span> <span class='ocrx_word' id='word_1_110' title='bbox 1526 1665 1805 1735; x_wconf 87' lang='lat' dir='ltr'><strong>probatum</strong></span> 
     </span>
    </p>
   </div>
   <div class='ocr_carea' id='block_1_19' title="bbox 1900 480 3495 554">
    <p class='ocr_par' dir='ltr' id='par_1_19' title="bbox 1900 480 3495 554">
     <span class='ocr_line' id='line_1_19' title="bbox 1900 480 3495 554; baseline 0.007 -17"><span class='ocrx_word' id='word_1_111' title='bbox 1900 480 2131 549; x_wconf 78' lang='lat' dir='ltr'><strong>Christo,</strong></span> <span class='ocrx_word' id='word_1_112' title='bbox 2161 485 2207 537; x_wconf 90' lang='lat' dir='ltr'><strong>si</strong></span> <span class='ocrx_word' id='word_1_113' title='bbox 2230 484 2365 553; x_wconf 88' lang='lat' dir='ltr'><strong>quod</strong></span> <span class='ocrx_word' id='word_1_114' title='bbox 2384 482 2631 537; x_wconf 77' lang='lat' dir='ltr'><strong>solatium</strong></span> <span class='ocrx_word' id='word_1_115' title='bbox 2652 483 2918 538; x_wconf 87' lang='lat' dir='ltr'><strong>charitatis</strong></span> <span class='ocrx_word' id='word_1_116' title='bbox 2934 525 2949 551; x_wconf 90' lang='lat'><strong>,</strong></span> <span class='ocrx_word' id='word_1_117' title='bbox 2973 486 3017 539; x_wconf 87' lang='lat' dir='ltr'><strong>si</strong></span> <span class='ocrx_word' id='word_1_118' title='bbox 3044 502 3145 554; x_wconf 91' lang='lat' dir='ltr'><strong>qua</strong></span> <span class='ocrx_word' id='word_1_119' title='bbox 3166 489 3361 545; x_wconf 89' lang='lat' dir='ltr'><strong>viscera</strong></span> <span class='ocrx_word' id='word_1_120' title='bbox 3392 497 3495 548; x_wconf 83' lang='lat' dir='ltr'><strong>mi-</strong></span> 
     </span>
    </p>
   </div>
   <div class='ocr_carea' id='block_1_20' title="bbox 1900 574 3492 651">
    <p class='ocr_par' dir='ltr' id='par_1_20' title="bbox 1900 574 3492 651">
     <span class='ocr_line' id='line_1_20' title="bbox 1900 574 3492 651; baseline 0.006 -24"><span class='ocrx_word' id='word_1_121' title='bbox 1900 576 2199 641; x_wconf 85' lang='lat' dir='ltr'><strong>serationis,</strong></span> <span class='ocrx_word' id='word_1_122' title='bbox 2256 574 2461 645; x_wconf 80' lang='lat' dir='ltr'><strong>implete</strong></span> <span class='ocrx_word' id='word_1_123' title='bbox 2506 576 2754 648; x_wconf 82' lang='lat' dir='ltr'><strong>gaudium</strong></span> <span class='ocrx_word' id='word_1_124' title='bbox 2809 593 2975 629; x_wconf 92' lang='lat' dir='ltr'><strong>meum</strong></span> <span class='ocrx_word' id='word_1_125' title='bbox 2997 587 3051 630; x_wconf 89' lang='lat' dir='ltr'><strong>ut</strong></span> <span class='ocrx_word' id='word_1_126' title='bbox 3080 578 3215 631; x_wconf 87' lang='lat' dir='ltr'><strong>idem</strong></span> <span class='ocrx_word' id='word_1_127' title='bbox 3244 582 3492 651; x_wconf 90' lang='lat' dir='ltr'><strong>sapiatis,</strong></span> 
     </span>
    </p>
   </div>
   <div class='ocr_carea' id='block_1_21' title="bbox 1902 667 3500 743">
    <p class='ocr_par' dir='ltr' id='par_1_21' title="bbox 1902 667 3500 743">
     <span class='ocr_line' id='line_1_21' title="bbox 1902 667 3500 743; baseline 0.008 -25"><span class='ocrx_word' id='word_1_128' title='bbox 1902 667 2133 720; x_wconf 80' lang='lat' dir='ltr'><strong>eamdem</strong></span> <span class='ocrx_word' id='word_1_129' title='bbox 2154 669 2458 721; x_wconf 87' lang='lat' dir='ltr'><strong>charitatem</strong></span> <span class='ocrx_word' id='word_1_130' title='bbox 2484 668 2725 722; x_wconf 77' lang='lat' dir='ltr'><strong>habentes</strong></span> <span class='ocrx_word' id='word_1_131' title='bbox 2746 709 2761 735; x_wconf 91' lang='lat'><strong>,</strong></span> <span class='ocrx_word' id='word_1_132' title='bbox 2790 671 3059 725; x_wconf 79' lang='lat' dir='ltr'><strong>unanimes</strong></span> <span class='ocrx_word' id='word_1_133' title='bbox 3115 672 3343 743; x_wconf 89' lang='lat' dir='ltr'><strong>idipsum</strong></span> <span class='ocrx_word' id='word_1_134' title='bbox 3381 691 3500 729; x_wconf 88' lang='lat' dir='ltr'><strong>sen-</strong></span> 
     </span>
    </p>
   </div>
   <div class='ocr_carea' id='block_1_22' title="bbox 1904 756 3499 835">
    <p class='ocr_par' dir='ltr' id='par_1_22' title="bbox 1904 756 3499 835">
     <span class='ocr_line' id='line_1_22' title="bbox 1904 756 3499 835; baseline 0.006 -26"><span class='ocrx_word' id='word_1_135' title='bbox 1904 757 2084 811; x_wconf 90' lang='lat' dir='ltr'><strong>tientes</strong></span> <span class='ocrx_word' id='word_1_136' title='bbox 2106 773 2126 822; x_wconf 88' lang='lat'><strong><em>;</em></strong></span> <span class='ocrx_word' id='word_1_137' title='bbox 2150 756 2282 811; x_wconf 81' lang='lat' dir='ltr'><strong>nihil</strong></span> <span class='ocrx_word' id='word_1_138' title='bbox 2305 773 2396 828; x_wconf 85' lang='lat' dir='ltr'><strong>per</strong></span> <span class='ocrx_word' id='word_1_139' title='bbox 2420 759 2794 812; x_wconf 87' lang='lat' dir='ltr'><strong>contentionem</strong></span> <span class='ocrx_word' id='word_1_140' title='bbox 2810 800 2825 825; x_wconf 91' lang='lat'><strong>,</strong></span> <span class='ocrx_word' id='word_1_141' title='bbox 2854 776 3016 826; x_wconf 87' lang='lat' dir='ltr'><strong>neque</strong></span> <span class='ocrx_word' id='word_1_142' title='bbox 3035 777 3126 831; x_wconf 92' lang='lat' dir='ltr'><strong>per</strong></span> <span class='ocrx_word' id='word_1_143' title='bbox 3153 763 3360 817; x_wconf 82' lang='lat' dir='ltr'><strong>inanem</strong></span> <span class='ocrx_word' id='word_1_144' title='bbox 3384 765 3499 835; x_wconf 77' lang='lat' dir='ltr'><strong>glo-</strong></span> 
     </span>
    </p>
   </div>
   <div class='ocr_carea' id='block_1_23' title="bbox 1902 847 3498 923">
    <p class='ocr_par' dir='ltr' id='par_1_23' title="bbox 1902 847 3498 923">
     <span class='ocr_line' id='line_1_23' title="bbox 1902 847 3498 923; baseline 0.005 -22"><span class='ocrx_word' id='word_1_145' title='bbox 1902 847 2059 915; x_wconf 85' lang='lat' dir='ltr'><strong>riam,</strong></span> <span class='ocrx_word' id='word_1_146' title='bbox 2091 848 2184 903; x_wconf 87' lang='lat' dir='ltr'><strong>sed</strong></span> <span class='ocrx_word' id='word_1_147' title='bbox 2212 850 2268 903; x_wconf 90' lang='lat' dir='ltr'><strong>in</strong></span> <span class='ocrx_word' id='word_1_148' title='bbox 2300 850 2591 904; x_wconf 85' lang='lat' dir='ltr'><strong>humilitate</strong></span> <span class='ocrx_word' id='word_1_149' title='bbox 2621 852 2911 919; x_wconf 83' lang='lat' dir='ltr'><strong>superiores</strong></span> <span class='ocrx_word' id='word_1_150' title='bbox 2941 853 3311 923; x_wconf 70' lang='lat' dir='ltr'><strong>nobismetipsis</strong></span> <span class='ocrx_word' id='word_1_151' title='bbox 3339 858 3498 911; x_wconf 84' lang='lat' dir='ltr'><strong>alter-</strong></span> 
     </span>
    </p>
   </div>
   <div class='ocr_carea' id='block_1_24' title="bbox 1904 941 3499 1015">
    <p class='ocr_par' dir='ltr' id='par_1_24' title="bbox 1904 941 3499 1015">
     <span class='ocr_line' id='line_1_24' title="bbox 1904 941 3499 1015; baseline 0.005 -21"><span class='ocrx_word' id='word_1_152' title='bbox 1904 950 2080 995; x_wconf 89' lang='lat' dir='ltr'><strong>utrum</strong></span> <span class='ocrx_word' id='word_1_153' title='bbox 2117 942 2424 997; x_wconf 85' lang='lat' dir='ltr'><strong>arbitrantes</strong></span> <span class='ocrx_word' id='word_1_154' title='bbox 2454 941 2691 1015; x_wconf 78' lang='grc' dir='ltr'><strong>(ΡΙιὶιιρ.</strong></span> <span class='ocrx_word' id='word_1_155' title='bbox 2718 958 2757 998; x_wconf 84' lang='grc' dir='ltr'><strong>ιι</strong></span> <span class='ocrx_word' id='word_1_156' title='bbox 2782 945 2801 1014; x_wconf 92' lang='grc'><strong>)</strong></span> <span class='ocrx_word' id='word_1_157' title='bbox 2830 959 2844 1009; x_wconf 93' lang='grc'><strong>;</strong></span> <span class='ocrx_word' id='word_1_158' title='bbox 2890 954 2945 998; x_wconf 88' lang='lat' dir='ltr'><strong>et</strong></span> <span class='ocrx_word' id='word_1_159' title='bbox 2975 944 3106 999; x_wconf 85' lang='lat' dir='ltr'><strong>illud</strong></span> <span class='ocrx_word' id='word_1_160' title='bbox 3125 987 3140 1012; x_wconf 91' lang='lat'><strong>,</strong></span> <span class='ocrx_word' id='word_1_161' title='bbox 3174 945 3391 1001; x_wconf 84' lang='lat' dir='ltr'><strong>Honore</strong></span> <span class='ocrx_word' id='word_1_162' title='bbox 3418 951 3499 1003; x_wconf 89' lang='lat' dir='ltr'><strong>al-</strong></span> 
     </span>
    </p>
   </div>
   <div class='ocr_carea' id='block_1_25' title="bbox 1906 1035 3497 1110">
    <p class='ocr_par' dir='ltr' id='par_1_25' title="bbox 1906 1035 3497 1110">
     <span class='ocr_line' id='line_1_25' title="bbox 1906 1035 3497 1110; baseline 0.007 -23"><span class='ocrx_word' id='word_1_163' title='bbox 1906 1044 2158 1089; x_wconf 89' lang='lat' dir='ltr'><strong>terutrum</strong></span> <span class='ocrx_word' id='word_1_164' title='bbox 2183 1036 2549 1107; x_wconf 70' lang='lat' dir='ltr'><strong>pra&#39;venientes</strong></span> <span class='ocrx_word' id='word_1_165' title='bbox 2571 1035 2751 1105; x_wconf 81' lang='lat' dir='ltr'><strong>(Rom.</strong></span> <span class='ocrx_word' id='word_1_166' title='bbox 2776 1036 2898 1106; x_wconf 89' lang='lat' dir='ltr'><strong>xu),</strong></span> <span class='ocrx_word' id='word_1_167' title='bbox 2918 1047 2977 1091; x_wconf 89' lang='lat' dir='ltr'><strong>ut</strong></span> <span class='ocrx_word' id='word_1_168' title='bbox 2993 1037 3113 1108; x_wconf 88' lang='lat' dir='ltr'><strong>plus</strong></span> <span class='ocrx_word' id='word_1_169' title='bbox 3131 1040 3497 1110; x_wconf 85' lang='lat' dir='ltr'><strong>unusquisque</strong></span> 
     </span>
    </p>
   </div>
   <div class='ocr_carea' id='block_1_26' title="bbox 1904 1126 3499 1201">
    <p class='ocr_par' dir='ltr' id='par_1_26' title="bbox 1904 1126 3499 1201">
     <span class='ocr_line' id='line_1_26' title="bbox 1904 1126 3499 1201; baseline 0.004 -20"><span class='ocrx_word' id='word_1_170' title='bbox 1904 1126 2144 1182; x_wconf 89' lang='lat' dir='ltr'><strong>consorti</strong></span> <span class='ocrx_word' id='word_1_171' title='bbox 2178 1142 2277 1183; x_wconf 90' lang='lat' dir='ltr'><strong>suo</strong></span> <span class='ocrx_word' id='word_1_172' title='bbox 2296 1128 2536 1183; x_wconf 64' lang='lat' dir='ltr'><strong>scientiae</strong></span> <span class='ocrx_word' id='word_1_173' title='bbox 2570 1136 2626 1183; x_wconf 91' lang='lat' dir='ltr'><strong>et</strong></span> <span class='ocrx_word' id='word_1_174' title='bbox 2649 1127 2949 1183; x_wconf 87' lang='lat' dir='ltr'><strong>sanctitatis</strong></span> <span class='ocrx_word' id='word_1_175' title='bbox 2997 1129 3297 1201; x_wconf 88' lang='lat' dir='ltr'><strong>ascribens,</strong></span> <span class='ocrx_word' id='word_1_176' title='bbox 3352 1148 3499 1187; x_wconf 84' lang='lat' dir='ltr'><strong>sum-</strong></span> 
     </span>
    </p>
   </div>
   <div class='ocr_carea' id='block_1_27' title="bbox 1906 1217 3495 1294">
    <p class='ocr_par' dir='ltr' id='par_1_27' title="bbox 1906 1217 3495 1294">
     <span class='ocr_line' id='line_1_27' title="bbox 1906 1217 3495 1294; baseline 0.004 -22"><span class='ocrx_word' id='word_1_177' title='bbox 1906 1232 2048 1272; x_wconf 89' lang='lat' dir='ltr'><strong>mam</strong></span> <span class='ocrx_word' id='word_1_178' title='bbox 2081 1217 2423 1274; x_wconf 87' lang='lat' dir='ltr'><strong>discretionis</strong></span> <span class='ocrx_word' id='word_1_179' title='bbox 2480 1233 2630 1274; x_wconf 72' lang='lat' dir='ltr'><strong>verae</strong></span> <span class='ocrx_word' id='word_1_180' title='bbox 2681 1220 2734 1274; x_wconf 93' lang='lat' dir='ltr'><strong>in</strong></span> <span class='ocrx_word' id='word_1_181' title='bbox 2786 1219 3013 1277; x_wconf 89' lang='lat' dir='ltr'><strong>alterius</strong></span> <span class='ocrx_word' id='word_1_182' title='bbox 3043 1222 3214 1293; x_wconf 89' lang='lat' dir='ltr'><strong>magis</strong></span> <span class='ocrx_word' id='word_1_183' title='bbox 3255 1238 3415 1294; x_wconf 89' lang='lat' dir='ltr'><strong>quam</strong></span> <span class='ocrx_word' id='word_1_184' title='bbox 3443 1225 3495 1279; x_wconf 92' lang='lat' dir='ltr'><strong>in</strong></span> 
     </span>
    </p>
   </div>
   <div class='ocr_carea' id='block_1_28' title="bbox 1907 1312 2654 1383">
    <p class='ocr_par' dir='ltr' id='par_1_28' title="bbox 1907 1312 2654 1383">
     <span class='ocr_line' id='line_1_28' title="bbox 1907 1312 2654 1383; baseline 0.003 -16"><span class='ocrx_word' id='word_1_185' title='bbox 1907 1326 2006 1367; x_wconf 87' lang='lat' dir='ltr'><strong>suo</strong></span> <span class='ocrx_word' id='word_1_186' title='bbox 2035 1312 2225 1368; x_wconf 87' lang='lat' dir='ltr'><strong>credat</strong></span> <span class='ocrx_word' id='word_1_187' title='bbox 2251 1322 2399 1369; x_wconf 87' lang='lat' dir='ltr'><strong>stare</strong></span> <span class='ocrx_word' id='word_1_188' title='bbox 2424 1313 2654 1383; x_wconf 91' lang='lat' dir='ltr'><strong>judicio.</strong></span> 
     </span>
    </p>
   </div>
   <div class='ocr_carea' id='block_1_29' title="bbox 2517 1405 2882 1464">
    <p class='ocr_par' dir='ltr' id='par_1_29' title="bbox 2517 1405 2882 1464">
     <span class='ocr_line' id='line_1_29' title="bbox 2517 1405 2882 1464; baseline 0.003 -3"><span class='ocrx_word' id='word_1_189' title='bbox 2517 1405 2743 1464; x_wconf 84' lang='lat' dir='ltr'><strong>CAPUT</strong></span> <span class='ocrx_word' id='word_1_190' title='bbox 2772 1408 2882 1464; x_wconf 86' lang='lat' dir='ltr'><strong>XII.</strong></span> 
     </span>
    </p>
   </div>
   <div class='ocr_carea' id='block_1_30' title="bbox 1912 1500 3499 1585">
    <p class='ocr_par' dir='ltr' id='par_1_30' title="bbox 1912 1500 3499 1585">
     <span class='ocr_line' id='line_1_30' title="bbox 1912 1500 3499 1585; baseline 0 -29"><span class='ocrx_word' id='word_1_191' title='bbox 1912 1500 2080 1568; x_wconf 83' lang='lat' dir='ltr'><strong>Quam</strong></span> <span class='ocrx_word' id='word_1_192' title='bbox 2115 1500 2178 1556; x_wconf 92' lang='lat' dir='ltr'><strong>ob</strong></span> <span class='ocrx_word' id='word_1_193' title='bbox 2205 1517 2415 1557; x_wconf 86' lang='lat' dir='ltr'><strong>causam</strong></span> <span class='ocrx_word' id='word_1_194' title='bbox 2443 1518 2545 1556; x_wconf 91' lang='lat' dir='ltr'><strong>non</strong></span> <span class='ocrx_word' id='word_1_195' title='bbox 2577 1503 2793 1557; x_wconf 78' lang='lat' dir='ltr'><strong>debeant</strong></span> <span class='ocrx_word' id='word_1_196' title='bbox 2815 1503 3105 1585; x_wconf 67' lang='lat' dir='ltr'><strong>inferiores</strong></span> <span class='ocrx_word' id='word_1_197' title='bbox 3142 1503 3198 1558; x_wconf 92' lang='lat' dir='ltr'><strong>in</strong></span> <span class='ocrx_word' id='word_1_198' title='bbox 3225 1500 3499 1557; x_wconf 83' lang='lat' dir='ltr'><strong>collatione</strong></span> 
     </span>
    </p>
   </div>
   <div class='ocr_carea' id='block_1_31' title="bbox 2572 1584 2847 1628">
    <p class='ocr_par' dir='ltr' id='par_1_31' title="bbox 2572 1584 2847 1628">
     <span class='ocr_line' id='line_1_31' title="bbox 2572 1584 2847 1628; baseline 0 -1"><span class='ocrx_word' id='word_1_199' title='bbox 2572 1584 2847 1628; x_wconf 80' lang='lat' dir='ltr'><strong>contemni.</strong></span> 
     </span>
    </p>
   </div>
   <div class='ocr_carea' id='block_1_32' title="bbox 1983 1666 3500 1737">
    <p class='ocr_par' dir='ltr' id='par_1_32' title="bbox 1983 1666 3500 1737">
     <span class='ocr_line' id='line_1_32' title="bbox 1983 1666 3500 1737; baseline 0.001 -16"><span class='ocrx_word' id='word_1_200' title='bbox 1983 1666 2140 1737; x_wconf 77' lang='lat' dir='ltr'><strong>Saepe</strong></span> <span class='ocrx_word' id='word_1_201' title='bbox 2169 1675 2347 1722; x_wconf 89' lang='lat' dir='ltr'><strong>autem</strong></span> <span class='ocrx_word' id='word_1_202' title='bbox 2377 1666 2599 1733; x_wconf 92' lang='lat' dir='ltr'><strong>accidit,</strong></span> <span class='ocrx_word' id='word_1_203' title='bbox 2658 1667 2773 1722; x_wconf 85' lang='lat' dir='ltr'><strong>sive</strong></span> <span class='ocrx_word' id='word_1_204' title='bbox 2816 1667 3067 1723; x_wconf 89' lang='lat' dir='ltr'><strong>illusione</strong></span> <span class='ocrx_word' id='word_1_205' title='bbox 3114 1666 3334 1733; x_wconf 90' lang='lat' dir='ltr'><strong>diaboli,</strong></span> <span class='ocrx_word' id='word_1_206' title='bbox 3388 1666 3500 1723; x_wconf 87' lang='lat' dir='ltr'><strong>sive</strong></span> 
     </span>
    </p>
   </div>
   <div class='ocr_carea' id='block_1_33' title="bbox 206 1754 3501 1835">
    <p class='ocr_par' dir='ltr' id='par_1_33' title="bbox 206 1754 3501 1835">
     <span class='ocr_line' id='line_1_33' title="bbox 206 1754 3501 1835; baseline 0.001 -24"><span class='ocrx_word' id='word_1_207' title='bbox 206 1766 294 1812; x_wconf 89' lang='lat' dir='ltr'><strong>est</strong></span> <span class='ocrx_word' id='word_1_208' title='bbox 304 1756 553 1811; x_wconf 85' lang='lat' dir='ltr'><strong>evenire:</strong></span> <span class='ocrx_word' id='word_1_209' title='bbox 572 1765 595 1793; x_wconf 74' lang='grc'>⁸</span> <span class='ocrx_word' id='word_1_210' title='bbox 610 1754 878 1827; x_wconf 85' lang='lat' dir='ltr'><strong>Ipseenim</strong></span> <span class='ocrx_word' id='word_1_211' title='bbox 891 1756 1113 1811; x_wconf 89' lang='lat' dir='ltr'><strong>Satanas</strong></span> <span class='ocrx_word' id='word_1_212' title='bbox 1138 1756 1471 1827; x_wconf 82' lang='lat' dir='ltr'><strong>transﬁgurat</strong></span> <span class='ocrx_word' id='word_1_213' title='bbox 1488 1773 1542 1811; x_wconf 86' lang='lat' dir='ltr'><strong>se</strong></span> <span class='ocrx_word' id='word_1_214' title='bbox 1568 1757 1619 1810; x_wconf 91' lang='lat' dir='ltr'><strong>in</strong></span> <span class='ocrx_word' id='word_1_215' title='bbox 1643 1773 1805 1828; x_wconf 89' lang='lat' dir='ltr'><strong>ange-</strong></span> <span class='ocrx_word' id='word_1_216' title='bbox 1837 1774 1886 1835; x_wconf 75' lang='grc' dir='ltr'><strong>Β</strong></span> <span class='ocrx_word' id='word_1_217' title='bbox 1914 1758 2215 1814; x_wconf 90' lang='lat' dir='ltr'><strong>intercessu</strong></span> <span class='ocrx_word' id='word_1_218' title='bbox 2230 1758 2432 1813; x_wconf 89' lang='lat' dir='ltr'><strong>erroris</strong></span> <span class='ocrx_word' id='word_1_219' title='bbox 2446 1759 2687 1825; x_wconf 89' lang='lat' dir='ltr'><strong>humani,</strong></span> <span class='ocrx_word' id='word_1_220' title='bbox 2710 1773 2821 1830; x_wconf 92' lang='lat' dir='ltr'><strong>quo</strong></span> <span class='ocrx_word' id='word_1_221' title='bbox 2845 1759 3027 1814; x_wconf 88' lang='lat' dir='ltr'><strong>nullus</strong></span> <span class='ocrx_word' id='word_1_222' title='bbox 3043 1760 3196 1814; x_wconf 89' lang='lat' dir='ltr'><strong>estin</strong></span> <span class='ocrx_word' id='word_1_223' title='bbox 3224 1759 3324 1814; x_wconf 90' lang='lat' dir='ltr'><strong>hac</strong></span> <span class='ocrx_word' id='word_1_224' title='bbox 3340 1774 3501 1814; x_wconf 88' lang='lat' dir='ltr'><strong>carne</strong></span> 
     </span>
    </p>
   </div>
   <div class='ocr_carea' id='block_1_34' title="bbox 208 1847 1803 1920">
    <p class='ocr_par' dir='ltr' id='par_1_34' title="bbox 208 1847 1803 1920">
     <span class='ocr_line' id='line_1_34' title="bbox 208 1847 1803 1920; baseline 0.003 -19"><span class='ocrx_word' id='word_1_225' title='bbox 208 1849 322 1902; x_wconf 89' lang='lat' dir='ltr'><strong>lum</strong></span> <span class='ocrx_word' id='word_1_226' title='bbox 351 1849 481 1903; x_wconf 89' lang='lat' dir='ltr'><strong>lucis</strong></span> <span class='ocrx_word' id='word_1_227' title='bbox 502 1847 707 1917; x_wconf 85' lang='lat' dir='ltr'><strong>(llCor.</strong></span> <span class='ocrx_word' id='word_1_228' title='bbox 724 1849 821 1917; x_wconf 83' lang='lat' dir='ltr'><strong>xi),</strong></span> <span class='ocrx_word' id='word_1_229' title='bbox 844 1856 901 1903; x_wconf 88' lang='lat' dir='ltr'><strong>ut</strong></span> <span class='ocrx_word' id='word_1_230' title='bbox 920 1849 1205 1905; x_wconf 88' lang='lat' dir='ltr'><strong>obscuram</strong></span> <span class='ocrx_word' id='word_1_231' title='bbox 1219 1865 1283 1904; x_wconf 90' lang='lat' dir='ltr'><strong>ac</strong></span> <span class='ocrx_word' id='word_1_232' title='bbox 1306 1858 1498 1906; x_wconf 90' lang='lat' dir='ltr'><strong>tetram</strong></span> <span class='ocrx_word' id='word_1_233' title='bbox 1517 1850 1803 1920; x_wconf 81' lang='lat' dir='ltr'><strong>caliginem</strong></span> 
     </span>
    </p>
   </div>
   <div class='ocr_carea' id='block_1_35' title="bbox 205 1939 1803 2008">
    <p class='ocr_par' dir='ltr' id='par_1_35' title="bbox 205 1939 1803 2008">
     <span class='ocr_line' id='line_1_35' title="bbox 205 1939 1803 2008; baseline 0.001 -15"><span class='ocrx_word' id='word_1_234' title='bbox 205 1954 469 1995; x_wconf 90' lang='lat' dir='ltr'><strong>sensuum</strong></span> <span class='ocrx_word' id='word_1_235' title='bbox 501 1954 595 2008; x_wconf 92' lang='lat' dir='ltr'><strong>pro</strong></span> <span class='ocrx_word' id='word_1_236' title='bbox 614 1954 748 1995; x_wconf 89' lang='lat' dir='ltr'><strong>vero</strong></span> <span class='ocrx_word' id='word_1_237' title='bbox 779 1940 981 1995; x_wconf 91' lang='lat' dir='ltr'><strong>lumine</strong></span> <span class='ocrx_word' id='word_1_238' title='bbox 1008 1939 1249 1995; x_wconf 72' lang='lat' dir='ltr'><strong>scientia:</strong></span> <span class='ocrx_word' id='word_1_239' title='bbox 1300 1940 1669 1996; x_wconf 79' lang='lat' dir='ltr'><strong>fraudulenter</strong></span> <span class='ocrx_word' id='word_1_240' title='bbox 1721 1941 1803 1995; x_wconf 81' lang='lat' dir='ltr'><strong>ef-</strong></span> 
     </span>
    </p>
   </div>
   <div class='ocr_carea' id='block_1_36' title="bbox 203 2028 1805 2104">
    <p class='ocr_par' dir='ltr' id='par_1_36' title="bbox 203 2028 1805 2104">
     <span class='ocr_line' id='line_1_36' title="bbox 203 2028 1805 2104; baseline 0.002 -20"><span class='ocrx_word' id='word_1_241' title='bbox 203 2031 395 2084; x_wconf 84' lang='lat' dir='ltr'><strong>fundat</strong></span> <span class='ocrx_word' id='word_1_242' title='bbox 413 2028 576 2102; x_wconf 86' lang='lat' dir='ltr'><strong>[Lips.</strong></span> <span class='ocrx_word' id='word_1_243' title='bbox 593 2031 645 2084; x_wconf 90' lang='lat' dir='ltr'><strong>in</strong></span> <span class='ocrx_word' id='word_1_244' title='bbox 658 2047 827 2104; x_wconf 90' lang='lat' dir='ltr'><strong>marg.</strong></span> <span class='ocrx_word' id='word_1_245' title='bbox 845 2030 1126 2103; x_wconf 78' lang='lat' dir='ltr'><strong>oli&#39;undat].</strong></span> <span class='ocrx_word' id='word_1_246' title='bbox 1147 2032 1245 2098; x_wconf 86' lang='lat' dir='ltr'><strong>Qui</strong></span> <span class='ocrx_word' id='word_1_247' title='bbox 1265 2031 1365 2087; x_wconf 89' lang='lat' dir='ltr'><strong>nisi</strong></span> <span class='ocrx_word' id='word_1_248' title='bbox 1384 2032 1572 2087; x_wconf 88' lang='lat' dir='ltr'><strong>humili</strong></span> <span class='ocrx_word' id='word_1_249' title='bbox 1585 2040 1639 2087; x_wconf 89' lang='lat' dir='ltr'><strong>et</strong></span> <span class='ocrx_word' id='word_1_250' title='bbox 1653 2047 1805 2087; x_wconf 89' lang='lat' dir='ltr'><strong>man-</strong></span> 
     </span>
    </p>
   </div>
   <div class='ocr_carea' id='block_1_37' title="bbox 202 2122 1806 2192">
    <p class='ocr_par' dir='ltr' id='par_1_37' title="bbox 202 2122 1806 2192">
     <span class='ocr_line' id='line_1_37' title="bbox 202 2122 1806 2192; baseline 0.001 -16"><span class='ocrx_word' id='word_1_251' title='bbox 202 2132 367 2176; x_wconf 87' lang='lat' dir='ltr'><strong>sueto</strong></span> <span class='ocrx_word' id='word_1_252' title='bbox 379 2122 544 2177; x_wconf 87' lang='lat' dir='ltr'><strong>corde</strong></span> <span class='ocrx_word' id='word_1_253' title='bbox 556 2124 817 2192; x_wconf 87' lang='lat' dir='ltr'><strong>suscepti,</strong></span> <span class='ocrx_word' id='word_1_254' title='bbox 833 2123 1185 2179; x_wconf 84' lang='lat' dir='ltr'><strong>maturissimi</strong></span> <span class='ocrx_word' id='word_1_255' title='bbox 1200 2123 1381 2179; x_wconf 82' lang='lat' dir='ltr'><strong>fratris</strong></span> <span class='ocrx_word' id='word_1_256' title='bbox 1395 2125 1479 2179; x_wconf 85' lang='lat' dir='ltr'><strong>vel</strong></span> <span class='ocrx_word' id='word_1_257' title='bbox 1495 2124 1806 2192; x_wconf 89' lang='lat' dir='ltr'><strong>probatissi-</strong></span> 
     </span>
    </p>
   </div>
   <div class='ocr_carea' id='block_1_38' title="bbox 203 2213 1803 2285">
    <p class='ocr_par' dir='ltr' id='par_1_38' title="bbox 203 2213 1803 2285">
     <span class='ocr_line' id='line_1_38' title="bbox 203 2213 1803 2285; baseline 0.003 -19"><span class='ocrx_word' id='word_1_258' title='bbox 203 2213 285 2266; x_wconf 90' lang='lat' dir='ltr'><strong>mi</strong></span> <span class='ocrx_word' id='word_1_259' title='bbox 305 2213 536 2268; x_wconf 89' lang='lat' dir='ltr'><strong>senioris</strong></span> <span class='ocrx_word' id='word_1_260' title='bbox 551 2224 898 2270; x_wconf 90' lang='lat' dir='ltr'><strong>reserventur</strong></span> <span class='ocrx_word' id='word_1_261' title='bbox 916 2216 1169 2283; x_wconf 84' lang='lat' dir='ltr'><strong>examini,</strong></span> <span class='ocrx_word' id='word_1_262' title='bbox 1189 2225 1440 2272; x_wconf 90' lang='lat' dir='ltr'><strong>eteorum</strong></span> <span class='ocrx_word' id='word_1_263' title='bbox 1453 2215 1659 2285; x_wconf 90' lang='lat' dir='ltr'><strong>judicio</strong></span> <span class='ocrx_word' id='word_1_264' title='bbox 1678 2216 1803 2272; x_wconf 93' lang='lat' dir='ltr'><strong>dili-</strong></span> 
     </span>
    </p>
   </div>
   <div class='ocr_carea' id='block_1_39' title="bbox 201 2306 1807 2379">
    <p class='ocr_par' dir='ltr' id='par_1_39' title="bbox 201 2306 1807 2379">
     <span class='ocr_line' id='line_1_39' title="bbox 201 2306 1807 2379; baseline 0.003 -19"><span class='ocrx_word' id='word_1_265' title='bbox 201 2315 403 2377; x_wconf 81' lang='lat' dir='ltr'><strong>genter</strong></span> <span class='ocrx_word' id='word_1_266' title='bbox 413 2306 647 2377; x_wconf 89' lang='lat' dir='ltr'><strong>excussi,</strong></span> <span class='ocrx_word' id='word_1_267' title='bbox 663 2316 756 2363; x_wconf 88' lang='lat' dir='ltr'><strong>aut</strong></span> <span class='ocrx_word' id='word_1_268' title='bbox 768 2307 1114 2379; x_wconf 89' lang='lat' dir='ltr'><strong>abjiciantur,</strong></span> <span class='ocrx_word' id='word_1_269' title='bbox 1127 2309 1565 2379; x_wconf 86' lang='lat' dir='ltr'><strong>autrecipiantur</strong></span> <span class='ocrx_word' id='word_1_270' title='bbox 1584 2326 1613 2366; x_wconf 91' lang='lat' dir='ltr'><strong>a</strong></span> <span class='ocrx_word' id='word_1_271' title='bbox 1629 2310 1807 2377; x_wconf 90' lang='lat' dir='ltr'><strong>nobis,</strong></span> 
     </span>
    </p>
   </div>
   <div class='ocr_carea' id='block_1_40' title="bbox 204 2398 1811 2474">
    <p class='ocr_par' dir='ltr' id='par_1_40' title="bbox 204 2398 1811 2474">
     <span class='ocr_line' id='line_1_40' title="bbox 204 2398 1811 2474; baseline 0.004 -21"><span class='ocrx_word' id='word_1_272' title='bbox 204 2399 333 2453; x_wconf 85' lang='lat' dir='ltr'><strong>sine</strong></span> <span class='ocrx_word' id='word_1_273' title='bbox 370 2398 534 2454; x_wconf 87' lang='lat' dir='ltr'><strong>dubio</strong></span> <span class='ocrx_word' id='word_1_274' title='bbox 570 2410 893 2457; x_wconf 88' lang='lat' dir='ltr'><strong>venerantes</strong></span> <span class='ocrx_word' id='word_1_275' title='bbox 935 2404 988 2457; x_wconf 93' lang='lat' dir='ltr'><strong>in</strong></span> <span class='ocrx_word' id='word_1_276' title='bbox 1027 2404 1442 2474; x_wconf 81' lang='lat' dir='ltr'><strong>cogitationibus</strong></span> <span class='ocrx_word' id='word_1_277' title='bbox 1479 2406 1675 2460; x_wconf 88' lang='lat' dir='ltr'><strong>nostris</strong></span> <span class='ocrx_word' id='word_1_278' title='bbox 1712 2419 1811 2474; x_wconf 91' lang='lat' dir='ltr'><strong>pro</strong></span> 
     </span>
    </p>
   </div>
   <div class='ocr_carea' id='block_1_41' title="bbox 202 2488 1810 2565">
    <p class='ocr_par' dir='ltr' id='par_1_41' title="bbox 202 2488 1810 2565">
     <span class='ocr_line' id='line_1_41' title="bbox 202 2488 1810 2565; baseline 0.004 -23"><span class='ocrx_word' id='word_1_279' title='bbox 202 2488 404 2559; x_wconf 85' lang='lat' dir='ltr'><strong>angelo</strong></span> <span class='ocrx_word' id='word_1_280' title='bbox 420 2489 555 2545; x_wconf 86' lang='lat' dir='ltr'><strong>lucis</strong></span> <span class='ocrx_word' id='word_1_281' title='bbox 569 2492 816 2561; x_wconf 75' lang='lat' dir='ltr'><strong>angelum</strong></span> <span class='ocrx_word' id='word_1_282' title='bbox 832 2493 1205 2562; x_wconf 88' lang='lat' dir='ltr'><strong>tenebrarum,</strong></span> <span class='ocrx_word' id='word_1_283' title='bbox 1221 2496 1539 2565; x_wconf 89' lang='lat' dir='ltr'><strong>gravissimo</strong></span> <span class='ocrx_word' id='word_1_284' title='bbox 1554 2494 1810 2550; x_wconf 76' lang='lat' dir='ltr'><strong>feriemur</strong></span> 
     </span>
    </p>
   </div>
   <div class='ocr_carea' id='block_1_42' title="bbox 202 2581 1811 2658">
    <p class='ocr_par' dir='ltr' id='par_1_42' title="bbox 202 2581 1811 2658">
     <span class='ocr_line' id='line_1_42' title="bbox 202 2581 1811 2658; baseline 0.004 -21"><span class='ocrx_word' id='word_1_285' title='bbox 202 2581 453 2637; x_wconf 89' lang='lat' dir='ltr'><strong>interitu.</strong></span> <span class='ocrx_word' id='word_1_286' title='bbox 494 2582 521 2621; x_wconf 72' lang='grc' dir='ltr'>ιι</span> <span class='ocrx_word' id='word_1_287' title='bbox 552 2584 721 2652; x_wconf 85' lang='lat' dir='ltr'><strong>Quam</strong></span> <span class='ocrx_word' id='word_1_288' title='bbox 764 2587 1058 2656; x_wconf 85' lang='lat' dir='ltr'><strong>perniciem</strong></span> <span class='ocrx_word' id='word_1_289' title='bbox 1105 2588 1440 2658; x_wconf 86' lang='lat' dir='ltr'><strong>impossibile</strong></span> <span class='ocrx_word' id='word_1_290' title='bbox 1468 2599 1552 2644; x_wconf 92' lang='lat' dir='ltr'><strong>est</strong></span> <span class='ocrx_word' id='word_1_291' title='bbox 1580 2588 1811 2644; x_wconf 87' lang='lat' dir='ltr'><strong>evadere</strong></span> 
     </span>
    </p>
   </div>
   <div class='ocr_carea' id='block_1_43' title="bbox 201 2674 1805 2748">
    <p class='ocr_par' dir='ltr' id='par_1_43' title="bbox 201 2674 1805 2748">
     <span class='ocr_line' id='line_1_43' title="bbox 201 2674 1805 2748; baseline 0.004 -22"><span class='ocrx_word' id='word_1_292' title='bbox 201 2674 513 2743; x_wconf 85' lang='lat' dir='ltr'><strong>quempiam</strong></span> <span class='ocrx_word' id='word_1_293' title='bbox 535 2674 740 2744; x_wconf 91' lang='lat' dir='ltr'><strong>judicio</strong></span> <span class='ocrx_word' id='word_1_294' title='bbox 769 2677 991 2748; x_wconf 88' lang='lat' dir='ltr'><strong>proprio</strong></span> <span class='ocrx_word' id='word_1_295' title='bbox 1015 2678 1412 2747; x_wconf 76' lang='lat' dir='ltr'><strong>confidentem,</strong></span> <span class='ocrx_word' id='word_1_296' title='bbox 1454 2679 1591 2747; x_wconf 90' lang='lat' dir='ltr'><strong>nisi,</strong></span> <span class='ocrx_word' id='word_1_297' title='bbox 1625 2678 1805 2733; x_wconf 82' lang='lat' dir='ltr'><strong>humi—</strong></span> 
     </span>
    </p>
   </div>
   <div class='ocr_carea' id='block_1_44' title="bbox 200 2766 1802 2843">
    <p class='ocr_par' dir='ltr' id='par_1_44' title="bbox 200 2766 1802 2843">
     <span class='ocr_line' id='line_1_44' title="bbox 200 2766 1802 2843; baseline 0.005 -23"><span class='ocrx_word' id='word_1_298' title='bbox 200 2766 373 2821; x_wconf 89' lang='lat' dir='ltr'><strong>litatis</strong></span> <span class='ocrx_word' id='word_1_299' title='bbox 393 2783 536 2823; x_wconf 71' lang='lat' dir='ltr'><strong>vera:</strong></span> <span class='ocrx_word' id='word_1_300' title='bbox 564 2778 775 2823; x_wconf 88' lang='lat' dir='ltr'><strong>amator</strong></span> <span class='ocrx_word' id='word_1_301' title='bbox 800 2778 855 2825; x_wconf 91' lang='lat' dir='ltr'><strong>et</strong></span> <span class='ocrx_word' id='word_1_302' title='bbox 879 2780 1165 2827; x_wconf 83' lang='lat' dir='ltr'><strong>exsecutor</strong></span> <span class='ocrx_word' id='word_1_303' title='bbox 1193 2771 1441 2839; x_wconf 82' lang='lat' dir='ltr'><strong>ell‘ectus,</strong></span> <span class='ocrx_word' id='word_1_304' title='bbox 1485 2773 1619 2827; x_wconf 89' lang='lat' dir='ltr'><strong>illud</strong></span> <span class='ocrx_word' id='word_1_305' title='bbox 1659 2773 1802 2843; x_wconf 91' lang='lat' dir='ltr'><strong>quod</strong></span> 
     </span>
    </p>
   </div>
   <div class='ocr_carea' id='block_1_45' title="bbox 202 2859 1806 2935">
    <p class='ocr_par' dir='ltr' id='par_1_45' title="bbox 202 2859 1806 2935">
     <span class='ocr_line' id='line_1_45' title="bbox 202 2859 1806 2935; baseline 0.004 -21"><span class='ocrx_word' id='word_1_306' title='bbox 202 2859 505 2916; x_wconf 76' lang='lat' dir='ltr'><strong>Apostolus</strong></span> <span class='ocrx_word' id='word_1_307' title='bbox 532 2875 859 2933; x_wconf 88' lang='lat' dir='ltr'><strong>magnopere</strong></span> <span class='ocrx_word' id='word_1_308' title='bbox 877 2863 1230 2935; x_wconf 88' lang='lat' dir='ltr'><strong>deprecatur,</strong></span> <span class='ocrx_word' id='word_1_309' title='bbox 1288 2866 1434 2921; x_wconf 92' lang='lat' dir='ltr'><strong>omni</strong></span> <span class='ocrx_word' id='word_1_310' title='bbox 1477 2865 1806 2921; x_wconf 89' lang='lat' dir='ltr'><strong>contritione</strong></span> 
     </span>
    </p>
   </div>
   <div class='ocr_carea' id='block_1_46' title="bbox 1914 1852 3499 1922">
    <p class='ocr_par' dir='ltr' id='par_1_46' title="bbox 1914 1852 3499 1922">
     <span class='ocr_line' id='line_1_46' title="bbox 1914 1852 3499 1922; baseline 0.001 -17"><span class='ocrx_word' id='word_1_311' title='bbox 1914 1852 2003 1921; x_wconf 90' lang='lat' dir='ltr'><strong>qui</strong></span> <span class='ocrx_word' id='word_1_312' title='bbox 2026 1852 2135 1906; x_wconf 79' lang='lat' dir='ltr'><strong>falli</strong></span> <span class='ocrx_word' id='word_1_313' title='bbox 2162 1852 2306 1907; x_wconf 87' lang='lat' dir='ltr'><strong>velut</strong></span> <span class='ocrx_word' id='word_1_314' title='bbox 2328 1853 2492 1907; x_wconf 91' lang='lat' dir='ltr'><strong>homo</strong></span> <span class='ocrx_word' id='word_1_315' title='bbox 2521 1867 2628 1907; x_wconf 92' lang='lat' dir='ltr'><strong>non</strong></span> <span class='ocrx_word' id='word_1_316' title='bbox 2657 1852 2850 1922; x_wconf 89' lang='lat' dir='ltr'><strong>possit,</strong></span> <span class='ocrx_word' id='word_1_317' title='bbox 2884 1862 2943 1907; x_wconf 92' lang='lat' dir='ltr'><strong>ut</strong></span> <span class='ocrx_word' id='word_1_318' title='bbox 2968 1860 3024 1907; x_wconf 90' lang='lat' dir='ltr'><strong>et</strong></span> <span class='ocrx_word' id='word_1_319' title='bbox 3062 1862 3084 1891; x_wconf 72' lang='grc' dir='ltr'>ε</span> <span class='ocrx_word' id='word_1_320' title='bbox 3116 1852 3207 1908; x_wconf 92' lang='lat' dir='ltr'><strong>ille</strong></span> <span class='ocrx_word' id='word_1_321' title='bbox 3232 1852 3499 1907; x_wconf 87' lang='lat' dir='ltr'><strong>interdum</strong></span> 
     </span>
    </p>
   </div>
   <div class='ocr_carea' id='block_1_47' title="bbox 1913 1942 3502 2014">
    <p class='ocr_par' dir='ltr' id='par_1_47' title="bbox 1913 1942 3502 2014">
     <span class='ocr_line' id='line_1_47' title="bbox 1913 1942 3502 2014; baseline 0.001 -17"><span class='ocrx_word' id='word_1_322' title='bbox 1913 1942 2005 2012; x_wconf 89' lang='lat' dir='ltr'><strong>qui</strong></span> <span class='ocrx_word' id='word_1_323' title='bbox 2032 1943 2260 2000; x_wconf 86' lang='lat' dir='ltr'><strong>acrioris</strong></span> <span class='ocrx_word' id='word_1_324' title='bbox 2308 1943 2507 2013; x_wconf 91' lang='lat' dir='ltr'><strong>ingenii</strong></span> <span class='ocrx_word' id='word_1_325' title='bbox 2532 1943 2882 2014; x_wconf 70' lang='lat' dir='ltr'><strong>scientiaeque</strong></span> <span class='ocrx_word' id='word_1_326' title='bbox 2903 1943 3127 2014; x_wconf 85' lang='lat' dir='ltr'><strong>majoris</strong></span> <span class='ocrx_word' id='word_1_327' title='bbox 3170 1954 3274 2013; x_wconf 91' lang='lat' dir='ltr'><strong>est,</strong></span> <span class='ocrx_word' id='word_1_328' title='bbox 3301 1944 3502 2014; x_wconf 84' lang='lat' dir='ltr'><strong>aliquid</strong></span> 
     </span>
    </p>
   </div>
   <div class='ocr_carea' id='block_1_48' title="bbox 1914 2036 3502 2107">
    <p class='ocr_par' dir='ltr' id='par_1_48' title="bbox 1914 2036 3502 2107">
     <span class='ocr_line' id='line_1_48' title="bbox 1914 2036 3502 2107; baseline 0 -16"><span class='ocrx_word' id='word_1_329' title='bbox 1914 2037 2104 2091; x_wconf 81' lang='lat' dir='ltr'><strong>falsum</strong></span> <span class='ocrx_word' id='word_1_330' title='bbox 2128 2046 2309 2092; x_wconf 88' lang='lat' dir='ltr'><strong>mente</strong></span> <span class='ocrx_word' id='word_1_331' title='bbox 2338 2037 2648 2106; x_wconf 84' lang='lat' dir='ltr'><strong>concipiat;</strong></span> <span class='ocrx_word' id='word_1_332' title='bbox 2677 2045 2734 2093; x_wconf 90' lang='lat' dir='ltr'><strong>et</strong></span> <span class='ocrx_word' id='word_1_333' title='bbox 2763 2036 2853 2093; x_wconf 93' lang='lat' dir='ltr'><strong>ille</strong></span> <span class='ocrx_word' id='word_1_334' title='bbox 2886 2036 2976 2107; x_wconf 90' lang='lat' dir='ltr'><strong>qui</strong></span> <span class='ocrx_word' id='word_1_335' title='bbox 3023 2036 3275 2093; x_wconf 89' lang='lat' dir='ltr'><strong>tardioris</strong></span> <span class='ocrx_word' id='word_1_336' title='bbox 3304 2037 3502 2107; x_wconf 91' lang='lat' dir='ltr'><strong>ingenii</strong></span> 
     </span>
    </p>
   </div>
   <div class='ocr_carea' id='block_1_49' title="bbox 1912 2128 3504 2198">
    <p class='ocr_par' dir='ltr' id='par_1_49' title="bbox 1912 2128 3504 2198">
     <span class='ocr_line' id='line_1_49' title="bbox 1912 2128 3504 2198; baseline 0 -15"><span class='ocrx_word' id='word_1_337' title='bbox 1912 2143 1976 2183; x_wconf 89' lang='lat' dir='ltr'><strong>ac</strong></span> <span class='ocrx_word' id='word_1_338' title='bbox 2023 2128 2247 2183; x_wconf 88' lang='lat' dir='ltr'><strong>minoris</strong></span> <span class='ocrx_word' id='word_1_339' title='bbox 2295 2138 2380 2185; x_wconf 89' lang='lat' dir='ltr'><strong>est</strong></span> <span class='ocrx_word' id='word_1_340' title='bbox 2429 2129 2651 2195; x_wconf 90' lang='lat' dir='ltr'><strong>meriti,</strong></span> <span class='ocrx_word' id='word_1_341' title='bbox 2701 2128 2899 2185; x_wconf 89' lang='lat' dir='ltr'><strong>rectius</strong></span> <span class='ocrx_word' id='word_1_342' title='bbox 2951 2128 3153 2198; x_wconf 90' lang='lat' dir='ltr'><strong>aliquid</strong></span> <span class='ocrx_word' id='word_1_343' title='bbox 3212 2129 3504 2197; x_wconf 87' lang='lat' dir='ltr'><strong>veriusque</strong></span> 
     </span>
    </p>
   </div>
   <div class='ocr_carea' id='block_1_50' title="bbox 1918 2218 3501 2293">
    <p class='ocr_par' dir='ltr' id='par_1_50' title="bbox 1918 2218 3501 2293">
     <span class='ocr_line' id='line_1_50' title="bbox 1918 2218 3501 2293; baseline 0 -18"><span class='ocrx_word' id='word_1_344' title='bbox 1918 2221 2234 2290; x_wconf 86' lang='lat' dir='ltr'><strong>persentiat.</strong></span> <span class='ocrx_word' id='word_1_345' title='bbox 2278 2222 2346 2276; x_wconf 88' lang='lat' dir='ltr'><strong>Et</strong></span> <span class='ocrx_word' id='word_1_346' title='bbox 2376 2222 2575 2276; x_wconf 85' lang='lat' dir='ltr'><strong>idcirco</strong></span> <span class='ocrx_word' id='word_1_347' title='bbox 2630 2222 2813 2276; x_wconf 88' lang='lat' dir='ltr'><strong>nullus</strong></span> <span class='ocrx_word' id='word_1_348' title='bbox 2862 2218 2890 2258; x_wconf 75' lang='grc' dir='ltr'>ἀ</span> <span class='ocrx_word' id='word_1_349' title='bbox 2937 2221 3062 2287; x_wconf 90' lang='lat' dir='ltr'><strong>sibi,</strong></span> <span class='ocrx_word' id='word_1_350' title='bbox 3108 2221 3352 2291; x_wconf 89' lang='lat' dir='ltr'><strong>quamvis</strong></span> <span class='ocrx_word' id='word_1_351' title='bbox 3394 2222 3501 2293; x_wconf 84' lang='grc' dir='ltr'><strong>[ΑΙ.</strong></span> 
     </span>
    </p>
   </div>
   <div class='ocr_carea' id='block_1_51' title="bbox 1917 2312 3503 2383">
    <p class='ocr_par' dir='ltr' id='par_1_51' title="bbox 1917 2312 3503 2383">
     <span class='ocr_line' id='line_1_51' title="bbox 1917 2312 3503 2383; baseline 0.001 -17"><span class='ocrx_word' id='word_1_352' title='bbox 1917 2312 2126 2382; x_wconf 80' lang='lat' dir='ltr'><strong>quavis]</strong></span> <span class='ocrx_word' id='word_1_353' title='bbox 2156 2314 2380 2368; x_wconf 90' lang='lat' dir='ltr'><strong>scientia</strong></span> <span class='ocrx_word' id='word_1_354' title='bbox 2412 2313 2692 2383; x_wconf 75' lang='lat' dir='ltr'><strong>praeditus,</strong></span> <span class='ocrx_word' id='word_1_355' title='bbox 2742 2313 2889 2367; x_wconf 90' lang='lat' dir='ltr'><strong>inani</strong></span> <span class='ocrx_word' id='word_1_356' title='bbox 2934 2323 3147 2368; x_wconf 90' lang='lat' dir='ltr'><strong>tumore</strong></span> <span class='ocrx_word' id='word_1_357' title='bbox 3179 2314 3503 2383; x_wconf 88' lang='lat' dir='ltr'><strong>persuadeat</strong></span> 
     </span>
    </p>
   </div>
   <div class='ocr_carea' id='block_1_52' title="bbox 1918 2403 3503 2474">
    <p class='ocr_par' dir='ltr' id='par_1_52' title="bbox 1918 2403 3503 2474">
     <span class='ocr_line' id='line_1_52' title="bbox 1918 2403 3503 2474; baseline 0.001 -16"><span class='ocrx_word' id='word_1_358' title='bbox 1918 2405 2059 2473; x_wconf 91' lang='lat' dir='ltr'><strong>quod</strong></span> <span class='ocrx_word' id='word_1_359' title='bbox 2088 2405 2256 2473; x_wconf 91' lang='lat' dir='ltr'><strong>possit</strong></span> <span class='ocrx_word' id='word_1_360' title='bbox 2274 2404 2801 2460; x_wconf 89' lang='lat' dir='ltr'><strong>collationealterius</strong></span> <span class='ocrx_word' id='word_1_361' title='bbox 2819 2419 2927 2459; x_wconf 91' lang='lat' dir='ltr'><strong>non</strong></span> <span class='ocrx_word' id='word_1_362' title='bbox 2948 2418 3129 2474; x_wconf 88' lang='lat' dir='ltr'><strong>egere.</strong></span> <span class='ocrx_word' id='word_1_363' title='bbox 3154 2403 3288 2458; x_wconf 85' lang='lat' dir='ltr'><strong>Nam</strong></span> <span class='ocrx_word' id='word_1_364' title='bbox 3312 2405 3503 2459; x_wconf 86' lang='lat' dir='ltr'><strong>etiam-</strong></span> 
     </span>
    </p>
   </div>
   <div class='ocr_carea' id='block_1_53' title="bbox 1918 2495 3504 2566">
    <p class='ocr_par' dir='ltr' id='par_1_53' title="bbox 1918 2495 3504 2566">
     <span class='ocr_line' id='line_1_53' title="bbox 1918 2495 3504 2566; baseline 0.001 -16"><span class='ocrx_word' id='word_1_365' title='bbox 1918 2497 1964 2550; x_wconf 92' lang='lat' dir='ltr'><strong>si</strong></span> <span class='ocrx_word' id='word_1_366' title='bbox 1989 2495 2248 2565; x_wconf 90' lang='lat' dir='ltr'><strong>judicium</strong></span> <span class='ocrx_word' id='word_1_367' title='bbox 2273 2496 2390 2566; x_wconf 84' lang='lat' dir='ltr'><strong>ejus</strong></span> <span class='ocrx_word' id='word_1_368' title='bbox 2431 2496 2699 2551; x_wconf 88' lang='lat' dir='ltr'><strong>diabolica</strong></span> <span class='ocrx_word' id='word_1_369' title='bbox 2741 2511 2847 2551; x_wconf 89' lang='lat' dir='ltr'><strong>uon</strong></span> <span class='ocrx_word' id='word_1_370' title='bbox 2902 2495 3054 2551; x_wconf 81' lang='lat' dir='ltr'><strong>fallat</strong></span> <span class='ocrx_word' id='word_1_371' title='bbox 3085 2496 3289 2563; x_wconf 89' lang='lat' dir='ltr'><strong>illusio,</strong></span> <span class='ocrx_word' id='word_1_372' title='bbox 3318 2495 3504 2551; x_wconf 83' lang='lat' dir='ltr'><strong>elatio-</strong></span> 
     </span>
    </p>
   </div>
   <div class='ocr_carea' id='block_1_54' title="bbox 1921 2585 3501 2656">
    <p class='ocr_par' dir='ltr' id='par_1_54' title="bbox 1921 2585 3501 2656">
     <span class='ocr_line' id='line_1_54' title="bbox 1921 2585 3501 2656; baseline -0.001 -15"><span class='ocrx_word' id='word_1_373' title='bbox 1921 2586 2005 2641; x_wconf 89' lang='lat' dir='ltr'><strong>nis</strong></span> <span class='ocrx_word' id='word_1_374' title='bbox 2030 2596 2207 2643; x_wconf 91' lang='lat' dir='ltr'><strong>tamen</strong></span> <span class='ocrx_word' id='word_1_375' title='bbox 2232 2593 2288 2642; x_wconf 86' lang='lat' dir='ltr'><strong>et</strong></span> <span class='ocrx_word' id='word_1_376' title='bbox 2316 2586 2581 2656; x_wconf 69' lang='lat' dir='ltr'><strong>superbiae</strong></span> <span class='ocrx_word' id='word_1_377' title='bbox 2609 2586 2884 2655; x_wconf 87' lang='lat' dir='ltr'><strong>graviores</strong></span> <span class='ocrx_word' id='word_1_378' title='bbox 2908 2586 3128 2655; x_wconf 86' lang='lat' dir='ltr'><strong>laqueos</strong></span> <span class='ocrx_word' id='word_1_379' title='bbox 3160 2600 3265 2641; x_wconf 92' lang='lat' dir='ltr'><strong>non</strong></span> <span class='ocrx_word' id='word_1_380' title='bbox 3290 2585 3501 2641; x_wconf 89' lang='lat' dir='ltr'><strong>evadet.</strong></span> 
     </span>
    </p>
   </div>
   <div class='ocr_carea' id='block_1_55' title="bbox 1920 2677 3504 2747">
    <p class='ocr_par' dir='ltr' id='par_1_55' title="bbox 1920 2677 3504 2747">
     <span class='ocr_line' id='line_1_55' title="bbox 1920 2677 3504 2747; baseline -0.001 -15"><span class='ocrx_word' id='word_1_381' title='bbox 1920 2677 2052 2745; x_wconf 82' lang='lat' dir='ltr'><strong>Quis</strong></span> <span class='ocrx_word' id='word_1_382' title='bbox 2073 2679 2218 2733; x_wconf 88' lang='lat' dir='ltr'><strong>enim</strong></span> <span class='ocrx_word' id='word_1_383' title='bbox 2244 2678 2343 2733; x_wconf 90' lang='lat' dir='ltr'><strong>hoc</strong></span> <span class='ocrx_word' id='word_1_384' title='bbox 2371 2677 2472 2732; x_wconf 88' lang='lat' dir='ltr'><strong>sibi</strong></span> <span class='ocrx_word' id='word_1_385' title='bbox 2494 2677 2695 2747; x_wconf 90' lang='lat' dir='ltr'><strong>absque</strong></span> <span class='ocrx_word' id='word_1_386' title='bbox 2741 2678 2941 2746; x_wconf 90' lang='lat' dir='ltr'><strong>ingenti</strong></span> <span class='ocrx_word' id='word_1_387' title='bbox 2995 2678 3193 2745; x_wconf 89' lang='lat' dir='ltr'><strong>poterit</strong></span> <span class='ocrx_word' id='word_1_388' title='bbox 3242 2690 3504 2746; x_wconf 89' lang='lat' dir='ltr'><strong>usurpare</strong></span> 
     </span>
    </p>
   </div>
   <div class='ocr_carea' id='block_1_56' title="bbox 1910 2768 3504 2841">
    <p class='ocr_par' dir='ltr' id='par_1_56' title="bbox 1910 2768 3504 2841">
     <span class='ocr_line' id='line_1_56' title="bbox 1910 2768 3504 2841; baseline -0.002 -15"><span class='ocrx_word' id='word_1_389' title='bbox 1910 2772 2172 2841; x_wconf 87' lang='lat' dir='ltr'><strong>pernicie,</strong></span> <span class='ocrx_word' id='word_1_390' title='bbox 2205 2786 2326 2826; x_wconf 92' lang='lat' dir='ltr'><strong>cum</strong></span> <span class='ocrx_word' id='word_1_391' title='bbox 2358 2771 2464 2826; x_wconf 87' lang='lat' dir='ltr'><strong>Vas</strong></span> <span class='ocrx_word' id='word_1_392' title='bbox 2492 2769 2775 2826; x_wconf 90' lang='lat' dir='ltr'><strong>electionis</strong></span> <span class='ocrx_word' id='word_1_393' title='bbox 2803 2772 2854 2823; x_wconf 95' lang='lat' dir='ltr'><strong>in</strong></span> <span class='ocrx_word' id='word_1_394' title='bbox 2877 2783 2985 2839; x_wconf 91' lang='lat' dir='ltr'><strong>quo</strong></span> <span class='ocrx_word' id='word_1_395' title='bbox 3010 2768 3275 2832; x_wconf 80' lang='lat' dir='ltr'><strong>Christus,</strong></span> <span class='ocrx_word' id='word_1_396' title='bbox 3313 2776 3371 2823; x_wconf 90' lang='lat' dir='ltr'><strong>ut</strong></span> <span class='ocrx_word' id='word_1_397' title='bbox 3392 2769 3504 2837; x_wconf 85' lang='lat' dir='ltr'><strong>ipse</strong></span> 
     </span>
    </p>
   </div>
   <div class='ocr_carea' id='block_1_57' title="bbox 1911 2860 3503 2933">
    <p class='ocr_par' dir='ltr' id='par_1_57' title="bbox 1911 2860 3503 2933">
     <span class='ocr_line' id='line_1_57' title="bbox 1911 2860 3503 2933; baseline -0.001 -16"><span class='ocrx_word' id='word_1_398' title='bbox 1911 2862 2194 2933; x_wconf 81' lang='lat' dir='ltr'><strong>professus</strong></span> <span class='ocrx_word' id='word_1_399' title='bbox 2222 2871 2307 2918; x_wconf 90' lang='lat' dir='ltr'><strong>est</strong></span> <span class='ocrx_word' id='word_1_400' title='bbox 2338 2861 2405 2933; x_wconf 87' lang='lat' dir='ltr'><strong>(ll</strong></span> <span class='ocrx_word' id='word_1_401' title='bbox 2453 2860 2574 2917; x_wconf 87' lang='lat' dir='ltr'><strong>Cor.</strong></span> <span class='ocrx_word' id='word_1_402' title='bbox 2625 2861 2776 2932; x_wconf 79' lang='lat' dir='ltr'><strong>xm),</strong></span> <span class='ocrx_word' id='word_1_403' title='bbox 2798 2861 3135 2932; x_wconf 88' lang='lat' dir='ltr'><strong>loquebatur,</strong></span> <span class='ocrx_word' id='word_1_404' title='bbox 3182 2862 3252 2917; x_wconf 92' lang='lat' dir='ltr'><strong>ob</strong></span> <span class='ocrx_word' id='word_1_405' title='bbox 3284 2862 3384 2916; x_wconf 90' lang='lat' dir='ltr'><strong>hoc</strong></span> <span class='ocrx_word' id='word_1_406' title='bbox 3409 2874 3503 2915; x_wconf 88' lang='lat' dir='ltr'><strong>so-</strong></span> 
     </span>
    </p>
   </div>
   <div class='ocr_carea' id='block_1_58' title="bbox 1285 3023 2426 3085">
    <p class='ocr_par' dir='ltr' id='par_1_58' title="bbox 1285 3023 2426 3085">
     <span class='ocr_line' id='line_1_58' title="bbox 1285 3023 2426 3085; baseline -0.003 -2"><span class='ocrx_word' id='word_1_407' title='bbox 1285 3028 1545 3085; x_wconf 80' lang='lat' dir='ltr'><strong>ALARDI</strong></span> <span class='ocrx_word' id='word_1_408' title='bbox 1582 3025 1817 3084; x_wconf 71' lang='grc' dir='ltr'><strong>ΟΑΖᾸΞΙ</strong></span> <span class='ocrx_word' id='word_1_409' title='bbox 1855 3023 2426 3083; x_wconf 76' lang='lat' dir='ltr'><strong>COMMENTARIUS.</strong></span> 
     </span>
    </p>
   </div>
   <div class='ocr_carea' id='block_1_59' title="bbox 285 3157 2693 3235">
    <p class='ocr_par' dir='ltr' id='par_1_59' title="bbox 285 3157 2693 3235">
     <span class='ocr_line' id='line_1_59' title="bbox 285 3157 2693 3235; baseline -0.002 -20"><span class='ocrx_word' id='word_1_410' title='bbox 285 3169 315 3198; x_wconf 72' lang='grc'><strong><em>⁸</em></strong></span> <span class='ocrx_word' id='word_1_411' title='bbox 340 3160 409 3235; x_wconf 59' lang='grc' dir='ltr'><strong>Ι)1</strong></span> <span class='ocrx_word' id='word_1_412' title='bbox 422 3159 712 3235; x_wconf 81' lang='lat' dir='ltr'><strong>Gregorius</strong></span> <span class='ocrx_word' id='word_1_413' title='bbox 727 3175 893 3235; x_wconf 81' lang='lat' dir='ltr'><strong>xxxut</strong></span> <span class='ocrx_word' id='word_1_414' title='bbox 914 3160 1189 3235; x_wconf 83' lang='lat' dir='ltr'><strong>Moralium</strong></span> <span class='ocrx_word' id='word_1_415' title='bbox 1210 3161 1362 3235; x_wconf 79' lang='lat' dir='ltr'><strong>(Cap.</strong></span> <span class='ocrx_word' id='word_1_416' title='bbox 1385 3162 1479 3231; x_wconf 72' lang='lat'><strong>22)</strong></span> <span class='ocrx_word' id='word_1_417' title='bbox 1492 3163 1556 3217; x_wconf 88' lang='lat' dir='ltr'><strong>ad</strong></span> <span class='ocrx_word' id='word_1_418' title='bbox 1572 3163 1698 3235; x_wconf 88' lang='lat' dir='ltr'><strong>illud</strong></span> <span class='ocrx_word' id='word_1_419' title='bbox 1714 3162 1815 3218; x_wconf 85' lang='lat' dir='ltr'><strong>Job</strong></span> <span class='ocrx_word' id='word_1_420' title='bbox 1840 3159 1887 3224; x_wconf 89' lang='lat' dir='ltr'><strong>C</strong></span> <span class='ocrx_word' id='word_1_421' title='bbox 1919 3161 2126 3235; x_wconf 76' lang='lat' dir='ltr'><strong>ciosior,</strong></span> <span class='ocrx_word' id='word_1_422' title='bbox 2156 3175 2259 3231; x_wconf 87' lang='lat' dir='ltr'><strong>quo</strong></span> <span class='ocrx_word' id='word_1_423' title='bbox 2281 3158 2443 3235; x_wconf 81' lang='lat' dir='ltr'><strong>magis</strong></span> <span class='ocrx_word' id='word_1_424' title='bbox 2464 3157 2693 3212; x_wconf 88' lang='lat' dir='ltr'><strong>interior.</strong></span> 
     </span>
    </p>
   </div>
   <div class='ocr_carea' id='block_1_60' title="bbox 203 3232 1802 3306">
    <p class='ocr_par' dir='ltr' id='par_1_60' title="bbox 203 3232 1802 3306">
     <span class='ocr_line' id='line_1_60' title="bbox 203 3232 1802 3306; baseline 0 -18"><span class='ocrx_word' id='word_1_425' title='bbox 203 3246 304 3306; x_wconf 69' lang='lat' dir='ltr'><strong>xu</strong></span> <span class='ocrx_word' id='word_1_426' title='bbox 332 3232 501 3306; x_wconf 84' lang='lat' dir='ltr'><strong>:_Quis</strong></span> <span class='ocrx_word' id='word_1_427' title='bbox 527 3232 767 3306; x_wconf 73' lang='lat' dir='ltr'><strong>revelabit</strong></span> <span class='ocrx_word' id='word_1_428' title='bbox 791 3234 974 3306; x_wconf 80' lang='lat' dir='ltr'><strong>faciem</strong></span> <span class='ocrx_word' id='word_1_429' title='bbox 1008 3233 1293 3306; x_wconf 83' lang='lat' dir='ltr'><strong>indumenti</strong></span> <span class='ocrx_word' id='word_1_430' title='bbox 1310 3232 1467 3306; x_wconf 79' lang='lat' dir='ltr'><strong>ejus?</strong></span> <span class='ocrx_word' id='word_1_431' title='bbox 1500 3234 1802 3306; x_wconf 87' lang='lat' dir='ltr'><strong>Leviathan,</strong></span> 
     </span>
    </p>
   </div>
   <div class='ocr_carea' id='block_1_61' title="bbox 205 3302 1805 3374">
    <p class='ocr_par' dir='ltr' id='par_1_61' title="bbox 205 3302 1805 3374">
     <span class='ocr_line' id='line_1_61' title="bbox 205 3302 1805 3374; baseline 0.001 -17"><span class='ocrx_word' id='word_1_432' title='bbox 205 3303 408 3371; x_wconf 81' lang='lat' dir='ltr'><strong>inquit,</strong></span> <span class='ocrx_word' id='word_1_433' title='bbox 436 3303 527 3355; x_wconf 90' lang='lat' dir='ltr'><strong>iste</strong></span> <span class='ocrx_word' id='word_1_434' title='bbox 557 3302 630 3373; x_wconf 89' lang='lat' dir='ltr'><strong>(id</strong></span> <span class='ocrx_word' id='word_1_435' title='bbox 662 3311 763 3367; x_wconf 86' lang='lat' dir='ltr'><strong>est,</strong></span> <span class='ocrx_word' id='word_1_436' title='bbox 799 3304 1063 3370; x_wconf 83' lang='lat' dir='ltr'><strong>diabolus)</strong></span> <span class='ocrx_word' id='word_1_437' title='bbox 1089 3303 1237 3358; x_wconf 84' lang='lat' dir='ltr'><strong>aliter</strong></span> <span class='ocrx_word' id='word_1_438' title='bbox 1259 3302 1524 3374; x_wconf 83' lang='lat' dir='ltr'><strong>religiosas</strong></span> <span class='ocrx_word' id='word_1_439' title='bbox 1544 3304 1805 3359; x_wconf 81' lang='lat' dir='ltr'><strong>hominum</strong></span> 
     </span>
    </p>
   </div>
   <div class='ocr_carea' id='block_1_62' title="bbox 205 3374 1805 3435">
    <p class='ocr_par' dir='ltr' id='par_1_62' title="bbox 205 3374 1805 3435">
     <span class='ocr_line' id='line_1_62' title="bbox 205 3374 1805 3435; baseline 0.002 -8"><span class='ocrx_word' id='word_1_440' title='bbox 205 3383 433 3435; x_wconf 87' lang='lat' dir='ltr'><strong>mentes,</strong></span> <span class='ocrx_word' id='word_1_441' title='bbox 456 3374 607 3426; x_wconf 90' lang='lat' dir='ltr'><strong>aliter</strong></span> <span class='ocrx_word' id='word_1_442' title='bbox 633 3389 751 3427; x_wconf 90' lang='lat' dir='ltr'><strong>vero</strong></span> <span class='ocrx_word' id='word_1_443' title='bbox 791 3374 913 3426; x_wconf 78' lang='lat' dir='ltr'><strong>huic</strong></span> <span class='ocrx_word' id='word_1_444' title='bbox 963 3376 1155 3427; x_wconf 90' lang='lat' dir='ltr'><strong>mundo</strong></span> <span class='ocrx_word' id='word_1_445' title='bbox 1203 3376 1403 3430; x_wconf 89' lang='lat' dir='ltr'><strong>deditas</strong></span> <span class='ocrx_word' id='word_1_446' title='bbox 1452 3386 1629 3430; x_wconf 88' lang='lat' dir='ltr'><strong>tentat.</strong></span> <span class='ocrx_word' id='word_1_447' title='bbox 1664 3376 1805 3430; x_wconf 87' lang='lat' dir='ltr'><strong>Nam</strong></span> 
     </span>
    </p>
   </div>
   <div class='ocr_carea' id='block_1_63' title="bbox 206 3444 1805 3518">
    <p class='ocr_par' dir='ltr' id='par_1_63' title="bbox 206 3444 1805 3518">
     <span class='ocr_line' id='line_1_63' title="bbox 206 3444 1805 3518; baseline 0.003 -22"><span class='ocrx_word' id='word_1_448' title='bbox 206 3445 390 3518; x_wconf 82' lang='lat' dir='ltr'><strong>pravis</strong></span> <span class='ocrx_word' id='word_1_449' title='bbox 412 3444 546 3518; x_wconf 83' lang='lat' dir='ltr'><strong>mala</strong></span> <span class='ocrx_word' id='word_1_450' title='bbox 569 3460 682 3518; x_wconf 71' lang='lat' dir='ltr'><strong>qua</strong></span> <span class='ocrx_word' id='word_1_451' title='bbox 707 3445 998 3518; x_wconf 71' lang='lat' dir='ltr'><strong>desiderant</strong></span> <span class='ocrx_word' id='word_1_452' title='bbox 1025 3454 1198 3516; x_wconf 88' lang='lat' dir='ltr'><strong>aperte</strong></span> <span class='ocrx_word' id='word_1_453' title='bbox 1223 3446 1435 3518; x_wconf 86' lang='lat' dir='ltr'><strong>objicit;</strong></span> <span class='ocrx_word' id='word_1_454' title='bbox 1463 3448 1610 3501; x_wconf 88' lang='lat' dir='ltr'><strong>bonis</strong></span> <span class='ocrx_word' id='word_1_455' title='bbox 1636 3458 1805 3518; x_wconf 83' lang='lat' dir='ltr'><strong>autem</strong></span> 
     </span>
    </p>
   </div>
   <div class='ocr_carea' id='block_1_64' title="bbox 207 3515 1802 3597">
    <p class='ocr_par' dir='ltr' id='par_1_64' title="bbox 207 3515 1802 3597">
     <span class='ocr_line' id='line_1_64' title="bbox 207 3515 1802 3597; baseline 0.001 -28"><span class='ocrx_word' id='word_1_456' title='bbox 207 3516 434 3597; x_wconf 71' lang='lat' dir='ltr'><strong>latenter</strong></span> <span class='ocrx_word' id='word_1_457' title='bbox 457 3515 732 3597; x_wconf 69' lang='lat' dir='ltr'><strong>insidians,</strong></span> <span class='ocrx_word' id='word_1_458' title='bbox 776 3515 892 3597; x_wconf 43' lang='lat' dir='ltr'><strong>sub.</strong></span> <span class='ocrx_word' id='word_1_459' title='bbox 913 3515 1075 3597; x_wconf 81' lang='lat' dir='ltr'><strong>specie</strong></span> <span class='ocrx_word' id='word_1_460' title='bbox 1105 3515 1393 3597; x_wconf 71' lang='lat' dir='ltr'><strong>sanctitatis</strong></span> <span class='ocrx_word' id='word_1_461' title='bbox 1419 3517 1802 3597; x_wconf 76' lang='lat' dir='ltr'><strong>illudit._lllis,</strong></span> 
     </span>
    </p>
   </div>
   <div class='ocr_carea' id='block_1_65' title="bbox 206 3585 1805 3658">
    <p class='ocr_par' dir='ltr' id='par_1_65' title="bbox 206 3585 1805 3658">
     <span class='ocr_line' id='line_1_65' title="bbox 206 3585 1805 3658; baseline 0 -17"><span class='ocrx_word' id='word_1_462' title='bbox 206 3585 350 3641; x_wconf 79' lang='lat' dir='ltr'><strong>velut</strong></span> <span class='ocrx_word' id='word_1_463' title='bbox 372 3587 710 3658; x_wconf 77' lang='lat' dir='ltr'><strong>familiaribus</strong></span> <span class='ocrx_word' id='word_1_464' title='bbox 730 3587 859 3649; x_wconf 89' lang='lat' dir='ltr'><strong>suis,</strong></span> <span class='ocrx_word' id='word_1_465' title='bbox 874 3585 1101 3657; x_wconf 87' lang='lat' dir='ltr'><strong>iniquum</strong></span> <span class='ocrx_word' id='word_1_466' title='bbox 1118 3604 1172 3641; x_wconf 88' lang='lat' dir='ltr'><strong>se</strong></span> <span class='ocrx_word' id='word_1_467' title='bbox 1194 3590 1512 3658; x_wconf 78' lang='lat' dir='ltr'><strong>manifestius</strong></span> <span class='ocrx_word' id='word_1_468' title='bbox 1541 3590 1767 3643; x_wconf 89' lang='lat' dir='ltr'><strong>insinuat</strong></span> <span class='ocrx_word' id='word_1_469' title='bbox 1784 3585 1805 3655; x_wconf 58' lang='grc' dir='ltr'><strong><em>ζ</em></strong></span> 
     </span>
    </p>
   </div>
   <div class='ocr_carea' id='block_1_66' title="bbox 205 3657 1805 3728">
    <p class='ocr_par' dir='ltr' id='par_1_66' title="bbox 205 3657 1805 3728">
     <span class='ocr_line' id='line_1_66' title="bbox 205 3657 1805 3728; baseline 0.002 -18"><span class='ocrx_word' id='word_1_470' title='bbox 205 3658 324 3711; x_wconf 88' lang='lat' dir='ltr'><strong>istis</strong></span> <span class='ocrx_word' id='word_1_471' title='bbox 349 3672 487 3721; x_wconf 89' lang='lat' dir='ltr'><strong>vero,</strong></span> <span class='ocrx_word' id='word_1_472' title='bbox 518 3657 656 3710; x_wconf 86' lang='lat' dir='ltr'><strong>velut</strong></span> <span class='ocrx_word' id='word_1_473' title='bbox 704 3660 982 3721; x_wconf 76' lang='lat' dir='ltr'><strong>extraneis,</strong></span> <span class='ocrx_word' id='word_1_474' title='bbox 1014 3659 1287 3727; x_wconf 88' lang='lat' dir='ltr'><strong>cujusdam</strong></span> <span class='ocrx_word' id='word_1_475' title='bbox 1332 3657 1480 3728; x_wconf 86' lang='lat' dir='ltr'><strong>quasi</strong></span> <span class='ocrx_word' id='word_1_476' title='bbox 1523 3658 1805 3713; x_wconf 86' lang='lat' dir='ltr'><strong>honestatis</strong></span> 
     </span>
    </p>
   </div>
   <div class='ocr_carea' id='block_1_67' title="bbox 207 3728 1800 3799">
    <p class='ocr_par' dir='ltr' id='par_1_67' title="bbox 207 3728 1800 3799">
     <span class='ocr_line' id='line_1_67' title="bbox 207 3728 1800 3799; baseline 0.001 -18"><span class='ocrx_word' id='word_1_477' title='bbox 207 3737 467 3799; x_wconf 70' lang='lat' dir='ltr'><strong>prwtextu</strong></span> <span class='ocrx_word' id='word_1_478' title='bbox 488 3745 541 3781; x_wconf 89' lang='lat' dir='ltr'><strong>se</strong></span> <span class='ocrx_word' id='word_1_479' title='bbox 569 3728 769 3795; x_wconf 90' lang='lat' dir='ltr'><strong>palliat,</strong></span> <span class='ocrx_word' id='word_1_480' title='bbox 804 3737 859 3779; x_wconf 92' lang='lat' dir='ltr'><strong>ut</strong></span> <span class='ocrx_word' id='word_1_481' title='bbox 879 3728 1019 3781; x_wconf 90' lang='lat' dir='ltr'><strong>mala</strong></span> <span class='ocrx_word' id='word_1_482' title='bbox 1038 3744 1154 3798; x_wconf 79' lang='lat' dir='ltr'><strong>qua:</strong></span> <span class='ocrx_word' id='word_1_483' title='bbox 1181 3730 1254 3782; x_wconf 87' lang='lat' dir='ltr'><strong>eis</strong></span> <span class='ocrx_word' id='word_1_484' title='bbox 1279 3729 1479 3799; x_wconf 88' lang='lat' dir='ltr'><strong>publice</strong></span> <span class='ocrx_word' id='word_1_485' title='bbox 1512 3746 1617 3782; x_wconf 91' lang='lat' dir='ltr'><strong>non</strong></span> <span class='ocrx_word' id='word_1_486' title='bbox 1647 3731 1800 3799; x_wconf 85' lang='lat' dir='ltr'><strong>valet,</strong></span> 
     </span>
    </p>
   </div>
   <div class='ocr_carea' id='block_1_68' title="bbox 213 3799 1489 3853">
    <p class='ocr_par' dir='ltr' id='par_1_68' title="bbox 213 3799 1489 3853">
     <span class='ocr_line' id='line_1_68' title="bbox 213 3799 1489 3853; baseline -0.001 0"><span class='ocrx_word' id='word_1_487' title='bbox 213 3807 348 3853; x_wconf 89' lang='lat' dir='ltr'><strong>tecta</strong></span> <span class='ocrx_word' id='word_1_488' title='bbox 375 3800 521 3852; x_wconf 73' lang='lat' dir='ltr'><strong>bona:</strong></span> <span class='ocrx_word' id='word_1_489' title='bbox 547 3799 765 3850; x_wconf 86' lang='lat' dir='ltr'><strong>actionis</strong></span> <span class='ocrx_word' id='word_1_490' title='bbox 794 3799 1041 3852; x_wconf 81' lang='lat' dir='ltr'><strong>velamine</strong></span> <span class='ocrx_word' id='word_1_491' title='bbox 1068 3799 1489 3852; x_wconf 85' lang='lat' dir='ltr'><strong>subintromittat.</strong></span> 
     </span>
    </p>
   </div>
   <div class='ocr_carea' id='block_1_69' title="bbox 287 3868 1805 3925">
    <p class='ocr_par' dir='ltr' id='par_1_69' title="bbox 287 3868 1805 3925">
     <span class='ocr_line' id='line_1_69' title="bbox 287 3868 1805 3925; baseline 0.002 -3"><span class='ocrx_word' id='word_1_492' title='bbox 287 3868 317 3907; x_wconf 69' lang='grc' dir='ltr'>δ</span> <span class='ocrx_word' id='word_1_493' title='bbox 351 3868 652 3923; x_wconf 88' lang='lat' dir='ltr'><strong>Perniciem</strong></span> <span class='ocrx_word' id='word_1_494' title='bbox 700 3879 850 3923; x_wconf 88' lang='lat' dir='ltr'><strong>vocat</strong></span> <span class='ocrx_word' id='word_1_495' title='bbox 873 3869 1075 3923; x_wconf 88' lang='lat' dir='ltr'><strong>diaboli</strong></span> <span class='ocrx_word' id='word_1_496' title='bbox 1121 3868 1444 3925; x_wconf 78' lang='lat' dir='ltr'><strong>illusionem.</strong></span> <span class='ocrx_word' id='word_1_497' title='bbox 1498 3868 1589 3925; x_wconf 89' lang='lat' dir='ltr'><strong>Sic</strong></span> <span class='ocrx_word' id='word_1_498' title='bbox 1637 3868 1805 3925; x_wconf 90' lang='lat' dir='ltr'><strong>abbas</strong></span> 
     </span>
    </p>
   </div>
   <div class='ocr_carea' id='block_1_70' title="bbox 211 3937 1803 4009">
    <p class='ocr_par' dir='ltr' id='par_1_70' title="bbox 211 3937 1803 4009">
     <span class='ocr_line' id='line_1_70' title="bbox 211 3937 1803 4009; baseline -0.001 -15"><span class='ocrx_word' id='word_1_499' title='bbox 211 3940 429 4009; x_wconf 67' lang='lat' dir='ltr'><strong>Moyses</strong></span> <span class='ocrx_word' id='word_1_500' title='bbox 459 3939 639 3993; x_wconf 91' lang='lat' dir='ltr'><strong>collat.</strong></span> <span class='ocrx_word' id='word_1_501' title='bbox 658 3937 833 4005; x_wconf 64' lang='lat' dir='ltr'><strong>Scep.</strong></span> <span class='ocrx_word' id='word_1_502' title='bbox 864 3941 933 3994; x_wconf 78' lang='lat' dir='ltr'><strong>lO</strong></span> <span class='ocrx_word' id='word_1_503' title='bbox 967 3957 979 3993; x_wconf 92' lang='lat'>:</span> <span class='ocrx_word' id='word_1_504' title='bbox 1023 3939 1284 4003; x_wconf 86' lang='lat' dir='ltr'><strong>Vera,ait,</strong></span> <span class='ocrx_word' id='word_1_505' title='bbox 1304 3941 1565 4008; x_wconf 88' lang='lat' dir='ltr'><strong>discretio,</strong></span> <span class='ocrx_word' id='word_1_506' title='bbox 1590 3956 1691 3993; x_wconf 91' lang='lat' dir='ltr'><strong>non</strong></span> <span class='ocrx_word' id='word_1_507' title='bbox 1705 3940 1803 3993; x_wconf 84' lang='lat' dir='ltr'><strong>nisi</strong></span> 
     </span>
    </p>
   </div>
   <div class='ocr_carea' id='block_1_71' title="bbox 207 4010 1804 4083">
    <p class='ocr_par' dir='ltr' id='par_1_71' title="bbox 207 4010 1804 4083">
     <span class='ocr_line' id='line_1_71' title="bbox 207 4010 1804 4083; baseline 0 -20"><span class='ocrx_word' id='word_1_508' title='bbox 207 4027 333 4083; x_wconf 77' lang='lat' dir='ltr'><strong>nera</strong></span> <span class='ocrx_word' id='word_1_509' title='bbox 364 4010 655 4083; x_wconf 75' lang='lat' dir='ltr'><strong>humilitate</strong></span> <span class='ocrx_word' id='word_1_510' title='bbox 681 4011 981 4083; x_wconf 81' lang='lat' dir='ltr'><strong>acquiritur.</strong></span> <span class='ocrx_word' id='word_1_511' title='bbox 1031 4010 1210 4083; x_wconf 85' lang='lat' dir='ltr'><strong>Cujus</strong></span> <span class='ocrx_word' id='word_1_512' title='bbox 1238 4011 1548 4064; x_wconf 81' lang='lat' dir='ltr'><strong>humilitatis</strong></span> <span class='ocrx_word' id='word_1_513' title='bbox 1575 4010 1684 4083; x_wconf 63' lang='lat' dir='ltr'><strong>hare</strong></span> <span class='ocrx_word' id='word_1_514' title='bbox 1707 4012 1804 4065; x_wconf 86' lang='lat' dir='ltr'><strong>erit</strong></span> 
     </span>
    </p>
   </div>
   <div class='ocr_carea' id='block_1_72' title="bbox 210 4079 1801 4153">
    <p class='ocr_par' dir='ltr' id='par_1_72' title="bbox 210 4079 1801 4153">
     <span class='ocr_line' id='line_1_72' title="bbox 210 4079 1801 4153; baseline 0.003 -22"><span class='ocrx_word' id='word_1_515' title='bbox 210 4082 394 4153; x_wconf 83' lang='lat' dir='ltr'><strong>prima</strong></span> <span class='ocrx_word' id='word_1_516' title='bbox 409 4079 663 4147; x_wconf 83' lang='lat' dir='ltr'><strong>probatio,</strong></span> <span class='ocrx_word' id='word_1_517' title='bbox 686 4080 729 4132; x_wconf 89' lang='lat' dir='ltr'><strong>si</strong></span> <span class='ocrx_word' id='word_1_518' title='bbox 757 4082 987 4153; x_wconf 85' lang='lat' dir='ltr'><strong>universa</strong></span> <span class='ocrx_word' id='word_1_519' title='bbox 1008 4079 1112 4135; x_wconf 81' lang='lat' dir='ltr'><strong>non</strong></span> <span class='ocrx_word' id='word_1_520' title='bbox 1130 4081 1298 4135; x_wconf 88' lang='lat' dir='ltr'><strong>solum</strong></span> <span class='ocrx_word' id='word_1_521' title='bbox 1313 4097 1424 4151; x_wconf 75' lang='lat' dir='ltr'><strong>qua:</strong></span> <span class='ocrx_word' id='word_1_522' title='bbox 1440 4082 1637 4153; x_wconf 90' lang='lat' dir='ltr'><strong>agenda</strong></span> <span class='ocrx_word' id='word_1_523' title='bbox 1661 4090 1801 4147; x_wconf 87' lang='lat' dir='ltr'><strong>sunt,</strong></span> 
     </span>
    </p>
   </div>
   <div class='ocr_carea' id='block_1_73' title="bbox 210 4151 1802 4221">
    <p class='ocr_par' dir='ltr' id='par_1_73' title="bbox 210 4151 1802 4221">
     <span class='ocr_line' id='line_1_73' title="bbox 210 4151 1802 4221; baseline 0.003 -19"><span class='ocrx_word' id='word_1_524' title='bbox 210 4151 305 4203; x_wconf 87' lang='lat' dir='ltr'><strong>sed</strong></span> <span class='ocrx_word' id='word_1_525' title='bbox 331 4152 484 4203; x_wconf 90' lang='lat' dir='ltr'><strong>etiam</strong></span> <span class='ocrx_word' id='word_1_526' title='bbox 515 4166 627 4221; x_wconf 72' lang='lat' dir='ltr'><strong>quia</strong></span> <span class='ocrx_word' id='word_1_527' title='bbox 665 4151 981 4221; x_wconf 84' lang='lat' dir='ltr'><strong>cogitantur,</strong></span> <span class='ocrx_word' id='word_1_528' title='bbox 1029 4153 1287 4205; x_wconf 89' lang='lat' dir='ltr'><strong>seniorum</strong></span> <span class='ocrx_word' id='word_1_529' title='bbox 1328 4151 1643 4207; x_wconf 74' lang='lat' dir='ltr'><strong>reserventur</strong></span> <span class='ocrx_word' id='word_1_530' title='bbox 1679 4168 1802 4207; x_wconf 72' lang='lat' dir='ltr'><strong>exa-</strong></span> 
     </span>
    </p>
   </div>
   <div class='ocr_carea' id='block_1_74' title="bbox 213 4219 1804 4295">
    <p class='ocr_par' dir='ltr' id='par_1_74' title="bbox 213 4219 1804 4295">
     <span class='ocr_line' id='line_1_74' title="bbox 213 4219 1804 4295; baseline 0.004 -26"><span class='ocrx_word' id='word_1_531' title='bbox 213 4220 370 4295; x_wconf 74' lang='lat' dir='ltr'><strong>mini,</strong></span> <span class='ocrx_word' id='word_1_532' title='bbox 398 4228 454 4295; x_wconf 83' lang='lat' dir='ltr'><strong>ut</strong></span> <span class='ocrx_word' id='word_1_533' title='bbox 498 4219 626 4295; x_wconf 77' lang='lat' dir='ltr'><strong>nihil</strong></span> <span class='ocrx_word' id='word_1_534' title='bbox 670 4219 781 4295; x_wconf 76' lang='lat' dir='ltr'><strong>quis</strong></span> <span class='ocrx_word' id='word_1_535' title='bbox 824 4224 1139 4295; x_wconf 88' lang='lat' dir='ltr'><strong>suojudicio</strong></span> <span class='ocrx_word' id='word_1_536' title='bbox 1170 4223 1403 4287; x_wconf 88' lang='lat' dir='ltr'><strong>credens,</strong></span> <span class='ocrx_word' id='word_1_537' title='bbox 1452 4224 1661 4276; x_wconf 89' lang='lat' dir='ltr'><strong>illorum</strong></span> <span class='ocrx_word' id='word_1_538' title='bbox 1713 4240 1804 4293; x_wconf 90' lang='lat' dir='ltr'><strong>per</strong></span> 
     </span>
    </p>
   </div>
   <div class='ocr_carea' id='block_1_75' title="bbox 215 4290 1804 4362">
    <p class='ocr_par' dir='ltr' id='par_1_75' title="bbox 215 4290 1804 4362">
     <span class='ocr_line' id='line_1_75' title="bbox 215 4290 1804 4362; baseline 0.004 -21"><span class='ocrx_word' id='word_1_539' title='bbox 215 4292 393 4343; x_wconf 87' lang='lat' dir='ltr'><strong>omnia</strong></span> <span class='ocrx_word' id='word_1_540' title='bbox 419 4290 795 4362; x_wconf 76' lang='lat' dir='ltr'><strong>deﬁnitionibus</strong></span> <span class='ocrx_word' id='word_1_541' title='bbox 834 4290 1137 4362; x_wconf 80' lang='lat' dir='ltr'><strong>acquiescat,</strong></span> <span class='ocrx_word' id='word_1_542' title='bbox 1170 4302 1218 4347; x_wconf 92' lang='lat' dir='ltr'><strong>et</strong></span> <span class='ocrx_word' id='word_1_543' title='bbox 1238 4294 1360 4362; x_wconf 88' lang='lat' dir='ltr'><strong>quid</strong></span> <span class='ocrx_word' id='word_1_544' title='bbox 1380 4296 1567 4347; x_wconf 91' lang='lat' dir='ltr'><strong>bonum</strong></span> <span class='ocrx_word' id='word_1_545' title='bbox 1594 4295 1671 4347; x_wconf 86' lang='lat' dir='ltr'><strong>vel</strong></span> <span class='ocrx_word' id='word_1_546' title='bbox 1693 4290 1804 4346; x_wconf 83' lang='lat' dir='ltr'><strong>ma-</strong></span> 
     </span>
    </p>
   </div>
   <div class='ocr_carea' id='block_1_76' title="bbox 212 4361 1803 4433">
    <p class='ocr_par' dir='ltr' id='par_1_76' title="bbox 212 4361 1803 4433">
     <span class='ocr_line' id='line_1_76' title="bbox 212 4361 1803 4433; baseline 0.003 -20"><span class='ocrx_word' id='word_1_547' title='bbox 212 4364 325 4413; x_wconf 90' lang='lat' dir='ltr'><strong>lum</strong></span> <span class='ocrx_word' id='word_1_548' title='bbox 371 4361 545 4413; x_wconf 85' lang='lat' dir='ltr'><strong>debeat</strong></span> <span class='ocrx_word' id='word_1_549' title='bbox 576 4364 815 4433; x_wconf 88' lang='lat' dir='ltr'><strong>judicare</strong></span> <span class='ocrx_word' id='word_1_550' title='bbox 864 4361 1039 4417; x_wconf 86' lang='lat' dir='ltr'><strong>eorum</strong></span> <span class='ocrx_word' id='word_1_551' title='bbox 1080 4361 1354 4418; x_wconf 89' lang='lat' dir='ltr'><strong>traditione</strong></span> <span class='ocrx_word' id='word_1_552' title='bbox 1389 4375 1679 4433; x_wconf 84' lang='lat' dir='ltr'><strong>cognoscat.</strong></span> <span class='ocrx_word' id='word_1_553' title='bbox 1740 4367 1803 4418; x_wconf 79' lang='lat' dir='ltr'><strong>Et</strong></span> 
     </span>
    </p>
   </div>
   <div class='ocr_carea' id='block_1_77' title="bbox 209 4433 1803 4506">
    <p class='ocr_par' dir='ltr' id='par_1_77' title="bbox 209 4433 1803 4506">
     <span class='ocr_line' id='line_1_77' title="bbox 209 4433 1803 4506; baseline 0.001 -22"><span class='ocrx_word' id='word_1_554' title='bbox 209 4446 332 4498; x_wconf 85' lang='lat' dir='ltr'><strong>cap.</strong></span> <span class='ocrx_word' id='word_1_555' title='bbox 357 4433 600 4506; x_wconf 61' lang='lat' dir='ltr'><strong>sequenti</strong></span> <span class='ocrx_word' id='word_1_556' title='bbox 634 4451 647 4486; x_wconf 94' lang='lat'><strong>:</strong></span> <span class='ocrx_word' id='word_1_557' title='bbox 684 4434 844 4506; x_wconf 82' lang='lat' dir='ltr'><strong>Nullo</strong></span> <span class='ocrx_word' id='word_1_558' title='bbox 895 4450 1118 4506; x_wconf 80' lang='lat' dir='ltr'><strong>namque</strong></span> <span class='ocrx_word' id='word_1_559' title='bbox 1153 4433 1258 4487; x_wconf 90' lang='lat' dir='ltr'><strong>alio</strong></span> <span class='ocrx_word' id='word_1_560' title='bbox 1286 4436 1408 4488; x_wconf 90' lang='lat' dir='ltr'><strong>vitio</strong></span> <span class='ocrx_word' id='word_1_561' title='bbox 1438 4444 1538 4487; x_wconf 91' lang='lat' dir='ltr'><strong>tam</strong></span> <span class='ocrx_word' id='word_1_562' title='bbox 1564 4434 1803 4506; x_wconf 68' lang='lat' dir='ltr'><strong>principi-</strong></span> 
     </span>
    </p>
   </div>
   <div class='ocr_carea' id='block_1_78' title="bbox 210 4503 1799 4575">
    <p class='ocr_par' dir='ltr' id='par_1_78' title="bbox 210 4503 1799 4575">
     <span class='ocr_line' id='line_1_78' title="bbox 210 4503 1799 4575; baseline 0.004 -23"><span class='ocrx_word' id='word_1_563' title='bbox 210 4511 312 4554; x_wconf 84' lang='lat' dir='ltr'><strong>tem</strong></span> <span class='ocrx_word' id='word_1_564' title='bbox 339 4503 570 4556; x_wconf 87' lang='lat' dir='ltr'><strong>diabolus</strong></span> <span class='ocrx_word' id='word_1_565' title='bbox 602 4504 905 4557; x_wconf 89' lang='lat' dir='ltr'><strong>monachum</strong></span> <span class='ocrx_word' id='word_1_566' title='bbox 928 4503 1175 4575; x_wconf 86' lang='lat' dir='ltr'><strong>pertrahit</strong></span> <span class='ocrx_word' id='word_1_567' title='bbox 1201 4522 1261 4557; x_wconf 86' lang='lat' dir='ltr'><strong>ac</strong></span> <span class='ocrx_word' id='word_1_568' title='bbox 1289 4506 1521 4573; x_wconf 85' lang='lat' dir='ltr'><strong>perducit</strong></span> <span class='ocrx_word' id='word_1_569' title='bbox 1564 4503 1632 4559; x_wconf 82' lang='lat' dir='ltr'><strong>ad</strong></span> <span class='ocrx_word' id='word_1_570' title='bbox 1662 4503 1799 4558; x_wconf 81' lang='lat' dir='ltr'><strong>mar-</strong></span> 
     </span>
    </p>
   </div>
   <div class='ocr_carea' id='block_1_79' title="bbox 211 4575 1799 4647">
    <p class='ocr_par' dir='ltr' id='par_1_79' title="bbox 211 4575 1799 4647">
     <span class='ocr_line' id='line_1_79' title="bbox 211 4575 1799 4647; baseline 0.003 -22"><span class='ocrx_word' id='word_1_571' title='bbox 211 4581 333 4647; x_wconf 75' lang='lat' dir='ltr'><strong>tem,</strong></span> <span class='ocrx_word' id='word_1_572' title='bbox 362 4589 518 4647; x_wconf 75' lang='lat' dir='ltr'><strong>quam</strong></span> <span class='ocrx_word' id='word_1_573' title='bbox 542 4590 655 4627; x_wconf 88' lang='lat' dir='ltr'><strong>cum</strong></span> <span class='ocrx_word' id='word_1_574' title='bbox 679 4592 794 4647; x_wconf 71' lang='lat' dir='ltr'><strong>eum</strong></span> <span class='ocrx_word' id='word_1_575' title='bbox 819 4577 1055 4647; x_wconf 87' lang='lat' dir='ltr'><strong>neglectis</strong></span> <span class='ocrx_word' id='word_1_576' title='bbox 1079 4575 1307 4629; x_wconf 87' lang='lat' dir='ltr'><strong>consiliis</strong></span> <span class='ocrx_word' id='word_1_577' title='bbox 1329 4577 1588 4629; x_wconf 88' lang='lat' dir='ltr'><strong>seniorum</strong></span> <span class='ocrx_word' id='word_1_578' title='bbox 1614 4579 1667 4630; x_wconf 88' lang='lat' dir='ltr'><strong>in</strong></span> <span class='ocrx_word' id='word_1_579' title='bbox 1704 4591 1799 4629; x_wconf 90' lang='lat' dir='ltr'><strong>suo</strong></span> 
     </span>
    </p>
   </div>
   <div class='ocr_carea' id='block_1_80' title="bbox 205 4644 1797 4715">
    <p class='ocr_par' dir='ltr' id='par_1_80' title="bbox 205 4644 1797 4715">
     <span class='ocr_line' id='line_1_80' title="bbox 205 4644 1797 4715; baseline 0.005 -23"><span class='ocrx_word' id='word_1_580' title='bbox 205 4644 406 4715; x_wconf 78' lang='lat' dir='ltr'><strong>judicio</strong></span> <span class='ocrx_word' id='word_1_581' title='bbox 436 4646 741 4710; x_wconf 86' lang='lat' dir='ltr'><strong>persuaserit</strong></span> <span class='ocrx_word' id='word_1_582' title='bbox 781 4662 841 4698; x_wconf 89' lang='lat' dir='ltr'><strong>ac</strong></span> <span class='ocrx_word' id='word_1_583' title='bbox 869 4644 1167 4713; x_wconf 81' lang='lat' dir='ltr'><strong>deﬁnitione</strong></span> <span class='ocrx_word' id='word_1_584' title='bbox 1204 4647 1497 4699; x_wconf 88' lang='lat' dir='ltr'><strong>doctrinave</strong></span> <span class='ocrx_word' id='word_1_585' title='bbox 1520 4647 1797 4715; x_wconf 81' lang='lat' dir='ltr'><strong>conlidere.</strong></span> 
     </span>
    </p>
   </div>
   <div class='ocr_carea' id='block_1_81' title="bbox 216 4713 1801 4786">
    <p class='ocr_par' dir='ltr' id='par_1_81' title="bbox 216 4713 1801 4786">
     <span class='ocr_line' id='line_1_81' title="bbox 216 4713 1801 4786; baseline 0.005 -23"><span class='ocrx_word' id='word_1_586' title='bbox 216 4713 343 4765; x_wconf 72' lang='lat' dir='ltr'><strong>llzec</strong></span> <span class='ocrx_word' id='word_1_587' title='bbox 374 4714 480 4786; x_wconf 88' lang='lat' dir='ltr'><strong>ille,</strong></span> <span class='ocrx_word' id='word_1_588' title='bbox 508 4717 671 4784; x_wconf 86' lang='lat' dir='ltr'><strong>quiet</strong></span> <span class='ocrx_word' id='word_1_589' title='bbox 715 4716 904 4769; x_wconf 88' lang='lat' dir='ltr'><strong>eadem</strong></span> <span class='ocrx_word' id='word_1_590' title='bbox 958 4717 1245 4771; x_wconf 92' lang='lat' dir='ltr'><strong>collatione</strong></span> <span class='ocrx_word' id='word_1_591' title='bbox 1297 4718 1572 4786; x_wconf 87' lang='lat' dir='ltr'><strong>complura</strong></span> <span class='ocrx_word' id='word_1_592' title='bbox 1618 4713 1801 4772; x_wconf 84' lang='lat' dir='ltr'><strong>refert</strong></span> 
     </span>
    </p>
   </div>
   <div class='ocr_carea' id='block_1_82' title="bbox 211 4785 1797 4858">
    <p class='ocr_par' dir='ltr' id='par_1_82' title="bbox 211 4785 1797 4858">
     <span class='ocr_line' id='line_1_82' title="bbox 211 4785 1797 4858; baseline 0.004 -23"><span class='ocrx_word' id='word_1_593' title='bbox 211 4785 457 4858; x_wconf 65' lang='lat' dir='ltr'><strong>exempla</strong></span> <span class='ocrx_word' id='word_1_594' title='bbox 488 4786 877 4858; x_wconf 83' lang='lat' dir='ltr'><strong>monachorum</strong></span> <span class='ocrx_word' id='word_1_595' title='bbox 900 4798 953 4839; x_wconf 91' lang='lat' dir='ltr'><strong>et</strong></span> <span class='ocrx_word' id='word_1_596' title='bbox 980 4785 1434 4842; x_wconf 84' lang='lat' dir='ltr'><strong>anachoretarutn</strong></span> <span class='ocrx_word' id='word_1_597' title='bbox 1471 4790 1561 4858; x_wconf 91' lang='lat' dir='ltr'><strong>qui</strong></span> <span class='ocrx_word' id='word_1_598' title='bbox 1585 4803 1683 4841; x_wconf 84' lang='lat' dir='ltr'><strong>suo</strong></span> <span class='ocrx_word' id='word_1_599' title='bbox 1713 4790 1797 4841; x_wconf 91' lang='lat' dir='ltr'><strong>ni-</strong></span> 
     </span>
    </p>
   </div>
   <div class='ocr_carea' id='block_1_83' title="bbox 211 4856 1800 4928">
    <p class='ocr_par' dir='ltr' id='par_1_83' title="bbox 211 4856 1800 4928">
     <span class='ocr_line' id='line_1_83' title="bbox 211 4856 1800 4928; baseline 0.004 -23"><span class='ocrx_word' id='word_1_600' title='bbox 211 4856 378 4907; x_wconf 81' lang='lat' dir='ltr'><strong>inium</strong></span> <span class='ocrx_word' id='word_1_601' title='bbox 405 4857 607 4922; x_wconf 90' lang='lat' dir='ltr'><strong>judicio</strong></span> <span class='ocrx_word' id='word_1_602' title='bbox 634 4857 857 4921; x_wconf 81' lang='lat' dir='ltr'><strong>conlisi,</strong></span> <span class='ocrx_word' id='word_1_603' title='bbox 905 4859 964 4928; x_wconf 90' lang='lat' dir='ltr'><strong>in</strong></span> <span class='ocrx_word' id='word_1_604' title='bbox 1013 4860 1363 4928; x_wconf 87' lang='lat' dir='ltr'><strong>gravissimos</strong></span> <span class='ocrx_word' id='word_1_605' title='bbox 1410 4872 1463 4913; x_wconf 90' lang='lat' dir='ltr'><strong>et</strong></span> <span class='ocrx_word' id='word_1_606' title='bbox 1490 4856 1800 4928; x_wconf 70' lang='lat' dir='ltr'><strong>sumendos</strong></span> 
     </span>
    </p>
   </div>
   <div class='ocr_carea' id='block_1_84' title="bbox 205 4927 1800 4993">
    <p class='ocr_par' dir='ltr' id='par_1_84' title="bbox 205 4927 1800 4993">
     <span class='ocr_line' id='line_1_84' title="bbox 205 4927 1800 4993; baseline 0.004 -18"><span class='ocrx_word' id='word_1_607' title='bbox 205 4941 425 4979; x_wconf 77' lang='lat' dir='ltr'><strong>errores</strong></span> <span class='ocrx_word' id='word_1_608' title='bbox 455 4928 689 4993; x_wconf 88' lang='lat' dir='ltr'><strong>prolapsi</strong></span> <span class='ocrx_word' id='word_1_609' title='bbox 716 4937 861 4981; x_wconf 90' lang='lat' dir='ltr'><strong>sunt.</strong></span> <span class='ocrx_word' id='word_1_610' title='bbox 895 4927 952 4983; x_wconf 89' lang='lat' dir='ltr'><strong>S.</strong></span> <span class='ocrx_word' id='word_1_611' title='bbox 990 4927 1291 4983; x_wconf 76' lang='lat' dir='ltr'><strong>Duratheus</strong></span> <span class='ocrx_word' id='word_1_612' title='bbox 1320 4945 1483 4985; x_wconf 86' lang='lat' dir='ltr'><strong>serm.</strong></span> <span class='ocrx_word' id='word_1_613' title='bbox 1521 4930 1624 4984; x_wconf 68' lang='lat'><strong>19:</strong></span> <span class='ocrx_word' id='word_1_614' title='bbox 1672 4927 1800 4983; x_wconf 85' lang='lat' dir='ltr'><strong>Cum</strong></span> 
     </span>
    </p>
   </div>
   <div class='ocr_carea' id='block_1_85' title="bbox 206 4998 1802 5067">
    <p class='ocr_par' dir='ltr' id='par_1_85' title="bbox 206 4998 1802 5067">
     <span class='ocr_line' id='line_1_85' title="bbox 206 4998 1802 5067; baseline 0.004 -22"><span class='ocrx_word' id='word_1_615' title='bbox 206 4999 368 5048; x_wconf 86' lang='lat' dir='ltr'><strong>simus</strong></span> <span class='ocrx_word' id='word_1_616' title='bbox 393 5037 409 5061; x_wconf 91' lang='lat'><strong>,</strong></span> <span class='ocrx_word' id='word_1_617' title='bbox 437 4998 628 5065; x_wconf 87' lang='lat' dir='ltr'><strong>inquit,</strong></span> <span class='ocrx_word' id='word_1_618' title='bbox 654 5000 867 5065; x_wconf 78' lang='lat' dir='ltr'><strong>subjecti</strong></span> <span class='ocrx_word' id='word_1_619' title='bbox 884 5001 1059 5053; x_wconf 87' lang='lat' dir='ltr'><strong>multis</strong></span> <span class='ocrx_word' id='word_1_620' title='bbox 1087 5000 1405 5066; x_wconf 83' lang='lat' dir='ltr'><strong>passionibus</strong></span> <span class='ocrx_word' id='word_1_621' title='bbox 1436 5003 1701 5067; x_wconf 82' lang='lat' dir='ltr'><strong>pravisque</strong></span> <span class='ocrx_word' id='word_1_622' title='bbox 1721 4999 1802 5067; x_wconf 77' lang='lat' dir='ltr'><strong>af-</strong></span> 
     </span>
    </p>
   </div>
   <div class='ocr_carea' id='block_1_86' title="bbox 207 5068 1800 5138">
    <p class='ocr_par' dir='ltr' id='par_1_86' title="bbox 207 5068 1800 5138">
     <span class='ocr_line' id='line_1_86' title="bbox 207 5068 1800 5138; baseline 0.005 -23"><span class='ocrx_word' id='word_1_623' title='bbox 207 5068 444 5133; x_wconf 67' lang='lat' dir='ltr'><strong>fectibus,</strong></span> <span class='ocrx_word' id='word_1_624' title='bbox 492 5082 663 5121; x_wconf 90' lang='lat' dir='ltr'><strong>nostra</strong></span> <span class='ocrx_word' id='word_1_625' title='bbox 711 5070 911 5138; x_wconf 89' lang='lat' dir='ltr'><strong>judicio</strong></span> <span class='ocrx_word' id='word_1_626' title='bbox 956 5087 1057 5123; x_wconf 88' lang='lat' dir='ltr'><strong>non</strong></span> <span class='ocrx_word' id='word_1_627' title='bbox 1081 5070 1318 5124; x_wconf 88' lang='lat' dir='ltr'><strong>debemus</strong></span> <span class='ocrx_word' id='word_1_628' title='bbox 1364 5072 1567 5122; x_wconf 86' lang='lat' dir='ltr'><strong>omnino</strong></span> <span class='ocrx_word' id='word_1_629' title='bbox 1619 5071 1800 5137; x_wconf 80' lang='lat' dir='ltr'><strong>[it/ere.</strong></span> 
     </span>
    </p>
   </div>
   <div class='ocr_carea' id='block_1_87' title="bbox 211 5138 1798 5209">
    <p class='ocr_par' dir='ltr' id='par_1_87' title="bbox 211 5138 1798 5209">
     <span class='ocr_line' id='line_1_87' title="bbox 211 5138 1798 5209; baseline 0.005 -24"><span class='ocrx_word' id='word_1_630' title='bbox 211 5138 435 5197; x_wconf 76' lang='lat' dir='ltr'><strong>Quando</strong></span> <span class='ocrx_word' id='word_1_631' title='bbox 459 5140 591 5191; x_wconf 84' lang='lat' dir='ltr'><strong>enim</strong></span> <span class='ocrx_word' id='word_1_632' title='bbox 616 5156 801 5192; x_wconf 88' lang='lat' dir='ltr'><strong>norma</strong></span> <span class='ocrx_word' id='word_1_633' title='bbox 832 5140 907 5192; x_wconf 89' lang='lat' dir='ltr'><strong>vel</strong></span> <span class='ocrx_word' id='word_1_634' title='bbox 962 5140 1138 5209; x_wconf 85' lang='lat' dir='ltr'><strong>regula</strong></span> <span class='ocrx_word' id='word_1_635' title='bbox 1186 5156 1342 5192; x_wconf 84' lang='lat' dir='ltr'><strong>curva</strong></span> <span class='ocrx_word' id='word_1_636' title='bbox 1386 5150 1459 5193; x_wconf 85' lang='lat' dir='ltr'><strong>est</strong></span> <span class='ocrx_word' id='word_1_637' title='bbox 1490 5154 1537 5193; x_wconf 87' lang='lat' dir='ltr'><strong>et</strong></span> <span class='ocrx_word' id='word_1_638' title='bbox 1569 5141 1760 5207; x_wconf 66' lang='lat' dir='ltr'><strong>inﬂexa</strong></span> <span class='ocrx_word' id='word_1_639' title='bbox 1783 5182 1798 5205; x_wconf 90' lang='lat'><strong>,</strong></span> 
     </span>
    </p>
   </div>
   <div class='ocr_carea' id='block_1_88' title="bbox 206 5211 1803 5281">
    <p class='ocr_par' dir='ltr' id='par_1_88' title="bbox 206 5211 1803 5281">
     <span class='ocr_line' id='line_1_88' title="bbox 206 5211 1803 5281; baseline 0.006 -27"><span class='ocrx_word' id='word_1_640' title='bbox 206 5212 643 5281; x_wconf 73' lang='lat' dir='ltr'><strong>murtquamguod</strong></span> <span class='ocrx_word' id='word_1_641' title='bbox 688 5212 966 5281; x_wconf 82' lang='lat' dir='ltr'><strong>secundum</strong></span> <span class='ocrx_word' id='word_1_642' title='bbox 998 5228 1109 5264; x_wconf 88' lang='lat' dir='ltr'><strong>eam</strong></span> <span class='ocrx_word' id='word_1_643' title='bbox 1153 5212 1395 5281; x_wconf 78' lang='lat' dir='ltr'><strong>dirigitur</strong></span> <span class='ocrx_word' id='word_1_644' title='bbox 1422 5223 1613 5263; x_wconf 87' lang='lat' dir='ltr'><strong>rectum</strong></span> <span class='ocrx_word' id='word_1_645' title='bbox 1652 5211 1803 5279; x_wconf 71' lang='grc' dir='ltr'><strong>εθῖεὶ-</strong></span> 
     </span>
    </p>
   </div>
   <div class='ocr_carea' id='block_1_89' title="bbox 206 5279 1798 5349">
    <p class='ocr_par' dir='ltr' id='par_1_89' title="bbox 206 5279 1798 5349">
     <span class='ocr_line' id='line_1_89' title="bbox 206 5279 1798 5349; baseline 0.001 -17"><span class='ocrx_word' id='word_1_646' title='bbox 206 5279 426 5349; x_wconf 77' lang='lat' dir='ltr'><strong>!_n_r._sed</strong></span> <span class='ocrx_word' id='word_1_647' title='bbox 464 5280 757 5332; x_wconf 86' lang='lat' dir='ltr'><strong>distortum.</strong></span> <span class='ocrx_word' id='word_1_648' title='bbox 794 5280 851 5335; x_wconf 93' lang='lat' dir='ltr'><strong>S.</strong></span> <span class='ocrx_word' id='word_1_649' title='bbox 916 5279 1396 5349; x_wconf 29' lang='lat' dir='ltr'><strong>Benedit&#39;tus‘cap.</strong></span> <span class='ocrx_word' id='word_1_650' title='bbox 1454 5283 1488 5335; x_wconf 82' lang='grc'><strong>5</strong></span> <span class='ocrx_word' id='word_1_651' title='bbox 1543 5282 1798 5349; x_wconf 72' lang='lat' dir='ltr'><strong>Regulae:</strong></span> 
     </span>
    </p>
   </div>
   <div class='ocr_carea' id='block_1_90' title="bbox 210 5344 1803 5421">
    <p class='ocr_par' dir='ltr' id='par_1_90' title="bbox 210 5344 1803 5421">
     <span class='ocr_line' id='line_1_90' title="bbox 210 5344 1803 5421; baseline 0.005 -24"><span class='ocrx_word' id='word_1_652' title='bbox 210 5344 407 5421; x_wconf 82' lang='lat' dir='ltr'><strong>Nullus</strong></span> <span class='ocrx_word' id='word_1_653' title='bbox 436 5350 490 5421; x_wconf 74' lang='lat' dir='ltr'><strong>in</strong></span> <span class='ocrx_word' id='word_1_654' title='bbox 518 5351 828 5404; x_wconf 79' lang='lat' dir='ltr'><strong>monasterio</strong></span> <span class='ocrx_word' id='word_1_655' title='bbox 878 5353 1076 5417; x_wconf 85' lang='lat' dir='ltr'><strong>proprii</strong></span> <span class='ocrx_word' id='word_1_656' title='bbox 1101 5344 1538 5421; x_wconf 37' lang='lat' dir='ltr'><strong>sequatur-cordis</strong></span> <span class='ocrx_word' id='word_1_657' title='bbox 1567 5344 1803 5405; x_wconf 78' lang='lat' dir='ltr'><strong>volunta-</strong></span> 
     </span>
    </p>
   </div>
   <div class='ocr_carea' id='block_1_91' title="bbox 205 5419 1793 5477">
    <p class='ocr_par' dir='ltr' id='par_1_91' title="bbox 205 5419 1793 5477">
     <span class='ocr_line' id='line_1_91' title="bbox 205 5419 1793 5477; baseline 0.009 -13"><span class='ocrx_word' id='word_1_658' title='bbox 205 5425 327 5468; x_wconf 85' lang='lat' dir='ltr'><strong>tem.</strong></span> <span class='ocrx_word' id='word_1_659' title='bbox 364 5419 425 5472; x_wconf 83' lang='grc' dir='ltr'><strong>υ.</strong></span> <span class='ocrx_word' id='word_1_660' title='bbox 455 5419 760 5473; x_wconf 80' lang='lat' dir='ltr'><strong>Bernardus</strong></span> <span class='ocrx_word' id='word_1_661' title='bbox 786 5437 950 5476; x_wconf 72' lang='lat' dir='ltr'><strong>serm.</strong></span> <span class='ocrx_word' id='word_1_662' title='bbox 980 5423 1016 5475; x_wconf 75' lang='lat'><strong>‘2</strong></span> <span class='ocrx_word' id='word_1_663' title='bbox 1056 5432 1110 5476; x_wconf 88' lang='lat' dir='ltr'><strong>et</strong></span> <span class='ocrx_word' id='word_1_664' title='bbox 1154 5419 1187 5476; x_wconf 82' lang='grc'><strong>5</strong></span> <span class='ocrx_word' id='word_1_665' title='bbox 1232 5420 1300 5475; x_wconf 85' lang='lat' dir='ltr'><strong>de</strong></span> <span class='ocrx_word' id='word_1_666' title='bbox 1331 5421 1749 5477; x_wconf 73' lang='lat' dir='ltr'><strong>Resurrnctione</strong></span> <span class='ocrx_word' id='word_1_667' title='bbox 1778 5440 1793 5477; x_wconf 87' lang='lat'><strong>:</strong></span> 
     </span>
    </p>
   </div>
   <div class='ocr_carea' id='block_1_92' title="bbox 207 5486 1796 5562">
    <p class='ocr_par' dir='ltr' id='par_1_92' title="bbox 207 5486 1796 5562">
     <span class='ocr_line' id='line_1_92' title="bbox 207 5486 1796 5562; baseline 0.004 -21"><span class='ocrx_word' id='word_1_668' title='bbox 207 5486 339 5562; x_wconf 53' lang='lat' dir='ltr'><strong>Qui:</strong></span> <span class='ocrx_word' id='word_1_669' title='bbox 365 5494 539 5562; x_wconf 82' lang='lat' dir='ltr'><strong>major</strong></span> <span class='ocrx_word' id='word_1_670' title='bbox 569 5493 806 5557; x_wconf 87' lang='lat' dir='ltr'><strong>superbia</strong></span> <span class='ocrx_word' id='word_1_671' title='bbox 853 5510 960 5547; x_wconf 87' lang='lat' dir='ltr'><strong>esse</strong></span> <span class='ocrx_word' id='word_1_672' title='bbox 994 5505 1154 5559; x_wconf 88' lang='lat' dir='ltr'><strong>potest</strong></span> <span class='ocrx_word' id='word_1_673' title='bbox 1183 5509 1334 5562; x_wconf 86' lang='lat' dir='ltr'><strong>quam</strong></span> <span class='ocrx_word' id='word_1_674' title='bbox 1398 5494 1443 5546; x_wconf 90' lang='lat' dir='ltr'><strong>si</strong></span> <span class='ocrx_word' id='word_1_675' title='bbox 1488 5509 1619 5545; x_wconf 88' lang='lat' dir='ltr'><strong>unus</strong></span> <span class='ocrx_word' id='word_1_676' title='bbox 1649 5509 1796 5547; x_wconf 89' lang='lat' dir='ltr'><strong>suum</strong></span> 
     </span>
    </p>
   </div>
   <div class='ocr_carea' id='block_1_93' title="bbox 208 5558 1796 5634">
    <p class='ocr_par' dir='ltr' id='par_1_93' title="bbox 208 5558 1796 5634">
     <span class='ocr_line' id='line_1_93' title="bbox 208 5558 1796 5634; baseline 0.004 -24"><span class='ocrx_word' id='word_1_677' title='bbox 208 5558 463 5634; x_wconf 80' lang='lat' dir='ltr'><strong>iudicium</strong></span> <span class='ocrx_word' id='word_1_678' title='bbox 495 5564 746 5634; x_wconf 63' lang='lat' dir='ltr'><strong>pra&#39;ferat</strong></span> <span class='ocrx_word' id='word_1_679' title='bbox 792 5558 1042 5618; x_wconf 76' lang='lat' dir='ltr'><strong>universa:</strong></span> <span class='ocrx_word' id='word_1_680' title='bbox 1104 5558 1505 5634; x_wconf 74' lang='lat' dir='ltr'><strong>congregationis</strong></span> <span class='ocrx_word' id='word_1_681' title='bbox 1562 5564 1796 5634; x_wconf 82' lang='lat' dir='ltr'><strong>judicio,</strong></span> 
     </span>
    </p>
   </div>
   <div class='ocr_carea' id='block_1_94' title="bbox 205 5630 1799 5706">
    <p class='ocr_par' dir='ltr' id='par_1_94' title="bbox 205 5630 1799 5706">
     <span class='ocr_line' id='line_1_94' title="bbox 205 5630 1799 5706; baseline 0.008 -30"><span class='ocrx_word' id='word_1_682' title='bbox 205 5630 358 5706; x_wconf 73' lang='lat' dir='ltr'><strong>quasi</strong></span> <span class='ocrx_word' id='word_1_683' title='bbox 411 5630 565 5706; x_wconf 77' lang='lat' dir='ltr'><strong>solus</strong></span> <span class='ocrx_word' id='word_1_684' title='bbox 618 5632 819 5706; x_wconf 70' lang='lat' dir='ltr'><strong>haberet</strong></span> <span class='ocrx_word' id='word_1_685' title='bbox 870 5634 1119 5706; x_wconf 77' lang='lat' dir='ltr'><strong>Spiritum</strong></span> <span class='ocrx_word' id='word_1_686' title='bbox 1179 5630 1318 5686; x_wconf 73' lang='lat' dir='ltr'><strong>Dei?</strong></span> <span class='ocrx_word' id='word_1_687' title='bbox 1356 5632 1421 5685; x_wconf 85' lang='lat' dir='ltr'><strong>Et</strong></span> <span class='ocrx_word' id='word_1_688' title='bbox 1474 5630 1799 5706; x_wconf 57' lang='lat' dir='ltr'><strong>iteratntln</strong></span> 
     </span>
    </p>
   </div>
   <div class='ocr_carea' id='block_1_95' title="bbox 203 5698 1799 5773">
    <p class='ocr_par' dir='ltr' id='par_1_95' title="bbox 203 5698 1799 5773">
     <span class='ocr_line' id='line_1_95' title="bbox 203 5698 1799 5773; baseline 0.004 -23"><span class='ocrx_word' id='word_1_689' title='bbox 203 5698 580 5773; x_wconf 60' lang='lat' dir='ltr'><strong>cordeduplea:</strong></span> <span class='ocrx_word' id='word_1_690' title='bbox 603 5712 676 5754; x_wconf 86' lang='lat' dir='ltr'><strong>est</strong></span> <span class='ocrx_word' id='word_1_691' title='bbox 707 5702 871 5767; x_wconf 83' lang='lat' dir='ltr'><strong>lepra,</strong></span> <span class='ocrx_word' id='word_1_692' title='bbox 898 5698 1110 5773; x_wconf 81' lang='lat' dir='ltr'><strong>propria</strong></span> <span class='ocrx_word' id='word_1_693' title='bbox 1130 5705 1387 5770; x_wconf 83' lang='lat' dir='ltr'><strong>voluntas,</strong></span> <span class='ocrx_word' id='word_1_694' title='bbox 1439 5713 1489 5756; x_wconf 91' lang='lat' dir='ltr'><strong>et</strong></span> <span class='ocrx_word' id='word_1_695' title='bbox 1533 5704 1799 5772; x_wconf 85' lang='lat' dir='ltr'><strong>proprium</strong></span> 
     </span>
    </p>
   </div>
   <div class='ocr_carea' id='block_1_96' title="bbox 205 5768 1797 5845">
    <p class='ocr_par' dir='ltr' id='par_1_96' title="bbox 205 5768 1797 5845">
     <span class='ocr_line' id='line_1_96' title="bbox 205 5768 1797 5845; baseline 0.007 -26"><span class='ocrx_word' id='word_1_696' title='bbox 205 5768 509 5838; x_wconf 80' lang='lat' dir='ltr'><strong>consilium;</strong></span> <span class='ocrx_word' id='word_1_697' title='bbox 532 5772 680 5840; x_wconf 90' lang='lat' dir='ltr'><strong>lepra</strong></span> <span class='ocrx_word' id='word_1_698' title='bbox 704 5768 918 5845; x_wconf 80' lang='lat' dir='ltr'><strong>utraque</strong></span> <span class='ocrx_word' id='word_1_699' title='bbox 964 5775 1115 5828; x_wconf 85' lang='lat' dir='ltr'><strong>nimis</strong></span> <span class='ocrx_word' id='word_1_700' title='bbox 1162 5768 1398 5841; x_wconf 84' lang='lat' dir='ltr'><strong>pessima,</strong></span> <span class='ocrx_word' id='word_1_701' title='bbox 1430 5768 1588 5844; x_wconf 79' lang='lat' dir='ltr'><strong>eoque</strong></span> <span class='ocrx_word' id='word_1_702' title='bbox 1632 5777 1797 5844; x_wconf 67' lang='lat' dir='ltr'><strong>perni-</strong></span> 
     </span>
    </p>
   </div>
   <div class='ocr_carea' id='block_1_97' title="bbox 1828 4503 2549 4593">
    <p class='ocr_par' dir='ltr' id='par_1_97' title="bbox 1828 4503 2549 4593">
     <span class='ocr_line' id='line_1_97' title="bbox 1828 4503 2549 4593; baseline -0.008 -35"><span class='ocrx_word' id='word_1_703' title='bbox 1828 4531 1877 4593; x_wconf 68' lang='grc' dir='ltr'><strong>ι)</strong></span> <span class='ocrx_word' id='word_1_704' title='bbox 1916 4506 2001 4559; x_wconf 72' lang='grc' dir='ltr'><strong>τίω</strong></span> <span class='ocrx_word' id='word_1_705' title='bbox 2025 4504 2253 4593; x_wconf 76' lang='lat' dir='ltr'><strong>benignis</strong></span> <span class='ocrx_word' id='word_1_706' title='bbox 2276 4503 2549 4593; x_wconf 49' lang='lat' dir='ltr'><strong>ministret.</strong></span> 
     </span>
    </p>
   </div>
   <div class='ocr_carea' id='block_1_98' title="bbox 1988 3228 3498 3304">
    <p class='ocr_par' dir='ltr' id='par_1_98' title="bbox 1988 3228 3498 3304">
     <span class='ocr_line' id='line_1_98' title="bbox 1988 3228 3498 3304; baseline 0.001 -18"><span class='ocrx_word' id='word_1_707' title='bbox 1988 3244 2011 3272; x_wconf 75' lang='grc' dir='ltr'><strong><em>ο</em></strong></span> <span class='ocrx_word' id='word_1_708' title='bbox 2041 3231 2123 3286; x_wconf 92' lang='lat' dir='ltr'><strong>0b</strong></span> <span class='ocrx_word' id='word_1_709' title='bbox 2143 3228 2387 3304; x_wconf 70' lang='lat' dir='ltr'><strong>eamdem</strong></span> <span class='ocrx_word' id='word_1_710' title='bbox 2416 3242 2633 3304; x_wconf 79' lang='lat' dir='ltr'><strong>causam</strong></span> <span class='ocrx_word' id='word_1_711' title='bbox 2665 3242 2848 3304; x_wconf 79' lang='lat' dir='ltr'><strong>quam_</strong></span> <span class='ocrx_word' id='word_1_712' title='bbox 2863 3236 2917 3304; x_wconf 78' lang='lat' dir='ltr'><strong>et</strong></span> <span class='ocrx_word' id='word_1_713' title='bbox 2959 3228 3146 3304; x_wconf 91' lang='lat' dir='ltr'><strong>titulus</strong></span> <span class='ocrx_word' id='word_1_714' title='bbox 3195 3228 3353 3300; x_wconf 91' lang='lat' dir='ltr'><strong>hujus</strong></span> <span class='ocrx_word' id='word_1_715' title='bbox 3377 3246 3498 3304; x_wconf 90' lang='lat' dir='ltr'><strong>cap.</strong></span> 
     </span>
    </p>
   </div>
   <div class='ocr_carea' id='block_1_99' title="bbox 1909 3297 3502 3379">
    <p class='ocr_par' dir='ltr' id='par_1_99' title="bbox 1909 3297 3502 3379">
     <span class='ocr_line' id='line_1_99' title="bbox 1909 3297 3502 3379; baseline 0.001 -21"><span class='ocrx_word' id='word_1_716' title='bbox 1909 3305 2129 3379; x_wconf 64' lang='lat' dir='ltr'><strong>praefert</strong></span> <span class='ocrx_word' id='word_1_717' title='bbox 2160 3302 2221 3356; x_wconf 82' lang='grc' dir='ltr'>ι).</span> <span class='ocrx_word' id='word_1_718' title='bbox 2250 3301 2575 3379; x_wconf 70' lang='lat' dir='ltr'><strong>Benedictus</strong></span> <span class='ocrx_word' id='word_1_719' title='bbox 2610 3299 2629 3371; x_wconf 96' lang='lat'><strong>(</strong></span> <span class='ocrx_word' id='word_1_720' title='bbox 2661 3297 2894 3379; x_wconf 77' lang='lat' dir='ltr'><strong>Cap._5)</strong></span> <span class='ocrx_word' id='word_1_721' title='bbox 2940 3303 3160 3379; x_wconf 84' lang='lat' dir='ltr'><strong>statuit,_</strong></span> <span class='ocrx_word' id='word_1_722' title='bbox 3202 3297 3280 3355; x_wconf 54' lang='lat' dir='ltr'><strong>ut&#39;</strong></span> <span class='ocrx_word' id='word_1_723' title='bbox 3305 3297 3502 3373; x_wconf 72' lang='lat' dir='ltr'><strong>quoties</strong></span> 
     </span>
    </p>
   </div>
   <div class='ocr_carea' id='block_1_100' title="bbox 1909 3370 3503 3444">
    <p class='ocr_par' dir='ltr' id='par_1_100' title="bbox 1909 3370 3503 3444">
     <span class='ocr_line' id='line_1_100' title="bbox 1909 3370 3503 3444; baseline -0.001 -13"><span class='ocrx_word' id='word_1_724' title='bbox 1909 3370 2088 3444; x_wconf 74' lang='lat' dir='ltr'><strong>aliqua</strong></span> <span class='ocrx_word' id='word_1_725' title='bbox 2118 3374 2382 3444; x_wconf 67' lang='lat' dir='ltr'><strong>praecipua</strong></span> <span class='ocrx_word' id='word_1_726' title='bbox 2405 3372 2605 3444; x_wconf 86' lang='lat' dir='ltr'><strong>agenda</strong></span> <span class='ocrx_word' id='word_1_727' title='bbox 2624 3370 2753 3425; x_wconf 87' lang='lat' dir='ltr'><strong>sunt</strong></span> <span class='ocrx_word' id='word_1_728' title='bbox 2796 3370 2849 3423; x_wconf 92' lang='lat' dir='ltr'><strong>in</strong></span> <span class='ocrx_word' id='word_1_729' title='bbox 2888 3374 3196 3444; x_wconf 87' lang='lat' dir='ltr'><strong>monasterio</strong></span> <span class='ocrx_word' id='word_1_730' title='bbox 3218 3417 3233 3440; x_wconf 91' lang='lat'><strong>,</strong></span> <span class='ocrx_word' id='word_1_731' title='bbox 3262 3370 3503 3431; x_wconf 86' lang='lat' dir='ltr'><strong>convocet</strong></span> 
     </span>
    </p>
   </div>
   <div class='ocr_carea' id='block_1_101' title="bbox 1909 3443 3502 3517">
    <p class='ocr_par' dir='ltr' id='par_1_101' title="bbox 1909 3443 3502 3517">
     <span class='ocr_line' id='line_1_101' title="bbox 1909 3443 3502 3517; baseline -0.001 -14"><span class='ocrx_word' id='word_1_732' title='bbox 1909 3443 2065 3503; x_wconf 90' lang='lat' dir='ltr'><strong>abbas</strong></span> <span class='ocrx_word' id='word_1_733' title='bbox 2092 3443 2287 3498; x_wconf 87' lang='lat' dir='ltr'><strong>omnem</strong></span> <span class='ocrx_word' id='word_1_734' title='bbox 2312 3443 2764 3517; x_wconf 74' lang='lat' dir='ltr'><strong>congregationem</strong></span> <span class='ocrx_word' id='word_1_735' title='bbox 2789 3483 2804 3507; x_wconf 96' lang='lat'><strong>,</strong></span> <span class='ocrx_word' id='word_1_736' title='bbox 2838 3449 2885 3494; x_wconf 89' lang='lat' dir='ltr'><strong>et</strong></span> <span class='ocrx_word' id='word_1_737' title='bbox 2914 3443 3052 3497; x_wconf 88' lang='lat' dir='ltr'><strong>dicat</strong></span> <span class='ocrx_word' id='word_1_738' title='bbox 3090 3448 3200 3513; x_wconf 84' lang='lat' dir='ltr'><strong>ipse</strong></span> <span class='ocrx_word' id='word_1_739' title='bbox 3230 3447 3367 3498; x_wconf 91' lang='lat' dir='ltr'><strong>unde</strong></span> <span class='ocrx_word' id='word_1_740' title='bbox 3388 3449 3502 3517; x_wconf 85' lang='lat' dir='ltr'><strong>agi-</strong></span> 
     </span>
    </p>
   </div>
   <div class='ocr_carea' id='block_1_102' title="bbox 1911 3513 3497 3588">
    <p class='ocr_par' dir='ltr' id='par_1_102' title="bbox 1911 3513 3497 3588">
     <span class='ocr_line' id='line_1_102' title="bbox 1911 3513 3497 3588; baseline -0.001 -15"><span class='ocrx_word' id='word_1_741' title='bbox 1911 3530 2027 3583; x_wconf 91' lang='lat' dir='ltr'><strong>tur;</strong></span> <span class='ocrx_word' id='word_1_742' title='bbox 2070 3524 2118 3569; x_wconf 89' lang='lat' dir='ltr'><strong>et</strong></span> <span class='ocrx_word' id='word_1_743' title='bbox 2148 3517 2368 3588; x_wconf 88' lang='lat' dir='ltr'><strong>audiens</strong></span> <span class='ocrx_word' id='word_1_744' title='bbox 2411 3514 2707 3588; x_wconf 69' lang='lat' dir='ltr'><strong>consilium</strong></span> <span class='ocrx_word' id='word_1_745' title='bbox 2738 3513 2979 3588; x_wconf 69' lang='lat' dir='ltr'><strong>fratrum,</strong></span> <span class='ocrx_word' id='word_1_746' title='bbox 3027 3523 3206 3568; x_wconf 89' lang='lat' dir='ltr'><strong>tractet</strong></span> <span class='ocrx_word' id='word_1_747' title='bbox 3240 3520 3383 3585; x_wconf 85' lang='lat' dir='ltr'><strong>apud</strong></span> <span class='ocrx_word' id='word_1_748' title='bbox 3406 3513 3461 3571; x_wconf 76' lang='grc' dir='ltr'><strong><em>δέ</em></strong></span> <span class='ocrx_word' id='word_1_749' title='bbox 3481 3563 3497 3588; x_wconf 93' lang='lat'><strong>,</strong></span> 
     </span>
    </p>
   </div>
   <div class='ocr_carea' id='block_1_103' title="bbox 1908 3580 3496 3657">
    <p class='ocr_par' dir='ltr' id='par_1_103' title="bbox 1908 3580 3496 3657">
     <span class='ocr_line' id='line_1_103' title="bbox 1908 3580 3496 3657; baseline -0.001 -13"><span class='ocrx_word' id='word_1_750' title='bbox 1908 3600 1959 3644; x_wconf 91' lang='lat' dir='ltr'><strong>et</strong></span> <span class='ocrx_word' id='word_1_751' title='bbox 1985 3580 2121 3657; x_wconf 84' lang='lat' dir='ltr'><strong>quod</strong></span> <span class='ocrx_word' id='word_1_752' title='bbox 2147 3587 2323 3639; x_wconf 89' lang='lat' dir='ltr'><strong>utilius</strong></span> <span class='ocrx_word' id='word_1_753' title='bbox 2342 3584 2669 3657; x_wconf 72' lang='lat' dir='ltr'><strong>judicaverit</strong></span> <span class='ocrx_word' id='word_1_754' title='bbox 2680 3584 2853 3657; x_wconf 72' lang='lat' dir='ltr'><strong>faciat.</strong></span> <span class='ocrx_word' id='word_1_755' title='bbox 2895 3580 3023 3636; x_wconf 85' lang='lat' dir='ltr'><strong>Ideo</strong></span> <span class='ocrx_word' id='word_1_756' title='bbox 3044 3656 3047 3657; x_wconf 14' lang='grc' dir='ltr'><em>ν</em></span> <span class='ocrx_word' id='word_1_757' title='bbox 3066 3580 3496 3657; x_wconf 72' lang='grc' dir='ltr'><strong>αυιειη,’ὶιι‹μιίι,</strong></span> 
     </span>
    </p>
   </div>
   <div class='ocr_carea' id='block_1_104' title="bbox 1910 3652 3500 3735">
    <p class='ocr_par' dir='ltr' id='par_1_104' title="bbox 1910 3652 3500 3735">
     <span class='ocr_line' id='line_1_104' title="bbox 1910 3652 3500 3735; baseline -0.003 -22"><span class='ocrx_word' id='word_1_758' title='bbox 1910 3652 2081 3713; x_wconf 84' lang='lat' dir='ltr'><strong>omnes</strong></span> <span class='ocrx_word' id='word_1_759' title='bbox 2105 3658 2173 3709; x_wconf 90' lang='lat' dir='ltr'><strong>ad</strong></span> <span class='ocrx_word' id='word_1_760' title='bbox 2202 3652 2474 3735; x_wconf 75' lang='lat' dir='ltr'><strong>consilium</strong></span> <span class='ocrx_word' id='word_1_761' title='bbox 2500 3654 2676 3735; x_wconf 64' lang='lat' dir='ltr'><strong>vocari</strong></span> <span class='ocrx_word' id='word_1_762' title='bbox 2695 3652 3084 3735; x_wconf 47' lang='lat' dir='ltr'><strong>dixintus3‘quia</strong></span> <span class='ocrx_word' id='word_1_763' title='bbox 3112 3671 3246 3735; x_wconf 64' lang='lat' dir='ltr'><strong>saepe</strong></span> <span class='ocrx_word' id='word_1_764' title='bbox 3290 3652 3500 3735; x_wconf 57' lang='grc' dir='ltr'><strong>ῥαίςὶρᾶ</strong></span> 
     </span>
    </p>
   </div>
   <div class='ocr_carea' id='block_1_105' title="bbox 1908 3721 3495 3793">
    <p class='ocr_par' dir='ltr' id='par_1_105' title="bbox 1908 3721 3495 3793">
     <span class='ocr_line' id='line_1_105' title="bbox 1908 3721 3495 3793; baseline -0.001 -11"><span class='ocrx_word' id='word_1_765' title='bbox 1908 3730 2162 3783; x_wconf 88' lang='lat' dir='ltr'><strong>Dominus</strong></span> <span class='ocrx_word' id='word_1_766' title='bbox 2181 3725 2368 3779; x_wconf 88' lang='lat' dir='ltr'><strong>revelat</strong></span> <span class='ocrx_word' id='word_1_767' title='bbox 2389 3724 2526 3789; x_wconf 90' lang='lat' dir='ltr'><strong>quod</strong></span> <span class='ocrx_word' id='word_1_768' title='bbox 2555 3722 2739 3793; x_wconf 76' lang='lat' dir='ltr'><strong>melius</strong></span> <span class='ocrx_word' id='word_1_769' title='bbox 2765 3731 2863 3775; x_wconf 86' lang='lat' dir='ltr'><strong>est.</strong></span> <span class='ocrx_word' id='word_1_770' title='bbox 2896 3721 2996 3776; x_wconf 90' lang='lat' dir='ltr'><strong>Ubi</strong></span> <span class='ocrx_word' id='word_1_771' title='bbox 3051 3721 3320 3793; x_wconf 80' lang='lat' dir='ltr'><strong>respicere</strong></span> <span class='ocrx_word' id='word_1_772' title='bbox 3343 3728 3495 3783; x_wconf 85' lang='lat' dir='ltr'><strong>vide-</strong></span> 
     </span>
    </p>
   </div>
   <div class='ocr_carea' id='block_1_106' title="bbox 1908 3790 3497 3867">
    <p class='ocr_par' dir='ltr' id='par_1_106' title="bbox 1908 3790 3497 3867">
     <span class='ocr_line' id='line_1_106' title="bbox 1908 3790 3497 3867; baseline -0.007 -13"><span class='ocrx_word' id='word_1_773' title='bbox 1908 3809 1997 3853; x_wconf 89' lang='lat' dir='ltr'><strong>tur</strong></span> <span class='ocrx_word' id='word_1_774' title='bbox 2043 3796 2169 3850; x_wconf 91' lang='lat' dir='ltr'><strong>illud</strong></span> <span class='ocrx_word' id='word_1_775' title='bbox 2207 3794 2567 3867; x_wconf 2' lang='lat' dir='ltr'><strong>(Evangelium</strong></span> <span class='ocrx_word' id='word_1_776' title='bbox 2617 3790 2922 3867; x_wconf 43' lang='lat' dir='ltr'><strong>:HConﬁteor</strong></span> <span class='ocrx_word' id='word_1_777' title='bbox 2969 3790 3497 3867; x_wconf 45' lang='lat' dir='ltr'><strong>_tibi_,&#39;l’ater,quia</strong></span> 
     </span>
    </p>
   </div>
   <div class='ocr_carea' id='block_1_107' title="bbox 1905 3861 3495 3931">
    <p class='ocr_par' dir='ltr' id='par_1_107' title="bbox 1905 3861 3495 3931">
     <span class='ocr_line' id='line_1_107' title="bbox 1905 3861 3495 3931; baseline 0 -9"><span class='ocrx_word' id='word_1_778' title='bbox 1905 3865 2216 3922; x_wconf 90' lang='lat' dir='ltr'><strong>abscondisti</strong></span> <span class='ocrx_word' id='word_1_779' title='bbox 2241 3865 2349 3916; x_wconf 68' lang='lat' dir='ltr'><strong>haec</strong></span> <span class='ocrx_word' id='word_1_780' title='bbox 2369 3861 2401 3914; x_wconf 91' lang='lat' dir='ltr'><strong>a</strong></span> <span class='ocrx_word' id='word_1_781' title='bbox 2430 3861 2745 3930; x_wconf 81' lang='lat' dir='ltr'><strong>sapientibus</strong></span> <span class='ocrx_word' id='word_1_782' title='bbox 2773 3872 2821 3914; x_wconf 89' lang='lat' dir='ltr'><strong>et</strong></span> <span class='ocrx_word' id='word_1_783' title='bbox 2842 3863 3198 3931; x_wconf 85' lang='lat' dir='ltr'><strong>prudentibus,</strong></span> <span class='ocrx_word' id='word_1_784' title='bbox 3224 3875 3273 3917; x_wconf 88' lang='lat' dir='ltr'><strong>et</strong></span> <span class='ocrx_word' id='word_1_785' title='bbox 3301 3861 3495 3921; x_wconf 70' lang='lat' dir='ltr'><strong>revela-</strong></span> 
     </span>
    </p>
   </div>
   <div class='ocr_carea' id='block_1_108' title="bbox 1906 3931 3490 4004">
    <p class='ocr_par' dir='ltr' id='par_1_108' title="bbox 1906 3931 3490 4004">
     <span class='ocr_line' id='line_1_108' title="bbox 1906 3931 3490 4004; baseline 0.001 -13"><span class='ocrx_word' id='word_1_786' title='bbox 1906 3940 1973 3992; x_wconf 89' lang='lat' dir='ltr'><strong>sti</strong></span> <span class='ocrx_word' id='word_1_787' title='bbox 2003 3953 2063 3991; x_wconf 91' lang='lat' dir='ltr'><strong>ea</strong></span> <span class='ocrx_word' id='word_1_788' title='bbox 2087 3936 2316 4004; x_wconf 89' lang='lat' dir='ltr'><strong>parvulis</strong></span> <span class='ocrx_word' id='word_1_789' title='bbox 2370 3931 2585 4004; x_wconf 80' lang='lat' dir='ltr'><strong>(Matth.</strong></span> <span class='ocrx_word' id='word_1_790' title='bbox 2639 3933 2983 4004; x_wconf 77' lang='lat' dir='ltr'><strong>x1);etillud</strong></span> <span class='ocrx_word' id='word_1_791' title='bbox 3024 3934 3266 4001; x_wconf 84' lang='lat' dir='ltr'><strong>Apostoli</strong></span> <span class='ocrx_word' id='word_1_792' title='bbox 3301 3935 3344 3997; x_wconf 81' lang='grc' dir='ltr'><strong>(Ι</strong></span> <span class='ocrx_word' id='word_1_793' title='bbox 3371 3938 3490 3993; x_wconf 85' lang='lat' dir='ltr'><strong>Cor.</strong></span> 
     </span>
    </p>
   </div>
   <div class='ocr_carea' id='block_1_109' title="bbox 1903 4003 3492 4079">
    <p class='ocr_par' dir='ltr' id='par_1_109' title="bbox 1903 4003 3492 4079">
     <span class='ocr_line' id='line_1_109' title="bbox 1903 4003 3492 4079; baseline 0.011 -32"><span class='ocrx_word' id='word_1_794' title='bbox 1903 4008 2016 4079; x_wconf 72' lang='grc' dir='ltr'><strong>χιν)</strong></span> <span class='ocrx_word' id='word_1_795' title='bbox 2052 4003 2159 4062; x_wconf 64' lang='grc' dir='ltr'><strong>πεί</strong></span> <span class='ocrx_word' id='word_1_796' title='bbox 2179 4003 2389 4079; x_wconf 77' lang='lat' dir='ltr'><strong>juniori</strong></span> <span class='ocrx_word' id='word_1_797' title='bbox 2418 4003 2705 4079; x_wconf 70' lang='lat' dir='ltr'><strong>revelatum</strong></span> <span class='ocrx_word' id='word_1_798' title='bbox 2719 4003 2893 4079; x_wconf 78' lang='lat' dir='ltr'><strong>fuerit,</strong></span> <span class='ocrx_word' id='word_1_799' title='bbox 2923 4006 3094 4079; x_wconf 65' lang='lat' dir='ltr'><strong>senigr</strong></span> <span class='ocrx_word' id='word_1_800' title='bbox 3138 4008 3492 4079; x_wconf 26' lang='lat' dir='ltr'><strong>taceattHinc</strong></span> 
     </span>
    </p>
   </div>
   <div class='ocr_carea' id='block_1_110' title="bbox 1908 4074 3490 4148">
    <p class='ocr_par' dir='ltr' id='par_1_110' title="bbox 1908 4074 3490 4148">
     <span class='ocr_line' id='line_1_110' title="bbox 1908 4074 3490 4148; baseline -0.001 -13"><span class='ocrx_word' id='word_1_801' title='bbox 1908 4074 2232 4148; x_wconf 74' lang='lat' dir='ltr'><strong>smaragdos</strong></span> <span class='ocrx_word' id='word_1_802' title='bbox 2253 4077 2418 4148; x_wconf 72' lang='lat' dir='ltr'><strong>abbas</strong></span> <span class='ocrx_word' id='word_1_803' title='bbox 2450 4074 2795 4148; x_wconf 79' lang='lat' dir='ltr'><strong>in___eumdetn</strong></span> <span class='ocrx_word' id='word_1_804' title='bbox 2822 4074 2995 4148; x_wconf 86' lang='lat' dir='ltr'><strong>locum</strong></span> <span class='ocrx_word' id='word_1_805' title='bbox 3025 4074 3236 4148; x_wconf 70' lang='lat' dir='ltr'><strong>Regula:</strong></span> <span class='ocrx_word' id='word_1_806' title='bbox 3255 4095 3284 4148; x_wconf 56' lang='grc' dir='ltr'><em>ε</em></span> <span class='ocrx_word' id='word_1_807' title='bbox 3317 4077 3490 4148; x_wconf 78' lang='lat' dir='ltr'><strong>Stcpe,</strong></span> 
     </span>
    </p>
   </div>
   <div class='ocr_carea' id='block_1_111' title="bbox 1905 4145 3493 4220">
    <p class='ocr_par' dir='ltr' id='par_1_111' title="bbox 1905 4145 3493 4220">
     <span class='ocr_line' id='line_1_111' title="bbox 1905 4145 3493 4220; baseline 0 -15"><span class='ocrx_word' id='word_1_808' title='bbox 1905 4145 2335 4220; x_wconf 38' lang='lat' dir='ltr'><strong>inquitfpropter</strong></span> <span class='ocrx_word' id='word_1_809' title='bbox 2372 4146 2673 4220; x_wconf 83' lang='lat' dir='ltr'><strong>humilitatis</strong></span> <span class='ocrx_word' id='word_1_810' title='bbox 2723 4145 2967 4220; x_wconf 72' lang='lat' dir='ltr'><strong>gratiam,</strong></span> <span class='ocrx_word' id='word_1_811' title='bbox 3019 4147 3215 4216; x_wconf 73' lang='lat' dir='ltr'><strong>iuniori</strong></span> <span class='ocrx_word' id='word_1_812' title='bbox 3244 4145 3493 4206; x_wconf 82' lang='lat' dir='ltr'><strong>Dominus</strong></span> 
     </span>
    </p>
   </div>
   <div class='ocr_carea' id='block_1_112' title="bbox 1905 4214 3494 4291">
    <p class='ocr_par' dir='ltr' id='par_1_112' title="bbox 1905 4214 3494 4291">
     <span class='ocr_line' id='line_1_112' title="bbox 1905 4214 3494 4291; baseline -0.006 -18"><span class='ocrx_word' id='word_1_813' title='bbox 1905 4214 2092 4275; x_wconf 73' lang='lat' dir='ltr'><strong>revelat</strong></span> <span class='ocrx_word' id='word_1_814' title='bbox 2114 4214 2253 4291; x_wconf 82' lang='lat' dir='ltr'><strong>quod</strong></span> <span class='ocrx_word' id='word_1_815' title='bbox 2274 4220 2526 4291; x_wconf 82' lang='lat' dir='ltr'><strong>seniorem</strong></span> <span class='ocrx_word' id='word_1_816' title='bbox 2548 4214 2863 4291; x_wconf 28' lang='lat' dir='ltr'><strong>_celat.&quot;Non</strong></span> <span class='ocrx_word' id='word_1_817' title='bbox 2888 4214 3024 4270; x_wconf 83' lang='lat' dir='ltr'><strong>enim</strong></span> <span class='ocrx_word' id='word_1_818' title='bbox 3050 4233 3382 4291; x_wconf 85' lang='lat' dir='ltr'><strong>personarum</strong></span> <span class='ocrx_word' id='word_1_819' title='bbox 3405 4238 3494 4274; x_wconf 71' lang='lat' dir='ltr'><strong>ac.</strong></span> 
     </span>
    </p>
   </div>
   <div class='ocr_carea' id='block_1_113' title="bbox 1905 4288 3490 4363">
    <p class='ocr_par' dir='ltr' id='par_1_113' title="bbox 1905 4288 3490 4363">
     <span class='ocr_line' id='line_1_113' title="bbox 1905 4288 3490 4363; baseline 0 -17"><span class='ocrx_word' id='word_1_820' title='bbox 1905 4304 2078 4363; x_wconf 89' lang='lat' dir='ltr'><strong>ceptor</strong></span> <span class='ocrx_word' id='word_1_821' title='bbox 2105 4288 2177 4345; x_wconf 79' lang='lat' dir='ltr'><strong>est</strong></span> <span class='ocrx_word' id='word_1_822' title='bbox 2221 4290 2391 4363; x_wconf 79' lang='lat' dir='ltr'><strong>Deus;</strong></span> <span class='ocrx_word' id='word_1_823' title='bbox 2429 4290 2518 4341; x_wconf 89' lang='lat' dir='ltr'><strong>sed</strong></span> <span class='ocrx_word' id='word_1_824' title='bbox 2541 4288 2594 4340; x_wconf 91' lang='lat' dir='ltr'><strong>in</strong></span> <span class='ocrx_word' id='word_1_825' title='bbox 2617 4288 2754 4340; x_wconf 93' lang='lat' dir='ltr'><strong>omni</strong></span> <span class='ocrx_word' id='word_1_826' title='bbox 2780 4296 2955 4355; x_wconf 71' lang='lat' dir='ltr'><strong>aztate,</strong></span> <span class='ocrx_word' id='word_1_827' title='bbox 3000 4290 3307 4363; x_wconf 85' lang='lat' dir='ltr'><strong>conditione,</strong></span> <span class='ocrx_word' id='word_1_828' title='bbox 3340 4307 3490 4360; x_wconf 74' lang='lat' dir='ltr'><strong>sexu,</strong></span> 
     </span>
    </p>
   </div>
   <div class='ocr_carea' id='block_1_114' title="bbox 1905 4361 3490 4434">
    <p class='ocr_par' dir='ltr' id='par_1_114' title="bbox 1905 4361 3490 4434">
     <span class='ocr_line' id='line_1_114' title="bbox 1905 4361 3490 4434; baseline 0.001 -18"><span class='ocrx_word' id='word_1_829' title='bbox 1905 4361 2073 4434; x_wconf 80' lang='lat' dir='ltr'><strong>gente,</strong></span> <span class='ocrx_word' id='word_1_830' title='bbox 2128 4363 2173 4416; x_wconf 93' lang='lat' dir='ltr'><strong>is</strong></span> <span class='ocrx_word' id='word_1_831' title='bbox 2201 4364 2287 4431; x_wconf 90' lang='lat' dir='ltr'><strong>qui</strong></span> <span class='ocrx_word' id='word_1_832' title='bbox 2334 4362 2473 4434; x_wconf 86' lang='lat' dir='ltr'><strong>timet</strong></span> <span class='ocrx_word' id='word_1_833' title='bbox 2495 4374 2628 4434; x_wconf 25' lang='lat' dir='ltr'><strong>‘eum‘</strong></span> <span class='ocrx_word' id='word_1_834' title='bbox 2648 4368 2890 4434; x_wconf 75' lang='lat' dir='ltr'><strong>acceptus</strong></span> <span class='ocrx_word' id='word_1_835' title='bbox 2939 4368 3011 4413; x_wconf 88' lang='lat' dir='ltr'><strong>est</strong></span> <span class='ocrx_word' id='word_1_836' title='bbox 3062 4361 3141 4414; x_wconf 90' lang='lat' dir='ltr'><strong>illi</strong></span> <span class='ocrx_word' id='word_1_837' title='bbox 3159 4362 3370 4434; x_wconf 81' lang='lat' dir='ltr'><strong>(Actor.</strong></span> <span class='ocrx_word' id='word_1_838' title='bbox 3387 4364 3490 4433; x_wconf 82' lang='lat' dir='ltr'><strong>x‘);</strong></span> 
     </span>
    </p>
   </div>
   <div class='ocr_carea' id='block_1_115' title="bbox 1906 4428 3494 4502">
    <p class='ocr_par' dir='ltr' id='par_1_115' title="bbox 1906 4428 3494 4502">
     <span class='ocr_line' id='line_1_115' title="bbox 1906 4428 3494 4502; baseline 0 -15"><span class='ocrx_word' id='word_1_839' title='bbox 1906 4428 1953 4487; x_wconf 63' lang='lat' dir='ltr'><strong>Et</strong></span> <span class='ocrx_word' id='word_1_840' title='bbox 1981 4436 2034 4486; x_wconf 91' lang='lat' dir='ltr'><strong>in</strong></span> <span class='ocrx_word' id='word_1_841' title='bbox 2060 4428 2244 4500; x_wconf 83' lang='lat' dir='ltr'><strong>quibus</strong></span> <span class='ocrx_word' id='word_1_842' title='bbox 2275 4432 2402 4495; x_wconf 89' lang='lat' dir='ltr'><strong>vult,</strong></span> <span class='ocrx_word' id='word_1_843' title='bbox 2426 4428 2792 4502; x_wconf 86' lang='lat' dir='ltr'><strong>spirat_(.loan.</strong></span> <span class='ocrx_word' id='word_1_844' title='bbox 2822 4431 2926 4501; x_wconf 88' lang='grc' dir='ltr'>ιιι),</span> <span class='ocrx_word' id='word_1_845' title='bbox 2957 4441 3012 4502; x_wconf 88' lang='lat' dir='ltr'><strong>et</strong></span> <span class='ocrx_word' id='word_1_846' title='bbox 3033 4428 3255 4502; x_wconf 85' lang='lat' dir='ltr'><strong>gratiam</strong></span> <span class='ocrx_word' id='word_1_847' title='bbox 3289 4428 3494 4497; x_wconf 52' lang='lat' dir='ltr'><strong>sapiené</strong></span> 
     </span>
    </p>
   </div>
   <div class='ocr_carea' id='block_1_116' title="bbox 2641 4501 3494 4559">
    <p class='ocr_par' dir='ltr' id='par_1_116' title="bbox 2641 4501 3494 4559">
     <span class='ocr_line' id='line_1_116' title="bbox 2641 4501 3494 4559; baseline 0.006 -6"><span class='ocrx_word' id='word_1_848' title='bbox 2641 4516 2707 4553; x_wconf 93' lang='lat' dir='ltr'><strong>on</strong></span> <span class='ocrx_word' id='word_1_849' title='bbox 2733 4502 2871 4554; x_wconf 87' lang='lat' dir='ltr'><strong>enim</strong></span> <span class='ocrx_word' id='word_1_850' title='bbox 2899 4503 2951 4554; x_wconf 89' lang='lat' dir='ltr'><strong>in</strong></span> <span class='ocrx_word' id='word_1_851' title='bbox 2994 4501 3177 4556; x_wconf 89' lang='lat' dir='ltr'><strong>Daniel</strong></span> <span class='ocrx_word' id='word_1_852' title='bbox 3208 4517 3254 4556; x_wconf 90' lang='lat' dir='ltr'><strong>et</strong></span> <span class='ocrx_word' id='word_1_853' title='bbox 3279 4503 3494 4559; x_wconf 89' lang='lat' dir='ltr'><strong>Samuel</strong></span> 
     </span>
    </p>
   </div>
   <div class='ocr_carea' id='block_1_117' title="bbox 1902 4572 3489 4644">
    <p class='ocr_par' dir='ltr' id='par_1_117' title="bbox 1902 4572 3489 4644">
     <span class='ocr_line' id='line_1_117' title="bbox 1902 4572 3489 4644; baseline 0 -15"><span class='ocrx_word' id='word_1_854' title='bbox 1902 4584 2102 4629; x_wconf 79' lang='lat' dir='ltr'><strong>tetatem</strong></span> <span class='ocrx_word' id='word_1_855' title='bbox 2134 4572 2392 4644; x_wconf 82' lang='lat' dir='ltr'><strong>discrevit,</strong></span> <span class='ocrx_word' id='word_1_856' title='bbox 2414 4572 2502 4644; x_wconf 85' lang='lat' dir='ltr'><strong>sed</strong></span> <span class='ocrx_word' id='word_1_857' title='bbox 2533 4572 2754 4642; x_wconf 84' lang='lat' dir='ltr'><strong>gratiam</strong></span> <span class='ocrx_word' id='word_1_858' title='bbox 2784 4573 3088 4644; x_wconf 81' lang='lat' dir='ltr'><strong>ministravit</strong></span> <span class='ocrx_word' id='word_1_859' title='bbox 3117 4572 3347 4644; x_wconf 84' lang='lat' dir='ltr'><strong>(Daniel.</strong></span> <span class='ocrx_word' id='word_1_860' title='bbox 3372 4591 3489 4638; x_wconf 89' lang='lat' dir='ltr'><strong>xm,</strong></span> 
     </span>
    </p>
   </div>
   <div class='ocr_carea' id='block_1_118' title="bbox 1908 4641 3492 4716">
    <p class='ocr_par' dir='ltr' id='par_1_118' title="bbox 1908 4641 3492 4716">
     <span class='ocr_line' id='line_1_118' title="bbox 1908 4641 3492 4716; baseline 0.001 -17"><span class='ocrx_word' id='word_1_861' title='bbox 1908 4646 1924 4716; x_wconf 80' lang='lat' dir='ltr'><strong>l</strong></span> <span class='ocrx_word' id='word_1_862' title='bbox 1954 4646 2080 4716; x_wconf 89' lang='lat' dir='ltr'><strong>Reg.</strong></span> <span class='ocrx_word' id='word_1_863' title='bbox 2105 4645 2208 4713; x_wconf 86' lang='lat' dir='ltr'><strong>tu).</strong></span> <span class='ocrx_word' id='word_1_864' title='bbox 2239 4643 2367 4697; x_wconf 87' lang='lat' dir='ltr'><strong>Cani</strong></span> <span class='ocrx_word' id='word_1_865' title='bbox 2410 4641 2545 4696; x_wconf 70' lang='lat' dir='ltr'><strong>enini</strong></span> <span class='ocrx_word' id='word_1_866' title='bbox 2575 4650 2757 4716; x_wconf 83' lang='lat' dir='ltr'><strong>sunt,_</strong></span> <span class='ocrx_word' id='word_1_867' title='bbox 2786 4641 2910 4716; x_wconf 82' lang='lat' dir='ltr'><strong>dicit</strong></span> <span class='ocrx_word' id='word_1_868' title='bbox 2962 4641 3235 4716; x_wconf 86' lang='lat' dir='ltr'><strong>Scriptura</strong></span> <span class='ocrx_word' id='word_1_869' title='bbox 3265 4688 3279 4710; x_wconf 95' lang='lat'><strong>,</strong></span> <span class='ocrx_word' id='word_1_870' title='bbox 3315 4663 3492 4700; x_wconf 88' lang='lat' dir='ltr'><strong>sensus</strong></span> 
     </span>
    </p>
   </div>
   <div class='ocr_carea' id='block_1_119' title="bbox 1903 4713 3491 4788">
    <p class='ocr_par' dir='ltr' id='par_1_119' title="bbox 1903 4713 3491 4788">
     <span class='ocr_line' id='line_1_119' title="bbox 1903 4713 3491 4788; baseline 0.016 -42"><span class='ocrx_word' id='word_1_871' title='bbox 1903 4713 2213 4788; x_wconf 39' lang='lat' dir='ltr'><strong>hang“,ng</strong></span> <span class='ocrx_word' id='word_1_872' title='bbox 2240 4725 2365 4788; x_wconf 57' lang='lat' dir='ltr'><strong>agitis</strong></span> <span class='ocrx_word' id='word_1_873' title='bbox 2390 4714 2659 4788; x_wconf 82' lang='lat' dir='ltr'><strong>senectutis</strong></span> <span class='ocrx_word' id='word_1_874' title='bbox 2711 4713 3165 4788; x_wconf 74' lang='lat' dir='ltr'><strong>vitaimmaculata</strong></span> <span class='ocrx_word' id='word_1_875' title='bbox 3206 4716 3364 4788; x_wconf 89' lang='lat' dir='ltr'><strong>(Sap.</strong></span> <span class='ocrx_word' id='word_1_876' title='bbox 3405 4718 3491 4787; x_wconf 91' lang='lat' dir='ltr'><strong>tt).</strong></span> 
     </span>
    </p>
   </div>
   <div class='ocr_carea' id='block_1_120' title="bbox 1976 4784 3490 4853">
    <p class='ocr_par' dir='ltr' id='par_1_120' title="bbox 1976 4784 3490 4853">
     <span class='ocr_line' id='line_1_120' title="bbox 1976 4784 3490 4853; baseline 0 -12"><span class='ocrx_word' id='word_1_877' title='bbox 1976 4784 2226 4841; x_wconf 59' lang='lat' dir='ltr'><strong>“Scribit</strong></span> <span class='ocrx_word' id='word_1_878' title='bbox 2284 4785 2693 4852; x_wconf 81' lang='lat' dir='ltr'><strong>Metaphrastes,</strong></span> <span class='ocrx_word' id='word_1_879' title='bbox 2726 4784 2783 4837; x_wconf 88' lang='lat' dir='ltr'><strong>S.</strong></span> <span class='ocrx_word' id='word_1_880' title='bbox 2845 4786 3132 4841; x_wconf 86' lang='lat' dir='ltr'><strong>Arsenium</strong></span> <span class='ocrx_word' id='word_1_881' title='bbox 3188 4784 3490 4853; x_wconf 81' lang='lat' dir='ltr'><strong>ereniitam,</strong></span> 
     </span>
    </p>
   </div>
   <div class='ocr_carea' id='block_1_121' title="bbox 1904 4854 3491 4921">
    <p class='ocr_par' dir='ltr' id='par_1_121' title="bbox 1904 4854 3491 4921">
     <span class='ocr_line' id='line_1_121' title="bbox 1904 4854 3491 4921; baseline 0.003 -12"><span class='ocrx_word' id='word_1_882' title='bbox 1904 4855 2033 4911; x_wconf 88' lang='lat' dir='ltr'><strong>licet</strong></span> <span class='ocrx_word' id='word_1_883' title='bbox 2060 4858 2452 4921; x_wconf 72' lang='lat' dir='ltr'><strong>doctissimum,</strong></span> <span class='ocrx_word' id='word_1_884' title='bbox 2486 4867 2661 4907; x_wconf 87' lang='lat' dir='ltr'><strong>tamen</strong></span> <span class='ocrx_word' id='word_1_885' title='bbox 2719 4854 2939 4920; x_wconf 86' lang='lat' dir='ltr'><strong>majoris</strong></span> <span class='ocrx_word' id='word_1_886' title='bbox 2990 4856 3307 4911; x_wconf 82' lang='lat' dir='ltr'><strong>humilitatis</strong></span> <span class='ocrx_word' id='word_1_887' title='bbox 3329 4875 3491 4913; x_wconf 84' lang='lat' dir='ltr'><strong>exer-</strong></span> 
     </span>
    </p>
   </div>
   <div class='ocr_carea' id='block_1_122' title="bbox 1903 4923 3489 4997">
    <p class='ocr_par' dir='ltr' id='par_1_122' title="bbox 1903 4923 3489 4997">
     <span class='ocr_line' id='line_1_122' title="bbox 1903 4923 3489 4997; baseline 0.001 -16"><span class='ocrx_word' id='word_1_888' title='bbox 1903 4927 2090 4981; x_wconf 69' lang='lat' dir='ltr'><strong>cendas</strong></span> <span class='ocrx_word' id='word_1_889' title='bbox 2112 4940 2270 4980; x_wconf 92' lang='lat' dir='ltr'><strong>causa</strong></span> <span class='ocrx_word' id='word_1_890' title='bbox 2302 4941 2594 4981; x_wconf 88' lang='lat' dir='ltr'><strong>consuesse</strong></span> <span class='ocrx_word' id='word_1_891' title='bbox 2622 4923 2782 4978; x_wconf 88' lang='lat' dir='ltr'><strong>etiam</strong></span> <span class='ocrx_word' id='word_1_892' title='bbox 2812 4926 2866 4979; x_wconf 89' lang='lat' dir='ltr'><strong>in</strong></span> <span class='ocrx_word' id='word_1_893' title='bbox 2893 4927 3059 4981; x_wconf 90' lang='lat' dir='ltr'><strong>rebus</strong></span> <span class='ocrx_word' id='word_1_894' title='bbox 3082 4928 3377 4983; x_wconf 86' lang='lat' dir='ltr'><strong>levioribus</strong></span> <span class='ocrx_word' id='word_1_895' title='bbox 3400 4932 3489 4997; x_wconf 83' lang='lat' dir='ltr'><strong>ju-</strong></span> 
     </span>
    </p>
   </div>
   <div class='ocr_carea' id='block_1_123' title="bbox 1907 4996 3494 5064">
    <p class='ocr_par' dir='ltr' id='par_1_123' title="bbox 1907 4996 3494 5064">
     <span class='ocr_line' id='line_1_123' title="bbox 1907 4996 3494 5064; baseline 0.001 -13"><span class='ocrx_word' id='word_1_896' title='bbox 1907 4998 2117 5052; x_wconf 89' lang='lat' dir='ltr'><strong>niorum</strong></span> <span class='ocrx_word' id='word_1_897' title='bbox 2144 4998 2367 5050; x_wconf 87' lang='lat' dir='ltr'><strong>consilia</strong></span> <span class='ocrx_word' id='word_1_898' title='bbox 2396 4998 2681 5061; x_wconf 79' lang='lat' dir='ltr'><strong>exquirere</strong></span> <span class='ocrx_word' id='word_1_899' title='bbox 2710 5004 2765 5048; x_wconf 90' lang='lat' dir='ltr'><strong>et</strong></span> <span class='ocrx_word' id='word_1_900' title='bbox 2787 4996 2960 5064; x_wconf 87' lang='lat' dir='ltr'><strong>sequi.</strong></span> <span class='ocrx_word' id='word_1_901' title='bbox 2987 5000 3044 5053; x_wconf 91' lang='lat' dir='ltr'><strong>S.</strong></span> <span class='ocrx_word' id='word_1_902' title='bbox 3089 4998 3215 5051; x_wconf 57' lang='lat' dir='ltr'><strong>item</strong></span> <span class='ocrx_word' id='word_1_903' title='bbox 3242 5000 3494 5059; x_wconf 70' lang='lat' dir='ltr'><strong>Augusti-</strong></span> 
     </span>
    </p>
   </div>
   <div class='ocr_carea' id='block_1_124' title="bbox 1906 5067 3495 5135">
    <p class='ocr_par' dir='ltr' id='par_1_124' title="bbox 1906 5067 3495 5135">
     <span class='ocr_line' id='line_1_124' title="bbox 1906 5067 3495 5135; baseline 0.001 -12"><span class='ocrx_word' id='word_1_904' title='bbox 1906 5084 2026 5133; x_wconf 89' lang='lat' dir='ltr'><strong>nus,</strong></span> <span class='ocrx_word' id='word_1_905' title='bbox 2054 5078 2231 5123; x_wconf 90' lang='lat' dir='ltr'><strong>tantus</strong></span> <span class='ocrx_word' id='word_1_906' title='bbox 2263 5069 2519 5123; x_wconf 62' lang='lat' dir='ltr'><strong>Ecclesia:</strong></span> <span class='ocrx_word' id='word_1_907' title='bbox 2538 5067 2749 5130; x_wconf 90' lang='lat' dir='ltr'><strong>doctor,</strong></span> <span class='ocrx_word' id='word_1_908' title='bbox 2785 5076 2929 5120; x_wconf 89' lang='lat' dir='ltr'><strong>tanta</strong></span> <span class='ocrx_word' id='word_1_909' title='bbox 2953 5068 3055 5121; x_wconf 86' lang='lat' dir='ltr'><strong>luit</strong></span> <span class='ocrx_word' id='word_1_910' title='bbox 3095 5069 3412 5135; x_wconf 86' lang='lat' dir='ltr'><strong>humilitate,</strong></span> <span class='ocrx_word' id='word_1_911' title='bbox 3437 5080 3495 5125; x_wconf 87' lang='lat' dir='ltr'><strong>ut</strong></span> 
     </span>
    </p>
   </div>
   <div class='ocr_carea' id='block_1_125' title="bbox 1906 5138 3487 5208">
    <p class='ocr_par' dir='ltr' id='par_1_125' title="bbox 1906 5138 3487 5208">
     <span class='ocr_line' id='line_1_125' title="bbox 1906 5138 3487 5208; baseline 0.001 -16"><span class='ocrx_word' id='word_1_912' title='bbox 1906 5141 1989 5193; x_wconf 90' lang='lat' dir='ltr'><strong>vel</strong></span> <span class='ocrx_word' id='word_1_913' title='bbox 2017 5158 2042 5190; x_wconf 83' lang='lat' dir='ltr'><strong>a</strong></span> <span class='ocrx_word' id='word_1_914' title='bbox 2079 5142 2299 5193; x_wconf 87' lang='lat' dir='ltr'><strong>minimo</strong></span> <span class='ocrx_word' id='word_1_915' title='bbox 2329 5154 2545 5208; x_wconf 89' lang='lat' dir='ltr'><strong>quoque</strong></span> <span class='ocrx_word' id='word_1_916' title='bbox 2574 5139 2755 5191; x_wconf 87' lang='lat' dir='ltr'><strong>doceri</strong></span> <span class='ocrx_word' id='word_1_917' title='bbox 2786 5151 2851 5191; x_wconf 90' lang='lat' dir='ltr'><strong>ac</strong></span> <span class='ocrx_word' id='word_1_918' title='bbox 2891 5138 3095 5208; x_wconf 84' lang='lat' dir='ltr'><strong>moneri</strong></span> <span class='ocrx_word' id='word_1_919' title='bbox 3154 5155 3211 5191; x_wconf 73' lang='lat' dir='ltr'><strong>se</strong></span> <span class='ocrx_word' id='word_1_920' title='bbox 3248 5150 3487 5206; x_wconf 87' lang='lat' dir='ltr'><strong>paratmn</strong></span> 
     </span>
    </p>
   </div>
   <div class='ocr_carea' id='block_1_126' title="bbox 1905 5207 3490 5281">
    <p class='ocr_par' dir='ltr' id='par_1_126' title="bbox 1905 5207 3490 5281">
     <span class='ocr_line' id='line_1_126' title="bbox 1905 5207 3490 5281; baseline 0.001 -18"><span class='ocrx_word' id='word_1_921' title='bbox 1905 5212 2173 5281; x_wconf 76' lang='lat' dir='ltr'><strong>signiticet</strong></span> <span class='ocrx_word' id='word_1_922' title='bbox 2205 5210 2287 5264; x_wconf 90' lang='lat' dir='ltr'><strong>his</strong></span> <span class='ocrx_word' id='word_1_923' title='bbox 2309 5207 2373 5263; x_wconf 87' lang='lat' dir='ltr'><strong>ad</strong></span> <span class='ocrx_word' id='word_1_924' title='bbox 2403 5207 2859 5281; x_wconf 78' lang='lat' dir='ltr'><strong>S.llie_rouymum</strong></span> <span class='ocrx_word' id='word_1_925' title='bbox 2883 5207 3098 5281; x_wconf 81' lang='lat' dir='ltr'><strong>scriptis</strong></span> <span class='ocrx_word' id='word_1_926' title='bbox 3126 5208 3300 5278; x_wconf 79' lang='lat' dir='ltr'><strong>(Epist</strong></span> <span class='ocrx_word' id='word_1_927' title='bbox 3314 5249 3331 5281; x_wconf 17' lang='lat' dir='ltr'><strong>.A</strong></span> <span class='ocrx_word' id='word_1_928' title='bbox 3356 5211 3443 5281; x_wconf 80' lang='grc'><strong>15)</strong></span> <span class='ocrx_word' id='word_1_929' title='bbox 3480 5230 3490 5264; x_wconf 96' lang='lat'>:</span> 
     </span>
    </p>
   </div>
   <div class='ocr_carea' id='block_1_127' title="bbox 1906 5278 3495 5350">
    <p class='ocr_par' dir='ltr' id='par_1_127' title="bbox 1906 5278 3495 5350">
     <span class='ocr_line' id='line_1_127' title="bbox 1906 5278 3495 5350; baseline 0.001 -17"><span class='ocrx_word' id='word_1_930' title='bbox 1906 5279 2194 5334; x_wconf 81' lang='lat' dir='ltr'><strong>Idemidem</strong></span> <span class='ocrx_word' id='word_1_931' title='bbox 2220 5296 2346 5350; x_wconf 90' lang='lat' dir='ltr'><strong>rogo</strong></span> <span class='ocrx_word' id='word_1_932' title='bbox 2370 5291 2426 5334; x_wconf 91' lang='lat' dir='ltr'><strong>ut</strong></span> <span class='ocrx_word' id='word_1_933' title='bbox 2448 5296 2526 5333; x_wconf 88' lang='lat' dir='ltr'><strong>me</strong></span> <span class='ocrx_word' id='word_1_934' title='bbox 2548 5278 2763 5350; x_wconf 76' lang='lat' dir='ltr'><strong>fidenter</strong></span> <span class='ocrx_word' id='word_1_935' title='bbox 2783 5280 3013 5349; x_wconf 78' lang='lat' dir='ltr'><strong>Corrigas</strong></span> <span class='ocrx_word' id='word_1_936' title='bbox 3037 5320 3053 5343; x_wconf 96' lang='lat'><strong>,</strong></span> <span class='ocrx_word' id='word_1_937' title='bbox 3106 5281 3191 5333; x_wconf 87' lang='lat' dir='ltr'><strong>ubi</strong></span> <span class='ocrx_word' id='word_1_938' title='bbox 3241 5279 3366 5333; x_wconf 86' lang='lat' dir='ltr'><strong>mihi</strong></span> <span class='ocrx_word' id='word_1_939' title='bbox 3395 5278 3495 5335; x_wconf 86' lang='lat' dir='ltr'><strong>hoc</strong></span> 
     </span>
    </p>
   </div>
   <div class='ocr_carea' id='block_1_128' title="bbox 1907 5349 3494 5420">
    <p class='ocr_par' dir='ltr' id='par_1_128' title="bbox 1907 5349 3494 5420">
     <span class='ocr_line' id='line_1_128' title="bbox 1907 5349 3494 5420; baseline -0.001 -15"><span class='ocrx_word' id='word_1_940' title='bbox 1907 5369 2035 5420; x_wconf 87' lang='lat' dir='ltr'><strong>opus</strong></span> <span class='ocrx_word' id='word_1_941' title='bbox 2063 5368 2168 5405; x_wconf 85' lang='lat' dir='ltr'><strong>esse</strong></span> <span class='ocrx_word' id='word_1_942' title='bbox 2208 5349 2543 5420; x_wconf 67' lang='lat' dir='ltr'><strong>perspexeris.</strong></span> <span class='ocrx_word' id='word_1_943' title='bbox 2604 5349 2925 5417; x_wconf 80' lang='lat' dir='ltr'><strong>Quamquam</strong></span> <span class='ocrx_word' id='word_1_944' title='bbox 2974 5352 3139 5411; x_wconf 90' lang='lat' dir='ltr'><strong>enim,</strong></span> <span class='ocrx_word' id='word_1_945' title='bbox 3213 5352 3494 5404; x_wconf 82' lang='lat' dir='ltr'><strong>secundum</strong></span> 
     </span>
    </p>
   </div>
   <div class='ocr_carea' id='block_1_129' title="bbox 1906 5420 3491 5490">
    <p class='ocr_par' dir='ltr' id='par_1_129' title="bbox 1906 5420 3491 5490">
     <span class='ocr_line' id='line_1_129' title="bbox 1906 5420 3491 5490; baseline 0 -17"><span class='ocrx_word' id='word_1_946' title='bbox 1906 5423 2155 5476; x_wconf 90' lang='lat' dir='ltr'><strong>honorum</strong></span> <span class='ocrx_word' id='word_1_947' title='bbox 2193 5421 2439 5474; x_wconf 88' lang='lat' dir='ltr'><strong>vocabula</strong></span> <span class='ocrx_word' id='word_1_948' title='bbox 2488 5434 2602 5490; x_wconf 78' lang='lat' dir='ltr'><strong>qua:</strong></span> <span class='ocrx_word' id='word_1_949' title='bbox 2622 5424 2735 5486; x_wconf 78' lang='lat' dir='ltr'><strong>jam</strong></span> <span class='ocrx_word' id='word_1_950' title='bbox 2756 5420 3000 5472; x_wconf 78' lang='lat' dir='ltr'><strong>Ecclesia:</strong></span> <span class='ocrx_word' id='word_1_951' title='bbox 3054 5437 3178 5474; x_wconf 90' lang='lat' dir='ltr'><strong>usus</strong></span> <span class='ocrx_word' id='word_1_952' title='bbox 3235 5422 3491 5486; x_wconf 88' lang='lat' dir='ltr'><strong>obtinuit,</strong></span> 
     </span>
    </p>
   </div>
   <div class='ocr_carea' id='block_1_130' title="bbox 1906 5490 3495 5563">
    <p class='ocr_par' dir='ltr' id='par_1_130' title="bbox 1906 5490 3495 5563">
     <span class='ocr_line' id='line_1_130' title="bbox 1906 5490 3495 5563; baseline -0.001 -16"><span class='ocrx_word' id='word_1_953' title='bbox 1906 5495 2227 5563; x_wconf 87' lang='lat' dir='ltr'><strong>episcopatus</strong></span> <span class='ocrx_word' id='word_1_954' title='bbox 2248 5492 2563 5563; x_wconf 75' lang='lat' dir='ltr'><strong>presbyterio</strong></span> <span class='ocrx_word' id='word_1_955' title='bbox 2585 5491 2749 5554; x_wconf 85' lang='lat' dir='ltr'><strong>major</strong></span> <span class='ocrx_word' id='word_1_956' title='bbox 2776 5490 2873 5563; x_wconf 79' lang='lat' dir='ltr'><strong>sit,</strong></span> <span class='ocrx_word' id='word_1_957' title='bbox 2910 5498 3077 5545; x_wconf 85' lang='lat' dir='ltr'><strong>tamen</strong></span> <span class='ocrx_word' id='word_1_958' title='bbox 3117 5491 3293 5543; x_wconf 89' lang='lat' dir='ltr'><strong>multis</strong></span> <span class='ocrx_word' id='word_1_959' title='bbox 3322 5492 3373 5542; x_wconf 89' lang='lat' dir='ltr'><strong>in</strong></span> <span class='ocrx_word' id='word_1_960' title='bbox 3413 5509 3495 5545; x_wconf 79' lang='lat' dir='ltr'><strong>re-</strong></span> 
     </span>
    </p>
   </div>
   <div class='ocr_carea' id='block_1_131' title="bbox 1908 5560 3496 5632">
    <p class='ocr_par' dir='ltr' id='par_1_131' title="bbox 1908 5560 3496 5632">
     <span class='ocr_line' id='line_1_131' title="bbox 1908 5560 3496 5632; baseline -0.006 -16"><span class='ocrx_word' id='word_1_961' title='bbox 1908 5560 1999 5617; x_wconf 80' lang='lat' dir='ltr'><strong>bus</strong></span> <span class='ocrx_word' id='word_1_962' title='bbox 2053 5560 2369 5632; x_wconf 72' lang='lat' dir='ltr'><strong>Augustinus</strong></span> <span class='ocrx_word' id='word_1_963' title='bbox 2408 5560 2736 5627; x_wconf 77' lang='lat' dir='ltr'><strong>Hieronymo</strong></span> <span class='ocrx_word' id='word_1_964' title='bbox 2783 5560 2949 5632; x_wconf 83' lang='lat' dir='ltr'><strong>minor</strong></span> <span class='ocrx_word' id='word_1_965' title='bbox 2990 5573 3095 5621; x_wconf 81' lang='lat' dir='ltr'><strong>est,</strong></span> <span class='ocrx_word' id='word_1_966' title='bbox 3128 5563 3434 5632; x_wconf 12' lang='lat' dir='ltr'><strong>licetretiam</strong></span> <span class='ocrx_word' id='word_1_967' title='bbox 3462 5579 3496 5614; x_wconf 84' lang='lat' dir='ltr'><strong>a</strong></span> 
     </span>
    </p>
   </div>
   <div class='ocr_carea' id='block_1_132' title="bbox 1910 5630 3496 5701">
    <p class='ocr_par' dir='ltr' id='par_1_132' title="bbox 1910 5630 3496 5701">
     <span class='ocr_line' id='line_1_132' title="bbox 1910 5630 3496 5701; baseline 0.002 -15"><span class='ocrx_word' id='word_1_968' title='bbox 1910 5650 2104 5686; x_wconf 78' lang='lat' dir='ltr'><strong>minore</strong></span> <span class='ocrx_word' id='word_1_969' title='bbox 2126 5630 2348 5701; x_wconf 80' lang='lat' dir='ltr'><strong>quolibet</strong></span> <span class='ocrx_word' id='word_1_970' title='bbox 2408 5647 2509 5684; x_wconf 87' lang='lat' dir='ltr'><strong>non</strong></span> <span class='ocrx_word' id='word_1_971' title='bbox 2562 5640 2627 5681; x_wconf 83' lang='lat' dir='ltr'><strong>sit</strong></span> <span class='ocrx_word' id='word_1_972' title='bbox 2675 5630 2978 5700; x_wconf 79' lang='lat' dir='ltr'><strong>refugienda</strong></span> <span class='ocrx_word' id='word_1_973' title='bbox 3032 5632 3115 5685; x_wconf 89' lang='lat' dir='ltr'><strong>vel</strong></span> <span class='ocrx_word' id='word_1_974' title='bbox 3163 5631 3496 5700; x_wconf 82' lang='lat' dir='ltr'><strong>dedignanda</strong></span> 
     </span>
    </p>
   </div>
   <div class='ocr_carea' id='block_1_133' title="bbox 1909 5715 2171 5758">
    <p class='ocr_par' dir='ltr' id='par_1_133' title="bbox 1909 5715 2171 5758">
     <span class='ocr_line' id='line_1_133' title="bbox 1909 5715 2171 5758; baseline -0.008 0"><span class='ocrx_word' id='word_1_975' title='bbox 1909 5715 2171 5758; x_wconf 84' lang='lat' dir='ltr'><strong>correctio.</strong></span> 
     </span>
    </p>
   </div>
  </div>
