4044 6190
636 320 769 384 1031

1669 318 1949 391 JOANNIS
1986 318 2297 379 CASSIANI
2331 316 2821 381 COLLATIONES.

3788 326 3918 388 1033

636 455 770 505 tuus,
802 438 1035 509 relinque
1057 437 1128 493 ibi
1159 448 1343 491 munus
1374 443 1516 489 tuum
1540 434 1607 487 ad
1637 434 1821 501 altare,
1845 445 1891 489 et
1919 437 2046 491 vade
2072 453 2213 508 prius
2238 441 2288 501 Α
2317 454 2415 495 nec
2444 438 2615 509 ipsam
2641 440 2931 494 verborum
2958 433 3342 508 proprietatem
3369 436 3547 496 bruta:
3578 443 3787 498 mentis
3814 456 3914 502 stu-

632 532 949 588 reconciliari
973 530 1121 601 fratri
1144 538 1231 583 tuo
1244 545 1263 593 ,°
1286 526 1401 592 sed,
1428 525 1488 582 Si
1508 525 1806 581 recordatus
1820 528 1999 596 fueris.
2017 529 2207 599 inquit,

630 628 750 695 quia
772 626 935 696 frater
960 634 1075 677 tuus
1103 622 1251 675 habet
1278 619 1481 690 aliquid
1521 620 1789 674 adversum
1811 630 1859 676 te
1882 620 2099 694 (Matth.
2130 621 2210 692 v),

632 718 684 772 id
714 725 817 783 est,
846 716 1005 770 etiam
1032 713 1078 768 si
1109 712 1227 793 leve
1257 711 1456 782 aliquid
1487 726 1549 767 ac
1569 712 1676 767 vile
1705 712 1775 767 sit
1801 728 1909 784 quo
1952 713 2133 768 fratris
2160 714 2213 768 iu

634 819 686 865 te
716 808 876 864 fuerit
903 808 1133 862 excitata
1164 805 1475 872 commotio,
1506 815 1562 861 et
1588 804 1691 861 hoc
1717 807 2027 861 memoriam
2070 816 2213 861 tuam

631 901 807 956 subita
836 896 1211 955 recordatione
1240 896 1570 967 pulsaverit,
1601 896 1740 953 scias
1770 905 1821 951 te
1862 896 2058 952 offerre
2089 912 2213 966 prec

632 1008 753 1048 cum
786 1002 995 1047 tuarum
1024 990 1283 1059 spiritalia
1315 1005 1536 1045 munera
1569 1005 1672 1044 non
1694 989 1917 1055 debere,
1941 988 2045 1043 nisi
2069 990 2216 1059 prius

631 1085 868 1156 qualibet
920 1099 984 1140 ex
1029 1098 1189 1139 causa
1231 1092 1403 1138 ortam
1436 1082 1707 1137 tristitiam
1742 1082 1810 1136 de
1835 1080 1996 1137 corde
2041 1080 2218 1135 fratris

633 1178 863 1248 benigna
889 1176 1259 1231 satisfactione
1280 1174 1573 1246 depuleris.
1604 1175 1659 1230 Si
1692 1174 1855 1243 igitur
1881 1175 2218 1244 evangelicus

631 1286 814 1328 sermo
843 1271 1003 1326 etiam
1035 1285 1135 1339 pro
1163 1272 1432 1340 prmterita
1460 1277 1514 1324 et
1543 1268 1759 1322 minima
1811 1267 2084 1322 simultate
2107 1312 2122 1334 ,
2156 1282 2220 1323 ac

634 1364 703 1419 de
727 1364 934 1433 exiguis
955 1363 1141 1417 oborta
1168 1362 1365 1429 causis,
1393 1359 1709 1415 satisfacere
1737 1373 1835 1414 nos
1862 1356 2219 1413 irascentibus

633 1457 822 1527 jubet,
868 1456 993 1527 quid
1022 1454 1089 1510 de
1139 1454 1293 1509 nobis
1348 1452 1559 1507 miseris
1610 1451 1738 1518 fiet,
1771 1451 1862 1520 qui
1892 1459 2139 1505 recentes
2166 1457 2222 1504 et

635 1549 896 1604 maximas
920 1562 1108 1603 causas
1138 1558 1431 1615 nostroque
1456 1556 1644 1600 errore
1673 1542 2020 1606 commissas,
2053 1540 2217 1610 perti-

636 1640 753 1695 naci
795 1638 1225 1694 dissimulatione
1250 1637 1647 1692 contemnimus
1670 1678 1684 1701 ,
1717 1644 1771 1689 et
1816 1632 1983 1687 inflati
2011 1642 2220 1687 tumore

636 1734 924 1799 diabolico,
955 1731 1081 1785 dum
1110 1728 1381 1784 humiliari
1413 1727 1782 1783 erubescimus
1803 1768 1818 1795 ,
1842 1733 2093 1779 auctores
2122 1737 2220 1777 nos

2313 544 2448 602 pore
2476 530 2768 586 discernat.
2800 530 2939 596 Quia
2965 545 3069 585 non
3091 531 3287 587 dicitur
3306 573 3320 598 ,
3347 530 3533 587 Omnis
3553 535 3643 604 qui
3675 536 3917 592 irascitur

2313 622 2633 693 alienigenae
2657 662 2673 690 ,
2722 638 2837 677 reus
2859 623 2955 677 erit
2976 623 3184 694 judicia
3205 665 3221 689 ,
3268 625 3410 693 quod
3437 624 3675 682 fortasse
3706 639 3917 698 poterat

2314 715 2610 770 secundum
2640 713 2852 768 illorum
2895 728 3112 769 sensum
3153 723 3340 769 contra
3378 728 3672 774 consortes
3720 734 3916 777 nostra

2317 802 2444 858 fidei
2467 811 2524 858 et
2558 805 2933 860 conversionis
2956 808 3210 875 excipere
3231 848 3246 872 ,
3287 808 3381 863 sed
3411 811 3799 879 significanter
3829 832 3918 869 cx-

2319 898 2515 967 pressit
2538 898 2883 967 evangelicus
2910 911 3093 952 sermo
3119 896 3305 953 dicens
3331 917 3342 951 :
3399 899 3583 956 Omnis
3608 904 3701 972 qui
3735 907 3917 959 irasci-

2320 998 2403 1041 tur
2424 989 2574 1057 fratri
2595 1003 2709 1054 suo,
2732 1003 2851 1041 reus
2871 991 2965 1041 erit
2984 989 3187 1058 judicio
3211 988 3424 1060 (Matth.
3444 991 3523 1062 v).
3555 992 3719 1049 Licet
3743 997 3920 1067 itaque

2318 1078 2347 1118 δ
2378 1080 2673 1135 secundum
2700 1079 2939 1149 regulam
2965 1079 3208 1135 veritatis
3248 1097 3461 1137 omnem
3493 1084 3778 1142 hominem
3821 1090 3919 1142 fra-

2320 1181 2458 1227 trem
2498 1171 2790 1228 debeamus
2818 1171 3064 1241 accipere
3088 1214 3103 1239 ,
3137 1184 3312 1228 tamen
3361 1176 3460 1230 hoc
3490 1177 3543 1230 in
3578 1179 3705 1233 loco
3749 1184 3917 1249 magis

2321 1261 2498 1316 ﬁdelis
2551 1276 2613 1315 ac
2667 1273 2866 1317 nostra:
2932 1265 3357 1320 conversationis
3407 1268 3681 1340 particeps
3758 1288 3912 1342 quam

2321 1354 2568 1409 ethnicus
2594 1353 2774 1409 fratris
2799 1356 3060 1410 vocabulo
3092 1356 3428 1427 designatur.

2884 1467 3111 1525 CAPUT
3140 1470 3325 1525 XVIII.

2321 1562 2496 1617 Deliis
2517 1562 2603 1629 qui
2629 1561 2931 1639 patientiam
2960 1564 3259 1639 mentientes
3275 1565 3344 1617 ad
3368 1564 3698 1621 iracundiam
3721 1572 3917 1639 fratres

2850 1632 3054 1686 silentio
3069 1638 3373 1688 accendunt.

2397 1725 2530 1781 Illud
2561 1740 2689 1781 vero
2711 1726 2870 1796 quale
2890 1736 2995 1791 est,
3026 1727 3169 1795 quod
3204 1728 3471 1782 interdum
3494 1731 3752 1799 patientes
3783 1748 3922 1790 esse

639 1829 888 1882 fraterna:
919 1823 1147 1879 tristitiae
1168 1822 1524 1892 denegamus,
1556 1834 1619 1873 ac
1647 1818 1836 1875 rebelli
1883 1816 2071 1887 spiritu
2097 1816 2225 1871 sub-
2253 1813 2302 1875 B
2328 1831 2431 1872 nos
2461 1819 2750 1884 credimus,
2789 1818 2911 1888 quia
2940 1818 3274 1889 respondere
3312 1824 3704 1876 contemnimus
3737 1824 3921 1880 laces-

636 1918 728 1988 jici
772 1915 1049 1987 praeceptis
1081 1914 1289 1969 Domini
1344 1912 1697 1983 dedignantes
1722 1952 1736 1975 ,
1780 1925 2119 1980 nequaquam
2158 1923 2220 1964 ea

636 2009 723 2062 vel
749 2006 1020 2062 observari
1043 2006 1263 2069 debere,
1282 2006 1368 2060 vel
1395 2005 1605 2073 impleri
1630 2018 1785 2072 posse
1806 2001 2223 2058 contendimus?

638 2100 823 2169 quue
852 2100 909 2153 fit
939 2108 995 2152 ut
1020 2098 1327 2167 iudicantes
1368 2111 1491 2151 eum
1524 2094 1879 2165 impossibilia
1924 2094 2003 2148 vel
2039 2093 2225 2146 incon-

638 2207 768 2261 grua
800 2193 1145 2261 praecepisse,
1174 2190 1493 2255 efficiamur,
1541 2188 1838 2243 secundum
1878 2186 2223 2257 Apostolum,

640 2299 739 2336 non
768 2286 1009 2353 factores,
1037 2282 1127 2336 sed
1149 2280 1354 2353 judices
1386 2278 1509 2350 legis
1541 2277 1796 2349 (Jac.tv).

1224 2392 1449 2449 CAPUT
1488 2391 1652 2446 XVII.

682 2487 760 2544 De
800 2489 878 2543 his
925 2489 1011 2559 qui
1062 2486 1359 2559 patientiam
1412 2482 1745 2559 secularibus
1799 2481 1961 2559 magis
2010 2488 2193 2552 putant

924 2554 1316 2627 impendendam
1351 2570 1459 2607 esse
1487 2570 1639 2623 quam
1677 2554 1944 2623 fratribus.

717 2650 847 2705 Illud
874 2663 1083 2718 quoque
1103 2647 1302 2718 quibus
1332 2645 1585 2715 lacrymis
1614 2652 1694 2698 est
1729 2642 2059 2705 deflendum,
2088 2642 2233 2712 quod

649 2741 889 2798 nonnulli
919 2742 1141 2794 fratrum
1174 2753 1297 2792 cum
1326 2734 1526 2791 fuerint
1564 2734 1893 2789 contumelia
1942 2733 2238 2803 cujuslibet

648 2834 912 2890 sermonis
934 2832 1168 2898 accensi,
1199 2831 1243 2884 si
1272 2828 1494 2884 alterius
1522 2828 1822 2897 cujuSpiatn
1842 2869 1858 2895 ,
1892 2826 1984 2896 qui
2012 2840 2130 2879 eam
2163 2826 2238 2879 le-

650 2930 767 2984 nire
793 2926 1085 2989 desiderat,
1117 2922 1365 2993 precibus
1414 2920 1744 2990 fatigentur,
1798 2934 1919 2972 cum
1974 2917 2241 2971 audierint

653 3035 986 3091 nequaquam
1030 3016 1227 3072 debere
1248 3014 1510 3069 adversus
1541 3011 1760 3066 fratrem
1792 3009 2003 3081 concipi
2044 3010 2241 3064 retine-

652 3116 768 3170 rive
815 3111 1089 3168 tristitiam
1114 3151 1129 3173 ,
1174 3106 1471 3163 secundum
1496 3104 1627 3159 illud
1656 3103 1797 3175 quod
1834 3103 2089 3173 scriptum
2120 3109 2237 3156 est:

2326 1911 2443 1977 siti;
2476 1912 2571 1967 sed
2622 1914 2695 1967 ita
2739 1922 3042 1968 commotos
3084 1912 3278 1969 fratres
3328 1929 3506 1970 amara
3549 1918 3917 1976 taciturnitate

2327 2004 2413 2059 vel
2464 2011 2614 2059 motu
2651 2014 2914 2076 gestuque
2966 2006 3211 2061 irrisorio
3253 2006 3672 2077 subsannamus,
3705 2022 3768 2065 ut
3820 2027 3915 2067 eos

2328 2096 2499 2166 magis
2527 2097 2594 2151 ad
2626 2097 2956 2151 iracundiam
2989 2099 3135 2151 vultu
3163 2100 3328 2153 tacito
3359 2115 3915 2174 provocemus,quam

2330 2190 2529 2243 tumida
2573 2189 2874 2258 potuissent
2912 2190 3133 2246 incitare
3171 2194 3433 2256 convicia,
3470 2195 3523 2248 in
3549 2210 3612 2250 eo
3639 2211 3740 2250 nos
3776 2198 3921 2251 aesti-

2331 2292 2542 2337 mantes
2573 2282 2794 2337 minime
2815 2283 2956 2352 apud
2986 2284 3153 2339 Deum
3185 2299 3325 2351 reos,
3348 2286 3471 2356 quia
3498 2287 3635 2342 nihil
3666 2304 3769 2344 ore
3794 2305 3921 2357 pro-

2331 2376 2574 2441 tulimus,
2603 2377 2745 2446 quod
2792 2390 2891 2431 nos
2920 2389 3108 2432 nutare
3145 2381 3416 2433 hominum
3440 2380 3648 2449 judicio
3668 2393 3763 2436 aut
3796 2398 3924 2438 con-

2333 2469 2591 2523 demnare
2636 2468 2931 2538 potuisset?
2973 2469 3127 2539 quasi
3171 2486 3296 2525 vero
3339 2472 3478 2541 apud
3526 2472 3697 2527 Deum
3756 2475 3925 2537 verba

2336 2559 2727 2623 tantummodo,
2756 2568 2810 2615 et
2841 2575 2947 2614 non
2981 2561 3248 2630 praecipue
3293 2562 3529 2615 voluntas
3581 2576 3823 2618 vocetur
3878 2567 3929 2618 in

2336 2652 2572 2722 culpam,
2604 2661 2658 2705 et
2693 2635 2827 2721 opus
2858 2651 3031 2705 solum
3071 2653 3295 2721 peccati,
3325 2662 3379 2708 et
3404 2666 3508 2706 non
3533 2654 3697 2707 etiam
3726 2662 3929 2708 votum

2338 2758 2403 2798 ac
2434 2743 2765 2813 propositum
2797 2742 3065 2798 habeatur
3094 2747 3146 2799 in
3172 2745 3418 2809 crimine,
3448 2753 3536 2799 aut
3568 2743 3673 2798 hoc
3704 2754 3929 2799 tantum

2340 2836 2482 2907 quod
2510 2837 2879 2907 unusquisque
2902 2836 3093 2893 fecerit
3115 2853 3209 2907 per
3238 2838 3523 2909 loquelam,
3559 2847 3611 2894 et
3638 2853 3744 2893 non
3774 2842 3928 2909 quod

2342 2929 2503 2984 etiam
2534 2944 2630 2998 per
2657 2930 3081 2985 taciturnitatem
3112 2933 3292 2987 facere
3312 2931 3595 2999 studuerit,
3630 2933 3683 2986 in
3711 2931 3932 3001 judicio

2344 3022 2414 3076 sit
2442 3022 2815 3092 quaerendum.
2858 3022 2974 3078 Non
3002 3026 3145 3079 enim
3186 3025 3300 3079 sola
3342 3026 3716 3081 commotionis
3763 3025 3934 3079 illata:

2347 3115 2603 3185 qualitas,
2632 3116 2728 3170 sed
2756 3115 2919 3170 etiam
2971 3117 3308 3186 propositum
3364 3116 3623 3171 irritantis
3675 3116 3725 3170 itt
3785 3131 3935 3169 noxa

655 3220 681 3247 ι
717 3210 819 3275 Qui
843 3207 1081 3261 irascitur
1109 3203 1258 3275 fratri
1284 3218 1397 3267 suo,
1422 3216 1540 3253 reus
1560 3200 1656 3253 erit
1673 3199 1876 3271 judicio
1919 3195 2134 3267 (Matth.
2154 3192 2240 3265 v);

2350 3217 2451 3262 est.
2484 3208 2552 3263 Et
2595 3208 2798 3263 idcirco
2848 3222 2954 3263 non
2998 3208 3450 3277 quemadmodum
3485 3209 3715 3280 jurgium
3766 3207 3937 3262 fuerit

654 3313 730 3369 et,
766 3303 861 3358 Sol
886 3318 985 3355 non
1017 3299 1217 3352 occidat
1242 3312 1394 3367 super
1426 3292 1749 3348 iracundiam
1781 3302 2001 3345 vestram
2024 3286 2241 3361 (Ephes.

660 3396 763 3466 IV),
795 3394 1133 3464 proclamant
1156 3390 1338 3444 illico:
1381 3388 1435 3444 Si
1474 3400 1712 3458 paganus
1746 3384 1961 3454 aliquis,
1994 3382 2041 3436 si
2071 3396 2245 3437 δίρρυ-

657 3487 789 3544 Iatis
820 3487 920 3542 hoc
962 3485 1215 3549 fecisset,
1273 3492 1364 3536 aut
1415 3480 1514 3535 ista
1562 3479 1830 3541 dixisset,
1882 3486 2029 3531 recte
2060 3475 2248 3530 debuit

660 3580 935 3639 sustineri.
964 3578 1093 3647 Quis
1138 3584 1317 3631 autem
1367 3574 1503 3629 ferat
1532 3575 1748 3628 fratrem
1779 3580 1883 3625 tam
1912 3570 2092 3640 gravis
2117 3583 2248 3623 con-

662 3678 831 3732 scium
875 3674 1047 3741 culpae
1101 3678 1192 3723 aut
1242 3678 1351 3723 tam
1395 3666 1634 3721 insolens
1682 3666 1749 3719 de
1805 3678 1900 3717 ore
1947 3662 2245 3716 convicium

665 3762 1060 3838 proferentem!
1090 3759 1255 3828 Quasi
1278 3773 1409 3814 vero
1432 3757 1685 3829 patientia
1708 3754 2015 3810 infidelibus
2038 3761 2243 3807 tantum

664 3872 824 3931 atque
848 3856 1125 3926 sacrilegis
1147 3864 1203 3911 et
1228 3868 1334 3909 non
1360 3851 1608 3907 omnibus
1645 3851 1715 3904 sit
1742 3848 2069 3920 generaliter
2096 3846 2250 3903 exhi-

664 3952 862 4020 benda,
889 3959 981 4005 aut
1026 3946 1300 4003 iracundia
1343 3954 1531 4001 contra
1559 3943 1812 4014 gentilem
1857 3941 2015 4006 noxia
2060 3948 2247 3993 contra

666 4044 888 4098 fratrem
938 4042 1086 4097 utilis
1138 4038 1491 4102 aestimanda,
1533 4051 1653 4092 cum
1698 4036 1881 4104 utique
1926 4031 2250 4103 perturbata:

668 4136 864 4191 tuentis
909 4134 1175 4187 obstinata
1217 4131 1508 4185 commotio
1558 4143 1667 4183 non
1720 4126 2014 4192 dissimile,
2063 4132 2251 4178 contra

666 4226 909 4295 quemvis
950 4225 1111 4281 fuerit
1156 4226 1386 4281 excitata
1412 4265 1428 4290 ,
1477 4222 1577 4277 sibi
1609 4220 1805 4276 inferat
1845 4218 2247 4274 detrimentum.

669 4320 890 4385 Quantae
916 4326 1093 4373 autem
1121 4315 1495 4373 obstinationis
1514 4353 1531 4382 ,
1571 4313 1735 4369 immo
1766 4310 2031 4368 vecordia:
2060 4318 2166 4373 est,
2193 4317 2254 4362 ut

2348 3299 2661 3365 excitatum,
2714 3297 2806 3353 sed
2854 3297 3008 3366 cujus
3062 3297 3477 3367 conflagraverit
3530 3298 3681 3367 vitio,
3740 3313 3939 3352 verum

2345 3392 2539 3462 judicis
2584 3390 2750 3443 nostri
2797 3390 3071 3457 perquiret
3120 3404 3369 3444 examen.
3423 3402 3446 3429 ε
3487 3391 3728 3446 Affectus
3788 3391 3938 3445 enim

2351 3480 2574 3550 peccati.
2606 3495 2711 3532 non
2758 3477 2891 3531 ordo
2936 3478 3360 3532 considerandus
3405 3489 3488 3533 est
3518 3482 3767 3535 admissi.
3798 3482 3942 3550 Quid

2348 3573 2487 3628 enim
2516 3570 2693 3625 differt
2723 3582 2900 3623 utrum
2942 3569 3061 3637 quis
3103 3569 3281 3638 gladio
3322 3570 3442 3639 ipse
3489 3574 3796 3639 peremerit
3832 3574 3943 3629 fra-

2352 3674 2508 3730 trem,
2549 3677 2617 3717 an
2647 3662 2822 3731 aliqua
2851 3660 2919 3716 ad
2949 3669 3173 3716 mortem
3201 3660 3387 3716 fraude
3427 3661 3788 3731 compulerit,
3818 3680 3941 3720 cum

2349 3759 2521 3828 ipsius
2567 3770 2691 3811 eum
2740 3754 2868 3809 dolo
2911 3753 3001 3809 vel
3044 3754 3271 3809 crimine
3314 3763 3526 3810 constet
3569 3756 3944 3812 exstinctum?

2353 3852 2507 3922 quasi
2531 3864 2665 3906 vero
2690 3863 2889 3905 emcum
2916 3849 2969 3903 in
3000 3863 3239 3919 praeceps
3269 3862 3431 3903 manu
3454 3850 3671 3920 propria
3701 3866 3817 3907 non
3842 3854 3943 3907 im-

2357 3945 2573 4015 pegisse
2617 3942 2871 4006 sufficiat,
2903 3956 3025 3996 cum
3066 3940 3311 3997 similiter
3339 3957 3466 3997 reus
3496 3944 3567 3996 sit
3590 3943 3677 4013 qui
3711 3959 3939 4013 pronum

2358 4046 2413 4090 et
2442 4037 2813 4090 imminentem
2850 4034 2957 4103 jam
3000 4032 3200 4100 fovete,
3232 4049 3353 4089 cum
3394 4036 3630 4104 potuerit
3658 4051 3939 4101 revocare,

2359 4126 2783 4195 contempserit;
2814 4135 2907 4179 aut
2939 4125 3032 4179 ille
3055 4125 3206 4179 solus
3235 4126 3286 4180 in
3316 4128 3544 4182 crimine
3570 4128 3639 4182 sit
3663 4129 3751 4197 qtti
3778 4145 3938 4183 mann

2359 4232 2455 4272 sua
2489 4218 2793 4287 quempiam
2827 4215 3181 4284 laqueaverit,
3216 4226 3271 4272 et
3301 4233 3405 4272 non
3451 4220 3608 4273 etiam
3658 4220 3703 4273 is
3732 4221 3823 4289 qui
3858 4222 3939 4275 vel

2362 4306 2629 4378 paraverit
2660 4306 2743 4360 vel
2772 4307 3059 4376 ingesserit
3090 4307 3365 4377 laqueum,
3388 4309 3473 4364 vel
3504 4319 3649 4364 certe
3688 4324 3812 4363 cum
3839 4324 3939 4379 po-

1727 4470 1980 4530 ALARDI
2020 4467 2246 4527 GAZA‘II
2284 4464 2845 4524 COMMENTARIUS.

749 4624 774 4651 σι
803 4612 910 4667 llas
936 4610 1229 4666 sententias
1258 4607 1441 4663 videre
1464 4607 1591 4664 licet
1625 4604 1755 4661 alibi
1783 4602 2075 4671 explicatas
2102 4599 2246 4669 (Lib.
2275 4602 2329 4665 D
2353 4610 2470 4675 runt
2515 4614 2635 4667 vos,
2687 4602 2874 4670 fratres
2922 4602 3082 4654 nostri
3119 4604 3242 4657 estis
3267 4647 3281 4671 ,
3314 4613 3419 4661 etc.
3452 4601 3622 4675 (Joan.
3654 4604 3768 4675 xx).
3811 4606 3942 4665 lImc

672 4701 763 4739 vm
795 4683 970 4737 Instit.
1003 4699 1119 4751 cap.
1151 4684 1183 4736 8
1208 4692 1254 4735 et
1282 4679 1393 4751 19).

747 4757 772 4795 δ
806 4741 1078 4821 Regulam'
1103 4741 1494 4809 veritatis'dicit
1528 4750 1699 4820 ipsam
1719 4747 1807 4821 rei
1834 4744 2138 4821 veritatem,
2165 4741 2252 4797 vel

676 4830 820 4883 illant
871 4814 1193 4881 sententiam
1246 4814 1653 4894 evztngelicaitt:
1706 4818 2029 4894 0m_nes__oos
2066 4814 2255 4879 fratres

676 4901 793 4953 estis
821 4897 1033 4969 (Matth:
1078 4899 1235 4965 χχιι),
1265 4887 1576 4969 ειᾳῘΝοιει
1626 4888 1849 4969 vero
1887 4887 2253 4969 .IIie‘ronymtts

678 4956 957 5041 (Adversus
985 4956 1275 5041 Helvidlb.
1320 4967 1375 5041 8)
1407 4972 1629 5034 quatuor
1668 4960 1832 5041 modis
1881 4959 1934 5011 in
1966 4956 2257 5041 Scripturis

679 5026 865 5095 divinis
889 5045 1075 5111 fratres
1103 5026 1390 5111 appellari,
1420 5026 1647 5111 'natura,
1680 5040 1827 5111 gente
1848 5074 1861 5093 ,
1891 5026 2255 5111 ﬁcoqnatione,

679 5100 903 5179 affectu,2
929 5120 974 5165 et
999 5100 1184 5165 rursus.
1224 5108 1414 5175 affectu
1461 5100 1854 5179 duobusﬁuodis
1883 5100 2067 5179 fratres
2096 5100 2261 5179 uomi—

680 5164 1161 5253 abitionem"
1194 5164 1354 5251 (forte
1380 5175 1689 5253 specialiter)
1714 5183 1761 5227 et
1782 5164 2137 5253 communiter.
2180 5164 2264 5219 Ne

682 5241 915 5323 longum,
946 5253 1135 5322 inquit,
1166 5241 1353 5323 faciam
1372 5241 1485 5323 ,_'ad
1522 5241 2108 5323 calamum-divisionis.
2142 5254 2263 5323 par-

684 5311 1045 5387 teni'rebe'rtar',
1068 5311 1132 5375 td
1153 5311 1242 5384 est,
1274 5328 1321 5373 et
1342 5311 1530 5384 affectu
1555 5320 1740 5387 fratres
1766 5315 1889 5387 dici,
1922 5312 2061 5387 quod
2087 5311 2267 5387 induo

683 5397 957 5460 scinditur,
986 5379 1044 5448 iri
1062 5379 1292 5461 spiritale
1315 5379 1445 5461 etuiu
1477 5379 1762 5461 contmuue.
1797 5382 1862 5437 In
1890 5383 2125 5452 spiritale
2154 5379 2263 5461 [AL

684 5458 958 5537 speciale],
1002 5458 1124 5532 quia
1164 5479 1335 5537 omnes
1367 5460 1653 5516 Christiani
1709 5459 2183 5537 fratreslvoca‘mur,
2214 5458 2268 5501 ut

680 5522 790 5590 ibi:
820 5522 957 5590 Ειὲέ
996 5522 1145 5604 quam
1198 5535 1385 5588 bonum
1432 5539 1479 5586 et
1519 5546 1674 5604 quam
1703 5522 2272 5604 jucundumfabitare

680 5610 871 5674 fratres
901 5607 953 5658 in
976 5591 1165 5659 unum!
1191 5604 1255 5658 Et
1280 5607 1331 5658 in
1357 5604 1460 5658 alio
1483 5591 1722 5674 psalmo?
1748 5600 1975 5674 alvator'.
2002 5591 2265 5673 Narrabo,

680 5666 881 5743 inquit,
908 5693 1089 5729 nomen
1122 5687 1264 5728 tuum
1290 5666 1536 5743 fratribus
1559 5672 1705 5732 meis,
1730 5680 1804 5723 etc
1854 5666 2021 5743 Porro
2046 5667 2109 5743 in.
2128 5678 2268 5743 cont-

679 5733 852 5803 mtiue,
872 5733 995 5811 quia
1023 5761 1195 5798 omnes
1223 5733 1451 5797 homines
1475 5760 1539 5796 ea:
1568 5757 1671 5811 uno
1697 5750 1838 5809 patre
1859 5737 1973 5811 nati
1996 5733 2113 5811 pari
2131 5734 2265 5811 inter

679 5820 778 5861 νιος
799 5804 1134 5876 germanitate
1162 5816 1518 5881 conjungimur
1542 5826 1562 5863 :
1600 5804 1784 5871 Dicite,
1818 5807 1913 5869 ait,
1936 5804 2001 5856 iis
2027 5804 2113 5873 qui
2138 5804 2263 5855 ode-

2365 4673 2747 4740 Hteronymus.

2439 4754 2459 4780 ο
2491 4743 2568 4796 Ita
2590 4742 2931 4821 emendatum
2960 4741 3014 4795 in
3046 4742 3446 4821 Itaeeditione;
3469 4747 3712 4821 quamvis
3727 4746 3935 4821 Diony-

2365 4816 2480 4869 sius
2517 4829 2638 4866 cum
2686 4828 2839 4887 mss_._
2860 4812 3003 4877 legat
3048 4812 3227 4887 (AVide
3258 4817 3358 4887 prl.
3392 4819 3425 4872 6
3448 4812 3563 4886 cap.
3593 4817 3650 4887 9)
3688 4812 3939 4886 .E/fectus

2364 4886 2501 4958 enim
2534 4883 2746 4958 peccati.
2789 4883 2960 4958 Magis
3010 4885 3179 4958 enim
3204 4883 3453 4955 coﬁgruit
3499 4883 3936 4958 praecedentibus,

2367 4956 2454 5009 ttbi
2486 4958 2561 5008 ait
2588 4970 2603 5009 :
2640 4954 2799 5018 Quasi
2829 4969 2947 5007 vero
2973 4956 3109 5026 apud
3140 4953 3305 5011 Deum
3329 4953 3479 5013 uerba
3499 4953 3871 5026 iantummodo,
3896 4953 3937 5015 et

2364 5044 2466 5100 non
2497 5028 2756 5100 prteciptte
2784 5026 3019 5078 voluntas
3048 5036 3253 5081 vocetur
3281 5030 3333 5083 in
3362 5033 3607 5100 culpam;
3635 5042 3683 5085 et
3718 5048 3841 5095 opus
3863 5050 3937 5085 so-

2368 5099 2476 5152 lum
2501 5098 2796 5172 peccati,_et
2818 5112 2922 5172 non
2945 5100 3098 5172 etiam
3116 5111 3293 5172 uotum
3333 5116 3397 5172 ac
3415 5098 3729 5172 propositum
3755 5101 3934 5156 habea-

2371 5179 2453 5221 tur
2493 5169 2547 5219 iu
2601 5168 2833 5221 crimine.
2859 5169 2995 5232 Quid
3040 5170 3183 5223 enim
3214 5182 3296 5225 est
3323 5168 3551 5227 aﬁ'ectus
3596 5172 3798 5241 peccati
3842 5176 3935 5228 nisi

2373 5241 2642 5299 voluntas,
2674 5248 2858 5291 votum
2900 5253 2962 5293 ac
3007 5241 3342 5310 propositum
3393 5244 3705 5310 peccantis?
3745 5245 3935 5300 Sensus

2373 5319 2475 5372 est,
2504 5325 2661 5385 quem
2692 5313 2858 5385 verba
2905 5319 3090 5379 aperte
3118 5325 3335 5385 sonant,
3362 5314 3500 5383 apud
3554 5314 3719 5369 Deum
3776 5319 3935 5385 magis

2373 5382 2609 5454 Spectari
2652 5378 2902 5454 allectum
2943 5378 3047 5434 seu
3076 5378 3412 5439 voluntatem
3462 5388 3756 5452 peccantis,
3788 5378 3935 5454 quam

2377 5450 2593 5504 modum
2636 5460 2691 5504 et
2715 5450 2959 5505 ordinent
2990 5455 3246 5520 peccandi
3284 5473 3294 5509 :
3333 5450 3478 5508 Deus
3501 5456 3635 5509 enim
3677 5450 3761 5509 cor
3784 5450 3935 5510 intue-

2378 5533 2459 5602 Lar
2485 5523 2527 5589 (l
2560 5521 2687 5602 Reg.
2720 5520 2851 5588 xvt).
2899 5522 2996 5602 (_‘.ui
3042 5526 3540 5602 potiu_s_contraria
3584 5528 3795 5580 videtur
3832 5527 3935 5580 hmo

2378 5592 2703 5667 Dionysiana
2747 5594 3089 5667 parapltrasis
3123 5613 3137 5648 :
3172 5596 3398 5663 Effectus
3427 5598 3558 5651 enim
3601 5600 3793 5667 peccati
3821 5616 3934 5667 pett-

2370 5665 2574 5790 ;azmclglsl
2595 5674 2693 5789 esit.5
2722 5679 2821 5716 non
2868 5666 3033 5717 solum
3060 5668 3187 5721 ordo
3238 5668 3471 5735 admissi,
3498 5665 3617 5723 vide
3652 5682 3769 5737 cap.
3801 5665 3854 5723 Η
3890 5679 3933 5724 ct
