4044 6190
127 561 139 627 ξ

232 302 367 369 i033

1290 300 1632 359 COLLATIO
1672 294 1811 360 XVI.
1850 335 1920 348 -—
1958 297 2047 360 DE
2086 302 2420 361 AMICITIA.

3350 302 3493 374 ιοδα

222 424 405 488 tuerit,
447 418 661 475 auferre
689 422 943 474 noluerit.
984 415 1061 471 Ita
1087 416 1247 487 igitur
1275 426 1455 473 tacere
1485 416 1619 472 nihil
1648 417 1810 487 prod-
1835 418 2056 493 Atilius
2101 417 2392 472 multitudo
2434 417 2693 484 venisset,
2742 431 2903 474 nemo
2947 416 3003 473 in
3050 428 3322 477 auctorem
3359 425 3487 483 vita

123 524 145 580 ’τ’
222 526 326 580 est,
376 515 420 569 si
466 513 669 569 idcirco
711 512 866 567 nobis
905 510 1205 566 indicamus
1246 511 1538 576 silentium,
1571 521 1627 565 ut
1659 511 1803 579 quod

223 604 487 669 agendum
520 602 772 659 convicio
793 602 986 666 fuerat,
1003 601 1106 656 hoc
1129 601 1493 656 taciturnitate
1524 601 1801 669 iaciamus,

216 696 587 751 assimilantes
628 693 889 765 quosdam
934 700 1136 763 gestus,
1175 692 1371 762 quibus
1415 698 1470 746 et
1508 692 1596 745 ille
1642 707 1803 762 quem

222 796 416 843 curare
460 801 559 842 nos
606 786 870 857 oportuit,
899 783 1290 840 vehementiori
1338 784 1649 838 inardescat
1696 784 1806 839 ira-

218 879 439 945 cundia,
478 886 533 933 et
581 891 680 933 nos
725 891 889 947 super
934 875 1050 930 haec
1097 875 1277 929 omnia
1323 873 1524 928 damno
1563 873 1710 928 illius
1742 888 1806 930 ac

220 970 526 1038 perditione
550 969 867 1034 laudemur;
898 967 1052 1038 quasi
1086 980 1221 1022 vero
1251 979 1356 1021 non
1380 966 1544 1020 etiam
1594 981 1658 1021 ex
1704 965 1805 1022 hoc

220 1063 338 1132 ipso
364 1062 483 1132 quis
513 1061 853 1117 criminosior
873 1061 964 1126 sit,
983 1058 1127 1129 quod
1146 1059 1371 1130 gloriam
1403 1059 1506 1113 sibi
1528 1060 1595 1114 de
1623 1059 1804 1115 fratris

219 1153 451 1210 voluerit
495 1154 797 1225 perditione
841 1153 1184 1221 conquirere.
1218 1153 1447 1223 Utrique
1478 1153 1620 1208 enim
1646 1162 1671 1189 ι
1697 1154 1803 1210 tale

218 1248 494 1302 silentium
526 1248 630 1302 erit
656 1246 938 1316 aequaliter
957 1247 1177 1302 noxium
1211 1264 1224 1299 :
1255 1247 1382 1315 quia
1402 1246 1546 1300 sicut
1575 1261 1804 1316 exagge—

222 1346 308 1393 rat
335 1339 388 1393 in
416 1338 635 1394 alterius
676 1339 842 1395 corde
880 1339 1179 1408 tristitiam,
1211 1340 1282 1394 ita
1315 1340 1367 1394 in
1397 1354 1496 1394 suo
1528 1355 1634 1395 non
1680 1356 1807 1408 per-

223 1432 385 1486 mittit
435 1432 722 1502 exstingui.
770 1430 972 1487 Contra
1012 1446 1150 1501 quos
1203 1432 1291 1487 illa
1345 1432 1625 1501 prophetae
1670 1433 1803 1489 satis

214 1525 433 1593 proprie
463 1533 544 1579 est
570 1524 779 1579 directa
809 1522 1116 1579 maledictio
1144 1539 1160 1579 :
1191 1522 1282 1578 Va:
1301 1524 1387 1595 qui
1416 1533 1559 1593 potat
1582 1528 1802 1580 amicum

214 1631 361 1668 suum
387 1657 401 1682 ,
459 1616 665 1670 mittens
696 1616 769 1685 fel
794 1632 943 1669 suum
966 1655 984 1681 ,
1015 1625 1063 1670 et
1084 1616 1349 1671 inebrians
1374 1626 1429 1670 ut
1458 1618 1671 1688 aspiciat
1707 1635 1803 1672 nu-

211 1706 428 1761 ditatem
458 1708 596 1777 ejus,
629 1708 855 1778 repletus
894 1716 968 1761 est
1010 1707 1294 1778 ignominia
1325 1725 1419 1778 pro
1442 1710 1610 1778 gloria
1636 1711 1801 1781 (Aba-

210 1814 323 1853 cuc.
356 1803 441 1868 ιι).
476 1797 610 1853 Illud
636 1814 848 1869 quoque
875 1800 1017 1868 quod
1046 1815 1142 1868 per
1168 1801 1335 1855 alium
1377 1802 1445 1857 de
1475 1803 1673 1857 talibus
1713 1804 1794 1858 di-
1824 1825 1875 1887 Β

210 1889 351 1944 citur
376 1907 389 1943 :
419 1890 557 1957 Quia
583 1892 750 1946 omnis
789 1896 951 1961 frater
975 1894 1318 1965 supplantans
1340 1896 1717 1964 supplantabit,
1749 1906 1799 1952 et

209 1984 373 2038 omnis
393 1985 584 2038 amicus
609 1984 969 2055 fraudulenter
989 1988 1214 2053 incedet,
1240 1997 1288 2041 et
1313 1990 1390 2040 vir
1411 1990 1625 2054 fratrem
1646 2006 1797 2043 suum

210 2076 465 2142 irridebit,
498 2084 549 2130 et
581 2080 848 2132 ueritatem
876 2096 979 2133 non
1017 2080 1276 2146 loquetur;
1297 2081 1634 2136 extenderunt
1659 2084 1798 2136 enim

214 2168 449 2238 linguam
478 2186 626 2223 suam
651 2173 801 2238 quasi
825 2188 1005 2225 arcum
1047 2173 1305 2228 mendacii
1335 2183 1384 2227 et
1426 2191 1529 2229 non
1568 2177 1798 2231 veritatis

211 2256 430 2329 (Jerem.
460 2264 554 2330 rx).
580 2261 740 2330 Saepe
781 2271 957 2318 autem
992 2263 1115 2318 ficta
1141 2265 1399 2334 patientia
1426 2268 1588 2321 etiam
1618 2268 1796 2322 aerius

210 2350 278 2403 ad
314 2352 641 2407 iracundiam
680 2368 835 2421 quam
881 2370 1063 2410 sermo
1092 2358 1391 2422 succendit,
1425 2368 1481 2413 et
1522 2358 1798 2413 atrocissi-

209 2459 326 2499 mas
348 2445 632 2500 verborum
672 2448 1006 2503 transcendit
1039 2450 1271 2518 injurias
1302 2452 1534 2519 maligna
1569 2451 1796 2505 tacitur-

210 2536 378 2601 nitas;
439 2537 720 2607 leviusque
773 2540 1078 2595 tolerantur
1124 2543 1469 2597 inimicorum
1540 2544 1790 2610 vulnera,

209 2643 365 2696 quam
411 2630 751 2685 irridentium
798 2633 1024 2687 subdola
1068 2633 1459 2689 blandimenta.
1490 2635 1565 2689 De
1593 2636 1793 2704 quibus

212 2727 427 2795 proprie
452 2727 649 2782 dicitur
672 2744 770 2797 per
791 2729 1108 2799 prophetam
1133 2748 1145 2782 :
1170 2729 1365 2784 Molliti
1395 2740 1510 2785 sunt
1535 2748 1557 2785 s
1574 2747 1793 2785 ‘rmones

211 2821 327 2889 ejus
356 2835 507 2883 super
535 2820 726 2883 oleum,
758 2829 806 2873 et
843 2820 945 2889 ipsi
990 2829 1113 2875 sunt
1139 2822 1323 2892 jacula
1353 2821 1526 2891 (Psal.
1560 2822 1690 2891 ων).
1726 2823 1794 2876 Et

208 2909 334 2962 alibi
371 2908 434 2962 ει)
472 2909 641 2963 Verba
668 2908 981 2963 callidorum
1020 2909 1221 2977 mollia,
1254 2910 1365 2964 haec
1388 2923 1560 2966 autem
1602 2914 1794 2977 feriunt

207 3001 262 3055 in
296 3002 576 3069 penetralia
603 3002 795 3054 ventris
819 3000 1001 3071 (Prov.
1035 3001 1212 3071 xxvi).
1252 3001 1455 3069 Quibus
1476 3003 1636 3057 etiam
1660 3002 1792 3057 illud

210 3102 389 3163 potest
415 3094 687 3164 eleganter
713 3094 885 3163 aptari
916 3110 930 3149 :
957 3093 1023 3148 In
1048 3111 1134 3148 ore
1161 3112 1338 3163 pacem
1360 3113 1477 3149 cum
1507 3098 1672 3151 amico
1698 3114 1791 3152 suo

1910 519 2109 564 nostrae
2159 509 2250 563 illo
2288 508 2560 563 cruentior
2600 510 2805 564 exstitit
2839 510 3102 579 parricida
3150 527 3309 581 quam
3359 518 3478 583 qui,

1908 609 2133 657 cunctos
2167 600 2292 655 ficto
2326 601 2663 656 salutationis
2694 604 2900 656 honore
2932 604 3290 672 praeveniens,
3320 621 3484 663 oscu-

1908 693 2016 748 lum
2049 691 2290 747 subdolte
2312 692 2591 748 charitatis
2616 693 2861 763 ingessit.
2886 696 2981 751 Cui
3013 698 3291 764 Dominus,
3314 696 3481 769 Iuda,

1907 787 2097 857 inquit,
2124 785 2302 840 osculo
2343 783 2541 839 Filium
2573 786 2799 841 hominis
2837 789 2998 843 tradis
3023 788 3205 860 (Lucra
3234 791 3402 864 xxtt)?
3432 793 3487 851 id

1907 886 2009 945 est,
2039 878 2344 933 amaritudo
2374 879 2765 947 persecutionis
2795 890 2957 949 atque
2984 880 3092 935 odii
3126 884 3203 937 tui
3239 884 3340 938 hoc
3364 895 3482 949 teg-

1909 988 2031 1027 men
2059 973 2353 1042 assumpsit
2380 987 2490 1042 quo
2509 971 2740 1028 dulcedo
2760 972 2871 1026 veri
2902 975 3102 1027 amoris
3129 977 3480 1044 exprimitur?

1906 1064 2163 1133 Apertius
2216 1078 2428 1134 quoque
2477 1079 2542 1119 ac
2588 1063 2962 1119 vehementius
3009 1080 3105 1133 per
3154 1067 3482 1136 prophetam
3544 1091 3560 1100 -

1907 1153 1935 1192 ά
1961 1156 2070 1210 vim
2095 1155 2256 1226 hujus
2278 1156 2481 1211 doloris
2507 1168 2797 1227 exaggerat
2821 1176 2834 1212 :
2893 1156 3157 1223 Quoniam
3180 1163 3223 1214 si
3242 1163 3484 1217 inimicus

1904 1261 2068 1311 meus,
2101 1247 2298 1315 inquit,
2325 1246 2678 1302 maledixisset
2710 1250 2860 1316 mihi,
2891 1252 3247 1306 sustinuissem
3277 1256 3481 1323 utique;

1906 1346 1952 1392 et
1976 1340 2019 1392 si
2048 1341 2093 1393 is
2113 1340 2201 1409 qui
2222 1340 2402 1395 oderat
2426 1357 2525 1409 me,
2552 1357 2704 1407 super
2724 1358 2806 1396 me
2840 1359 3025 1413 magna
3046 1346 3245 1401 locutus
3275 1350 3480 1420 fuisset,

1906 1429 2286 1483 abscondissem
2317 1446 2394 1483 me
2423 1432 2597 1497 utique
2622 1432 2686 1485 ab
2714 1448 2794 1485 eo.
2822 1431 2904 1486 Tu
2942 1451 3061 1488 vero
3094 1437 3247 1491 homo
3291 1442 3483 1494 unani-

1906 1522 2002 1575 mis
2028 1563 2042 1586 ,
2068 1522 2177 1577 dum
2201 1540 2341 1577 meus
2374 1530 2423 1577 et
2442 1532 2588 1576 notus
2610 1539 2773 1588 meus,
2795 1525 2889 1595 qui
2910 1526 3066 1580 simul
3084 1544 3283 1583 mecum
3304 1531 3480 1588 dulces

1905 1614 2141 1682 capiebas
2171 1616 2332 1681 cibos,
2364 1617 2416 1670 in
2444 1617 2595 1671 domo
2628 1616 2726 1671 Dei
2769 1617 3149 1675 ambulavimus
3203 1640 3317 1677 cum
3357 1640 3479 1680 con-

1903 1723 2055 1764 sensu
2074 1708 2247 1782 (Psal.
2279 1708 2406 1781 ιιν).

2487 1805 2713 1863 CAPUT
2740 1808 2881 1864 XIX.

2176 1895 2253 1952 De
2278 1898 2356 1951 his
2382 1898 2471 1969 qui
2493 1915 2559 1953 ea:
2584 1901 2937 1970 indignatione
2956 1904 3219 1976 jejunant.

1972 1989 2132 2044 Aliud
2163 2004 2375 2060 quoque
2407 1990 2691 2059 profanum
2727 1994 2957 2048 tristitia:
2994 2011 3165 2066 genus
3199 2006 3302 2063 est,
3331 2001 3475 2070 quod

1897 2078 2113 2151 dignum
2145 2084 2664 2138 commemoratione
2692 2099 2795 2139 non
2833 2086 3031 2155 fuerat,
3065 2090 3169 2143 nisi
3203 2090 3255 2144 id
3286 2106 3313 2144 a
3339 2108 3467 2147 non-

1898 2173 2065 2228 nullis
2096 2174 2354 2229 fratribus
2391 2175 2684 2229 scissemus
2709 2176 2947 2243 admitti,
2974 2180 3064 2247 qui
3092 2196 3215 2234 cum
3257 2184 3473 2238 tristiti-

1895 2266 2003 2321 οτιιί
2032 2265 2235 2320 fuerint
2254 2267 2336 2319 vel
2357 2265 2509 2333 irati,
2532 2266 2600 2320 ab
2632 2268 2749 2331 ipso
2776 2268 2941 2322 etiam
2966 2272 3318 2337 pertinaciter
3348 2277 3474 2330 abs-

1898 2358 2070 2411 tinent
2105 2356 2252 2421 cibo,
2301 2356 2375 2410 ita
2418 2365 2506 2423 ut,
2539 2358 2681 2427 quod
2713 2359 2876 2413 etiam
2910 2360 3092 2417 dicere
3134 2364 3339 2432 absque
3370 2382 3471 2436 pu-

1896 2447 2028 2502 dore
2081 2462 2186 2502 non
2238 2462 2548 2518 possumus,
2582 2449 2661 2503 illi
2710 2450 2806 2519 qui
2857 2451 2982 2506 dum
3046 2454 3243 2523 placidi
3319 2467 3470 2524 sunt,

1902 2539 2250 2595 refectionem
2296 2540 2403 2595 cibi
2454 2556 2623 2608 usque
2671 2542 2737 2596 ad
2786 2541 2971 2597 horam
3032 2554 3243 2599 sextam
3271 2550 3381 2613 vel,
3415 2560 3473 2603 ut

1897 2633 2146 2700 multum,
2182 2648 2377 2688 nonam
2418 2642 2613 2704 negant
2641 2648 2698 2687 se
2726 2647 2887 2703 posse
2930 2634 3171 2699 differre,
3202 2652 3323 2692 cum
3352 2641 3471 2694 lue-

1893 2724 2004 2779 rint
2062 2724 2335 2779 etris1itia
2383 2725 2467 2779 vel
2513 2723 2701 2780 furore
2751 2726 3015 2795 suppleti,
3050 2728 3256 2797 jejunia
3306 2733 3471 2786 etiam

1894 2815 2128 2871 biduana
2171 2832 2277 2870 non
2314 2817 2575 2882 sentiant,
2611 2826 2925 2887 tantamque
2973 2820 3167 2875 inedia:
3208 2822 3471 2880 defectio-

1896 2923 2019 2962 nem
2054 2907 2345 2962 iracundiaa
2392 2908 2647 2962 satietate
2692 2917 3024 2967 sustentent.
3057 2912 3114 2965 ln
3160 2928 3266 2983 quo
3306 2917 3472 2985 plane

1900 2996 1921 3036 ί
1956 2997 2225 3068 sacrilegii
2248 2998 2458 3053 crimen
2490 2998 2774 3053 evidenter
2801 3000 3105 3069 incurrunt,
3126 3003 3329 3072 jejunia
3358 3007 3470 3061 sci-

1893 3092 2042 3159 licet,
2075 3107 2194 3162 quaa
2225 3092 2327 3147 soli
2364 3091 2473 3145 Deo
2516 3106 2613 3159 pro
2646 3091 3028 3149 humiliatione
3049 3096 3234 3150 cordis
3263 3107 3318 3151 et
3346 3114 3472 3167 pur-

211 3186 468 3255 loquitur,
500 3196 545 3239 et
581 3187 780 3239 occulte
807 3187 949 3253 ponit
973 3188 1018 3239 ei
1044 3187 1265 3241 insidias
1293 3185 1509 3257 (Jerem.
1540 3187 1646 3259 ix),
1675 3189 1793 3256 qui-
1820 3192 1867 3257 α
1897 3185 2118 3255 gatione
2160 3183 2410 3238 vitiorum
2462 3193 2586 3238 sunt
2636 3185 2950 3253 specialiter
2998 3186 3275 3242 offerenda
3295 3228 3311 3254 ,
3374 3205 3473 3259 pro

208 3278 311 3335 bus
360 3290 538 3333 tamen
583 3278 751 3348 magis
794 3279 1060 3348 decipitur
1101 3280 1215 3347 ipse
1262 3281 1354 3350 qui
1400 3281 1616 3351 decipit.
1658 3282 1791 3337 Nam

212 3382 236 3411 ε
273 3371 376 3437 Qui
415 3380 673 3439 praeparat
703 3382 822 3425 ante
844 3372 1029 3439 faciem
1056 3374 1209 3426 amici
1234 3374 1318 3426 sui
1346 3382 1469 3443 rete,
1504 3376 1794 3429 circumdat

208 3462 347 3517 illud
372 3465 582 3533 pedibus
605 3465 710 3518 suis
723 3474 813 3530 ;et
841 3467 933 3535 qui
974 3466 1107 3537 fodit
1158 3467 1360 3537 foveam
1400 3468 1634 3534 proximo
1668 3485 1789 3538 suo,

209 3556 393 3609 incidit
420 3556 472 3609 in
498 3572 611 3610 eam
642 3558 750 3627 ipse
769 3554 952 3628 (Prov.
982 3558 1151 3627 xxvr).
1182 3558 1421 3628 Denique
1442 3573 1564 3614 cum
1598 3576 1790 3630 magna

214 3648 281 3706 ad
312 3649 876 3720 comprehendendum
912 3651 1194 3707 Dominum
1225 3667 1347 3707 cum
1378 3652 1568 3721 gladiis
1607 3660 1660 3707 et
1683 3653 1791 3707 fus-

1896 3275 2167 3330 diabolico
2219 3282 2429 3330 tumore
2482 3276 2797 3329 tolerantes.
2826 3274 2980 3342 Quod
3034 3277 3142 3331 tale
3188 3285 3272 3332 est
3315 3294 3378 3333 ac
3427 3281 3474 3335 si

1896 3371 2173 3425 orationes
2194 3378 2355 3438 atque
2377 3368 2645 3422 sacrificia
2672 3384 2780 3422 non
2810 3367 2942 3433 Deo,
2968 3370 3061 3422 sed
3076 3368 3360 3424 daemoniis
3386 3371 3473 3426 de-

1893 3461 2098 3527 ferant,
2114 3462 2373 3531 illamque
2396 3460 2686 3515 Mosaicam
2710 3461 3137 3528 increpationem
3160 3469 3472 3517 mereantur

1896 3553 2107 3615 audire,
2144 3552 2578 3619 Sacriﬁcaverunt
2627 3551 2916 3618 dazmoniis,
2948 3559 2997 3604 et
3034 3567 3137 3605 non
3181 3551 3316 3617 Deo,
3369 3554 3472 3606 diis

1895 3662 2021 3716 quos
2044 3643 2349 3716 ignorabant
2373 3641 2554 3712 (Deut.
2581 3641 2763 3710 χχιιι).

1276 3806 1532 3862 ALARDI
1569 3805 1801 3862 GAZEI
1836 3800 2399 3861 COMMENTARIUS.

286 3956 311 3985 α
341 3946 628 4002 Silentium
659 3944 763 3998 hoc
799 3957 1020 4011 pravum
1052 3950 1108 3997 et
1149 3956 1487 4011 perversum,
1520 3956 1640 3996 cum
1669 3942 1789 4011 quls

212 4033 279 4074 ex
308 4016 666 4073 amaritudine
687 4014 972 4077 aninti,vel
1004 4028 1073 4068 ex
1103 4022 1415 4081 contemptu
1438 4020 1528 4065 aut
1561 4012 1789 4067 derisio-

214 4105 284 4145 ne
306 4088 554 4158 proximi,
587 4096 753 4154 tacet,
786 4101 884 4141 nec
906 4085 1156 4158 dignatur
1182 4085 1355 4158 ipsum
1374 4083 1593 4151 alloqui,
1616 4082 1787 4158 aut_ei

212 4153 564 4229 respondere,
594 4172 700 4227 quo
739 4153 918 4229 magis
960 4153 1080 4229 eum
1116 4156 1290 4229 irritet
1319 4163 1372 4229 et
1403 4162 1687 4229 provocet.
1710 4153 1785 4208 De

215 4223 321 4285 tali'
360 4228 576 4281 silentio
613 4223 860 4297 loquitur
883 4227 943 4280 D.
974 4226 1268 4297 Gregorius
1316 4225 1409 4279 lib.
1441 4240 1470 4297 v
1501 4223 1782 4278 Moralium

214 4298 367 4370 (Cap.
401 4299 671 4370 xxxi),ubi
691 4294 809 4370 'aitr:
845 4294 1135 4370 Aliquando
1163 4298 1239 4370 ira
1270 4294 1561 4370 perturbato
1586 4299 1776 4357 animo,

212 4368 361 4441 quasi
389 4384 452 4422 ea:
471 4368 697 4439 judicio.
726 4369 982 4441 silentium
1017 4368 1235 4441 indicit,_
1250 4375 1296 4418 et
1318 4381 1419 4441 quo
1446 4368 1668 4441 se‘foras
1688 4380 1789 4441 per

215 4436 440 4511 linguam
472 4436 581 4492 non
618 4439 878 4511 exprimit,
908 4438 1047 4490 intus
1078 4437 1303 4511 deterius
1327 4437 1573 4511 ignescit;
1600 4446 1652 4511 ut
1680 4436 1788 4487 ira-

216 4506 529 4579 tuquuisque
549 4506 941 4562 collocationem
970 4522 1116 4558 suam
1153 4508 1385 4579 proximo
1414 4506 1704 4569 subtrahat,
1736 4514 1785 4558 et

215 4574 343 4635 nihil
372 4574 606 4640 dicendo.
633 4594 785 4643 quam
812 4582 879 4628 sit
904 4592 1110 4628 aversus
1136 4574 1290 4627 dicat.
1322 4574 1384 4627 Et
1406 4591 1784 4643 nonnumquam

214 4652 323 4706 lupo
363 4649 555 4702 silentii
598 4648 847 4716 severitas
879 4662 989 4716 per,
1025 4645 1320 4716 disciplina;
1360 4644 1786 4716 dispensationem

214 4722 434 4792 geritur,
456 4720 495 4769 si
529 4726 694 4768 tamen
735 4714 949 4768 sollicite
973 4714 1025 4767 in
1056 4716 1243 4792 intimis
1270 4714 1783 4792 discretionisforma

214 4785 485 4850 leuentur;
516 4800 893 4853 nonnumquam
923 4800 1060 4845 vero,
1083 4785 1205 4836 dum
1237 4799 1482 4837 accensus
1519 4785 1721 4837 animus
1750 4802 1783 4839 a

215 4867 464 4912 consueta
496 4855 750 4910 locutione
772 4855 1116 4925 restringitur,
1145 4871 1234 4920 per
1260 4869 1516 4906 accessum
1544 4855 1781 4923 temporis

216 4929 419 4999 penitus
467 4945 500 4981 a
546 4926 766 4997 proximi
811 4922 1082 4999 dilectione
1124 4934 1436 4991 separatur;
1476 4933 1524 4977 et
1566 4922 1787 4999 acriores

216 4994 409 5051 stimuli
435 4999 501 5051 ad
532 4994 747 5051 mentem
767 4996 992 5057 veniunt,
1021 5010 1303 5064 causisque,
1334 5010 1445 5061 qua:
1469 4994 1674 5064 gravius
1698 5010 1788 5048 ea:-

216 5079 478 5139 asptrant,
502 5068 758 5139 oriuntur,
779 5075 930 5139 atque
968 5066 1171 5139 in__irati
1201 5066 1350 5118 oculo
1378 5064 1587 5139 festuca
1600 5064 1655 5139 in
1681 5073 1785 5117 tra-

219 5133 332 5193 bent
359 5141 589 5202 vertitur,
624 5137 747 5188 dum
774 5133 854 5189 ira
882 5137 933 5187 in
961 5134 1135 5188 odium
1175 5144 1508 5204 permutatur.
1544 5133 1785 5188 Plerum-

215 5224 315 5278 que
343 5210 419 5259 ira
450 5223 537 5277 per
559 5206 821 5278 silentium
839 5205 1011 5278 clausa
1044 5206 1182 5259 intra
1206 5214 1421 5258 mentem
1448 5204 1785 5278 uehementius

216 5276 425 5342 castum,
450 5276 497 5329 et
524 5276 775 5330 clamosus
802 5277 954 5329 tacita
982 5291 1122 5329 uoces
1145 5280 1362 5346 format;
1386 5276 1531 5329 verba
1556 5276 1650 5329 sibi
1668 5278 1781 5343 qui.

219 5347 315 5419 bus
341 5356 664 5419 exasperetur
687 5346 881 5419 objicit,
908 5357 953 5401 et
974 5348 1125 5415 quasi
1150 5348 1202 5399 in
1232 5362 1401 5419 causa:
1421 5348 1652 5419 egramine
1681 5362 1774 5414 po-

217 5418 327 5473 sita
351 5417 533 5470 durius
562 5417 859 5488 exasperata
898 5419 1207 5486 respondet;
1231 5418 1407 5488 sicque
1426 5417 1481 5485 ﬁt
1506 5426 1559 5469 ut
1582 5426 1782 5484 pertur-

219 5488 369 5542 batus
396 5486 865 5560 animusgmajorem
904 5489 1171 5560 strepitum
1212 5488 1293 5541 sui
1344 5486 1534 5541 silentii
1578 5488 1777 5560 sentiat,

217 5573 434 5628 eumque
478 5558 907 5626 gravius—clausa
952 5560 1040 5612 ira:
1080 5559 1291 5628 ﬂamma
1330 5567 1613 5611 consumat.
1662 5558 1785 5612 "(eo

216 5626 531 5698 Gregorius.
565 5628 733 5683 Porro
770 5629 1040 5683 silentium
1080 5626 1217 5683 altas
1258 5628 1515 5697 optimum
1549 5642 1669 5682 esse
1700 5642 1785 5680 re-

214 5702 455 5755 medium
477 5698 542 5751 ad
562 5698 1017 5767 comprimendam
1037 5708 1093 5755 et
1109 5700 1451 5770 mitigandam
1480 5710 1588 5753 tum
1608 5711 1781 5765 suam,

216 5775 339 5837 tum
374 5770 607 5841 proximi
646 5771 800 5837 iram,
832 5771 963 5824 intra
991 5772 1222 5827 dicetur.

494 5865 767 5932 Panos.
815 5865 1024 5937 XLIX

1809 4754 1864 4814 D

1964 3938 1992 3977 ι)
2023 3938 2084 3991 1).
2119 3938 2477 4007 Hieronymus
2512 3937 2676 4008 vortit
2704 3954 2717 3991 :
2757 3936 2927 3991 Verba
2970 3940 3269 3993 susurronis
3325 3942 3472 4008 quasi

1891 4009 2183 4083 simplicia,
2201 4018 2247 4061 et
2264 4010 2392 4083 ipsa
2420 4007 2720 4083 perueniunt
2762 4008 2832 4083 a_d
2859 4008 3044 4083 intima
3080 4010 3254 4063 cordis
3283 4007 3471 4083 (Brov.

1890 4079 2059 4147 xxvr).
2090 4077 2185 4133 Cui
2234 4078 2426 4131 similis
2467 4079 2736 4132 sententia
2785 4078 3044 4132 Proverb.
3095 4095 3222 4133 xvm
3256 4077 3474 4136 :‘Verba

1890 4150 2131 4218 bilinguis
2156 4149 2302 4217 quasi
2350 4149 2629 4217 simplicia,
2655 4156 2700 4201 et
2729 4149 2843 4218 ipsa
2880 4149 3175 4218 perveniunt
3211 4166 3374 4219 usque
3404 4155 3473 4206 ad

1887 4220 2132 4273 interiora
2162 4220 2367 4273 ventris.

1964 4302 1985 4330 ε
2025 4290 2176 4357 Vulg.
2213 4300 2389 4343 textus
2424 4306 2437 4345 :
2467 4289 2633 4342 Homo
2660 4290 2747 4351 qui
2773 4288 2976 4342 blandis
3007 4290 3243 4359 ﬁctisque
3272 4307 3442 4344 sermo

1889 4361 2038 4432 nibus
2066 4360 2290 4427 loquitur
2318 4361 2486 4432 amico
2514 4377 2625 4432 suo,
2657 4370 2761 4413 rete
2794 4360 3038 4429 expandit
3073 4364 3329 4430 gressibus
3355 4366 3469 4432 ejus

1890 4429 2074 4500 (Prov.
2106 4432 2282 4497 XXIX).
2318 4430 2417 4484 Ubi
2460 4430 2521 4483 D.
2566 4430 2925 4500 Hieronymus
2976 4440 3126 4482 notat
3178 4429 3465 4499 utrumque

1889 4501 2091 4568 exponi
2119 4515 2298 4567 posse,
2331 4510 2383 4555 et
2411 4500 2665 4569 gressibus
2702 4501 2831 4570 ejus,
2865 4510 2916 4552 ct
2948 4502 3204 4567 gressibus
3234 4503 3360 4561 suis.
3392 4519 3458 4555 ex

1887 4574 2142 4642 ambiguo
2163 4573 2328 4625 verbo
2353 4571 2718 4643 Grmeo,qu_od
2749 4580 2831 4643 est
2851 4572 3158 4643 περιϐάλλει.
3180 4572 3322 4640 quod
3357 4583 3465 4626 tam

1888 4641 2193 4707 expandere
2221 4657 2379 4708 quam
2423 4641 2759 4695 circumdare
2782 4641 3066 4707 signiﬁcat,
3123 4650 3177 4695 et
3232 4655 3335 4693 tam
3394 4644 3463 4695 ad

1888 4711 2063 4778 ipsum
2114 4713 2413 4765 fraudatum
2462 4712 2648 4765 referri
2682 4719 2855 4780 potest
2879 4728 2906 4780 :7
2932 4711 3070 4762 Nam
3105 4713 3191 4778 qui
3225 4712 3353 4780 fodit
3384 4714 3467 4780 fo-

1888 4799 2031 4836 veam
2051 4783 2286 4852 proximo
2308 4798 2420 4845 suo,
2448 4783 2635 4835 incidet
2656 4779 2707 4835 in
2731 4799 2860 4834 eam.
2887 4779 2971 4833 Ita
2993 4781 3052 4849 fit
3079 4792 3133 4833 ut
3158 4779 3287 4834 retia
3316 4779 3467 4849 frau-

1888 4853 2097 4924 dulenta
2114 4870 2214 4905 non
2235 4862 2337 4906 tam
2352 4868 2466 4924 eum
2483 4856 2631 4924 cujus
2650 4852 3295 4924 gressibuseapanduntur,
3310 4868 3465 4918 quam

1887 4921 2037 4976 illum
2051 4940 2189 4989 aquo
2202 4919 2590 4990 expanduntur,
2609 4919 2987 4974 involvant.Sic
3004 4925 3061 4971 U.
3082 4921 3465 4988 Hieronymus.

1960 4992 1986 5029 ά
2020 4994 2273 5047 Minorem
2322 4994 2457 5047 enim
2494 4993 2719 5045 dolorem
2766 4991 2903 5042 mala
2946 4990 3211 5059 ingerunt,
3244 5003 3358 5054 qua:
3405 4993 3469 5039 ab
3555 5038 3558 5043 ,

1890 5068 2144 5118 extraneis
2181 5065 2492 5135 inferuntur.
2527 5061 2809 5135 Plusgveru
2848 5061 2901 5135 in
2931 5059 3075 5111 nobis
3114 5073 3173 5109 ea
3212 5068 3469 5135 tormenta

1889 5137 2122 5200 steviunt,
2153 5127 2268 5206 qua:
2318 5133 2381 5187 ab
2420 5134 2521 5206 illis
2572 5133 2796 5206 patimur
2838 5130 2902 5182 de
2944 5143 3158 5206 quorum
3213 5127 3466 5206 mentibus

1888 5198 2336 5273 prwsumeb'nmus.
2361 5205 2481 5273 quia
2525 5198 2638 5256 cum
2691 5202 2877 5273 damno
2920 5199 3152 5273 corporis
3190 5198 3327 5273 mula
3372 5214 3464 5273 nos

1889 5266 2122 5398 ξὲηςξαὲι
2150 5278 2351 5398 nmisque
2373 5266 2675 5341 "charitatis,
2708 5271 2783 5325 ait
2813 5270 2871 5323 Β.
2908 5270 3198 5336 Gregorius
3228 5266 3462 5337 (llomil.

1982 5362 2034 5398 tn
2109 5363 2258 5398 vana.
2293 5384 2306 5397 .

1927 5344 1956 5398 5
1982 5347 2034 5398 in
2058 5345 2306 5399 Evana.l.

1965 5345 2517 5472 enl’firgggigliassiano
2543 5410 2841 5471 familiaris,
2872 5417 2930 5462 ut
2956 5422 3100 5477 saepe
3130 5407 3456 5463 notavimus.

1968 5484 1986 5521 τ
2030 5487 2164 5540 Cum
2215 5483 2551 5550 sacrilegium
2601 5480 2836 5549 generali
2892 5480 3108 5533 notione
3161 5482 3231 5533 sit
3284 5478 3462 5530 omnis

1891 5556 2091 5611 abusus
2118 5556 2191 5609 rei
2223 5566 2414 5615 sacrm,
2441 5560 2497 5604 et
2518 5552 2582 5604 ad
2614 5550 2707 5604 Dei
2732 5550 2937 5603 cultum
2957 5550 3261 5613 destinatae,
3291 5551 3461 5601 sacri—

1892 5626 2089 5694 legium
2117 5620 2381 5694 quoddam
2409 5623 2757 5694 committere
2787 5620 2995 5694 videtur
3020 5620 3111 5687 qui
3142 5636 3207 5694 ex
3242 5620 3461 5694 iracun-

1892 5689 1980 5750 dia
2004 5694 2085 5747 vel
2115 5689 2474 5763 indignatione
2502 5707 2530 5743 a
2557 5692 2691 5746 cibis
2713 5691 3060 5763 abstittetgaut
3088 5692 3315 5763 jejunat,
3341 5689 3466 5760 quia

1894 5767 1949 5822 in
1977 5778 2081 5835 quo
2112 5764 2277 5819 Deum
2300 5759 2483 5816 colere
2513 5763 2719 5832 debuit,
2743 5778 2864 5820 eum
2889 5760 3130 5819 offendit.

2880 5857 2960 5920 33

3473 5938 3497 5948 ρ
