4014 6200
549 254 687 319 1035

1151 365 1377 439 CAPUT
1414 361 1533 441 xx.

620 490 701 561 ne
727 485 1067 561 quarumdam
1099 482 1341 561 simulata
1368 480 1619 561 patientia
1654 493 1771 561 qua
1790 475 2061 539 maxillam

891 554 1257 611 verberandam
1288 554 1499 617 alterum
1529 554 1795 622 ingerunt.

616 675 737 735 Non
760 684 1075 743 ignoramus
1095 666 1262 725 etiam
1283 664 1431 719 aliud
1454 662 1743 725 dementiae
1771 675 1966 730 genus,
1987 657 2132 729 quod

548 767 654 829 sub
680 765 869 820 colore
896 762 1091 825 fucata:
1129 759 1407 830 patientia:
1446 758 1502 812 in
1551 754 1826 812 nonnullis
1872 752 2134 811 fratribus

547 860 845 923 invenitur,
893 856 1092 927 quibus
1140 869 1329 924 parum
1387 859 1472 907 est
1515 850 1695 921 jurgia
1750 847 2130 912 commovisse,

546 954 655 1009 nisi
686 952 855 1007 etiam
884 947 1242 1018 instigatoriis
1272 942 1455 999 verbis
1495 952 1552 997 ut
1586 941 1860 999 feriantur
1889 940 2134 1005 irritent;

547 1058 673 1101 cum
703 1044 886 1111 utique
909 1039 1076 1111 [Ltps.
1113 1040 1169 1093 in
1198 1053 1365 1108 marg.
1399 1034 1601 1104 itaque]
1634 1033 1720 1089 vel
1781 1032 1888 1087 levi
1938 1030 2138 1089 fuerint

548 1134 879 1204 impulsione
902 1129 1163 1199 contacti,
1197 1128 1361 1182 aliam
1392 1141 1608 1197 quoque
1646 1132 1861 1194 partem
1890 1122 2138 1191 corporis

547 1228 805 1297 ingerunt
835 1222 1259 1288 verberandam,
1288 1222 1441 1291 quasi
1475 1236 1572 1290 per
1603 1219 1707 1277 hoc
1740 1218 2137 1289 perfeCtionem

547 1318 792 1375 mandati
838 1316 985 1373 illius
1023 1313 1304 1385 impleturi
1340 1328 1447 1383 quo
1494 1313 1732 1369 dicitur:
1766 1320 1791 1348 ιι
1821 1310 1884 1366 Si
1940 1310 2053 1379 quis
2090 1318 2139 1362 te

549 1414 858 1485 percusserit
880 1415 933 1468 in
953 1414 1219 1469 dexteram
1236 1411 1503 1464 maxillam
1527 1420 1690 1474 tuam,
1709 1406 1877 1473 prtebe
1896 1406 1975 1459 illi
1998 1415 2044 1458 et
2059 1403 2141 1458 al-

549 1513 714 1569 teram
735 1504 1042 1578 (Matthm),
1066 1503 1362 1571 Scripturze
1394 1502 1504 1556 vim
1532 1516 1593 1555 ac
1612 1500 1943 1569 propositum
1973 1497 2139 1565 peni-

549 1607 641 1663 tus
668 1598 1014 1667 ignorantes;
1042 1594 1415 1663 evangelicum
1438 1608 1674 1658 namque
1702 1592 2021 1659 patientiam
2044 1602 2140 1657 per

549 1688 842 1745 Iracundia:
868 1687 1060 1741 vitium
1089 1698 1353 1739 exercere
1384 1698 1443 1738 se
1468 1691 1673 1752 putant.
1703 1683 1783 1737 0h
1813 1680 1955 1751 quod
1986 1679 2134 1735 radi-

551 1784 694 1835 citus
722 1777 1101 1839 excidendum,
1134 1792 1244 1830 non
1275 1776 1454 1830 solum
1492 1773 1814 1829 vicissitudo
1841 1773 2055 1827 talionis
2085 1779 2141 1826 et
2169 1744 2221 1806 Β
2246 1735 2499 1839 ὼΧίῖτηην

552 1868 905 1926 concertandi
933 1867 1164 1925 irritatio
1210 1866 1551 1936 prohibetur,
1584 1864 1677 1923 sed
1703 1866 1863 1920 etiam
1904 1864 2141 1918 furorem

550 1960 896 2019 verberantis
944 1961 1235 2032 geminatae
1276 1956 1536 2028 jubemur
1583 1954 1799 2024 injuriae
1853 1954 2142 2013 tolerantia

552 2055 835 2126 mitigare.

1145 2144 1374 2202 CAPUT
1413 2142 1558 2198 XXI.

551 2262 922 2334 Interrogatio,
946 2259 1374 2334 quemadmodum
1419 2254 1611 2334 Christi
1646 2255 1911 2334 mandatis
1951 2254 2145 2307 obtem-

731 2327 971 2407 p'erautes
1000 2330 1294 2402 evangelica
1318 2328 1631 2399 perfectione
1659 2327 1997 2397 fraudentur.

625 2454 933 2509 Germanus
981 2464 999 2503 :
1048 2446 1333 2516 Quomodo
1361 2442 1849 2514 reprehendendus
1874 2449 1957 2495 est
1987 2441 2034 2494 is
2058 2440 2149 2510 qui

550 2550 832 2616 praecepto
878 2537 1228 2596 satisfaciens
1275 2535 1614 2605 evangelico,
1650 2548 1759 2588 non
1816 2531 1993 2587 solum
2038 2544 2147 2585 non

552 2634 737 2692 intulit
768 2633 1049 2702 talionem,
1083 2630 1182 2687 sed
1207 2630 1375 2685 etiam
1406 2636 1628 2698 paratus
1652 2634 1738 2684 est
1764 2633 1825 2682 ut
1852 2624 1956 2681 sibi
1984 2624 2151 2696 gemi-

553 2736 718 2783 netur
741 2724 978 2796 injuria?

1134 2814 1363 2871 CAPUT
1401 2813 1571 2870 XXII.

559 2932 868 3003 Responsio,
893 2930 1033 3002 quod
1073 2928 1309 3003 Christus
1326 2946 1442 3003 non
1471 2926 1644 3003 solum
1683 2929 1833 2998 facti,
1860 2928 1952 2983 sed
1995 2929 2151 2983 etiam

1012 3002 1290 3056 voluntatis
1318 3002 1575 3070 inspector
1600 3000 1686 3054 sit.

1570 244 1855 305 JOANNIS
1893 239 2206 302 CASSIANI
2244 238 2736 298 COLLATIONES.

2163 360 2215 419 Α
2240 371 2347 411 non
2387 358 2566 412 solum
2596 369 2686 410 res
2719 354 2831 423 ipsa
2864 366 2985 426 quae
3006 351 3235 433 geritur,
3270 354 3366 427 sed
3398 355 3568 431 etiam
3598 359 3854 429 qualitas

3706 240 3857 300 1056

2235 451 2434 505 mentis
2479 456 2536 503 et
2567 446 2903 519 pronositum
2947 446 3206 504 facientis
3252 457 3337 504 est
3382 450 3757 507 intuendum.
3788 455 3852 511 Et

2234 539 2443 595 idcirco
2498 538 2543 595 si
2597 538 2649 593 id
2690 538 2834 611 quod
2882 539 2952 593 ab
3012 555 3337 610 unoquoque
3388 544 3711 619 perficitur,
3750 564 3852 617 quo

2235 630 2415 684 animo
2445 627 2560 697 fiat,
2595 628 2679 683 vel
2706 643 2812 700 quo
2838 631 3099 701 procedat
3126 630 3348 697 aﬂ'ectu,
3378 632 3578 690 intimo
3605 652 3851 707 perpen-

2237 717 2379 774 datis
2403 718 2586 774 cordis
2611 720 2883 787 examine,
2899 721 3150 777 videbitis
3174 724 3447 793 patientia:
3476 726 3851 803 lenitatisquc

2236 810 2491 867 virtutem
2523 828 2859 884 nequaquam
2891 829 3053 884 posse
3078 816 3356 881 contrario
3387 820 3611 891 spiritu,
3648 822 3713 878 id
3742 837 3848 895 est,

2239 903 2593 974 impatientia:
2625 920 2691 959 ac
2735 904 2940 960 furoris
2978 906 3213 977 impleri.
3245 908 3520 980 Siquidem
3572 912 3849 972 Deniinus

2239 1007 2429 1053 noster
2459 1006 2623 1070 atque
2661 998 2916 1069 Salvator
2947 999 3015 1055 ad
3047 1000 3373 1071 profundam
3416 1019 3515 1060 nos
3554 1005 3849 1064 instruens

2239 1091 2516 1161 patientia:
2544 1091 2890 1161 lcnitatisque
2911 1095 3194 1161 virtutem,
3226 1094 3281 1149 id
3308 1106 3413 1164 est,
3447 1114 3563 1154 non
3594 1110 3655 1157 ut
3694 1102 3849 1160 labiis

2241 1198 2361 1239 eam
2393 1185 2772 1240 tantummodo
2796 1184 3165 1255 praeferamus,
3193 1188 3290 1243 sed
3314 1199 3371 1244 ut
3404 1192 3621 1249 intimis
3645 1197 3849 1252 animae

2241 1287 2443 1331 nostra:
2473 1278 2674 1332 abditis
2694 1279 3076 1343 recondamus.
3104 1281 3262 1335 istam
3293 1283 3452 1338 nobis
3482 1286 3848 1355 perfectionis

2240 1370 2567 1439 evangelicae
2606 1368 2892 1424 formulam
2933 1371 3101 1437 dedit,
3136 1373 3324 1435 dicens
3358 1393 3371 1431 :
3404 1375 3466 1431 Si
3496 1379 3621 1447 quis
3654 1388 3708 1433 te
3730 1398 3847 1452 per-

2241 1463 2455 1516 cusserit
2500 1463 2557 1516 in
2596 1463 2862 1517 dexteram
2900 1464 3175 1519 maxillam
3222 1475 3385 1536 tuam,
3413 1466 3441 1506 δ
3466 1472 3641 1540 praebe
3686 1472 3773 1526 illi
3799 1484 3847 1528 et

2241 1554 2458 1607 alteram
2488 1552 2664 1623 (Matt.
2694 1552 2774 1625 v),
2805 1555 3128 1611 subauditur
3157 1559 3277 1613 sine
3304 1558 3495 1628 dubio,
3526 1562 3843 1621 dexteram.

2242 1644 2375 1711 Quae
2420 1645 2521 1699 alia
2569 1645 2820 1712 dextera,
2867 1647 2970 1725 nisi
3004 1658 3027 1685 ο
3059 1631 3334 1708 interioris
3380 1651 3649 1719 hominis,
3677 1668 3739 1711 ut
3770 1658 3843 1712 ita

2533 1736 2698 1792 facies
2728 1746 2906 1808 potest
2939 1740 3132 1809 accipi.
3170 1740 3271 1795 Per
3302 1741 3407 1798 hoc
3436 1760 3662 1802 omnem
3692 1748 3842 1818 peni-

2246 1839 2333 1886 tus
2361 1831 2653 1887 iracundia:
2684 1831 2924 1887 fomitem
2952 1833 3018 1886 de
3048 1832 3329 1902 profundis
3355 1838 3589 1907 cupiens
3647 1842 3841 1896 animat

2246 1922 2617 1997 penetralibus
2647 1924 2971 1993 exstirpare,
2997 1923 3051 1978 id
3084 1933 3187 1989 est,
3221 1935 3278 1980 ut
3305 1927 3354 1981 si
3382 1925 3409 1964 ἀ
3444 1932 3692 1987 exterior
3720 1932 3839 1989 dex—

2247 2023 2361 2070 tera
2405 2023 2492 2068 tua
2526 2015 2785 2084 impetum
2836 2014 3081 2076 ferientis
3113 2018 3412 2086 exceperit,
3443 2019 3678 2077 interior
3708 2039 3841 2094 quo-

2245 2121 2352 2177 que
2382 2105 2546 2160 homo
2576 2121 2672 2176 per
2700 2106 3023 2161 humilitatis
3053 2122 3339 2162 assensum
3368 2110 3653 2167 dexteram
3683 2129 3839 2169 suam

2247 2197 2491 2267 prmbeat
2516 2198 2938 2265 verberandam,
2971 2201 3307 2270 compatiens
3335 2204 3633 2259 exterioris
3665 2207 3839 2262 homi-

2247 2290 2338 2345 nis
2387 2290 2659 2360 passioni,
2707 2300 2766 2347 et
2807 2291 3208 2362 quodammodo
3252 2296 3618 2352 succumbens
3682 2309 3843 2370 atque

2250 2384 2547 2454 subjiciens
2578 2401 2734 2439 suum
2760 2400 2958 2456 corpus
2982 2385 3226 2443 ferientis
3251 2386 3480 2457 injuriae,
3507 2406 3577 2444 ne
3600 2393 3843 2455 exterio-

2250 2478 2328 2532 ris
2354 2478 2591 2532 bominis
2622 2478 2770 2533 ctede
2790 2479 2875 2533 vel
2898 2479 3098 2534 tacitus
3120 2480 3261 2535 intra
3283 2488 3557 2535 moveatur
3574 2483 3841 2542 interior.

2252 2569 2465 2626 Videtis
2492 2586 2622 2641 ergo
2652 2572 2812 2642 longe
2842 2586 2937 2626 eos
2963 2572 3031 2625 ab
3062 2573 3358 2644 evangelica
3384 2572 3725 2642 perfectione
3750 2577 3841 2631 di-

2251 2674 2432 2731 stare,
2478 2680 2599 2734 quae
2640 2665 2959 2735 patientiam
2991 2665 3177 2732 docet,
3227 2683 3331 2721 non
3360 2666 3571 2733 verbis,
3622 2668 3725 2724 sed
3763 2670 3844 2725 in-

2252 2757 2454 2814 teriore
2494 2758 2677 2812 cordis
2709 2758 3097 2829 tranquillitate
3134 2758 3493 2825 servandam;
3532 2775 3765 2833 eamque
3811 2776 3843 2816 a

2253 2851 2433 2921 nobis,
2467 2866 2588 2906 cum
2618 2852 2744 2922 quid
2790 2853 3007 2909 adversi
3049 2853 3315 2921 evenerit,
3344 2854 3418 2909 ita
3448 2855 3697 2925 praecipit
3721 2870 3845 2914 cus-

2254 2946 2439 3013 todiri,
2471 2955 2529 3000 ut
2559 2962 2663 3001 non
2690 2946 2867 3001 solum
2896 2947 3265 3017 nosmetipsos
3296 2948 3503 3005 alienos
3531 2950 3599 3005 ab
3627 2949 3839 3007 iracun-

2254 3040 2363 3095 dia}
2396 3041 2809 3110 perturbatione
2832 3056 3133 3107 servemus,
3165 3041 3260 3096 sed
3284 3041 3448 3096 etiam
3480 3042 3610 3098 illos
3640 3044 3733 3115 qui
3750 3059 3842 3101 suo

632 3139 837 3210 Joseph
869 3155 886 3196 :
918 3138 1067 3195 Sicut
1111 3139 1269 3209 paulo
1294 3147 1421 3196 ante
1461 3138 1671 3194 dictum
1716 3146 1802 3194 est
1840 3138 1993 3209 (Cap.
2029 3138 2142 3210 18),
2176 3128 2223 3192 C
2255 3136 2509 3191 commoti
2537 3145 2664 3191 sunt
2692 3135 2847 3201 vitio,
2877 3144 2901 3173 θ
2924 3135 3339 3193 succumbentes
3364 3135 3581 3211 injuriis
3632 3152 3839 3207 eorum,

1624 3250 1879 3305 ALARDI
1918 3250 2152 3307 GAZAEI
2188 3248 2737 3307 COMMENTARIUS

636 3362 665 3391 ει
688 3351 930 3407 Diximus
956 3347 1204 3415 superius
1231 3346 1369 3405 hanc
1395 3345 1720 3401 sententiam
1765 3360 1869 3400 non
1915 3346 2130 3402 absolu-

564 3434 679 3479 tum
710 3423 993 3477 continere
1025 3430 1385 3487 praeceptum;
1415 3416 1509 3471 sed
1546 3418 1746 3487 aliquid
1779 3418 2052 3484 praecepti,
2086 3426 2140 3472 et

562 3496 763 3565 aliquid
793 3491 1019 3547 coiisilii.
1050 3489 1310 3565 Praecepti
1340 3488 1467 3565 illud
1501 3499 1603 3551 est,
1630 3503 1683 3541 ut
1710 3492 1885 3565 potius
1912 3494 2137 3565 alteram

563 3560 835 3620 maxillam
864 3572 1159 3626 vertamus,
1195 3562 1247 3613 id
1280 3572 1385 3623 est,
1418 3560 1640 3613 alteram
1688 3560 2018 3627 accipiamus
2058 3560 2139 3612 in-

560 3638 778 3705 iuriam,
808 3650 965 3703 quam
994 3645 1270 3705 acceptam
1304 3630 1787 3705 ulciscarnurtvel,
1814 3640 1868 3682 ut
1892 3631 1982 3705 hic
2002 3630 2139 3705 dici-

560 3700 671 3773 iur,
706 3723 771 3761 ne
804 3700 1080 3766 talionem,
1109 3703 1159 3755 id
1184 3715 1287 3761 est,
1315 3717 1495 3769 parem
1521 3701 1865 3773 autsimilem
1890 3700 2137 3773 injttriam

560 3772 880 3839 referamus,
918 3776 998 3828 vel
1029 3775 1224 3826 malum
1251 3788 1346 3839 pro
1378 3773 1518 3825 malo
1540 3772 1860 3839 reddamus;
1885 3781 1937 3823 et
1958 3772 2141 3827 animo

562 3848 738 3913 parati
768 3848 937 3901 simus
963 3845 1027 3898 ad
1078 3844 1383 3897 tolerandas
1416 3843 1664 3909 injurias,
1690 3843 2142 3911 quandocumque

560 3914 616 3973 id
647 3919 881 3973 Charitas
906 3925 961 3972 et
983 3916 1072 3971 Dei
1093 3914 1263 3981 gloria
1289 3914 1558 3967 videbitur
1589 3914 1886 3980 postulare.
1917 3915 2138 3968 Consilii

562 3999 743 4044 autem
771 4000 874 4053 est,
910 3998 966 4039 ut
1018 3986 1272 4054 quamvis
1320 3999 1491 4051 neque
1531 3983 1793 4046 charitas,
1828 3999 2001 4051 neque
2046 3985 2143 4040 Dei

563 4060 735 4129 gloria
765 4060 816 4111 id
840 4074 869 4110 a
894 4053 1050 4129 nobis
1068 4053 1713 4129 exiga_t,mortilicationis
1734 4064 1911 4106 tamen
1942 4068 2143 4129 nostra:

563 4126 726 4183 causa
762 4131 875 4181 lucc
906 4126 1081 4179 omnia
1118 4126 1183 4179 ad
1214 4126 1447 4177 litteram
1471 4138 1853 4191 exsequamur,
1883 4140 1988 4176 non
2022 4126 2143 4192 qui-

565 4198 688 4251 dem
731 4199 1005 4250 irritantes
1047 4205 1138 4247 aut
1188 4202 1547 4261 provocantes
1576 4194 1877 4260 proximum
1907 4196 1971 4246 ad
2004 4196 2140 4250 inle-

562 4268 789 4321 rendam
833 4266 987 4318 nobis
1028 4265 1302 4331 injuriam,
1328 4263 1472 4331 quod
1514 4264 1601 4317 hic
1636 4267 1826 4317 merito
1852 4264 2145 4332 reprehen-

563 4338 731 4396 ditur,
753 4336 845 4389 δρᾶ
877 4350 974 4389 nos
1006 4336 1150 4401 ipsos
1175 4334 1241 4387 ad
1264 4333 1635 4402 excipiendam
1665 4343 1721 4389 et
1749 4335 2141 4403 sustinendam,

565 4408 614 4462 si
638 4410 920 4474 inferatur,
954 4408 1255 4459 excitantes
1279 4414 1333 4459 et
1360 4408 1765 4460 continuantes.

635 4477 662 4515 ι)
704 4477 921 4531 Moralis
960 4474 1272 4542 expositio,
1324 4490 1443 4544 qua:
1490 4485 1547 4531 et
1588 4478 1647 4529 ι).
1681 4477 2005 4545 Hieronymo
2055 4476 2146 4545 (In

566 4548 952 4616 commentario)
984 4548 1181 4619 placuit
1214 4565 1226 4599 :
1260 4546 1556 4619 Secundum
1583 4550 1839 4619 mysticos,
1870 4549 1965 4613 ait,
1993 4548 2145 4602 intel-

2244 3346 2433 3411 ltaque
2453 3346 2652 3412 regiam
2688 3343 3077 3409 ingredientem
3107 3342 3322 3415 quidam
3348 3343 3673 3403 indecorum
3698 3356 3836 3403 ratus

2242 3423 2350 3469 tam
2405 3414 2612 3489 abjecta
2648 3415 2829 3489 specie
2859 3417 3057 3489 vir'um_
3082 3414 3285 3472 intrare
3316 3418 3578 3485 palatium
3617 3421 3837 3489 regium,

2241 3499 2411 3557 sacrae
2441 3488 2558 3557 ejus
2599 3487 2831 3540 maxilla:
2879 3486 3219 3554 impudenter
3266 3489 3555 3557 colaphum
3606 3486 3838 3555 infregit.

2242 3556 2390 3611 Tulit
2419 3556 2470 3609 id
2503 3572 2612 3609 non
2645 3557 2804 3609 modo
2837 3559 3102 3625 patienter
3125 3557 3209 3611 vir
3234 3556 3479 3624 sanctus,
3509 3561 3603 3613 sed
3628 3572 3683 3614 et
3708 3562 3844 3618 alte—

2243 3642 2362 3681 ram
2404 3641 2653 3697 prompto
2697 3629 2929 3696 patiendi
2973 3629 3155 3683 animo
3207 3632 3521 3698 percussori
3563 3631 3838 3687 exhibuit.

2242 3698 2376 3764 Qme
2410 3714 2495 3752 res
2538 3698 2856 3752 insolentem
2908 3700 3055 3754 illum
3091 3708 3243 3753 tanto
3287 3701 3498 3769 pudore
3544 3703 3757 3767 affecit,
3790 3714 3841 3759 ut

2243 3778 2468 3838 repente
2509 3769 2560 3823 ei
2601 3769 2826 3839 supplex
2870 3769 3023 3824 fieret
3062 3780 3115 3823 et
3152 3771 3573 3827 inconsideratae
3604 3775 3837 3833 audaciae

2242 3840 2455 3895 veniam
2488 3851 2727 3905 peteret;
2761 3856 2917 3910 quam
2948 3841 3117 3894 libens
3146 3843 3441 3909 concessit,
3472 3852 3527 3897 et
3564 3843 3835 3900 hominem

2246 3921 2470 3981 paterne
2501 3911 2754 3966 instruxit
2779 3922 2837 3967 ut
2864 3912 2930 3967 ab
2960 3910 3238 3967 inferenda
3268 3912 3463 3980 injuria
3503 3930 3566 3971 se
3596 3920 3836 3971 contine-

2243 3992 2347 4037 ret.
2388 3984 2504 4049 Quo
2534 3981 2732 4038 factum
2762 3994 2844 4038 est
2878 3994 2935 4038 ut
2961 3998 2992 4036 a
3021 3984 3150 4037 viris
3182 3982 3522 4052 principibus
3550 3986 3604 4040 in
3637 3991 3839 4043 honore

2246 4052 2565 4127 haberetur,
2599 4057 2689 4120 qui
2721 4070 2843 4127 eum
2880 4069 3095 4108 summa
3125 4058 3431 4127 reverentia
3458 4059 3523 4127 ad
3553 4059 3839 4127 imperato-

2243 4139 2359 4178 rem
2384 4124 2751 4180 dednxerunt.
2779 4126 3020 4180 Alterum
3049 4127 3107 4179 υ.
3136 4124 3393 4181 Bernardi
3438 4126 3573 4195 (Lib.
3604 4124 3665 4181 ut
3712 4127 3840 4183 Viue

2244 4198 2356 4266 ejus
2387 4211 2501 4259 cap.
2527 4196 2606 4260 6i,
2648 4197 2714 4250 ad
2745 4212 2903 4264 quem
2933 4198 3158 4251 veniens
3188 4196 3477 4263 aliquando
3511 4200 3841 4253 Claramval-

2244 4264 2350 4319 lein
2383 4266 2618 4319 clericus
2658 4267 2872 4329 quidam
2918 4266 3183 4336 regularis
3206 4308 3220 4331 ,
3253 4267 3559 4337 importune
3602 4272 3737 4323 satis
3763 4273 3842 4324 in-

2245 4338 2424 4390 stabat
2455 4347 2511 4389 ut
2540 4339 2590 4389 in
2621 4341 2943 4392 moonchum
2974 4340 3328 4404 reciperetur.
3375 4339 3653 4399 Snadeute
3681 4340 3841 4396 Patre

2245 4416 2432 4461 sancto
2474 4416 2532 4460 ut
2562 4408 2628 4460 ad
2670 4424 2822 4461 suam
2861 4418 3227 4464 reverteretur
3252 4409 3526 4463 ecclesiam
3552 4448 3567 4471 ,
3612 4425 3720 4465 nec
3750 4426 3843 4464 ac-

2245 4477 2559 4545 quiescente
2582 4494 2703 4531 eum
2740 4480 2981 4546 recipere
3001 4522 3016 4544 ,
3042 4480 3139 4535 ille
3164 4481 3300 4532 velut
3324 4479 3538 4531 insanus
3562 4478 3839 4548 impetum

2247 4547 2451 4601 faciens
2484 4548 2538 4602 in
2564 4565 2685 4602 eum
2704 4592 2717 4611 ,
2748 4553 3016 4619 percussit
3044 4550 3305 4604 maxillam
3333 4550 3477 4617 ejus.
3508 4547 3676 4616 idque
3723 4560 3843 4607 tam

564 4621 746 4712 lecJtus’,
770 4635 1003 4712 percusst
1019 4617 1229 4671 dextera
1247 4618 1602 4712 nonjubeenur
1616 4617 1875 4701 sinistram
1898 4622 2142 4701 prwbere,
2170 4652 2222 4712 ι)
2247 4620 2506 4712 graviter,
2533 4630 2590 4673 ut.
2619 4617 2933 4712 succederet
2956 4624 3136 4704 statim
3170 4623 3331 4712 rubor
3360 4620 3506 4701 ictui,
3531 4629 3718 4712 tumor
3748 4638 3843 4678 ru-

563 4691 654 4743 sed
683 4690 930 4753 alteram,
966 4690 1178 4760 Itocrest,
1221 4690 1434 4744 alteram
1461 4690 1761 4754 dexteram;
1792 4690 1968 4760 justus
2007 4692 2146 4745 enim

563 4761 828 4814 sinistram
856 4776 958 4813 non
986 4759 1157 4812 habet.

641 4842 664 4869 ο
707 4832 759 4885 ld
785 4840 891 4896 est,
920 4832 1083 4885 animi
1109 4830 1469 4899 promptitudo
1486 4831 1600 4885 sive
1623 4832 1941 4899 prteparatio
1962 4832 2029 4888 ad
2051 4848 2146 4888 ex-

558 4902 841 4971 cipiendas
869 4911 923 4955 et
956 4901 1261 4957 tolerandas
1293 4902 1546 4969 injurias,
1578 4902 1643 4957 de
1669 4918 1770 4973 qua
1802 4904 1860 4957 1).
1892 4904 2147 4971 Augusti-

563 4989 669 5028 nus
719 4973 847 5044 (Ubi
880 4972 1059 5045 supra)
1108 4973 1424 5045 sententiain
1479 4974 1621 5045 illam
1666 4974 2032 5045 evangelicam
2080 4976 2147 5030 de

566 5043 853 5111 pra-beuda
873 5043 1083 5098 maxilla
1102 5043 1255 5097 docnt
1280 5043 1676 5114 intelligendam
1703 5044 1864 5114 (Vide
1884 5046 1943 5100 S.
1964 5046 2145 5101 Thom.

564 5116 617 5169 tiu
647 5132 760 5183 cap.
787 5132 858 5169 xu
889 5114 1057 5183 Epist.
1094 5114 1161 5167 ad
1188 5114 1386 5183 Rom.).

636 5182 663 5221 ά
706 5182 973 5250 Exterior,
998 5188 1216 5240 dextera
1241 5182 1450 5241 scilicet
1478 5185 1720 5239 maxilla.
1746 5185 1915 5254 Hujus
1939 5187 2013 5242 rei
2041 5186 2146 5242 duo

564 5257 824 5323 praeclara
849 5271 1169 5311 succurrunt
1190 5261 1427 5324 exempta
1454 5256 1578 5312 huic
1602 5258 1717 5311 loco
1742 5273 1996 5327 perquam
2018 5272 2147 5312 con-

563 5340 848 5395 sentanea,
872 5337 926 5379 et
954 5327 1264 5395 lectoribus,
1291 5335 1347 5379 ut
1374 5342 1552 5395 spero,
1578 5328 1873 5395 profutura.
1907 5329 2143 5383 Primum

562 5394 892 5467 Spiridionis
919 5400 1153 5466 episc0pi
1180 5394 1361 5469 Cy_nri,
1395 5394 1505 5463 qui,
1539 5394 1599 5469 ut
1630 5400 1680 5451 in
1723 5399 1837 5453 Vita
1869 5401 1987 5465 ejus
2017 5400 2145 5469 legi-

563 5475 653 5523 tur
685 5469 862 5537 (Apud
892 5468 1103 5522 Surium
1140 5468 1205 5522 M
1236 5467 1519 5539 Decemb.),
1561 5468 1847 5537 aliquando
1880 5470 1943 5522 ad
1978 5467 2143 5536 impe-

560 5550 796 5593 ratorem
823 5540 1217 5601 Constantium,
1241 5555 1268 5589 a
1294 5556 1399 5607 quo
1425 5556 1500 5592 cvi
1525 5551 1675 5595 catus
1703 5550 1839 5605 eral,
1870 5540 2142 5608 profectus

560 5617 666 5661 est.
706 5609 805 5661 Vili
829 5619 1021 5680 autem
1045 5620 1161 5663 erat
1193 5610 1372 5661 habitu
1394 5650 1407 5669 ,
1442 5626 1601 5663 manu
1631 5614 1831 5680 virgam
1864 5627 1928 5665 ex
1970 5613 2143 5675 palma

526 5700 527 5703 η
562 5683 775 5746 tenens.
826 5678 1102 5731 Pendebat
1149 5694 1213 5731 cx
1241 5682 1379 5730 collo
1404 5695 1496 5732 vas
1542 5678 1735 5746 fictile,
1769 5692 1842 5745 et,
1887 5692 1944 5735 ut
1977 5685 2143 5736 Wl'llO

520 5794 529 5833 ζ
564 5739 773 5805 dicam,
817 5749 1115 5813 contempti
1155 5748 1386 5800 hominis
1412 5750 1644 5815 speciem
1677 5739 1786 5817 prae
1815 5739 1875 5808 se
1910 5751 2139 5807 ferebat.

2250 4691 2387 4744 bori.
2435 4690 2552 4743 Jam
2584 4692 2671 4757 qui
2711 4693 2968 4759 aderant,
3013 4693 3067 4746 in
3111 4692 3433 4761 sacrilegum
3479 4692 3840 4759 involabant;

2249 4762 2343 4816 sed
2370 4762 2633 4829 prmvenit
2659 4777 2754 4816 eos
2780 4778 2967 4817 servus
2992 4764 3229 4827 Domini,
3256 4763 3492 4817 clamans
3513 4773 3564 4816 et
3587 4765 3843 4831 adjurans

2248 4846 2346 4901 per
2369 4846 2562 4885 nomen
2601 4831 2801 4886 Christi
2841 4850 2909 4888 ne
2937 4848 3065 4889 eum
3096 4843 3401 4903 tangerent,
3424 4833 3523 4889 sed
3549 4835 3845 4891 educerent

2248 4916 2406 4958 caute
2435 4913 2489 4959 et
2518 4918 2702 4967 curam
2734 4906 2853 4974 ejus
2883 4904 3145 4960 haberent
3165 4945 3184 4971 ,
3217 4919 3285 4960 ne
3328 4906 3398 4961 ab
3431 4905 3613 4976 aliquo
3660 4906 3713 4961 ei
3745 4921 3843 4962 no-

2247 4985 2481 5030 ceretur.

2325 5055 2350 5083 °
2390 5046 2446 5099 ld
2483 5053 2601 5117 est,
2635 5043 2890 5117 cedentes
2936 5060 3122 5101 eorum
3158 5046 3374 5116 injuriis
3402 5060 3605 5114 easque
3634 5048 3844 5117 patien-

2248 5123 2333 5170 ter
2361 5116 2721 5183 sustinentes;
2755 5115 2859 5178 vel,
2879 5128 2939 5170 ut
2966 5118 3043 5171 ait
3071 5115 3363 5185 Apostolus
3394 5135 3408 5170 :
3438 5115 3844 5173 Locum‘dantes

2248 5187 2377 5253 irw;
2411 5193 2514 5250 vel,
2540 5200 2596 5241 ut
2626 5198 2810 5244 noster
2833 5190 3214 5257 paraphrastes
3238 5204 3253 5242 :
3278 5188 3631 5243 Humiliantes
3654 5198 3700 5241 et
3728 5192 3845 5242 sub-

2247 5258 2422 5331 dentes
2448 5275 2541 5331 nos
2569 5258 2678 5312 illis
2704 5260 2791 5329 qui
2817 5260 3055 5311 commoti
3084 5270 3202 5313 sunt
3221 5299 3256 5331 ,_
3281 5275 3528 5331 cogamus
3553 5275 3737 5312 eorum
3763 5261 3845 5313 in-

2235 5330 2413 5397 jurias
2439 5330 2504 5384 ad
2530 5332 2881 5398 placiditatem
2905 5332 3103 5395 reverti,
3138 5329 3356 5398 expleta
3371 5331 3605 5384 satietate
3631 5347 3844 5401 percus-

2244 5401 2402 5454 sionis
2424 5418 2621 5465 eorum,
2638 5401 2885 5455 vincendo
2906 5410 3080 5455 nostra
3100 5403 3323 5455 mititate
3342 5405 3573 5472 furorem
3590 5402 3842 5472 ipsorum,

2246 5480 2351 5526 etc.
2394 5472 2671 5525 Alluditur
2714 5481 2893 5525 autem
2933 5472 3051 5538 hic,
3084 5473 3177 5526 sed
3216 5472 3537 5534 obscurius,
3569 5475 3637 5525 ad
3668 5474 3845 5526 locum

2246 5540 2394 5615 illum
2422 5543 2652 5615 liiattluci
2684 5560 2709 5615 :7
2730 5543 2789 5615 Si
2812 5544 2925 5615 quis
2948 5554 2993 5597 te
3022 5546 3331 5615 percusserit
3357 5547 3414 5596 in
3443 5551 3712 5597 dexteram
3740 5561 3847 5595 ma-

2248 5613 2461 5677 xillam,
2498 5613 2663 5679 prmbe
2696 5613 2776 5667 illi
2801 5626 2849 5665 et
2871 5612 3087 5667 alteram
3132 5612 3351 5677 (Matth.
3383 5618 3457 5682 vr).
3506 5615 3670 5667 Docet
3700 5618 3844 5668 enim

2250 5697 2318 5736 cx
2354 5684 2452 5739 hac
2483 5684 2679 5738 Christi
2709 5692 2977 5739 sententia
3007 5685 3323 5739 Christiana:
3355 5697 3408 5738 et
3437 5686 3715 5751 religio~az
3751 5700 3845 5752 pa-

2251 5757 2450 5810 tientia:
2492 5756 2886 5825 perfectionem
2930 5774 2995 5812 eo
3050 5762 3399 5829 pertingere,
3444 5767 3506 5810 ut
3550 5768 3855 5825 percussus
3950 5752 3951 5829 ἢ
