4014 6200
177 282 332 351 1037

1259 271 1600 332 COLLATIO
1634 273 1777 332 XVI.
1804 303 1878 326 -.-
1902 273 1994 333 DE
2031 275 2356 337 AMICITIA.

3322 286 3472 348 1058

169 399 248 458 ad
301 392 673 469 placiditatem
718 391 935 463 expleta
984 391 1152 446 caulis
1187 390 1433 446 satietate
1487 404 1769 460 cogamus,
1799 391 1851 454 Α
1877 393 2030 458 estis,
2070 391 2444 450 imbecillitates
2468 391 2799 462 inﬁrmarum
2834 393 3082 454 sustinete
3125 395 3302 465 (Rom.
3335 400 3469 472 xv);

170 491 428 551 furorem
489 503 678 546 eorum
723 495 910 541 nostra
961 485 1180 540 lenitate
1237 483 1536 539 vincentes.
1587 481 1654 535 Et
1707 483 1782 536 ita

174 587 352 643 etiam
386 583 520 640 illud
553 580 926 653 Aposmlicum
977 577 1351 647 implebimus:
1378 575 1502 628 Noli
1531 582 1558 612 ι
1583 574 1720 629 uinci
1749 589 1782 626 α

173 680 345 745 malo,
371 678 464 732 sed
510 677 653 729 vince
701 675 758 727 in
790 674 921 726 bono
953 671 1146 725 malum
1169 669 1347 744 (Rom.
1377 669 1496 741 stt).
1524 668 1681 735 Quod
1713 668 1781 723 ab

174 767 294 823 illis
327 765 542 835 impleri
574 779 681 819 non
712 777 875 833 posse
901 763 1265 817 certissimum
1294 770 1400 825 est,
1430 761 1523 831 qui
1554 762 1646 814 illo
1671 760 1783 830 spi-

174 864 291 918 ritu
345 876 409 916 ac
461 870 676 914 tumore
724 857 891 912 verba
943 856 1182 910 lenitatis
1232 865 1398 924 atque
1458 854 1778 910 humilitatis

175 954 461 1021 emittunt,
495 958 554 1005 ut
585 966 694 1005 non
727 949 902 1004 solum
934 962 1042 1001 non
1071 947 1320 1015 mitigent
1347 959 1671 1014 conceptum
1700 948 1782 1001 lu-

178 1046 326 1101 roris
368 1041 705 1107 incendium,
736 1041 832 1096 sed
866 1040 1040 1114 magis
1075 1036 1208 1092 illud
1249 1045 1356 1090 tam
1398 1037 1448 1090 in
1489 1052 1592 1092 suo
1619 1053 1778 1108 quam

179 1140 237 1196 in
299 1138 483 1194 fratris
526 1135 782 1191 commoti
833 1147 998 1190 sensu
1049 1131 1244 1187 iaciant
1292 1130 1653 1201 conflagrare,
1687 1133 1780 1202 qui

181 1240 368 1286 tamen
419 1229 582 1284 etiam
629 1227 676 1282 si
728 1235 954 1296 possent
982 1224 1164 1293 aliquo
1204 1222 1365 1277 modo
1395 1223 1496 1292 ipsi
1527 1224 1687 1278 mites
1717 1239 1781 1280 ac

181 1321 388 1396 placidi
419 1335 762 1392 permanere,
798 1333 898 1373 nec
929 1317 1010 1371 sic
1048 1314 1268 1386 quidem
1317 1315 1530 1384 aliquos
1549 1315 1778 1384 justitite

183 1416 401 1474 fructus
427 1423 704 1484 caperent,
738 1428 862 1467 cum
891 1411 1092 1464 damno
1122 1407 1358 1477 proximi
1384 1409 1655 1478 patientia:
1677 1410 1778 1464 sibi

183 1509 415 1580 gloriam
447 1506 822 1569 vindicantes,
851 1513 907 1558 et
934 1517 1033 1571 per
1072 1499 1178 1554 hoc
1219 1499 1286 1554 ab
1330 1498 1419 1554 illa
1466 1501 1779 1568 Apostolica

183 1600 454 1655 charitate
485 1595 812 1650 omnimodis
842 1594 1025 1656 alieni,
1059 1607 1177 1662 quae
1205 1607 1306 1644 non
1336 1591 1518 1660 quaerit
1546 1605 1661 1660 qua:
1683 1607 1781 1644 sua

182 1707 301 1751 sunt
329 1694 376 1764 (l
399 1692 521 1748 Cor.
551 1689 692 1760 xtn),
725 1688 819 1744 sed
842 1703 908 1743 ea
935 1702 1052 1757 qum
1079 1685 1332 1750 aliorum,
1367 1699 1473 1738 non
1511 1685 1672 1739 etiam
1703 1685 1778 1739 ita

1883 490 1938 538 et
1965 500 1979 536 :
2011 485 2329 540 Alterutrum
2369 500 2524 539 onera
2563 497 2731 539 uestra
2769 494 2968 554 portate
2988 527 3004 551 ,
3031 493 3081 547 et
3110 488 3182 540 sic
3216 489 3471 560 adimptg.

1883 573 1999 628 bitis
2024 576 2184 646 legem
2213 575 2403 632 Christi
2433 575 2636 644 (Galat.
2673 577 2769 646 vi).
2813 575 3116 647 Numquam
3141 577 3284 642 enim
3318 580 3471 642 inﬁr-

1882 683 2004 722 mus
2049 679 2314 724 Sustentat
2356 671 2665 736 infirmum,
2725 685 2824 729 nec
2866 671 3102 742 tolerare
3144 674 3346 742 poterit
3381 683 3476 732 aut

1882 773 2075 814 curare
2101 761 2439 830 languentem
2470 763 2516 818 is
2553 763 2642 832 qui
2682 763 2933 822 similiter
2957 775 3215 834 regnarat;
3258 765 3353 824 sed
3385 767 3476 830 ille

1883 851 2148 907 medelam
2179 855 2365 910 tribuit
2389 855 2681 920 imbecillo,
2715 857 2806 925 qtti
2844 855 3204 921 imbecillitati
3226 858 3341 928 ipse
3364 874 3474 914 non

1883 942 2148 1013 sulijacet.
2194 944 2389 1000 Merito
2421 943 2564 1004 enim
2599 946 2650 1003 ei
2680 946 2878 1008 dicitur
2907 965 2920 1002 :
2957 946 3160 1012 Hediae
3182 991 3198 1017 ,
3236 965 3362 1010 cura
3389 961 3470 1010 tc-

1882 1037 2051 1107 ipsum
2080 1036 2262 1108 (Luca
2286 1038 2384 1111 tv).

2446 1131 2678 1190 CAPUT
2713 1132 2904 1192 XXIV.

1886 1221 2037 1288 Quod
2057 1223 2253 1290 inﬁrmi
2271 1225 2512 1294 iujuriosi
2531 1226 2654 1290 sint,
2673 1235 2722 1280 et
2743 1226 2964 1298 injurias
2979 1229 3114 1297 ferre
3128 1245 3231 1290 non
3251 1231 3467 1301 possint.

1950 1313 2256 1370 Notandum
2304 1318 2466 1371 etiam
2511 1316 2639 1372 illud
2674 1325 2799 1385 est,
2850 1318 3188 1388 inﬁrmorum
3221 1332 3471 1386 naturam

1882 1421 2002 1463 esse
2026 1423 2243 1477 semper
2270 1409 2568 1478 ejusmodi,
2601 1420 2658 1467 ut
2689 1414 2921 1482 prompti
2949 1413 3169 1483 quidem
3197 1430 3261 1475 ac
3288 1416 3472 1478 faciles

1881 1501 1988 1556 sint
2009 1502 2076 1556 ad
2099 1504 2451 1560 contumelias
2475 1505 2802 1575 ingerendas
2828 1519 2881 1562 et
2903 1507 3074 1578 jurgia
3103 1511 3467 1581 conseranda,

1883 1594 1983 1664 ipsi
2012 1610 2142 1650 vero
2192 1611 2260 1652 ne
2310 1597 2532 1664 minima
2565 1599 2784 1668 quidem
2828 1601 3040 1670 injuriae
3071 1604 3241 1660 velint
3290 1607 3472 1675 suspi-

1880 1687 2041 1744 cione
2067 1691 2580 1761 contingimumque
2611 1691 2907 1748 inferentes
2925 1703 3172 1764 proterva
3203 1698 3468 1766 convicia,

187 1788 409 1844 divitias
437 1784 788 1854 concupiscit,
820 1790 878 1837 ut
904 1782 1108 1835 lucrum
1133 1779 1235 1834 sibi
1265 1777 1334 1832 de
1357 1777 1586 1847 proximi
1615 1777 1780 1832 faciat
1807 1769 1856 1830 Β
1883 1782 2282 1840 inconsiderata
2314 1787 2721 1856 superequitent
2750 1788 3025 1856 libertate,
3066 1805 3136 1845 ne
3165 1806 3326 1860 parva
3353 1792 3475 1862 qui-

189 1881 548 1940 detrimento,
583 1892 682 1931 nec
733 1876 1014 1947 acquirere
1055 1873 1344 1945 quidquam
1387 1885 1509 1927 cum
1555 1871 1781 1927 alterius

186 1971 472 2042 desiderat
511 1970 776 2047 nuditate.

747 2059 975 2116 CAPUT
1011 2058 1202 2115 XXIII.

265 2158 418 2226 Quod
448 2157 538 2212 ille
557 2158 620 2212 sit
648 2156 798 2226 fortis
824 2167 868 2209 et
899 2171 1051 2208 sanus
1078 2154 1165 2223 qui
1194 2152 1474 2210 succumbit
1499 2154 1712 2210 alterius

852 2227 1117 2280 uoluntati.

265 2342 558 2401 Sciendum
588 2357 716 2396 sane
742 2341 1063 2410 generaliter
1091 2340 1245 2396 illum
1274 2349 1456 2408 partes
1484 2354 1644 2410 agere
1674 2338 1786 2395 for-

184 2437 366 2492 tiores
392 2437 481 2506 qui
509 2433 766 2489 voluntati
800 2433 980 2487 fratris
1012 2449 1160 2487 suam
1189 2434 1407 2502 subjicit
1426 2434 1781 2504 voluntatem,

179 2546 351 2602 quam
382 2545 506 2585 eum
541 2529 631 2597 qui
669 2529 720 2583 in
751 2527 1105 2583 defendendis
1135 2529 1251 2582 suis
1285 2528 1694 2583 deﬁnitionibus
1722 2542 1787 2584 ac

179 2621 439 2678 tenendis
472 2618 799 2691 pertinacior
837 2620 1126 2680 invenitur.
1177 2619 1272 2674 Ille
1302 2622 1445 2674 enim
1477 2629 1786 2676 sustentans

181 2731 255 2772 ac
287 2717 526 2772 tolerans
555 2714 880 2783 proximum,
912 2715 1030 2772 sani
1061 2728 1125 2768 ac
1156 2714 1336 2782 validi,
1372 2713 1458 2768 hic
1491 2723 1669 2768 autem
1706 2714 1788 2768 in-

182 2809 332 2866 ﬁrmi
349 2816 407 2862 et
427 2807 824 2877 quodammodo
845 2806 1158 2877 aegrotantis
1177 2806 1386 2862 obtinet
1408 2807 1604 2870 locum,
1625 2821 1785 2876 quem

184 2899 262 2957 ita
293 2898 503 2968 palpari
536 2913 757 2953 necesse
787 2905 870 2953 est
896 2914 958 2952 ac
991 2897 1158 2952 foveri
1198 2896 1468 2952 interdum
1493 2943 1506 2967 ,
1538 2907 1595 2951 ut
1622 2897 1786 2952 etiam

184 3009 218 3049 a
253 2992 418 3046 rebus
450 2991 771 3060 neceSSariis
804 3006 900 3062 pro
930 2991 1049 3060 ejus
1094 2990 1275 3058 quiete
1305 3005 1368 3044 ac
1400 3005 1526 3062 pace
1568 2991 1788 3054 salubre

184 3085 262 3141 sit
293 3083 495 3152 aliquid
524 3083 774 3137 relaxari.
824 3081 882 3136 In
921 3097 1030 3152 quo
1077 3081 1292 3150 quidem
1343 3097 1452 3135 non
1491 3097 1551 3138 se
1600 3082 1790 3138 credat

1883 1875 2006 1931 dem
2033 1886 2195 1948 atque
2227 1879 2498 1934 levissima
2533 1883 2804 1938 sustinere
2831 1883 3076 1937 contenti
3118 1893 3266 1944 sunt.
3315 1885 3470 1941 ldeo-

1883 1983 2023 2039 que,
2057 1980 2079 2009 ο
2114 1971 2410 2025 secundum
2453 1973 2768 2041 praedictam
2807 1975 3082 2029 seniorum
3121 1977 3472 2046 sententiam,

1884 2061 2120 2118 ebaritas
2165 2064 2376 2118 stabilis
2412 2072 2576 2135 atque
2602 2067 2872 2136 indirupta
2908 2083 3015 2122 non
3049 2071 3249 2137 poterit
3275 2072 3478 2140 perdu-

1885 2171 2009 2213 rare
2029 2200 2044 2223 ,
2077 2158 2180 2212 nisi
2212 2159 2351 2214 inter
2379 2160 2521 2214 viros
2552 2160 2797 2229 ejusdem
2846 2163 3062 2220 virtutis
3087 2172 3248 2232 atque
3279 2179 3474 2235 propo-

1886 2252 1996 2307 siti.
2045 2248 2075 2290 ά
2116 2251 2302 2308 Scindi
2343 2255 2545 2308 etenim
2577 2269 2801 2309 necesse
2841 2264 2926 2310 est
2969 2270 3090 2312 eam
3133 2272 3479 2327 quocumque

1887 2352 2134 2412 tempore
2155 2387 2171 2412 ,
2218 2347 2551 2414 quantalibet
2583 2347 2744 2402 fuerit
2771 2349 3024 2404 cautione
3060 2349 3130 2404 ab
3154 2350 3325 2405 altero
3353 2364 3478 2407 cus-

1885 2436 2078 2494 tudila.

2461 2528 2686 2597 CAPUT
2725 2530 2892 2588 XXV.

1964 2619 2311 2692 Interrogatio
2335 2661 2351 2688 ,
2390 2623 2648 2687 quomodo
2678 2624 2828 2690 fortis
2865 2623 2932 2675 sit
2959 2622 3049 2694 qui
3078 2639 3182 2679 non
3209 2640 3408 2683 temnes

2398 2703 2650 2746 sustentat
2681 2695 2732 2746 in
2739 2696 2965 2762 ﬁrmum.

1962 2807 2265 2862 Germanus
2308 2823 2322 2860 :
2375 2805 2430 2860 lu
2478 2821 2586 2877 quo
2629 2821 2759 2877 ergo
2800 2807 3089 2872 laudabilis
3126 2809 3349 2882 perfecti
3380 2811 3483 2869 viri

1891 2907 2071 2969 potest
2099 2913 2219 2953 esse
2247 2899 2500 2968 patientia
2520 2940 2534 2965 ,
2566 2901 2611 2954 si
2642 2900 2875 2956 tolerare
2916 2917 3022 2956 non
3055 2904 3312 2972 praevalet
3339 2919 3484 2960 sem-

1890 3005 1989 3062 per
2017 2991 2331 3046 infirmum?

2460 3063 2688 3119 CAPUT
2728 3064 2922 3120 XXVI.

185 3177 318 3248 quis
364 3175 563 3242 aliquid
608 3175 676 3229 de
725 3189 820 3228 sua
867 3173 1201 3243 perfectione
1232 3173 1532 3240 minuisse,
1577 3175 1789 3230 tametsi

1965 3154 2285 3225 Responsio,
2318 3154 2456 3227 quod
2486 3156 2722 3225 inﬁrmus
2744 3174 2798 3212 se
2825 3173 2926 3214 non
2951 3158 3088 3224 sinat
3110 3161 3407 3216 sustentari.

186 3265 452 3342 quiddam
493 3266 562 3320 de
607 3265 881 3336 proposita
924 3263 1262 3320 districtione
1305 3265 1790 3338 condescendendo

187 3360 571 3426 summiserit,
615 3360 712 3415 sed
755 3360 1065 3416 eeontrario
1106 3360 1275 3414 multo
1327 3348 1563 3430 amplius
1600 3377 1660 3418 se
1693 3377 1793 3432 pro

187 3453 620 3530 longanimitatis
652 3462 710 3508 et
735 3451 1013 3522 patientiae
1045 3453 1186 3508 bono
1229 3455 1442 3508 noverit
1471 3455 1788 3525 acquisisse.

189 3547 565 3624 Apostolicum
590 3561 820 3620 namque
841 3557 1168 3617 praeceptum
1190 3553 1274 3602 est
1298 3563 1310 3599 :
1335 3545 1363 3586 ιι
1397 3546 1502 3602 Vos
1528 3548 1614 3619 qui
1635 3549 1792 3617 [artes

1966 3267 2169 3342 Ioseph
2209 3285 2222 3323 :
2257 3267 2366 3323 Nec
2393 3283 2494 3340 ego
2523 3269 2638 3324 dixi
2670 3269 2810 3341 quod
2834 3271 2982 3326 illius
3011 3273 3103 3342 qui
3135 3271 3291 3327 fortis
3317 3283 3402 3329 est
3421 3288 3488 3342 ae

1894 3365 2149 3422 robustus
2178 3365 2351 3423 virtus
2382 3365 2776 3438 tolerantiaque
2799 3368 3057 3438 vincenda
3082 3370 3191 3435 sit;
3221 3371 3314 3428 sed
3343 3371 3488 3441 quod

1895 3457 2094 3514 infirmi
2126 3460 2359 3528 pessima
2384 3459 2661 3526 valetudo,
2686 3460 2831 3516 illius
2862 3462 2954 3531 qui
2979 3477 3141 3518 sanus
3167 3471 3250 3518 est
3271 3472 3490 3521 susten-

1894 3552 2106 3605 tatione
2148 3550 2348 3604 nutrita
2373 3592 2389 3619 ,
2421 3558 2584 3621 atque
2624 3551 2681 3604 in
2710 3551 2947 3606 deterius
2976 3561 2999 3589 ο
3028 3553 3268 3622 quotidie
3307 3555 3488 3628 prola-

1280 3683 1528 3739 ALARDI
1565 3682 1801 3739 (ΞΑΖῶἒί
1837 3681 2398 3740 COMMENTARIUS.

190 3799 460 3872 quispiam
487 3839 502 3862 ,
531 3805 626 3853 aut
653 3797 824 3872 alapis
864 3795 953 3851 vel
982 3795 1171 3872 plrimis
1208 3808 1382 3872 caesus
1406 3834 1420 3855 ,
1455 3792 1656 3872 tamdiu
1688 3807 1783 3872 pa-

193 3862 397 3928 tienter
439 3862 757 3935 sustineat,
790 3862 1142 3928 donec—alter
1181 3868 1394 3924 tandem
1436 3862 1786 3935 percutienda

193 3945 429 3999 satietur
453 3950 507 3995 et
549 3934 857 4007 mitigetur,
887 3939 1070 4008 sicque
1113 3939 1166 3993 in
1197 3937 1339 3992 bono
1369 3937 1568 3990 malum
1603 3934 1785 3987 vinca-

195 4022 307 4076 tur,
343 4023 401 4065 ut
431 4013 516 4064 hic
547 4012 851 4076 subjicitur.

269 4075 301 4122 Ii
339 4083 480 4150 Quid
523 4083 591 4135 sit
632 4075 773 4135 vinci
804 4093 833 4132 a
864 4079 1001 4136 malo
1025 4087 1176 4150 ,haut
1203 4078 1421 4134 vincere
1446 4075 1645 4150 malum
1668 4075 1781 4150 ,_D.

197 4145 444 4210 Thuriiss
473 4153 686 4220 egregie
717 4150 945 4216 explicat
980 4168 993 4204 :
1028 4148 1314 4214 Naturale,
1346 4147 1547 4220 inquit,
1581 4155 1665 4220 est
1687 4145 1785 4198 ho-

199 4226 334 4278 mini
364 4232 417 4275 ut
444 4223 563 4275 velit
604 4218 950 4274 adt-ersarium
982 4221 1211 4284 vincere,
1252 4230 1300 4274 et
1332 4236 1432 4272 non
1456 4218 1587 4271 uinci
1617 4218 1677 4270 ab
1705 4232 1786 4271 eo.

201 4293 353 4350 Illud
379 4303 545 4346 autem
572 4296 632 4345 ab
652 4292 824 4362 aliquo
841 4292 1082 4355 vincitur,
1106 4291 1243 4360 quod
1273 4290 1340 4343 ad
1369 4289 1500 4362 illud
1531 4287 1789 4343 trahitur:

201 4368 339 4420 sicut
364 4381 498 4429 aqua
526 4365 743 4417 vincitur
772 4362 834 4415 ob
877 4365 990 4430 igne
1013 4406 1028 4428 ,
1059 4363 1265 4430 quando
1295 4361 1517 4414 trahitur
1554 4363 1621 4412 ad
1652 4363 1792 4412 calo-

201 4381 339 4420 ειειιι
364 4381 498 4429 aqua
526 4381 743 4417 ttmcuur
772 4381 834 4415 αυ
877 4381 890 4414 I
932 4381 990 4416 ne
1013 4406 1028 4428 ,
1059 4381 1265 4430 qttunao
1295 4381 1517 4414 υάιιιιω·
1554 4381 1621 4412 aa
1652 4381 1792 4412 catu-

201 4451 314 4491 rem
346 4437 498 4507 ignis.
533 4435 594 4488 Si
632 4451 750 4503 ergo
789 4381 1050 4507 virbonus
1075 4443 1279 4507 propter
1305 4435 1500 4507 malum
1526 4431 1664 4507 quod
1695 4429 1793 4507 sibi

203 4510 266 4561 ab
287 4503 464 4573 aliqua
492 4507 712 4576 infertur
733 4547 748 4571 ,
777 4503 997 4576 trahitur
1025 4506 1092 4557 ad
1123 4504 1219 4556 hoc
1243 4504 1378 4570 quod
1399 4503 1447 4556 ei
1477 4503 1788 4576 ntalefaciat,

202 4576 366 4632 bonus
405 4595 437 4630 α
475 4580 608 4631 ntalo
639 4578 881 4630 vincitur.
926 4575 989 4630 Si
1018 4586 1186 4628 autem
1234 4575 1552 4636 econtrario,
1586 4582 1793 4640 promer

204 4647 506 4718 beneficium
549 4649 682 4714 quod
724 4647 890 4718 bonus
936 4647 1244 4716 persecutori
1289 4621 1696 4710 exlnbet,,eitttt'
1725 4644 1792 4696 ad
1819 4621 1873 4680 D

203 4734 354 4772 suum
387 4734 607 4771 amorem
631 4717 820 4780 trahat,
848 4717 1008 4771 bonus
1038 4719 1232 4771 malum
1263 4718 1435 4770 vincit.

279 4787 307 4827 δ
352 4789 521 4841 Verba
549 4789 791 4857 Apostoli
821 4790 885 4842 ad
913 4789 1179 4842 Itoutanos
1209 4803 1279 4842 xv
1311 4807 1322 4840 :
1353 4785 1604 4840 Debemus
1626 4794 1796 4840 autem

205 4875 301 4914 nos
331 4861 583 4929 ﬁrmiores
627 4861 1000 4914 imbecillitates
1045 4859 1366 4927 inﬁrmorum
1413 4859 1696 4922 sustinere,
1749 4865 1798 4910 et

205 4947 310 4984 non
339 4932 485 4985 nobis
513 4930 716 5002 placere
737 4972 751 4993 .
789 4931 875 4984 ubi
912 4929 1098 4984 Graece
1126 4931 1420 5001 βαστάζειν,
1452 4930 1502 4982 id
1531 4940 1634 5002 cst,
1666 4943 1794 5002 por-

207 5010 343 5062 tare,
376 5013 467 5054 aut
494 4999 635 5056 collo
658 5011 879 5070 gestare
910 5016 1059 5055 more
1093 4999 1428 5070 bajulorutn,
1470 5001 1558 5068 qui
1591 4999 1796 5054 Gt'mCiS

207 5072 554 5144 βαστάζοντες
567 5074 746 5144 ᾱιειιυι
757 5087 819 5125 ur
837 5087 852 5136 ;
871 5072 1012 5144 quod
1037 5073 1154 5124 aliis
1169 5072 1346 5126 verbis
1359 5087 1423 5124 ex
1432 5070 1624 5144 pressit
1650 5074 1685 5122 Α
1699 5084 1796 5144 po-

206 5138 380 5197 stolus
407 5146 592 5198 dicens
619 5164 635 5198 :
664 5143 806 5195 Alter
836 5138 1046 5196 alterius
1071 5158 1228 5196 onera
1258 5151 1454 5210 portate
1472 5138 1665 5208 (Galat.
1700 5143 1795 5207 vt).

285 5222 308 5252 ε
350 5214 525 5279 Supra
554 5228 603 5267 c.
637 5211 672 5264 5
698 5230 711 5265 :
746 5213 872 5266 llwc
894 5222 967 5268 est
997 5215 1236 5268 amicitiw
1257 5213 1379 5280 lida:
1414 5211 1800 5276 insolubilisque

207 5283 537 5352 conjunctio,
569 5299 683 5353 quae
706 5285 822 5339 sola
845 5286 1094 5338 virtutum
1124 5284 1390 5353 parilitate
1430 5282 1700 5346 fundatur.
1733 5281 1803 5334 Et

213 5376 265 5416 c.
295 5363 359 5416 ὗε
397 5361 562 5415 Plena
595 5371 745 5427 atque
773 5365 999 5427 perlecta
1029 5359 1280 5410 amicitia:
1312 5357 1499 5422 gratia,
1544 5355 1643 5407 nisi
1669 5355 1807 5408 inter

215 5434 466 5541 pes/cetos
477 5433 612 5488 viros
625 5432 947 5504 ejusdmtquc
957 5429 1162 5482 virtutis
1174 5440 1489 5504 perseverare
1506 5441 1605 5478 non
1620 5432 1804 5490 potest.

357 5505 428 5541 Ita
481 5505 730 5541 cunni-inst
764 5499 896 5541 (Cum
949 5498 1007 5541 ΞΣ
1032 5518 1044 5530 ·
1101 5497 1307 5541 Multus,
1345 5497 1537 5541 ἰηιιιιιι-
1566 5497 1802 5541 navium:

357 5505 430 5572 Ita
481 5497 730 5572 superius
764 5497 916 5571 (Cap.
949 5498 1045 5562 5):
1095 5497 1311 5572 Multos,
1345 5497 1538 5572 inquit,
1566 5497 1802 5550 novimus

217 5571 274 5624 in
304 5569 410 5628 hoc
430 5567 695 5642 proposito
727 5567 813 5643 (id
844 5584 925 5625 est
954 5572 1084 5643 v_i_t:e
1110 5568 1357 5643 instituto
1377 5567 1394 5636 )
1416 5606 1444 5643 ,Δ
1481 5575 1806 5643 constitutos,

220 5645 309 5712 qui
351 5637 469 5699 cum
515 5637 610 5712 pro
662 5637 915 5696 charitatc
963 5641 1156 5694 Christi
1207 5637 1610 5712 ﬂagrantissima
1643 5645 1813 5693 essent

223 5711 498 5770 sodalitate
519 5711 758 5775 devincti,
788 5731 888 5765 non
913 5725 1155 5782 perpetuo
1175 5728 1285 5763 eam
1314 5726 1405 5763 nec
1426 5711 1686 5779 indiruptc
1707 5725 1813 5763 scr-

228 5793 350 5838 ωε
374 5795 651 5856 potuerunt
672 5802 695 5853 ,'
720 5785 844 5855 quia
873 5787 988 5839 licet
1016 5784 1148 5837 bono
1176 5784 1432 5838 societatis
1458 5784 1712 5854 principio
1736 5782 1819 5837 ni-

1893 3800 2142 3866 terentur,
2173 3807 2275 3844 non
2304 3799 2596 3866 tamenuno
2624 3807 2715 3866 nec
2742 3791 2857 3857 pari
2878 3789 3052 3858 studio
3072 3800 3336 3866 arreptum
3361 3809 3485 3866 pro-

1894 3863 2116 3934 positum
2139 3869 2436 3934 tenuerunt;
2455 3865 2484 3930 f
2483 3861 2654 3934 aitque
2677 3861 2809 3934 inter
2829 3878 2911 3913 eos
2933 3863 3167 3926 quadam
3189 3861 3488 3934 temporalis

1892 3931 2096 3999 affectio
2116 3969 2131 3993 ,
2165 3933 2286 3997 quia
2329 3947 2431 3982 non
2460 3931 2646 3999 aequali
2677 3932 2940 4002 utriusque
2971 3935 3182 3999 virtute,
3213 3931 3301 3998 sed
3332 3940 3489 3991 unius

1892 4002 2151 4073 patientia
2168 4001 2482 4056 servabatur.

1969 4081 1992 4108 °
2035 4072 2110 4148 Ue
2143 4072 2226 4148 his
2252 4074 2429 4127 causis
2456 4073 2809 4148 Cassiodorus
2841 4071 2988 4148 (Lib.
3019 4073 3083 4128 de
3105 4073 3346 4148 Amicitia
3367 4093 3483 4148 cap.

1897 4142 1952 4214 6)
1985 4159 1998 4195 :
2030 4143 2186 4207 Sunt,
2212 4144 2407 4211 inquit,
2436 4157 2656 4209 quatuor
2676 4146 2796 4198 vitia
2819 4145 3001 4214 quibus
3023 4145 3302 4214 praeclarus
3326 4142 3489 4201 honor

1894 4216 2134 4288 amicitia:
2179 4219 2366 4286 saepius
2407 4217 2715 4288 obfuscaturr
2748 4232 2767 4268 :
2800 4217 3104 4288 iracundia,
3153 4217 3483 4288 instabilitas,

1895 4287 2143 4354 suspicio,
2171 4285 2478 4357 garrulitas.
2523 4288 2589 4340 Et
2633 4287 2759 4340 alibi
2811 4285 2961 4352 (Cap.
3001 4289 3064 4342 17
3096 4297 3142 4341 ct
3169 4288 3266 4354 28)
3301 4306 3316 4344 :
3353 4285 3490 4346 Sunt

1895 4369 2062 4410 autem
2083 4366 2306 4426 quatuor
2327 4375 2389 4411 ea:
2408 4358 2586 4427 quibus
2607 4360 2756 4412 amici
2779 4358 3057 4429 disjunctio
3075 4376 3281 4420 causam
3307 4362 3490 4417 habet:

1896 4429 2122 4502 dilectio,
2152 4429 2376 4502 affectio,
2410 4431 2677 4502 securitas,
2708 4441 2860 4500 atque
2881 4432 3204 4502 jucunditas.
3243 4431 3490 4488 Dilectioo

1896 4500 1976 4553 nis
1996 4506 2076 4570 est
2095 4501 2375 4560 ronsulere,
2398 4501 2686 4570 providere.
2712 4511 2757 4554 et
2782 4500 2942 4553 amico
2966 4502 3213 4567 beneﬁcia
3233 4504 3487 4560 exhibere.

1897 4571 1978 4623 Ad
1999 4569 2324 4643 a/fectionem
2345 4569 2458 4623 vero
2481 4580 2673 4639 spectat
2703 4572 2939 4640 quaedam
2953 4575 3190 4643 jucunda
3220 4584 3265 4626 et
3293 4577 3492 4629 suavis-

1898 4646 2028 4696 sima
2071 4642 2356 4695 deleatatio.
2414 4645 2494 4695 Ad
2537 4645 2856 4698 securitatem
2897 4642 3114 4710 pertinet
3153 4647 3492 4713 quorumlibet

1897 4721 2205 4766 secretorum
2227 4716 2334 4766 sine
2347 4714 2484 4766 omni
2503 4714 2682 4766 timore
2701 4725 2746 4768 et
2767 4717 3054 4783 suspicione
3075 4719 3488 4772 communicatio.

1897 4783 1977 4835 Ad
2021 4784 2402 4854 jucunditatem
2427 4801 2543 4837 vero
2571 4786 2634 4836 de
2661 4786 2918 4852 prosperis
2948 4797 2996 4839 et
3027 4786 3275 4850 adversis,
3301 4789 3364 4840 de
3391 4790 3493 4841 uti-

1898 4854 2031 4917 libus
2057 4864 2101 4905 et
2123 4856 2332 4921 nociris,
2359 4866 2510 4924 atque
2539 4856 2601 4907 de
2626 4856 2858 4908 omnibus
2888 4857 3070 4921 quibus
3101 4859 3326 4910 humana
3349 4874 3491 4911 mens

1899 4925 2136 4996 qﬂicitur,
2166 4927 2329 4978 amica
2360 4934 2405 4977 et
2438 4925 2710 4996 familiaris
2729 4967 2744 4989 ,
2775 4926 2937 4980 dulcis
2964 4939 3012 4980 et
3039 4928 3227 4981 blanda
3257 4926 3488 4980 collatio.

1901 4994 2066 5048 Iuliis
2098 4999 2268 5062 itaque
2299 4994 2525 5050 amicitia
2554 4999 2742 5062 patitur
2768 4998 3075 5062 sectionem;
3112 4999 3232 5064 quia
3262 4998 3378 5052 licet
3405 4998 3494 5049 di-v

1901 5066 2052 5122 lectio
2078 5071 2131 5123 in
2153 5068 2326 5136 aliquo
2353 5079 2489 5122 statu
2516 5077 2828 5135 permaneat,
2860 5068 3180 5124 subtrahitur
3203 5076 3377 5121 tamen
3399 5066 3493 5124 illa

1900 5139 2200 5195 suavissima
2222 5139 2510 5193 dilectionis
2530 5138 2771 5205 alfectio;
2797 5141 2924 5205 perit
2951 5138 3201 5208 securitas
3228 5153 3314 5202 per
3337 5155 3495 5208 quam

1902 5224 1998 5262 sua
2018 5211 2271 5265 reuelabat
2297 5226 2517 5274 arcana;
2546 5210 2778 5263 turbatur
2791 5207 3097 5279 jucunditas
3123 5224 3274 5279 quam
3302 5207 3496 5263 blanda

1905 5279 2248 5352 confabulatio
2280 5282 2578 5335 seminabut.
2603 5280 2784 5352 Manet
2804 5281 2977 5348 itaque
2997 5278 3237 5352 dilectio;
3263 5280 3353 5334 sed
3378 5300 3496 5352 gra-

1905 5352 1977 5420 tia
2016 5351 2390 5418 familiaritatis
2421 5356 2676 5420 aufertur.
2730 5351 2956 5415 Cicero,
3001 5352 3084 5404 vel
3129 5349 3322 5404 Laelius
3354 5349 3494 5416 apud

1905 5409 2242 5482 Ciceronem.
2277 5424 2362 5475 ubi
2395 5409 2553 5488 supra
2589 5439 2603 5479 :
2639 5421 2773 5488 Est,
2809 5409 3020 5490 inquit,
3067 5421 3303 5488 quantum
3348 5409 3496 5489 quasi

1905 5493 2170 5549 calamitas
2193 5495 2249 5548 in
2280 5493 2522 5546 amicitiis
2546 5493 2862 5545 dimittendis
2901 5506 3286 5560 nonnumquam
3326 5508 3508 5546 necet.

1905 5565 2046 5621 saria
2073 5581 2091 5619 :
2122 5574 2396 5631 erumpunt
2440 5578 2573 5633 stupe
2621 5565 2744 5615 vitia
2782 5563 3064 5615 amicorum
3119 5574 3228 5615 tum
3262 5565 3316 5615 in
3359 5563 3496 5629 ipsos

1904 5636 2094 5689 amicos
2119 5677 2132 5699 ,
2163 5645 2268 5687 tum
2299 5637 2350 5686 in
2380 5636 2596 5695 alienos,
2627 5649 2845 5702 quorum
2891 5643 3060 5685 tamen
3102 5633 3170 5684 ad
3197 5637 3387 5687 amicos
3418 5650 3494 5686 ne-

1905 5705 2096 5758 dundet
2132 5707 2368 5773 infamia.
2418 5705 2565 5757 Tales
2597 5706 2754 5770 igitur
2791 5705 3032 5757 amicitia
3057 5711 3174 5756 sunt
3201 5706 3494 5759 remissione

1907 5793 2027 5831 usus
2053 5776 2304 5842 eluendae,
2333 5785 2379 5833 et
2407 5777 2484 5841 (ut
2509 5773 2758 5832 Catonem
2785 5776 2956 5830 dicere
2980 5775 3178 5837 audiui)
3207 5776 3504 5834 dissueuda
