4044 6190
582 242 725 305 1039

1637 243 1918 301 JOANNIS
1953 242 2266 301 CASSIANI
2301 241 2798 300 COLLATIONES.

3731 248 3879 306 ιυιυ

577 365 715 420 bens
737 404 752 428 ,
800 367 1119 430 generatura
1152 365 1223 411 sit
1253 372 1446 413 causas
1472 358 1542 414 ob
1571 373 1704 428 quas
1741 359 1825 413 vel
1869 358 1982 428 ipse
2022 359 2163 413 ultra
2191 367 2246 426 Α
2267 358 2351 413 nis
2376 368 2617 428 tempore
2638 355 3054 426 contempletur.
3077 354 3323 428 Dumque
3343 371 3401 413 se
3424 356 3491 412 ad
3513 357 3875 419 dulcedinem

576 474 683 512 non
716 457 909 508 debeat
942 452 1197 506 sustineri
1224 468 1241 517 ;
1275 452 1358 507 vel
1406 464 1558 507 certe
1584 452 1891 522 patientiam
1931 451 2165 521 proximi

576 558 757 603 notam
789 562 852 599 ac
882 546 1333 599 deformationem
1365 547 1716 616 impatientite
1752 562 1862 601 sua:
1888 560 2007 600 esse
2036 562 2164 601 con-

570 640 794 710 jiciens,
828 637 980 692 abire
1018 636 1339 706 quandoque
1379 638 1582 693 mavult
1609 654 1769 708 quam
1814 654 2027 707 semper
2052 654 2166 692 ma-

573 731 930 801 gnanimitate
966 730 1189 785 alterius
1224 730 1501 786 sustineri.
1548 731 1674 786 Haec
1700 747 1831 802 ergo
1856 732 1925 785 ab
1956 733 2039 786 his
2068 732 2163 801 qui

572 822 879 878 sodalitatis
910 821 1164 877 allectum
1194 822 1421 890 cupiunt
1450 822 1817 877 inviolabilem
1865 822 2161 889 custodire,

572 932 684 987 pra:
711 918 965 970 omnibus
991 916 1327 970 observanda
1356 930 1665 981 censemus,
1700 924 1754 969 ut
1786 916 2015 985 primum
2044 916 2162 983 qui-

571 1009 805 1064 buslibet
828 1008 1033 1077 injuriis
1051 1009 1354 1074 lacessitus,
1376 1023 1480 1061 non
1500 1007 1675 1061 solum
1700 1007 1863 1072 labia,
1884 1006 1977 1062 sed
1994 1009 2159 1063 etiam

572 1103 841 1174 profunda
870 1101 1104 1172 pectoris
1127 1102 1210 1155 sui
1234 1100 1529 1155 monachus
1552 1100 1839 1170 tranquilla
1860 1100 2157 1167 custodiat;

568 1211 691 1266 quae
722 1207 898 1249 tamen
949 1196 996 1247 si
1047 1194 1281 1248 senserit
1331 1194 1411 1247 vel
1463 1193 1697 1248 tenuiter
1726 1192 1891 1246 luisse
1919 1194 2154 1259 turbata,

568 1295 596 1324 ει
628 1286 775 1341 omni
804 1285 1155 1353 semetipsum
1187 1284 1555 1339 taciturnitate
1594 1285 1904 1349 contineat,
1946 1293 1999 1338 et
2029 1283 2160 1338 illud

568 1378 711 1449 quod
758 1376 1041 1431 Psalmista
1083 1385 1473 1430 commemorat
1520 1375 1809 1445 diligenter
1856 1375 2156 1431 observet:

565 1470 825 1525 Turbatus
852 1486 964 1523 sum
991 1478 1038 1522 et
1067 1485 1170 1522 non
1193 1485 1305 1521 sum
1329 1466 1529 1522 locutus
1562 1466 1785 1539 (Psalm.
1809 1469 2016 1535 Lxxt't).
2052 1468 2115 1521 Et
2141 1485 2154 1520 :

563 1562 711 1628 Dixi,
738 1562 1025 1616 custodiam
1051 1563 1159 1615 vias
1180 1577 1338 1625 meas,
1367 1571 1422 1615 ut
1443 1577 1545 1615 non
1574 1560 1871 1631 delinquam
1898 1560 1951 1613 in
1980 1558 2158 1629 lingua

562 1669 693 1718 mea,
726 1654 872 1723 posui
903 1652 981 1705 ori
1010 1668 1118 1705 meo
1144 1652 1432 1705 custodiam
1451 1692 1466 1717 ,
1498 1651 1619 1704 dum
1652 1652 1943 1704 consisteret
1971 1666 2156 1721 pecca-

562 1754 642 1798 tor
670 1744 940 1797 adversum
966 1759 1043 1797 me
1060 1760 1079 1809 ,'
1114 1742 1364 1809 obmutui,
1396 1750 1443 1796 et
1473 1742 1770 1796 humiliatus
1796 1759 1930 1809 sum,
1960 1753 2006 1796 et
2032 1742 2151 1795 silui

2267 458 2451 503 servat
2479 447 2785 503 concordiae
2816 463 2942 502 mox
2988 446 3182 503 futurae
3205 490 3222 515 ,
3270 449 3688 507 amaritudinem
3725 469 3869 521 pra-

2265 544 2495 599 sentium
2527 558 2633 597 non
2662 540 2860 596 sentiet
2881 540 3208 611 iurgiorum,
3230 551 3285 598 et
3316 543 3387 597 ita
3418 557 3480 597 ea
3514 544 3869 613 potissimum

2264 635 2643 705 respondebit,
2675 650 2707 689 e
2738 634 2931 704 quibus
2959 635 3048 690 vel
3082 650 3113 689 a
3146 635 3441 705 semetipso
3473 654 3601 695 reus
3623 639 3747 696 ﬁeri
3778 642 3869 698 vel

2265 726 2333 781 ab
2358 729 2464 782 alio
2494 725 2820 796 reprehendi
2848 767 2864 793 ,
2905 728 3153 783 restituta
3178 729 3471 797 charitate,
3503 748 3614 787 non
3648 735 3825 803 possit
3868 755 3884 807 ;

2262 819 2449 890 sicque
2475 820 2791 889 adimplebit
2835 819 3209 888 propheticum
3259 823 3395 879 illud
3439 824 3719 897 eloquium
3750 848 3765 883 :
3792 830 3866 887 In

2262 910 2365 978 ira,
2393 912 2762 967 misericordia
2780 928 2973 966 memor
3001 914 3099 967 eris
3116 916 3371 983 (Abacuc.
3396 916 3500 990 ιιι).

2787 1045 3016 1103 CAPUT
3057 1045 3275 1104 XXVII.

2421 1159 2867 1228 Quemadmodum
2885 1161 2953 1214 sit
2982 1160 3256 1217 iracundia
3279 1166 3688 1235 comprimenda.

2331 1271 2601 1331 Cohibere
2626 1288 2757 1344 ergo
2784 1288 2883 1329 nos
2912 1282 3128 1343 Oportet
3172 1291 3363 1333 omnes
3394 1280 3689 1339 iracundia:
3738 1302 3855 1344 mo-

2262 1372 2367 1428 tus,
2397 1373 2452 1419 et
2472 1365 2850 1435 gubernatrice
2892 1367 3228 1423 discretione
3256 1370 3552 1437 moderari,
3580 1390 3650 1429 ne
3696 1377 3752 1432 in
3787 1379 3855 1435 il-

2259 1455 2350 1511 lud
2372 1458 2513 1527 quod
2534 1475 2564 1512 a
2586 1458 2878 1515 Salomone
2897 1459 3205 1527 damnatur,
3229 1462 3490 1534 pratcipiti
3514 1464 3693 1524 furore
3723 1487 3849 1542 rap-

2260 1558 2434 1605 temur
2464 1570 2477 1604 :
2508 1550 2537 1589 δ
2584 1551 2764 1606 Totam
2794 1554 2929 1607 iram
2965 1571 3114 1607 suam
3156 1556 3348 1625 profert
3375 1559 3600 1626 stultus,
3641 1566 3849 1634 sapiens

2257 1653 2427 1697 autem
2453 1642 2716 1713 dispensat
2747 1662 2839 1714 per
2864 1656 3036 1717 partes
3068 1644 3253 1719 (Prov.
3286 1648 3435 1721 nix)
3463 1668 3476 1703 :
3501 1652 3553 1707 id
3574 1664 3678 1723 est,
3710 1659 3849 1713 stul-

2267 1746 2350 1791 tus
2408 1738 2621 1807 quidem
2678 1739 2747 1793 ad
2804 1740 3061 1796 ultionem
3111 1742 3235 1809 sui,
3286 1743 3380 1799 irae
3442 1749 3844 1814 perturbatione

559 1854 593 1889 a
630 1838 773 1890 bonis
809 1835 981 1909 (Psal.
1008 1834 1237 1906 xxxm);
1288 1850 1388 1891 nec
1432 1846 1757 1905 praesentem
1800 1835 2150 1891 considerans
2180 1830 2229 1891 B
2255 1830 2621 1898 succenditur.
2662 1831 2881 1901 sapiens
2927 1840 3104 1887 autem
3146 1834 3405 1903 Paulalim
3451 1852 3569 1893 eam
3620 1846 3843 1899 maturi-

557 1936 781 1997 statum,
817 1943 879 1983 ea
911 1928 1147 1998 proterat
1172 1944 1292 1997 quae
1328 1927 1395 1981 ad
1425 1929 1613 1984 horam
1656 1928 1999 1983 turbulentus
2024 1944 2149 1999 sug-

557 2020 698 2089 gerit
741 2018 923 2084 furor,
952 2019 1223 2089 dictatque
1270 2020 1482 2075 animus
1506 2031 1867 2090 exasperatus
1891 2062 1904 2085 ,
1938 2020 2033 2074 sed
2059 2020 2147 2075 vel

556 2111 763 2166 recolat
783 2111 1010 2180 gratiam
1040 2112 1326 2181 praeteritae
1350 2112 1654 2176 charitatis,
1680 2113 1762 2166 vel
1788 2111 2145 2167 reformanda

556 2204 704 2271 pacis
752 2203 1264 2273 rcdintegrationem
1319 2213 1501 2259 mente
1552 2206 1865 2274 prospiciat,
1893 2219 2142 2275 eamque,

556 2296 706 2352 velut
731 2298 987 2352 continuo
1013 2312 1377 2365 reversuram,
1401 2297 1560 2354 etiam
1584 2299 1635 2352 in
1670 2299 1788 2367 ipso
1817 2297 2145 2353 commotio-

2256 1930 2363 1976 tate
2406 1922 2619 1976 consilii
2661 1937 2724 1976 ac
2772 1922 3156 1978 moderationis
3200 1936 3464 1983 extenuat
3503 1940 3557 1986 et
3591 1937 3839 2004 expellit.

2254 2013 2386 2069 Tale
2427 2025 2508 2070 est
2538 2024 2592 2069 et
2621 2015 2748 2069 illud
2780 2015 2923 2085 quod
2942 2015 3011 2070 ab
3039 2018 3300 2085 Apostolo
3327 2020 3544 2089 dicitur,
3573 2024 3699 2081 Non
3727 2047 3839 2084 ros-

2252 2107 2495 2175 metipsos
2521 2116 2543 2143 ο
2568 2106 2904 2171 vindicantes,
2932 2105 3250 2174 charissimi,
3280 2112 3372 2164 sed
3399 2113 3520 2168 date
3548 2116 3713 2172 locum
3746 2122 3840 2176 ine

2254 2201 2432 2270 (Rom.
2465 2200 2565 2269 xu)
2598 2218 2612 2254 :
2644 2199 2694 2254 id
2717 2206 2820 2265 est,
2847 2214 3185 2271 nequaquam
3214 2203 3279 2256 ad
3304 2204 3594 2263 vindictam
3622 2210 3838 2269 iracun-

2249 2292 2337 2346 dia
2366 2301 2594 2361 cogente
2616 2290 2873 2362 tendatis,
2900 2292 2997 2347 sed
3015 2288 3045 2329 τι
3075 2292 3200 2350 date
3227 2294 3407 2352 locum
3436 2299 3531 2357 ira:
3562 2318 3580 2356 :
3603 2302 3708 2360 hoc
3728 2316 3832 2378 est,

1628 2413 1886 2466 Ali-\Rlll
1924 2412 1965 2468 G
1992 2407 2160 2466 ’ΖᾹΞΙ
2196 2404 2764 2462 COMMENTARIUS.

554 2507 721 2576 magis
747 2522 897 2569 quam
922 2505 1273 2576 discindenda:
1299 2514 1454 2569 sunt;
1483 2506 1580 2557 nisi
1603 2506 1835 2568 qutedam
1859 2504 2138 2556 admodum

554 2575 893 2628 intOlerabilis
923 2576 1167 2627 exarserit
1197 2575 1392 2643 injuria
1413 2616 1424 2631 .
1465 2584 1518 2626 ut
1568 2591 1726 2642 neque
1754 2586 1947 2626 rectum
1980 2590 2138 2642 neque

553 2644 823 2724 Itonestunt
846 2645 932 2712 sit,
957 2660 1117 2724 neque
1141 2643 1253 2724 fieri
1274 2645 1436 2724 possit
1464 2656 1517 2695 ut
1556 2661 1656 2696 nou
1684 2646 1856 2697 statim
1892 2645 2136 2697 alienatio

553 2715 931 2783 disjunctioque
960 2713 1201 2782 facienda
1242 2713 1327 2766 sit.
1376 2713 1471 2768 Sin
1500 2724 1671 2767 autem
1702 2725 1791 2767 aut
1828 2731 2023 2768 morum
2048 2722 2138 2768 aut

552 2787 845 2838 studiorum
868 2785 1196 2856 commutatio
1217 2785 1448 2852 quaedam
1472 2785 1549 2850 (ut
1567 2785 1681 2853 ﬁeri
1696 2786 1845 2856 solet)
1859 2786 1995 2855 facta
2019 2788 2136 2854 erit,

553 2856 833 2908 cavendum
862 2871 926 2909 ne
955 2872 1058 2908 non
1088 2854 1256 2909 solum
1284 2856 1524 2909 amicitia:
1549 2856 1792 2923 deposita:
1808 2854 1833 2919 ,V
1852 2854 1942 2910 sed
1964 2857 2140 2910 inimi-

552 2927 685 2980 citite
719 2927 877 2979 etiam
921 2936 1169 2995 suscepta:
1208 2926 1518 2991 videantur;
1567 2926 1699 2981 nihil
1760 2928 1891 2979 enim
1936 2931 2138 2995 turpius

551 3014 710 3066 quant
749 3013 863 3049 cum
893 3013 949 3050 eo
976 2996 1165 3051 bellum
1191 3014 1360 3067 gerere
1393 3013 1609 3063 quocum
1636 2997 1964 3067 familiariter
1994 3000 2137 3053 vixe-

551 3070 647 3121 ris.
692 3066 985 3121 Cavendum
1027 3082 1142 3121 vero
1168 3078 1244 3122 est
1278 3084 1339 3121 ne
1365 3070 1518 3122 etiam
1547 3070 1599 3121 in
1626 3066 1803 3138 graves
1842 3070 2138 3124 inimicitias

552 3148 847 3211 convertant
886 3154 945 3211 se
964 3140 1239 3203 amicitiae,
1282 3156 1310 3191 e
1355 3140 1537 3210 quibus
1579 3142 1791 3211 jurgia,
1828 3140 2133 3211 maledicta,

554 3209 875 3261 contumelia
894 3208 1204 3279 gignuntur;
1235 3225 1347 3276 qua:
1368 3208 1540 3263 tamen
1568 3208 1612 3265 si
1655 3208 1937 3263 tolerabiles
1968 3219 2134 3277 erunt,

554 3280 781 3349 ferenda:
801 3278 948 3345 sunt;
978 3286 1028 3332 et
1064 3278 1146 3333 hic
1187 3281 1345 3334 Itonos
1374 3282 1526 3334 veteri
1569 3282 1807 3335 amicitia:
1835 3280 2135 3335 tribuendus

2246 2499 2360 2577 terii
2381 2498 2682 2577 decantabat
2711 2515 2726 2553 :
2754 2498 2883 2577 Qum
2908 2500 3206 2577 consisteret
3240 2503 3497 2577 adtenuat
3537 2523 3617 2559 me
3640 2526 3831 2577 pecea.

2246 2576 2345 2648 tor,
2368 2568 2618 2648 obmutui,
2652 2578 2699 2648 e_t
2727 2571 2849 2648 silui
2886 2586 2918 2623 a
2942 2572 3111 2648 tionis,
3141 2581 3247 2648 etc.
3275 2568 3704 2648 (Psal._xxxvtt't).

2316 2638 2443 2719 blla
2470 2641 2710 2695 correxit
2738 2640 3025 2719 Ciaconius
3054 2658 3125 2719 ex
3151 2638 3341 2719 Graeco
3358 2654 3419 2719 et
3445 2638 3695 2719 Dionysio
3720 2660 3826 2719 pa-

2245 2711 2531 2787 iaphraste
2557 2751 2573 2775 ,
2637 2727 2759 2765 cum
2806 2713 2859 2767 in
2887 2716 3139 2787 ⁸οηιῇιιιιὶε
3179 2717 3454 2772 codicibus
3500 2711 3771 2787 legeretur
3807 2737 3823 2775 :

2250 2780 2433 2854 Totam
2454 2783 2585 2834 iram
2601 2798 2747 2835 suam
2776 2784 2967 2854 profert
2995 2785 3201 2853 impius.
3218 2788 3317 2842 Cui
3337 2780 3657 2849 correctioni.
3681 2792 3825 2848 favet

2248 2853 2460 2928 vulgata
2505 2854 2695 2928 lectio,
2726 2853 2847 2928 ante
2870 2853 2947 2909 Sic
2969 2854 3165 2928 habet,
3197 2856 3389 2912 Totum
3415 2861 3646 2928 spiritum
3670 2880 3821 2918 suum

2241 2922 2441 3004 pr‘ofert
2460 2924 2661 3004 stultus
2679 2922 2921 3004 :_sapiens
2942 2925 3137 3004 differt,
3161 2922 3460 3004 etreservat
3486 2933 3537 2985 in
3562 2943 3819 3004 posterum

2241 2992 2787 3116 §Prov.xux).Cujus
2813 2992 3091 3051 sententia:
3105 2992 3542 3068 explicationem,
3561 2992 3718 3071 quam
3736 3005 3819 3059 af-

2266 3074 2349 3116 ert
2375 3064 2463 3116 hic
2493 3067 2690 3116 abbas-
2721 3069 2882 3116 etiam
2911 3081 2942 3116 a
2972 3068 3032 3116 l)-
3066 3068 3395 3116 Hiernnvmn
3419 3085 3503 3116 per
3530 3086 3813 3116 mni-mine,

2266 3066 2349 3141 ‘_e_rt
2375 3064 2463 3141 hic
2493 3064 2882 3141 abbaséetiatn
2911 3081 2942 3120 a
2972 3068 3032 3123 D.
3065 3064 3395 3141 lliejonymo
3419 3085 3503 3129 est
3530 3064 3818 3131 mutuatus.

2241 3132 2513 3215 Sic‘enim
2555 3138 2628 3215 _D.
2678 3132 3034 3215 Hieronymus
3074 3156 3098 3215 _:
3145 3132 3336 3215 Totum
3388 3145 3622 3215 spiritum
3670 3163 3818 3199 suum

2239 3206 2437 3285 profert
2460 3209 2646 3285 stultus
2673 3225 2685 3260 :
2719 3206 3036 3285 impatientia
3066 3212 3359 3285 impellente
3387 3206 3572 3285 agitur,
3602 3229 3658 3269 ut
3685 3228 3817 3271 totus

2238 3275 2367 3353 foris
2381 3280 2603 3353 spiritus
2624 3275 2934 3353 proferatur.
2963 3275 3350 3353 Quem'idcirco
3379 3275 3530 3339 citius
3554 3275 3820 3353 perturba-

554 3327 1073 3428 ἓξὶξὶιῇέἷέέςξυῐρά
1082 3327 1145 3404 Et}
1170 3327 2134 3428 ᾖξ’’Ῐᾶςὲἇὲζίἱοιῖξῆἆί’”ίιῐιερξιὶξῖἧῖἇζ
2160 3327 2205 3395 C
2238 3327 2311 3428 lio
2340 3327 2500 3428 eniti,
2518 3327 2639 3421 quta'
2658 3327 2799 3406 nu'ua
2829 3327 3820 3428 alliga-mp1}-suamnam.

551 3421 703 3493 riam.
726 3419 850 3493 Htec
872 3421 1145 3493 ille:qute,
1171 3419 1224 3493 in
1246 3422 1513 3493 plerisque
1535 3419 1748 3493 saltem,
1773 3439 1801 3480 a
1825 3419 2132 3486 Christiana

551 3490 889 3559 philosophia
917 3507 1026 3545 non
1056 3491 1334 3547 dissident.

624 3570 651 3597 ⁸
688 3560 959 3630 Optimum
1000 3577 1130 3618 sane
1157 3564 1438 3619 consilium
1468 3581 1496 3619 a
1526 3567 1621 3623 SS.
1666 3568 1916 3623 Patribus
1944 3569 2130 3626 itidem

549 3631 983 3712 commendatum
1011 3674 1026 3697 ,
1066 3646 1124 3688 ut
1150 3638 1507 3712 convicio‘vel
1538 3639 1639 3712 alia
1672 3640 1865 3709 injuria
1895 3640 2132 3697 lacessiti

548 3701 781 3775 linguam
813 3705 1206 3771 contineamus,
1239 3716 1293 3760 et
1324 3708 1467 3763 taciti
1502 3701 1809 3775 patientiam
1839 3713 2017 3765 animo
2046 3728 2130 3767 re-

545 3772 849 3899 gnepmus;
895 3777 1345 3845 quemadmodum
1375 3779 1441 3834 de
1482 3772 1580 3836 SS.
1619 3784 1946 3852 martyribus
1982 3784 2130 3839 canit

594 3859 651 3899 cc
676 3860 785 3899 esna
819 3862 832 3898 :

594 3859 785 3901 CClCSla
819 3862 832 3898 ε

729 3944 988 4014 Qteduntur
1009 3948 1180 4012 gladiis
1202 3964 1338 3999 more
1366 3952 1662 4014 bidentium;

730 4008 837 4077 Ijon
860 4008 1074 4077 murmur
1097 4021 1311 4077 resonat,
1338 4026 1432 4077 non
1456 4008 1762 4077 querimonia

732 4071 831 4119 Sed
853 4073 999 4119 corde
1025 4074 1166 4120 tacito
1188 4071 1326 4122 mens
1351 4071 1486 4125 bene
1509 4081 1704 4127 conscia

854 4131 1116 4182 Conservat
1143 4137 1438 4196 patientiam.

544 4260 602 4340 ξ.
651 4258 964 4340 Anthrosius
1013 4260 1270 4340 libantia
1314 4262 1519 4340 (illiciis
1565 4266 1741 4337 (Cap.
1784 4268 1820 4322 2
1857 4276 1904 4322 et
1931 4270 2068 4340 seq.)
2103 4287 2118 4328 :

546 4330 785 4404 Quando,
821 4331 1014 4395 inquit,
1046 4331 1230 4404 aliquis
1262 4334 1405 4387 nobis
1435 4330 1773 4404 conviciatur,
1806 4330 2030 4403 lacesil,
2050 4330 2124 4395 ad

540 4398 834 4453 violentiam
861 4398 1478 4475 provocat,‘adijurgium
1513 4419 1679 4475 vocat,
1714 4398 1833 4463 tunc
1861 4398 2121 4465 silentium

540 4486 885 4535 exerceamus,
905 4480 1025 4523 tunc
1051 4473 1178 4524 muli
1203 4473 1316 4541 ﬁeri
1342 4473 1441 4530 non
1465 4473 1839 4533 erubescamus.
1872 4480 2121 4536 Peccator

540 4542 675 4619 enim
709 4542 927 4619 est,_quj
958 4558 1050 4619 nos
1079 4557 1349 4619 provocat,
1370 4549 1459 4618 qui
1489 4550 1738 4619 injuriant
1769 4552 1910 4619 facit,
1946 4564 1994 4605 et
2025 4570 2118 4607 nos

537 4610 729 4686 similes
757 4612 839 4686 sui
878 4611 990 4686 ﬁeri
1018 4614 1290 4671 desiderat.
1324 4610 1555 4685 Denique
1582 4622 1625 4673 si
1665 4610 1833 4675 taceas
1851 4664 1864 4686 ,
1887 4610 1933 4675 si
1958 4624 2114 4677 dissi-

537 4682 726 4761 mules,
761 4683 888 4735 solet
923 4683 1092 4761 dicere
1123 4700 1141 4737 :
1189 4688 1325 4750 Quid
1366 4682 1538 4743 taces?
1572 4690 1811 4761 loquere,
1843 4682 1889 4745 si
1927 4695 2108 4750 audes.

537 4752 644 4835 Sed
680 4768 781 4804 non
812 4756 990 4835 _audes
1011 4796 1025 4816 ,
1054 4764 1225 4835 mutus
1257 4775 1324 4835 es,
1358 4761 1605 4831 elinguem
1637 4752 1684 4814 le
1726 4752 1843 4831 feci.
1878 4763 1939 4818 Si
1989 4781 2109 4835 ergo

534 4823 884 4901 taceas,__plus
924 4828 1222 4901 rumpitur:
1264 4823 1541 4901 victum'se
1586 4823 1822 4899 reputat,
1874 4823 2104 4901 irrisum,

531 4892 875 4974 posthabitam
911 4892 1064 4974 atque
1096 4898 1322 4974 illusum.
1350 4900 1411 4954 Si
1432 4892 1759 4971 respondeas,
1780 4892 2107 4974 superiorem

530 4981 584 5017 se
614 4970 809 5038 factum
842 4965 1141 5038 arbitratur,
1181 4971 1302 5038 quia
1330 4965 1827 5038 pareminvenithi
1850 4965 1985 5027 enim
2024 4985 2104 5030 ta-

528 5036 911 5117 ceas,ndicetur
941 5054 959 5092 .'
991 5035 1091 5091 Ille
1130 5035 1448 5117 convicimus
1481 5053 1553 5094 est
1598 5042 1718 5117 huic
1742 5086 1771 5117 ,_
1805 5049 2107 5117 contempsit

528 5105 639 5157 iste.
672 5103 748 5176 Si
760 5112 949 5175 referas
985 5109 1367 5176 contumeliam,
1396 5112 1628 5166 dicetur:
1656 5103 1813 5167 Ambo
1840 5103 2107 5171 conviciati

524 5183 664 5257 sunt.
705 5174 941 5257 Uterque,
966 5174 1361 5257 condemnatur,
1406 5184 1924 5257 neuterJabsolvitur.
1958 5185 2100 5257 Ergo

522 5245 679 5325 illius
697 5256 771 5297 est
802 5245 1141 5325 st'udtumtut
1166 5245 1351 5308 irritet,
1379 5261 1434 5304 ut
1454 5254 1666 5325 similia
1700 5256 1780 5307 illi
1809 5256 2007 5325 loquar,
2035 5245 2101 5312 vut

521 5316 908 5397 similia‘agam.
938 5316 1079 5397 Iusti
1113 5329 1280 5372 autem
1300 5330 1381 5397 est
1401 5322 1754 5397 dissimulare,
1789 5316 1918 5380 nihil
1938 5316 2095 5397 loqui,

522 5396 687 5438 tenere
715 5389 939 5460 fructum
968 5387 1111 5441 bona:
1140 5394 1484 5457 conscientitc,
1519 5394 1633 5460 plus
1669 5387 1977 5450 committere
2000 5387 2099 5451 ’ὺοί

522 5472 709 5533 norum
725 5457 953 5533 judicio,
985 5475 1142 5527 quam
1170 5462 1490 5533 criminantis
1519 5457 1824 5533 insolentiae,
1852 5479 1954 5520 etc.
1986 5468 2099 5524 Hoc

519 5526 711 5606 eodem
744 5526 1374 5606 retnediottsamfuisse
1405 5536 1456 5588 in
1483 5536 1706 5590 aliorum
1726 5526 1917 5606 jtti'giis
1962 5538 2097 5593 Pau-

516 5594 1148 5675 l'glnglitgtpnnatumtratlit
1181 5603 1239 5675 ι).
1276 5604 1631 5675 llierOnymns
1675 5594 1982 5675 in'ep'istola
2028 5610 2094 5666 ad

518 5661 899 5744 Eustochium:
931 5667 991 5744 sli
1018 5672 1251 5744 quando,
1279 5674 1372 5744 nit,
1421 5661 1684 5735 procacior
1712 5661 1888 5744 fuisset
1926 5661 2097 5733 inimi:

519 5740 631 5787 cus.
650 5736 699 5779 et
728 5744 885 5790 usque
900 5736 967 5783 ad
988 5737 1254 5791 verborum
1261 5741 1441 5804 iurgia
1459 5736 1781 5810 prosiliiss'ct,
1798 5749 1933 5802 illud
1950 5751 2095 5817 psal-

2211 4837 2300 4901 qui
2325 4834 2649 4899 ollenditur;
2700 4837 2767 4889 ita
2799 4835 3083 4905 tripliciter

2208 4912 2300 4976 tur
2324 4921 2351 4956 τι
2376 4904 2643 4959 Patribus.
2680 4906 2751 4960 De
2773 4907 2848 4959 ira
2872 4904 3113 4976 propria,
3149 4920 3206 4962 ut
3234 4924 3425 4964 sensus
3450 4911 3520 4965 sit
3547 4951 3563 4976 ,
3592 4904 3791 4965 Locum

2209 4974 2328 5028 date
2354 4977 2465 5041 irae,
2497 4976 2548 5029 id
2575 4986 2678 5039 est,
2711 4976 2784 5030 ira
2816 4974 2993 5031 vestra
3023 4976 3178 5035 facile
3206 4988 3443 5036 transeat
3471 4992 3526 5035 et
3550 4974 3788 5036 evanes-

2238 3425 2415 3475 cludit.
2451 3423 2666 3508 sapiens
2686 3436 2855 3508 autem
2875 3423 3069 3508 ixi/fert,
3099 3423 3202 3507 etc.
3236 3423 3413 3507 Ltesus
3444 3436 3580 3508 enim
3603 3438 3655 3487 in
3676 3452 3819 3508 prc-

2234 3507 2347 3545 seus
2375 3509 2429 3545 se
2454 3495 2629 3576 ulcisci
2658 3510 2758 3547 non
2779 3494 3064 3576 desiderat,
3094 3498 3213 3576 quia
3233 3499 3384 3550 etiam
3411 3503 3641 3556 tolerans
3669 3494 3822 3576 parci

2234 3572 2373 3637 optat
2391 3579 2412 3627 ;
2432 3564 2716 3637 sedtamen
2745 3564 2995 3637 vindicari
3020 3567 3193 3618 omnia
3221 3577 3451 3637 extremo
3468 3564 3680 3637 judicio'
3709 3594 3822 3631 non

2230 3632 2452 3703 ignorat.
2485 3632 2536 3686 Η
2544 3651 2641 3688 unc
2666 3635 2831 3687 locant
2854 3634 3059 3700 antiqua
3082 3636 3353 3690 translatio
3375 3639 3448 3692 sic
3468 3632 3622 3693 liabet
3645 3656 3669 3695 :
3706 3644 3827 3700 To-

2229 3711 2330 3754 tam
2352 3704 2485 3756 iram
2512 3722 2655 3758 suant
2691 3705 3093 3781 profertimpius
3118 3722 3135 3759 :
3161 3708 3562 3781 sapiensautem
3586 3712 3820 3781 dispen-

2228 3782 2306 3853 sat
2334 3790 2423 3841 per
2453 3788 2617 3856 partes
2648 3793 2665 3831 :
2696 3778 2815 3845 quia
2855 3776 3090 3856 nimirum
3115 3779 3299 3856 stultus
3322 3780 3391 3832 ad
3428 3776 3811 3856 ultionem'sui,

2228 3844 2322 3897 ira:
2342 3844 2716 3923 perturbatione
2739 3847 3093 3923 succenditur;
3119 3853 3323 3923 sapiens
3354 3861 3525 3923 autem
3553 3844 3812 3923 paulatim

2231 3932 2344 3968 eam
2386 3922 2682 3974 maturitate
2725 3918 2926 3974 consilii
2971 3934 3031 3971 ac
3074 3921 3440 3975 moderationis
3484 3918 3724 3979 extenuat
3761 3938 3810 3982 et

2228 3988 2458 4055 expellit.

2308 4068 2329 4094 ε
2362 4058 2551 4132 Griece
2580 4060 2919 4132 ἐκδικοῦντες,
2956 4059 3011 4113 id
3055 4068 3167 4128 est,
3200 4061 3523 4119 ulciscentes
3550 4109 3565 4132 ,
3600 4068 3805 4124 scilicet

2229 4130 2445 4205 propria
2475 4128 2946 4205 auctoritate._Pr9
2974 4145 3081 4205 quo
3106 4142 3298 4205 noster
3322 4128 3595 4205 interpres
3617 4141 3797 4204 vertit,

2228 4198 2577 4273 defendentes,
2599 4200 3203 4273 nec_male.Soletenim
3225 4202 3276 4273 in
3307 4198 3596 4273 Scripluris
3621 4219 3675 4261 et
3702 4198 3801 4264 usu

2227 4265 2483 4339 Ecclesiae
2524 4270 2797 4333 defendere
2834 4268 2960 4337 poni
3004 4285 3101 4339 pro
3140 4272 3351 4330 ulcisci.
3381 4265 3520 4329 Psal.
3551 4293 3643 4331 vut
3680 4296 3693 4331 :
3729 4279 3802 4334 Ut

2226 4338 2459 4415 dfslrttas
2486 4339 2819 4415 iiiiiitiCttiu_et
2842 4342 3080 4403 ultorem,
3112 4358 3207 4415 pro
3231 4360 3338 4412 quo
3372 4348 3696 4415 Augustinus
3719 4353 3799 4405 le.-

2224 4408 2321 4477 git,
2352 4409 2793 4485 defensorein._Et
2818 4427 2913 4485 pro
2942 4428 3005 4465 eo
3035 4408 3183 4485 quod
3209 4408 3554 4485 A'pocalyt'isis
3585 4433 3635 4470 vt
3658 4418 3797 4473 dici-

2226 4488 2311 4533 tur
2342 4497 2353 4531 :
2383 4481 2671 4551 Usquequo,
2698 4481 2934 4547 Domine,
2968 4499 3067 4535 non
3083 4481 3315 4552 judicas.
3347 4496 3393 4538 et
3413 4481 3630 4539 vindicas
3656 4504 3791 4540 san-

2222 4552 2427 4625 guinem
2473 4554 2736 4607 nostrum?
2759 4552 3000 4607 Ecclesia
3043 4555 3223 4610 canit:
3267 4555 3527 4625 Usquequo
3554 4572 3655 4609 non
3682 4559 3786 4611 de-

2222 4623 2390 4693 fendis
2412 4625 2707 4693 sanguinem
2732 4626 3005 4678 nostrum?
3030 4634 3135 4679 etc.

2291 4690 2317 4728 ά
2346 4690 2585 4767 Βίρυιξὶιι
2625 4694 2900 4749 inferenda
2945 4695 3134 4764 injuria
3180 4697 3279 4751 tria
3308 4695 3635 4753 considerari
3663 4713 3795 4767 pos-

2213 4772 2357 4825 sunt,
2402 4764 2477 4816 ira
2509 4765 2805 4831 inferentis,
2841 4766 2916 4819 ira
2948 4766 3066 4831 ejus
3092 4768 3184 4889 qui
3211 4769 3430 4837 patitur,
3472 4778 3529 4824 et
3566 4769 3644 4823 ira
3668 4764 3792 4826 ’Dei

2213 4837 2300 4889 aui
2325 4834 2649 4889 ollendilur:
2700 4837 2767 4889 ita
2799 4835 3083 4889 trioliciter
3126 4852 3225 4889 unc
3265 4841 3528 4889 sententia
3557 4842 3792 4889 exponi-

3126 4852 3225 4893 1330
3265 4841 3528 4895 sententia
3557 4855 3624 4894 ex
3636 4842 3793 4906 poni-

2208 5056 2315 5109 cat,
2346 5048 2486 5101 sicut
2516 5045 2695 5101 fumus
2718 5048 2963 5115 protinus
2992 5051 3286 5105 evanescit.
3316 5050 3392 5105 De
3418 5051 3594 5106 aliena
3630 5068 3643 5103 :
3677 5050 3787 5105 Lo-

2206 5131 2321 5168 cum
2360 5116 2478 5170 date
2499 5118 2608 5181 ine,
2639 5117 2688 5171 id
2714 5127 2820 5183 est,
2851 5118 3085 5175 libenter
3112 5120 3285 5175 cedite
3313 5119 3517 5176 homini
3543 5124 3699 5187 irato,
3730 5133 3791 5177 et

2208 5188 2325 5261 eius
2372 5188 2738 5261 inﬁrmitatem
2770 5190 3061 5261 sustinete,
3108 5200 3164 5245 ut
3211 5191 3338 5245 alibi
3383 5196 3458 5247 ait
3490 5192 3787 5261 Apostolus

2209 5256 2385 5327 (llam.
2418 5257 2531 5327 xv).
2561 5258 2833 5325 anlicetn
2881 5258 3022 5314 hunc
3045 5275 3266 5315 sensum
3299 5264 3462 5318 tradit
3500 5256 3587 5316 hic
3615 5263 3789 5318 abbas

2207 5326 2430 5395 Joseph.
2459 5326 2530 5403 At
2570 5327 2988 5403 Chrysostomus
3016 5341 3070 5385 et
3104 5333 3194 5386 alii
3243 5332 3309 5386 ad
3343 5335 3476 5389 iram
3518 5333 3611 5387 Dei
3643 5334 3788 5388 rele-

2208 5410 2334 5451 runt
2363 5408 2416 5451 et
2447 5401 2524 5453 sic
2548 5410 2825 5468 exponunt
2858 5420 2870 5453 ;
2904 5400 3094 5463 Locum
3124 5403 3241 5456 date
3263 5404 3375 5467 irte,
3406 5405 3615 5462 scilicet
3642 5403 3785 5455 divi.-
3844 5400 3888 5421 “’

2206 5484 2310 5532 nte,
2341 5468 2395 5522 id
2439 5478 2542 5537 est,
2586 5470 2869 5537 relinquite
2911 5473 3021 5527 Deo
3049 5475 3303 5527 ultionem
3352 5484 3407 5529 et
3461 5474 3781 5528 vindictam.

2204 5538 2455 5613 Nam__nui
2482 5556 2540 5593 se
2583 5542 2883 5606 ulciscitur,
2912 5558 3016 5597 non
3048 5547 3327 5613 permittit,
3353 5561 3452 5601 nec
3477 5546 3569 5598 dat
3597 5544 3781 5604 locum

2204 5611 2296 5663 irae
2326 5610 2544 5677 divinae,
2576 5612 2668 5665 sed
2701 5610 3111 5681 prteoccupat'et
3130 5610 3437 5669 antevertit.
3470 5615 3620 5670 Unde
3646 5615 3789 5668 sub-

2202 5681 2281 5733 dit
2304 5683 2617 5757 Apostolus;
2639 5681 3126 5757 Scriptumestenim
3144 5703 3157 5740 :
3176 5685 3579 5757 Hiltit't'udicta,
3620 5696 3707 5743 etc
3733 5698 3760 5739 ι

2199 5753 2341 5818 quod
2374 5752 2441 5807 de
2467 5752 2577 5808 Deo
2603 5753 2938 5820 intelligitur.
