4014 6200
555 275 580 335 1
591 277 699 336 045

1618 269 1894 330 ιοΑΝΝιε
1929 267 2242 326 CASSIAN-l
2279 262 2772 325 COLLATIONES.

3714 255 3866 314 £0"

549 394 732 452 ftedus
752 391 1148 465 coniurationis
1170 390 1349 448 iniere
1369 387 1657 460 principio,
1683 387 2011 457 indiruptam
2034 401 2144 457 po-
2166 393 2219 453 Α
2245 382 2685 440 dentissimorum
2734 377 2972 433 virorum
3016 374 3106 430 illa
3144 372 3452 440 sententia,
3479 386 3678 428 veram
3724 387 3859 428 eon-

555 489 730 545 tuisse
758 502 978 544 servare
1012 485 1394 551 concordiam,
1417 485 1535 539 sive
1563 482 1708 552 quod
1753 496 1872 537 eam
1905 495 2013 535 non
2047 493 2142 549 pro

556 581 836 638 desiderio
864 579 1235 651 perfectionis,
1267 591 1367 632 nec
1397 591 1496 646 pro
1520 573 1833 644 apostolica:
1861 572 2145 628 charitatis

555 674 806 746 imperio,
839 671 932 726 sed
954 686 1052 740 pro
1077 679 1265 724 amore
1293 678 1531 734 terreno,
1560 679 1613 723 et
1639 684 1738 738 per
1765 668 2145 722 necessitatem

553 780 619 821 ac
652 764 923 818 vinculum
973 763 1112 830 pacti
1146 763 1382 816 retinere
1421 760 1599 815 conati
1645 769 1809 825 sunt;
1841 760 1956 813 sive
2001 756 2147 828 quod

553 859 647 914 ille
675 857 1055 912 callidissimus
1084 855 1358 924 inimicus,
1384 865 1441 908 ut
1469 869 1564 910 eos
1590 854 2034 924 praevaricatores
2061 852 2145 908 sui

553 948 720 1004 faciat
747 947 1097 1014 sacramenti,
1141 947 1374 1002 celerius
1400 946 1466 1000 ad
1494 944 1840 1014 irrumpenda
1869 943 2139 998 amicitia-

554 1058 680 1098 rum
705 1041 922 1098 vincula
961 1041 1283 1111 praecipitat.
1333 1048 1359 1077 ⁸
1384 1038 1698 1096 Certissima
1729 1053 1858 1108 ergo
1904 1045 1990 1093 est
2019 1052 2146 1107 pru-

2244 478 2485 535 cordiam
2517 484 2573 531 et
2602 471 2930 528 individuam
2961 470 3297 536 societatem,
3322 466 3428 523 nisi
3469 467 3620 522 inter
3651 482 3851 522 emen-

2248 571 2404 627 datos
2431 583 2609 623 mores
2628 606 2643 633 ,
2673 563 3023 636 ejusdemque
3057 562 3276 618 virtutis
3303 575 3369 616 ac
3397 560 3671 630 propositi
3709 560 3851 616 viros
3942 561 3943 580 ‘

2249 671 2394 719 stare
2420 676 2526 716 non
2558 673 2740 729 posse.
2765 657 2892 713 llaec
2921 657 2991 712 de
3021 657 3258 711 amicitia
3286 655 3480 711 beatus
3500 651 3718 724 Joseph
3747 655 3851 724 spi-

2249 754 2398 810 ritali
2431 752 2740 807 narratione
2787 748 3064 817 disseruit,
3096 761 3306 817 nosque
3329 746 3399 802 ad
3426 746 3853 802 custodiendam

2253 843 2554 901 sodalitatis
2615 850 2936 914 perpetuam
2988 839 3318 897 charitatem
3370 838 3659 895 ardentius
3726 841 3856 896 inei-

2255 939 2410 993 tavit.

1636 1151 1893 1206 ALARDI
1934 1148 2167 1207 GAZA‘II
2201 1141 2765 1203 COMMENTARIUS.

557 1261 666 1300 esse
692 1249 910 1315 oportet,
938 1257 1057 1314 qut:
1093 1241 1187 1296 hos
1213 1241 1348 1315 inter
1372 1243 1516 1309 ipsos
1548 1239 1786 1295 conciliet
1814 1257 1832 1294 :
1865 1241 2150 1315 atqitehhoc

559 1313 790 1384 profecto
831 1313 964 1384 nihil
1008 1323 1079 1368 est
1124 1313 1267 1367 aliud
1305 1329 1457 1381 quam
1501 1322 1683 1366 contra
1723 1322 1941 1366 veterem
1995 1313 2152 1366 disci-

598 1383 718 1440 [ἰήιε
743 1383 1076 1438 stabilitatem
1108 1385 1392 1438 innovan‘o.
1433 1385 1701 1438 llactcnus
1732 1384 1789 1436 l).
1830 1384 2055 1437 Basilius
2095 1384 2150 1436 in

598 1405 718 1440 ιιηαξ
743 1405 1076 1438 ειαυιιηαιρυι
1108 1405 1392 1438 ιηηουαιιο.
1433 1405 1701 1438 llilClCllllS
1733 1405 1789 1436 U.
1830 1405 2055 1437 υιιδιιιιῑδ
2097 1405 2150 1436 Ill

559 1405 865 1523 linjnsmodi
898 1455 1257 1523 dijudicandis
1300 1455 1579 1509 all‘t-ctibus
1610 1455 1957 1508 acutiseimus
1984 1467 2035 1506 et
2063 1469 2151 1508 so-

561 1527 906 1582 lertissimus.
942 1529 1107 1580 Porro
1135 1526 1422 1580 Cassianus
1454 1528 1593 1579 inter
1618 1526 1723 1579 alia
1757 1535 2000 1579 veterum
2032 1540 2150 1580 mo-

564 1612 644 1652 nat
666 1599 855 1651 horum
888 1599 1130 1652 instituta
1161 1599 1324 1651 rel’ert
1359 1598 1663 1666 ltujusmodi
1691 1600 1954 1651 amicitias
1985 1607 2035 1648 et
2077 1599 2154 1650 l‘a-

2258 1237 2312 1292 in
2341 1237 2478 1291 libro
2511 1235 2579 1290 de
2613 1233 2903 1303 Disciplina
2935 1241 2988 1288 et
3021 1231 3360 1287 Perfectione
3381 1233 3710 1288 mon'asticm
3732 1251 3857 1292 eon-

2261 1309 2603 1371 versationis,
2642 1306 2728 1358 ubi
2763 1305 2932 1372 (Cap.
2970 1305 3063 1363 10)
3099 1305 3216 1358 lucc
3262 1305 3405 1358 inter
3433 1309 3537 1358 alia
3578 1324 3593 1360 :
3627 1306 3856 1362 laser-di;

2258 1380 2420 1448 cenda
2469 1388 2540 1432 est
2595 1377 2793 1442 privata
2841 1377 3156 1429 conversatio
3201 1376 3255 1448 in
3302 1377 3536 1448 collegiis
3592 1395 3860 1433 semermis

2261 1447 2478 1511 Christi,
2512 1464 2622 1516 qua:
2663 1465 2969 1517 quamquam
3011 1448 3062 1500 in
3095 1447 3237 1499 nullo
3269 1446 3376 1499 alio
3431 1446 3859 1514 reprelteusibilis

2260 1523 2353 1584 sit,
2387 1522 2498 1574 sine
2529 1523 2878 1585 proximorum
2913 1530 3075 1571 tamen
3112 1519 3358 1590 scandan
3405 1518 3524 1590 ﬁeri
3556 1523 3754 1590 nequit.
3795 1524 3858 1578 Et

2261 1592 2398 1645 infra
2429 1607 2444 1643 :
2477 1590 2616 1643 Nam
2643 1591 2806 1642 solent
2830 1591 2883 1641 in
2907 1589 3377 1643 conrersatiombus
3403 1589 3761 1657 familiaribus
3781 1595 3856 1645 ni-

562 1670 803 1723 miliares
831 1683 1154 1737 congressus
1181 1676 1236 1720 et
1278 1661 1478 1736 privaia
1512 1669 1777 1736 colloquia
1821 1668 1960 1736 apud
2006 1668 2151 1733 ipsos
2183 1665 2228 1724 B
2258 1665 2520 1737 iniumun
2563 1661 2807 1737 αδδὶάυξξ,
2865 1661 2964 1714 nisi
3010 1671 3160 1737 {ante
3191 1663 3853 1737 Δίιέῖιιιιῐυιν.μίηιέπηιὶλςεετὶ

563 1738 807 1794 districte
857 1739 1024 1793 lulsse
1084 1737 1344 1806 prohibita
1403 1748 1457 1793 et
1505 1741 1851 1793 severissime
1904 1740 2085 1806 punita
2138 1758 2152 1794 :

570 1808 947 1877 Unusquisque,
967 1809 1157 1878 inquit,
1184 1810 1258 1862 sic
1279 1826 1408 1876 opus
1427 1826 1580 1863 suum
1603 1811 1916 1878 exsequitur,
1945 1820 1996 1862 ut
2017 1808 2159 1880 psal-

566 1895 706 1933 mum
767 1882 844 1934 vel
902 1881 1231 1950 Scripturam
1291 1881 1568 1949 quamlibet
1634 1883 1923 1934 memoriter
1985 1897 2161 1934 recen-

566 1951 724 2004 sendo
755 1993 770 2018 ,
813 1969 916 2006 non
955 1954 1122 2005 solum
1171 1952 1541 2020 conspirationi
1584 1951 1754 2004 noxia:
1811 1953 1886 2004 vel
1928 1953 2160 2005 consiliis

571 2027 773 2090 pravis,
804 2023 893 2078 sed
916 2039 1004 2075 nec
1031 2023 1206 2074 otiosis
1230 2021 1433 2089 quidem
1455 2021 1724 2090 colloquiis
1749 2022 1911 2074 ullam
1961 2023 2162 2088 copiam

567 2091 646 2146 vel
678 2100 872 2162 tempus
903 2095 1207 2163 intpartiat;
1249 2094 1352 2144 oris
1402 2096 1594 2162 puriter
1626 2100 1673 2144 et
1707 2093 1875 2145 cortlis
1918 2092 2078 2161 oﬂit'io
2107 2094 2160 2146 in

571 2165 902 2216 meditatione
930 2164 1151 2231 spiritali
1194 2163 1387 2228 pariter
1433 2175 1696 2231 occupato.
1747 2163 1966 2216 Summa
2018 2180 2164 2216 nam-

572 2250 669 2304 que
697 2239 1014 2289 observantia
1039 2235 1348 2299 custoditur,
1386 2252 1447 2288 ne
1477 2237 1745 2303 quisquam
1768 2249 1883 2286 cum
1913 2233 2017 2286 alio
2045 2275 2060 2298 ,
2101 2251 2164 2288 ac

575 2303 831 2378 praecipue
850 2307 1088 2378 juniores
1115 2304 1221 2376 [ΑΙ.
1250 2303 1487 2377 jttniore]
1508 2348 1526 2378 ,ν
1555 2307 1629 2358 vel
1659 2306 1724 2357 ad
1759 2315 2001 2370 punctum
2036 2315 2164 2356 tem-

571 2383 711 2446 poris
736 2377 930 2447 pariter
956 2378 1260 2436 substitisse,
1291 2387 1378 2428 aut
1414 2377 1616 2443 uspiam
1651 2377 1913 2429 secessisse
1938 2416 1953 2439 ,
1985 2391 2163 2428 manus

572 2464 694 2500 suas
722 2453 932 2501 invicem
960 2452 1181 2516 tenuisse
1217 2447 1646 2516 deprehendatur.
1681 2447 1742 2498 Si
1783 2447 1872 2514 qui
1898 2462 2012 2498 vero
2041 2460 2162 2497 con-

577 2525 654 2569 tra
703 2517 856 2583 huius
893 2515 1088 2585 regula:
1134 2515 1465 2582 disciplinam
1504 2517 1690 2585 reperti
1733 2517 1920 2585 fuerint
1963 2516 2163 2583 aliquid

573 2587 865 2650 admisisse,
903 2597 955 2638 ut
988 2594 1312 2638 contumaces
1344 2601 1404 2638 ac
1434 2587 1853 2656 pra’varicatores
1895 2589 2165 2639 mundulo-

575 2672 714 2718 rum,
747 2671 846 2707 non
879 2656 997 2708 levis
1025 2656 1193 2723 culpa:
1229 2657 1303 2708 rei
1329 2657 1666 2724 pronuntiati,
1701 2657 1990 2723 suspicione
2012 2659 2165 2710 etiam

573 2726 946 2796 conjurationis
996 2727 1239 2792 pravique
1284 2729 1487 2780 consilii
1533 2743 1705 2779 carere
1751 2745 1852 2780 non
1901 2735 2159 2796 poterunt.

579 2797 745 2860 Quam
782 2796 1010 2861 culpam,
1054 2798 1154 2848 nisi
1180 2798 1232 2848 in
1262 2809 1420 2850 unum
1448 2801 1644 2851 cunctis
1669 2798 1917 2865 fratribus
1952 2814 2163 2866 congre-

572 2868 729 2939 gatis,
763 2867 972 2937 publica
1021 2866 1265 2921 dilueriut
1309 2872 1604 2938 ptenitentia
1628 2911 1644 2934 ,
1681 2869 1901 2922 orationi
1945 2869 2165 2939 fratrum

575 2937 751 3008 nullus
803 2955 976 2990 eorum
1029 2939 1271 2993 interesse
1311 2937 1649 3008 permittitur.
1703 2941 1826 2994 Hmc
1874 2937 2163 2993 Cassianus

576 3007 712 3069 (Lib.
745 3024 778 3061 ll
804 3008 980 3062 lnstit.
1007 3026 1118 3071 cap.
1153 3009 1263 3079 in).
1291 3007 1526 3063 lnannes
1550 3013 1675 3064 item
1699 3011 1974 3065 Climacus
1993 3010 2160 3079 gr..dtt

577 3079 642 3135 26
670 3081 740 3134 de
767 3079 1097 3134 discretione
1117 3095 1282 3147 agens
1318 3099 1329 3132 :
1378 3080 1516 3146 Vidi,
1549 3084 1738 3149 inquit.
1762 3084 1980 3152 juvenes
2003 3098 2054 3134 se
2086 3083 2166 3134 in-

575 3151 732 3203 vicem
762 3152 1048 3203 castissimo
1071 3164 1245 3203 amore
1271 3167 1332 3201 ac
1356 3155 1638 3203 secundum
1680 3151 1843 3204 Deum
1872 3153 2162 3218 diligentes,

573 3221 660 3289 qui
691 3229 855 3272 tamen
885 3219 1009 3271 dum
1036 3221 1260 3273 aliorum
1283 3223 1643 3273 conscientiam
1669 3221 1788 3274 inde
1813 3223 1934 3275 ιωάὶ
1959 3224 2163 3290 conspi-

575 3300 765 3354 cerent,
796 3291 1028 3363 convenit
1071 3291 1203 3342 inter
1235 3307 1320 3344 eos
1352 3304 1408 3344 ut
1437 3308 1492 3345 se
1522 3294 1584 3343 ab
1612 3292 1829 3344 invicem
1857 3294 1923 3344 ad
1965 3302 2165 3363 tempus

575 3367 888 3431 etongarent.
933 3360 1024 3431 His
1063 3362 1325 3427 exemplis
1356 3374 1404 3415 et
1453 3364 1753 3416 rationibus
1797 3360 2159 3418 adductns'D.

574 3430 901 3487 Benedictus
931 3430 1083 3500 (Cap.
1109 3435 1177 3486 69
1214 3431 1466 3502 Ηρςιιιω),
1489 3434 1552 3486 ad
1577 3432 1941 3488 excludendos
1974 3435 2164 3502 hujus-

574 3504 718 3557 modi
751 3503 1052 3572 singulares
1079 3509 1136 3558 et
1172 3504 1505 3558 inordinatos
1534 3504 1787 3570 alienius,
1820 3507 2006 3558 eadem
2040 3521 2166 3559 cau-

574 3575 722 3646 tione
751 3583 805 3626 et
831 3575 1162 3629 discretione
1188 3590 1336 3641 usus,
1381 3590 1723 3642 summopere
1752 3576 2162 3646 praimveudum

573 3645 850 3717 admonet,
883 3661 947 3698 ne
973 3648 1152 3714 quam
1178 3648 1444 3700 occasione
1487 3645 1761 3717 prwsumat
1792 3648 1922 3701 alter
1945 3648 2164 3701 alterum

575 3716 851 3788 defendere
887 3719 1195 3788 monac/tum
1237 3719 1287 3772 in
1330 3716 1638 3773 monasterio
1675 3730 1763 3772 aut
1806 3721 1947 3788 quasi
1997 3720 2157 3787 tueri,

569 3787 770 3841 etiamsi
824 3787 1556 3863 qualibet__consanguinitatis
1611 3792 1991 3863 propinquitate
2035 3793 2165 3861 jun-

571 3869 792 3926 gantur;
818 3875 912 3930 nec
932 3859 1158 3927 quolibet
1185 3861 1337 3915 modo
1363 3861 1417 3914 id
1441 3878 1472 3914 a
1497 3859 1760 3914 monachis
1785 3859 2124 3927 praesumetur
2145 3905 2158 3930 ,

569 3930 690 3998 quia
718 3929 902 3982 exinde
943 3933 1246 4000 gravissima
1278 3933 1477 3985 occasio
1513 3933 1877 3986 scandalorum
1909 3933 2032 3985 oriri
2074 3929 2166 3999 po-

569 4009 682 4053 test.
711 4000 862 4073 Quod
888 4001 933 4054 si
965 4002 1080 4073 quis
1109 4003 1204 4054 hoc
1232 4011 1579 4071 transgressus
1605 4003 1792 4073 fuerit,
1825 4005 1996 4055 acrius
2021 4019 2165 4056 coer-

570 4082 765 4124 ceatur.
796 4071 851 4124 In
885 4072 1103 4124 easdem
1133 4087 1326 4138 pravas
1354 4071 1644 4127 societates
1673 4082 1728 4126 et
1759 4075 1960 4140 privata
1988 4076 2162 4128 studia

572 4141 959 4208 monachorum
991 4144 1223 4208 graviter
1253 4143 1520 4196 invehitur
1558 4144 1616 4196 ι).
1652 4144 1957 4196 Bernartius
1996 4159 2156 4198 serta.

568 4207 639 4261 24
686 4225 850 4290 super
877 4207 1245 4290 Cantica,ubi
1270 4227 1618 4290 susurronum
1670 4215 1972 4280 hujusmod‘t
2020 4216 2163 4271 inter

566 4293 627 4332 se
654 4283 1082 4345 eoospirantium
1121 4291 1177 4334 et
1221 4283 1668 4337 murmurantium
1713 4300 1890 4340 mores
1941 4295 1996 4340 et
2033 4302 2163 4340 con-

565 4349 838 4423 venticula
871 4355 942 4423 ita
978 4352 1232 4418 graphice
1260 4353 1500 4423 depingit
1540 4365 1595 4408 et
1642 4354 1880 4422 exagitat
1917 4373 1928 4408 :
1974 4356 2159 4413 Videas

2262 1731 2573 1802 vaniloquia,
2601 1732 2955 1802 scurrilitates,
2985 1732 3323 1784 detractiones
3354 1741 3398 1782 et
3422 1731 3671 1799 effrenati
3702 1737 3849 1796 risus,

2261 1813 2350 1874 per
2381 1795 2492 1869 qtae
2520 1818 2655 1855 mens
2682 1795 3008 1876 distrahitur,
3041 1807 3369 1876 coinputtctio
3386 1795 3713 1876 dissolvitur,
3739 1823 3850 1876 gra-

2263 1873 2334 1926 tia
2359 1876 2698 1935 subtrahitur,
2734 1875 3000 1940 proximus
3047 1873 3182 1926 male
3218 1875 3529 1938 aediﬁcatur.
3576 1875 3708 1930 Hzec
3742 1873 3840 1929 SS.

2262 1945 2472 2000 Patres.
2499 1947 2664 1998 Porro
2695 1944 2748 1997 in
2779 1945 2879 1997 hoc
2900 1959 3099 2012 genere
3125 1961 3298 2010 prava)
3328 1947 3614 2000 Societatis
3639 1958 3693 2000 et
3721 1950 3847 2000 ami-

2262 2017 2425 2078 citiae,
2470 2015 2822 2082 proculdubio
2853 2017 3170 2084 gravissime
3203 2026 3432 2084 peccant
3473 2018 3728 2071 uiuunt-hi
3761 2019 3845 2082 qui

2262 2086 2518 2139 adversus
2553 2087 2776 2141 abbatc's
2815 2095 2908 2139 aut
2939 2086 3252 2152 superiores
3288 2101 3421 2138 suos
3455 2088 3590 2140 inito
3621 2091 3846 2143 consilio

2261 2158 2574 2220 conspirant
2606 2166 2662 2211 et
2690 2157 2996 2225 conjurant,
3025 2165 3086 2211 ut
3127 2158 3202 2210 illi
3233 2172 3367 2226 quos
3395 2167 3593 2212 contra
3627 2162 3847 2214 sanatis-

2262 2233 2457 2282 simmn
2486 2229 2697 2282 Patrem
2739 2228 3087 2284 Benedicuun
3119 2231 3464 2297 conspirasse
3493 2243 3545 2283 et
3580 2246 3844 2285 venenum

2264 2299 2339 2352 illi
2373 2300 2910 2372 prottittassescribit
2941 2299 3317 2372 B.AGregorius
3344 2302 3396 2352 iu
3417 2301 3665 2372 Dialogis
3699 2302 3841 2372 (Lib.

2262 2383 2299 2422 ιι
2330 2387 2446 2442 cup.
2479 2371 2566 2437 ὅ).
2602 2369 2758 2425 Unde
2801 2371 2849 2422 in
2888 2369 3322 2425 Cltalcetlonensi
3363 2369 3626 2425 adversus
3666 2369 3844 2442 hujus-

2263 2439 2408 2493 modi
2435 2442 2833 2506 entispiratores
2865 2450 2920 2495 et
2961 2443 3332 2509 conjuratores
3368 2442 3436 2494 ita
3466 2439 3844 2497 statutuin’le-

2262 2511 2402 2578 gitur
2429 2511 2570 2578 apud
2601 2511 2918 2566 Gratianum
2961 2514 3065 2580 (ρ.
3103 2515 3158 2568 Η
3198 2530 3243 2566 c.
3277 2511 3369 2581 t):
3401 2511 3847 2580 Cottjurationnm

2263 2589 2311 2632 et
2347 2584 2784 2652 conspirationum
2824 2587 3014 2636 crimen
3053 2583 3226 2653 (quod
3255 2583 3379 2651 apud
3405 2581 3615 2636 (ἐτωσοδ
3645 2583 3848 2638 dicitur

2263 2651 2766 2736 qparpia)"publicis
2801 2655 2953 2706 etiam
2970 2651 3179 2736 leqibus
3212 2656 3735 2736 certamen-penitus
3770 2658 3846 2708 in-

2266 2721 2448 2796 hiberi.
2497 2721 2611 2774 Hoc
2652 2724 2811 2776 multo
2841 2725 3006 2796 magis
3035 2721 3101 2777 'in
3142 2737 3320 2778 sancta
3363 2725 3456 2776 Dei
3502 2721 3756 2792 Ecclesia,
3792 2745 3846 2780 ne

2263 2794 2376 2860 fiat,
2409 2797 2636 2846 convenit
2667 2794 3015 2849 abdicariﬁS‘i
3045 2797 3131 2864 qui
3160 2811 3277 2849 vero
3307 2795 3477 2848 clerici
3510 2804 3586 2848 ret
3616 2800 3844 2849 monac/ii

2261 2867 2448 2936 inventi
2477 2865 2667 2936 fuerint
2691 2868 3018 2934 conjurantes
3059 2877 3144 2919 aut
3170 2870 3542 2933 conspirantes.
3575 2878 3665 2919 aut
3697 2871 3843 2936 plint-

2265 2935 2388 2986 tritis
2416 2939 2492 2987 vel
2523 2935 2773 3004 factiones
2811 2948 3168 3007 componentes
3207 2940 3407 3005 aliquas
3446 2940 3556 2991 suis
3603 2935 3844 3006 episcopis

2267 3015 2369 3080 aut
2394 3008 2591 3080 clericis
2632 3009 2767 3068 aliis,
2816 3012 3022 3080 omnino
3070 3010 3274 3080 cadant
3304 3009 3368 3061 de
3408 3009 3626 3079 proprio
3664 3013 3840 3080 gradu.

2274 3076 2370 3130 Ubi
2396 3078 2687 3129 notandum
2718 3079 2857 3146 quod
2883 3081 2980 3131 etsi
3009 3094 3202 3134 nomen
3233 3076 3515 3148 phratrim'
3536 3081 3623 3133 vel
3663 3076 3843 3134 fratris:

2267 3150 2567 3216 generatim
2600 3163 2759 3202 Omne
2789 3149 3092 3204 sodalitiutn
3119 3193 3133 3217 ,
3167 3151 3503 3204 consortium
3523 3192 3538 3210 ,
3573 3151 3844 3204 Cttht'llll-

2267 3233 2331 3272 eu
2345 3221 2473 3281 lum,
2495 3229 2696 3272 sectam
2720 3231 2810 3272 aut
2829 3222 3024 3274 tribum
3042 3221 3309 3282 signiticet.
3325 3221 3494 3291 (unde
3507 3223 3844 3276 Atheniensis

2269 3291 2500 3357 populus
2539 3291 2735 3344 dicitur
2778 3291 2942 3344 fuisse
2978 3293 3191 3344 divisus
3231 3293 3287 3345 in
3327 3292 3619 3346 duodecim
3663 3293 3842 3354 tribus,

2268 3370 2321 3414 et
2352 3362 2576 3438 singula:
2608 3363 2864 3438 trtl_uts_in
2898 3375 3007 3417 tres
3038 3365 3318 3438 φραῖρξας)
3338 3363 3494 3438 ,_ltoc
3525 3373 3708 3438 tamen
3740 3366 3844 3419 loco

2267 3431 2530 3498 accipitur
2557 3447 2654 3500 pro
2687 3432 2922 3487 factione
2945 3431 3331 3488 ant'seditiuue
3358 3434 3508 3488 inter
3539 3436 3739 3490 fratres
3762 3451 3845 3489 seu

2269 3501 2560 3556 tuonucltos
2574 3503 2803 3556 excitata
2815 3546 2826 3564 ,
2846 3503 3298 3572 quemadmodum
3313 3514 3368 3558 et
3381 3506 3523 3568 apud
3543 3507 3598 3560 S.
3621 3508 3846 3574 Ephrem

2268 3576 2528 3644 partenesi
2569 3575 2659 3637 59,
2695 3575 2782 3628 ubi
2821 3575 2871 3628 in
2904 3589 3129 3638 persona
3155 3577 3468 3644 hujnsmodi
3502 3577 3846 3631 factiosorum

2266 3646 2341 3698 ait
2369 3662 2382 3698 :
2415 3643 2483 3699 In
2508 3646 2693 3715 fratria
2721 3647 2982 3716 conjunCti
3002 3648 3180 3706 simus.
3205 3643 3315 3703 etc.
3349 3650 3413 3702 Et
3445 3648 3618 3701 inira:
3651 3651 3728 3700 Ad
3762 3666 3848 3715 pst-

2266 3733 2392 3786 gnas
2420 3728 2587 3770 autem
2617 3729 2664 3769 et
2693 3719 2901 3784 fratrias
2929 3720 3034 3770 sive
3061 3718 3309 3789 [actiones
3339 3736 3399 3772 ac
3427 3719 3848 3773 contradictiones

2268 3801 2496 3854 potentes
2523 3789 2706 3842 simus.
2732 3789 2998 3842 Cancrum
3031 3791 3168 3856 quod
3201 3791 3452 3858 superius
3474 3808 3542 3843 ex
3575 3792 3634 3842 It.
3661 3791 3846 3844 Basilio

2267 3858 2473 3912 dictum
2505 3869 2620 3924 est,
2654 3860 2848 3914 fratres
2878 3861 3163 3928 a-qnaliter
3193 3878 3250 3913 se
3286 3865 3429 3915 inter
3454 3877 3516 3916 se
3545 3861 3774 3924 diligere
3796 3871 3844 3915 et

2267 3933 2547 3998 aequaliter
2571 3932 2707 3985 inter
2737 3947 2796 3986 se
2824 3932 3061 3984 vicissim
3091 3946 3282 3986 Omnes
3312 3934 3607 3999 complecﬁ
3633 3934 3840 3994 dobere,

2270 4003 2496 4069 proinde
2545 4018 2693 4055 reum
2745 4012 2798 4056 et
2835 4001 3092 4070 iniurium
3144 4018 3265 4056 esse
3300 4003 3532 4070 publica
3575 4005 3843 4062 cltaritati,

2267 4073 2354 4139 qui
2390 4090 2550 4127 ttttttm
2583 4075 2814 4142 aliquem
2843 4089 2953 4134 prae
2983 4075 3108 4126 aliis
3136 4073 3333 4142 diligit;
3363 4076 3500 4138 hsce,
3533 4074 3767 4140 inquam,
3793 4085 3844 4126 et

2268 4142 2350 4196 his
2382 4145 2599 4209 similia,
2629 4160 2697 4199 ne
2724 4145 2808 4198 cui
2838 4144 2972 4197 forte
3001 4146 3314 4212 scrupulum
3347 4156 3618 4209 moveant,
3646 4143 3845 4197 intelli-

2265 4215 2438 4282 genda
2471 4226 2614 4276 sunt,
2643 4217 2819 4286 quoad
2874 4225 3152 4270 externam
3181 4216 3659 4270 conversminnem
3689 4225 3747 4268 et
3775 4220 3844 4266 la-

2267 4288 2664 4350 tuitiaritatem,
2710 4289 2825 4341 sive
2867 4289 2933 4340 de
2976 4288 3339 4341 exterioribus
3380 4297 3430 4342 et
3471 4287 3842 4341 communibus

2265 4359 2516 4412 amicitiae
2543 4367 2597 4412 et
2636 4357 2913 4412 charitatis
2972 4358 3142 4425 signis
3189 4367 3244 4412 et
3271 4358 3489 4421 ciliciis,
3520 4371 3645 4425 quae
3674 4360 3844 4410 omni-

563 4417 685 4472 illos
710 4417 1246 4500 ambulare’seorsim,
1277 4417 1545 4500 convenire
1568 4425 1695 4493 sibi,
1720 4417 1772 4500 et
1804 4443 1844 4500 si
1859 4427 1980 4482 dere
2009 4433 2154 4500 pari-
2183 4421 2237 4481 D
2259 4426 2362 4481 bus
2393 4429 2648 4484 fratribus
2679 4429 2980 4495 aequaliter,
3014 4417 3065 4500 id
3096 4439 3202 4495 est,
3233 4417 3594 4500 inditl‘erentEr
3624 4439 3678 4480 et
3710 4443 3840 4500 pro-

508 4545 514 4551 ,
567 4500 675 4554 ter;
707 4493 1422 4567 moxque_la:care4procaces
1467 4497 1671 4567 linguas
1711 4499 1766 4551 in
1798 4493 2154 4555 detestandum

561 4558 860 4640 susurrum.
915 4558 1106 4640 lneunt
1141 4558 1566 4640 familiaritatem
1593 4568 1661 4623 ad
1707 4571 2184 4640 maledicendumh

561 4631 842 4686 concordes
882 4633 950 4685 ad
977 4633 1311 4690 discordiam.
1337 4635 1629 4692 Conciliant
1653 4631 1786 4695 inter
1824 4659 1876 4695 se
1903 4631 2153 4697 inimicis;
2171 4633 2188 4656 ⁸

559 4701 721 4786 {imas
754 4703 1038 4786 amicitias,
1073 4715 1122 4786 et
1150 4709 1266 4775 pari
1299 4719 1656 4786 consentanea:
1700 4713 2042 4786 malignitatis
2072 4715 2155 4784 af-

560 4771 696 4853 fectu
715 4773 1004 4853 celebratur
1022 4771 1201 4853 odiosa
1227 4780 1460 4835 collatio.
1483 4780 1642 4836 Haud
1662 4799 1803 4838 secus
1825 4771 1972 4853 Egere
1989 4771 2151 4852 quoii-

558 4842 680 4925 dam
704 4842 936 4925 Herodes
967 4854 1024 4925 et.
1060 4845 1285 4925 P_ilat_us,
1318 4852 1380 4904 de
1398 4853 1582 4925 quibus
1612 4866 1789 4907 narrat
1816 4842 2148 4925 Evangelium

585 4911 714 4998 ρυλες
741 4918 913 4997 sttit),
937 4917 1056 4998 quia
1078 4911 1345 4998 facti‘sunt
1368 4911 1520 4998 ainici
1548 4924 1639 4976 illa
1661 4925 1765 4998 die,
1797 4927 1851 4978 id
1874 4911 2043 4990 θεῖς’ἱη
2065 4928 2149 4981 die

611 4990 843 5040 ominica.
885 4990 1158 5051 passionis.
1195 4994 1614 5048 Couvenientibus
1643 4996 1717 5048 sic
1753 4997 1808 5049 in
1838 5013 1994 5050 unum
2042 5015 2146 5052 non

556 5066 632 5110 est
668 5055 993 5136 Dominicam
1037 5065 1606 5136 canamntanducare,
1648 5067 1735 5120 sed
1766 5070 1925 5134 magis
1967 5071 2143 5136 propi-

554 5136 761 5208 nareuet
791 5127 957 5208 bibere
983 5133 1194 5186 calicem
1223 5127 1628 5208 dieiiioniorum',
1658 5139 1780 5190 dum
1815 5127 2147 5208 itiiportaiiti-

553 5193 648 5275 bus
674 5199 864 5266 linguis
884 5199 1106 5275 aliorum
1133 5207 1433 5275 perditionis
1455 5193 1863 5270 virus,'aliorum
1888 5193 2036 5262 aures
2061 5211 2142 5263 in-

551 5273 1018 5348 tran_tem_m_ortem
1044 5273 1256 5348 libenter
1288 5277 1569 5348 excipiunt.
1604 5279 1698 5333 His
1727 5281 1978 5334 omnibus
2005 5281 2135 5335 sub-

550 5337 743 5394 scribit
768 5338 831 5392 Β.
853 5339 1174 5401 Laurentius
1203 5337 1521 5404 Justitianus
1543 5351 1845 5419 patriarcha
1879 5350 2130 5418 Venetus,

2259 4500 2482 4564 tuismte,
2517 4500 2818 4553 exhibenda
2847 4510 2994 4554 sunt.
3019 4499 3153 4553 Nam
3171 4497 3336 4568 quoad
3358 4497 3844 4568 intertoremgdiic-

2256 4572 2452 4624 ctionis
2507 4570 2759 4625 allectum
2819 4581 2871 4624 et
2931 4565 3222 4638 peculiaria
3270 4569 3503 4638 quaedam
3533 4565 3843 4638 icharitatis

2255 4640 2456 4703 officia,
2503 4657 2557 4694 v.
2603 4657 2655 4710 g.
2701 4637 3003 4710 peculiares
3047 4637 3348 4708 orationes,
3378 4637 3671 4702 sacriﬁcia,
3705 4647 3841 4704 etc.,

2257 4711 2390 4765 nihil
2417 4713 2693 4780 prohibet,
2732 4714 2895 4766 inuno
2925 4713 3115 4765 rationi
3147 4723 3572 4766 consentaneum
3604 4720 3689 4763 est
3712 4712 3842 4763 alios

2257 4798 2366 4851 prae
2396 4786 2518 4836 aliis
2546 4785 2663 4851 plus
2695 4783 2847 4852 diligi
2894 4793 2949 4838 et
2994 4783 3264 4849 praeferri,
3295 4784 3378 4836 vel
3406 4784 3528 4852 quia
3563 4783 3841 4842 meliores,

2254 4855 2338 4908 vel
2362 4855 2484 4924 quia
2521 4855 2676 4908 nobis
2706 4856 3143 4924 propinquiores,
3168 4855 3551 4914 ofticiosiores,
3585 4854 3839 4912 nmiores,

2254 4927 2422 4994 magis
2473 4927 2736 4988 bcnelici,
2781 4937 2909 4990 etc.,
2957 4926 3251 4979 dummodo
3296 4937 3447 4980 recta
3479 4927 3552 4977 sit
3595 4924 3840 4984 intentio,

2255 5000 2445 5051 modus
2490 4997 2707 5052 debitus
2749 5007 3019 5061 servetur,
3049 5005 3104 5050 et
3137 4997 3339 5049 vitetur
3365 4995 3684 5050 scandalum
3714 4995 3839 5047 alio-

2251 5084 2391 5192 ἶςιΰη.
2420 5069 2554 5124 Vide
2589 5069 2648 5123 ὃ.
2679 5066 2948 5151 Τιιοιιιειιιι
2983 5066 3083 5120 2-!
3119 5083 3176 5136 q.
3223 5066 3299 5122 26
3333 5077 3440 5122 art.
3473 5068 3508 5122 6
3536 5077 3593 5122 et
3620 5079 3840 5138 sequen-

2271 5155 2284 5192 t
2327 5154 2412 5192 us.

2248 5148 2412 5193 tibus.
2945 5148 2948 5151 ’

2319 5217 2350 5282 f
2383 5211 2464 5266 De
2487 5210 2588 5266 hac
2620 5210 2890 5265 sententia
2946 5210 3199 5280 superius
3239 5217 3423 5264 actum
3482 5218 3567 5265 est
3593 5205 3748 5282 (Grip.
3776 5204 3840 5261 35

2243 5289 2291 5333 et
2319 5280 2434 5352 24).

3485 5429 3514 5460 Γ

2519 5605 2538 5606 η
