4044 6190
548 243 683 300 1017
1614 229 1897 288 JOANNlS
1933 227 2242 286 CASSIANI
2277 222 2769 284 COLLATIONES.
3706 216 3871 273 {0&8

548 360 683 412 ciler
713 353 891 415 docet,
921 357 976 404 et
1002 347 1205 417 eligere
1228 344 1280 401 id
1313 345 1455 416 quod
1481 347 1725 415 expedit,
1756 346 1878 402 data
1910 341 2144 401 seniori-
2166 344 2219 404 Α
2247 338 2587 395 sermonibus
2626 352 2658 393 a
2689 342 2877 392 sancto
2925 333 3117 391 abbate
3142 320 3416 391 Germano
3444 346 3508 388 ea
3557 332 3870 391 alacritate

548 450 647 501 bus
678 440 896 514 sponsio
919 453 1029 494 non
1053 437 1308 493 admittit.
1343 439 1557 494 Etenim
1589 439 1859 509 potuimus
1877 437 2141 508 exemplis
2244 431 2539 501 susceptis,
2570 445 2634 485 ac
2658 430 2705 485 si
2729 444 2824 486 eos
2847 442 2955 484 non
2984 444 3013 482 a
3039 426 3377 510 memetipso,
3432 426 3529 482 sed
3579 426 3868 483 instinctu

550 540 731 591 talium
763 550 827 589 ac
849 542 1124 589 tantorum
1156 533 1397 587 virorum
1449 534 1515 587 ad
1565 532 1943 602 perfectiorem
1975 535 2141 587 vitam
2244 524 2463 579 Domini
2492 523 2864 594 protulissem,
2898 521 3185 576 adventum
3208 521 3357 575 senis
3376 528 3541 590 atque
3573 528 3597 556 ο
3636 520 3865 575 instatu-

548 628 1000 699 propositumque
1028 626 1272 691 formari,
1304 627 1405 682 nisi
1438 641 1537 682 nos
1567 626 1835 683 instanter
1862 628 1927 681 ad
1954 641 2140 683 emno-

2256 629 2351 674 lem
2372 618 2483 688 jam
2507 619 2698 672 horam
2744 624 3027 673 nocturnae
3057 630 3326 688 synaxeos
3373 615 3656 686 paululum
3706 633 3861 687 pra-

2242 712 2445 778 stolati,
2481 720 2764 781 postquam
2790 725 2915 767 eum
2936 710 3094 766 solita
3124 709 3451 764 salutatione
3467 710 3855 779 suscepimus,

2242 813 2298 860 et
2327 803 2598 873 legitimus
2649 802 2955 858 orationum
3004 811 3168 873 atque
3210 800 3537 871 psalmorum
3584 802 3859 872 impletos

2242 908 2326 955 est
2353 912 2637 967 numerus,
2661 898 2851 955 iisdem
2878 912 3068 953 rursus
3109 896 3302 967 quibus
3327 894 3394 951 ad
3423 896 3668 966 quietem
3697 912 3860 953 eom-

2243 992 2405 1064 positi
2430 990 2705 1047 fueramus
2739 988 2759 1029 τ
2791 990 3037 1063 psiathiis
3060 1004 3127 1045 ex
3155 1004 3311 1046 more
3332 988 3713 1045 consedimus.

2855 1104 3081 1163 CAPUT
3119 1104 3207 1161 IV.

2315 1201 2662 1273 Interrogatio
2698 1201 2896 1256 abbatis
2919 1199 3139 1271 Ioseph,
3169 1208 3442 1273 nostraque
3479 1198 3772 1270 responsio,

2672 1273 2810 1328 unde
2835 1273 3072 1327 anxietas
3098 1271 3405 1326 emersisset.

2316 1366 2450 1422 Tum
2480 1366 2812 1423 venerabilis
2865 1363 3064 1435 Joseph
3117 1363 3445 1433 dejectiores
3502 1376 3602 1418 nos
3655 1364 3853 1419 animo

2245 1460 2665 1531 contemplatus,
2694 1467 2854 1530 atque
2884 1457 2987 1513 hoc
3022 1455 3181 1511 nobis
3212 1470 3319 1509 non
3350 1454 3468 1510 sine
3515 1469 3675 1509 causa
3711 1470 3853 1509 con-

548 722 692 775 hium
723 734 1010 775 recurrere
1057 719 1308 790 promissi
1350 720 1525 787 pactio
1556 728 1879 775 coarctaret.
1910 720 2063 785 Quod
2094 719 2140 773 si

548 814 750 868 reversi
778 811 1076 877 fuerimus,
1104 810 1255 879 copia
1287 810 1443 865 nobis
1474 811 1699 865 ulterius
1731 812 1832 866 huc
1863 809 2141 866 remeandi

549 906 698 959 nulla
735 905 1023 960 tribuetur.
1057 902 1155 960 Sin
1179 917 1310 957 vero
1341 902 1426 957 hic
1466 903 1768 959 residentes
1806 904 2139 960 desiderium

551 1010 795 1054 nostrum
821 995 1173 1052 maluerimus
1199 995 1443 1065 explere,
1468 995 1597 1067 quid
1642 996 1850 1068 agimus
1871 996 1941 1053 de
1969 1013 2138 1069 spon-

551 1091 721 1145 sionis
761 1090 897 1155 fide,
958 1102 1116 1157 quam
1170 1086 1475 1142 senioribus
1506 1087 1707 1143 nostris
1738 1088 2138 1144 velocissimum

554 1182 787 1237 reditum
844 1180 1181 1251 pollicentes,
1214 1179 1430 1235 dedisse
1469 1194 1569 1234 nos
1615 1178 1895 1250 novimus,
1940 1191 1999 1236 ut
2054 1180 2142 1236 vel

548 1275 747 1330 cursim
778 1275 965 1329 liceret
994 1273 1149 1329 nobis
1177 1271 1336 1342 hujus
1366 1272 1660 1342 provinciae
1686 1282 1903 1328 sanctos
1932 1287 1997 1328 ac
2025 1288 2143 1329 mo-

547 1368 787 1425 nasteria
836 1366 1167 1423 circumire?
1216 1362 1462 1435 Cumque
1507 1366 1588 1421 sic
1636 1376 1968 1431 :estuantes,
2012 1366 2140 1438 quid

548 1475 714 1529 super
736 1468 878 1515 statu
905 1459 1100 1515 salutis
1133 1468 1332 1513 nostrae
1357 1458 1729 1514 definiendum
1755 1468 1920 1525 esset,
1948 1474 2143 1528 nequa-

550 1568 711 1623 quam
754 1552 1001 1608 invenire
1048 1564 1362 1621 possemus,
1396 1550 1515 1605 solo
1559 1551 1760 1621 gemitu
1810 1551 2143 1607 testabamur
2238 1555 2436 1628 jiciens
2466 1553 2751 1618 accidisse,
2774 1552 2864 1605 illo
2889 1563 2987 1605 nos
3014 1546 3335 1618 patriarchze
3356 1546 3551 1617 Joseph
3580 1562 3851 1603 sermone

548 1644 854 1698 durissima:
885 1642 1211 1699 conditionis
1240 1642 1648 1710 necessitatem,
1674 1657 1995 1699 accusantes
2015 1653 2041 1682 ι
2069 1653 2141 1700 te-

2244 1648 2572 1718 compellat:
2603 1655 2629 1693 8
2667 1644 2807 1714 Quid
2836 1645 3020 1715 utique
3069 1642 3249 1696 vultus
3294 1641 3459 1696 vestri
3503 1640 3684 1695 tristes
3713 1651 3854 1696 sunt

550 1736 913 1792 acritudinem
972 1735 1163 1791 frontis
1224 1744 1447 1801 nostrae.
1502 1744 1558 1791 et
1624 1736 1921 1807 ingenitam
1983 1729 2576 1798 nobithodietCui
2609 1755 2735 1797 nos:
2786 1738 2905 1795 Non
2959 1738 3101 1793 sicut
3154 1734 3407 1790 vinculati
3439 1734 3512 1788 illi
3542 1732 3850 1790 Pharaonis

549 1830 929 1884 verecundiam
953 1830 1309 1892 detestantes,
1342 1827 1371 1868 δ
1399 1828 1560 1899 cujus
1583 1844 1753 1885 onere
1783 1831 2099 1900 praegravati
2123 1870 2141 1898 ,

550 1921 713 1976 etiam
736 1930 921 1976 contra
947 1920 1233 1975 utilitatem
1258 1934 1321 1974 ac
1351 1920 1685 1991 propositum
1715 1930 1980 1988 nostrum,
2010 1922 2143 1977 reti-

548 2015 795 2067 nentium
855 2012 1111 2084 precibus
1139 2013 1272 2067 alias
1304 2027 1411 2067 non
1445 2014 1805 2084 potuissemus
1851 2013 2138 2081 obsistere,

552 2106 657 2160 nisi
682 2107 1047 2161 maturissitno
1075 2105 1250 2161 reditu
1277 2106 1613 2176 repromisso
1648 2106 1751 2160 huc
1782 2106 2140 2172 venissemus,

550 2196 696 2252 illius
720 2200 925 2253 scilicet
948 2214 1046 2253 nos
1070 2198 1294 2268 pudoris
1316 2198 1445 2252 vitio
1469 2196 1745 2253 laborasse
1765 2196 2047 2264 dedentes,
2076 2196 2145 2253 de

552 2304 661 2358 quo
683 2290 901 2358 dicitur,
918 2289 1014 2345 Est
1035 2303 1055 2329 ε
1082 2292 1249 2361 pudor
1264 2290 1483 2357 aITerens
1507 2301 1771 2363 peccatum
1797 2290 2018 2362 (Eccles.
2041 2290 2139 2362 tv).

1173 2402 1400 2460 CAPUT
1437 2403 1521 2460 Ill.

591 2495 825 2553 Cassiani
855 2499 1156 2572 consilium,
1180 2508 1229 2572 et
1256 2500 1522 2572 responsio
1549 2502 1618 2572 ad
1657 2501 2111 2572 interrogationem

1103 2568 1302 2622 abbatis
1340 2568 1593 2637 germani.

626 2661 763 2716 Tum
793 2676 929 2731 ego:
954 2659 1367 2729 Compendium,
1399 2661 1653 2730 inquam,
1686 2663 1981 2733 angoribus
2012 2666 2147 2721 affe-

554 2766 638 2811 rat
667 2758 872 2809 nostris
902 2753 1233 2823 consilium,
1290 2758 1455 2810 immo
1503 2756 1801 2812 auctoritas
1854 2760 2022 2829 senis,
2078 2762 2147 2817 ad

552 2862 716 2917 quem
743 2855 961 2917 oportet
986 2856 1047 2902 ut
1091 2855 1306 2903 nostras
1347 2849 1741 2907 sollicitudines
1792 2852 2100 2911 deferamus
2128 2896 2143 2921 ,

554 2949 609 2994 et
652 2938 912 3009 quidquid
955 2939 1119 2994 fuerit
1144 2940 1260 3011 ejus
1303 2942 1569 2997 sententia
1620 2942 1900 3000 deﬁnitum
1928 2989 1943 3015 ,
2001 2948 2149 3003 velut

554 3032 797 3086 divinum
838 3042 892 3085 et
940 3033 1163 3088 caeleste
1210 3048 1535 3104 responsum
1562 3079 1578 3104 ,
1611 3038 1822 3092 cunctis
1849 3035 1877 3075 τι
1923 3040 2146 3096 aestibus

2246 1833 2500 1898 ministri,
2524 1833 2790 1887 somnium
2815 1829 3067 1893 vidimus,
3098 1835 3154 1882 et
3182 1826 3275 1895 qui
3307 1826 3698 1894 interpretetur
3730 1841 3841 1881 nou

2246 1936 2348 1995 est,
2374 1925 2470 1982 sed
2498 1926 2822 1988 insomnem,
2856 1922 3096 1992 inquam,
3126 1920 3377 1974 duximus
3404 1926 3649 1984 noctem;
3673 1926 3734 1973 et
3752 1919 3843 1989 qui

2246 2030 2472 2075 aestuum
2499 2027 2803 2072 nostrorum
2832 2015 3002 2070 moles
3029 2014 3299 2077 sublevet,
3331 2026 3437 2067 non
3469 2020 3571 2079 est,
3607 2011 3713 2067 nisi
3751 2028 3848 2067 eas

2247 2111 2507 2167 Dominus
2529 2121 2618 2165 tua
2664 2108 2992 2164 discretione
3021 2105 3377 2162 submoverit.
3436 2104 3571 2159 Tum
3601 2104 3715 2172 ille,
3750 2105 3845 2176 qui

2248 2203 2564 2275 patriarchae
2586 2201 2864 2264 virtutem,
2916 2208 2972 2255 et
2997 2198 3189 2254 merito
3232 2196 3481 2264 referret,
3516 2207 3571 2253 et
3600 2198 3844 2264 nomine,

2247 2296 2436 2351 Nonne
2462 2310 2559 2365 per
2588 2292 2900 2359 Dominum,
2928 2291 3121 2360 inquit,
3139 2297 3225 2346 est
3246 2288 3603 2345 humanarum
3632 2288 3843 2359 cogita-

2248 2389 2455 2445 tionum
2494 2384 2740 2442 curatio?
2780 2382 3121 2454 proferantur
3167 2382 3221 2437 in
3250 2382 3503 2447 medium,
3535 2392 3731 2451 potens
3761 2390 3849 2436 est

2248 2484 2394 2538 enim
2418 2480 2600 2538 divina
2622 2478 2909 2535 clementia
2937 2476 3231 2533 secundum
3266 2476 3422 2531 fidem
3463 2485 3700 2530 vestram
3737 2488 3849 2531 no-

2250 2584 2364 2631 stro
2391 2574 2474 2631 eis
2513 2572 2775 2629 medelam
2809 2580 3069 2642 praestare
3098 2568 3339 2625 consilio.

2874 2686 3106 2744 CAPUT
3149 2686 3212 2742 ν.

2251 2783 2527 2853 Expositio
2548 2783 2748 2862 abbatis
2771 2780 3152 2862 Germani,_cur
3170 2781 3251 2835 vel
3284 2781 3337 2833 in
3350 2776 3588 2862 ﬁfgypto
3612 2777 3849 2834 residere

2462 2854 2755 2921 mallemus,
2787 2854 2865 2907 vel
2895 2856 3273 2908 retraheremur
3294 2852 3361 2904 ad
3392 2852 3623 2921 Syriam.

2319 2946 2402 3002 Ad
2430 2946 2548 3002 haec
2577 2946 2877 3003 Germanus
2915 2964 2927 2999 :
2968 2944 3357 3011 Credebamus,
3382 2944 3574 3014 inquit,
3604 2957 3702 2998 nos
3748 2957 3839 2999 ve-

2250 3049 2378 3095 strae
2398 3039 2749 3095 beatitudinis
2773 3040 3001 3106 visione,
3032 3054 3139 3093 non
3169 3038 3341 3093 solum
3375 3037 3557 3093 laetitia
3589 3035 3841 3105 spiritali,

554 3124 754 3179 nostris
786 3124 1074 3178 terminum
1110 3133 1294 3193 ponat.
1329 3126 1485 3193 Quod
1512 3127 1732 3197 quidem
1765 3130 1921 3185 nobis
1965 3147 2061 3201 per
2086 3148 2147 3189 os
2172 3106 2219 3171 (ἶ
2253 3133 2351 3189 sed
2377 3134 2540 3189 etiam
2566 3132 2807 3202 profectu
2834 3131 3047 3186 abunde
3071 3130 3330 3199 repletos,
3359 3130 3427 3185 ad
3464 3138 3706 3184 nostrum
3727 3142 3842 3184 cm-

557 3217 729 3272 saucti
779 3215 940 3285 hujus
966 3231 995 3269 a
1021 3216 1253 3271 Domino
1279 3216 1646 3285 tribuendum,
1675 3230 1732 3275 et
1757 3222 1827 3277 ob
1859 3223 1999 3278 illius
2028 3240 2143 3280 meo

554 3310 719 3363 ritum
749 3318 802 3364 et
826 3309 896 3362 ob
920 3319 1158 3364 nostrain
1184 3311 1343 3364 fidem
1377 3312 1597 3366 minime
1621 3312 1950 3370 dubitemus.
1972 3318 2147 3388 Ipsius

556 3403 699 3459 enim
731 3418 952 3457 munere
980 3403 1199 3458 salubre
1227 3404 1515 3459 consilium
1565 3414 1620 3461 et
1666 3409 1876 3462 creduli
1906 3409 1973 3464 ab
2004 3411 2147 3467 indi-

553 3498 697 3567 guis,
731 3508 783 3551 et
808 3496 1071 3552 increduli
1099 3514 1128 3551 a
1164 3498 1360 3553 sanctis
1407 3499 1718 3571 frequenter
1773 3514 2097 3573 acceperunt
2126 3550 2142 3575 ,

560 3591 790 3647 Domino
812 3591 864 3646 id
898 3592 980 3646 vel
1010 3600 1233 3663 propter
1256 3593 1503 3647 meritum
1532 3595 1996 3664 respondentium,
2060 3600 2145 3656 vel

555 3694 782 3756 propter
836 3685 997 3740 fidem
1052 3685 1449 3740 consulentium
1498 3685 1783 3757 largiente.
1831 3689 1925 3745 llis
1965 3690 2146 3763 itaque

2255 3228 2475 3283 nobium
2501 3241 2847 3292 recursuros;
2868 3234 2922 3282 et
2954 3240 3014 3281 ea
3057 3240 3179 3296 quae
3214 3225 3502 3280 fuissemus
3525 3233 3705 3279 vestro
3732 3234 3848 3276 ma-

2254 3319 2476 3391 gisterio
2504 3319 2804 3383 consecuti,
2846 3333 2879 3372 a
2910 3318 3065 3371 nobis
3114 3326 3234 3385 post
3273 3317 3506 3371 reditum
3567 3316 3652 3370 vel
3692 3315 3841 3369 tenui

2256 3414 2597 3467 aemulatione
2625 3410 2900 3466 sectanda.
2932 3409 3043 3463 Hoc
3072 3410 3214 3463 enim
3246 3419 3300 3462 et
3329 3410 3613 3463 seniorum
3633 3416 3849 3464 nostro-

2253 3521 2368 3561 rum
2396 3503 2621 3558 dilectio
2648 3502 2749 3557 sibi
2777 3500 3043 3569 spondere
3073 3513 3169 3552 nos
3196 3498 3491 3566 compulit,
3519 3499 3653 3553 dum
3680 3500 3852 3555 subli-

2252 3599 2489 3654 mitatem
2520 3594 2640 3649 vita:
2688 3601 2887 3649 vestrae
2923 3598 3082 3661 atque
3109 3590 3368 3645 doctrina:
3399 3602 3558 3657 posse
3610 3604 3714 3643 nos
3740 3592 3850 3645 ali-

2250 3702 2510 3763 quatenus
2533 3687 2729 3743 imitari
2759 3685 2815 3742 in
2851 3685 2941 3742 illo
2985 3681 3234 3741 coenobio
3267 3679 3641 3737 crederemus.
3680 3679 3851 3739 Unde

1628 3853 1891 3910 ALARDI
1927 3856 2162 3912 GAZXEI
2199 3851 2772 3913 COMMENTARIUS.

637 3977 665 4006 κ
698 3967 1026 4022 Teneritudn
1048 3968 1262 4033 frontis,
1286 3976 1343 4023 ut
1374 3977 1522 4024 notat
1547 3968 1855 4036 Ciaconius,
1882 3971 2141 4027 Cassiano

558 4039 757 4094 dicitur
786 4041 958 4107 pudor
987 4040 1201 4111 quidam
1235 4041 1589 4102 subrusticus,
1625 4057 1731 4110 quo
1762 4042 2001 4111 impediti
2033 4046 2143 4111 ple-

558 4126 786 4179 rumque
810 4112 1076 4179 homines,
1108 4113 1157 4164 id
1186 4112 1326 4174 quod
1346 4112 1445 4165 sibi
1479 4113 1612 4167 utile
1633 4127 1851 4180 Sperant
1874 4114 2140 4179 futurum,

559 4197 667 4234 non
699 4194 1083 4249 exsequuntur.
1118 4182 1319 4235 Seneca
1374 4184 1464 4235 lib.
1498 4199 1515 4237 ι
1544 4184 1703 4250 epist.
1734 4199 1771 4237 ιι
1803 4202 1814 4236 :
1861 4185 1984 4238 Scio
2035 4200 2145 4237 esse

560 4253 818 4321 ruborem,
850 4254 935 4319 qui
956 4252 1267 4318 gravissimis
1294 4269 1491 4321 quoque
1536 4254 1658 4306 viris
1686 4256 1885 4308 subitus
1916 4254 2146 4320 offundi—

561 4330 665 4395 tur.
704 4320 754 4395 bl
762 4322 868 4389 agis
892 4323 1095 4388 quidem
1118 4322 1172 4374 in
1188 4320 1464 4393 juvenibus
1486 4332 1719 4395 apparet,
1746 4328 1929 4395 quibus
1954 4335 1998 4378 et
2029 4326 2146 4391 plus

564 4390 756 4444 caloris
794 4401 885 4449 est.
912 4403 957 4445 et
984 4403 1155 4445 tenera
1189 4390 1344 4462 'frons
1365 4409 1384 4447 :
1433 4390 1768 4449 nihilominui
1816 4390 2080 4450 veteranas
2106 4406 2153 4451 et

562 4478 708 4515 senes
729 4462 931 4538 tangit,
958 4472 1004 4514 et
1032 4462 1162 4515 nihil
1186 4473 1293 4538 erat
1319 4466 1526 4538 mollius
1553 4483 1640 4519 ore
1665 4466 1934 4538 Pompeii.
1950 4466 2152 4521 Contra

565 4547 701 4586 vero
724 4533 872 4607 frons
901 4532 1035 4607 dura
1066 4547 1162 4607 pro
1186 4535 1510 4602 impudentia
1535 4538 1775 4607 ponitur.
1796 4532 1859 4592 'S.
1892 4537 2155 4607 Hierony-

566 4618 689 4679 mus
717 4605 974 4657 achrsus
1007 4603 1320 4679 Eclagianos
1354 4626 1363 4660 :
1402 4606 1470 4662 Ut
1490 4603 1636 4663 durae
1666 4609 1853 4676 frontis
1878 4603 2154 4679 impuden-

568 4674 640 4746 tia
665 4683 975 4746 conteratur.
1008 4673 1258 4731 Ferreum
1298 4677 1526 4733 frontem
1576 4673 1674 4746 pro
1702 4681 1895 4734 eodem
1940 4673 2157 4746 scripsit

571 4744 783 4821 Plinius
816 4745 866 4796 in
900 4744 1231 4821 Panegyrico
1262 4766 1275 4802 :
1312 4744 1643 4821 Exsanguem
1671 4749 1818 4803 illam
1846 4761 1893 4803 et
1932 4744 2154 4817 ferream

568 4818 786 4892 frontem
806 4817 1145 4892 nequidquam
1161 4817 1630 4874 convulnerundam
1650 4823 1853 4892 punctis
1873 4824 2158 4891 prwbeant;

569 4895 630 4960 ut
661 4891 711 4960 in
737 4886 1307 4960 Eunucho'l‘ereutius
1354 4907 1415 4945 os
1454 4886 1661 4945 durum'
1701 4907 1800 4958 pro
1848 4886 2158 4960 impudente

567 4957 733 5034 dixit.
761 4958 826 5011 Et
852 4958 1058 5034 Seneca
1089 4960 1183 5034 lib.
1213 4976 1283 5034 t_t_:
1323 4961 1472 5034 Quod
1494 4964 1548 5015 in
1587 4957 1868 5034 sapientem
1892 4957 1993 5015 non
2020 4962 2159 5016 cadit

566 5029 767 5104 injuria
796 5046 914 5097 cap.
945 5032 1008 5085 17
1037 5049 1050 5083 :
1089 5032 1148 5086 Si
1194 5031 1284 5087 ille
1322 5032 1418 5085 hoc
1455 5035 1617 5104 potuit
1649 5029 1858 5087 'duritt’a
1898 5034 2034 5104 oris,
2070 5034 2159 5102 qui

569 5102 797 5155 assiduis
816 5104 1058 5156 conviciis
1084 5103 1270 5168 pudere
1294 5102 1628 5157 dedidicerat.
1653 5104 1941 5158 Iulirtuitas
1965 5103 2157 5159 frontis

570 5172 638 5225 ab
669 5176 857 5228 eodem
882 5175 1079 5227 dicitur
1107 5174 1196 5227 lib.
1230 5189 1267 5227 ιι
1293 5174 1362 5228 de
1391 5174 1714 5228 Beneliriis:
1750 5175 1927 5243 Multi,
1962 5176 2156 5243 inquit,

570 5253 708 5315 sunt,
732 5262 863 5313 quos
886 5244 1120 5297 liberales
1147 5244 1269 5311 facit
1296 5246 1569 5313 inﬁrmitas
1591 5246 1793 5315 frontis.

644 5312 669 5351 ι’
710 5316 898 5384 Cujus,
932 5317 1141 5370 scilicet
1168 5317 1510 5371 verecundia
1538 5312 1725 5380 onere,
1761 5316 1811 5371 id
1840 5324 1954 5384 est,
1984 5319 2153 5383 impe-

571 5382 838 5459 dimento.
866 5387 1017 5450 Quod
1050 5386 1245 5441 melius
1288 5389 1459 5459 currit
1488 5404 1680 5457 quam,
1715 5396 1771 5443 ut
1798 5389 1886 5443 alii
1930 5382 2109 5459 legunt
2136 5405 2150 5442 :

572 5451 734 5529 Cujus
763 5457 839 5509 rei
881 5472 1069 5522 onere,
1119 5470 1223 5529 etc.
1276 5451 1636 5529 Conqueritur
1666 5451 1810 5514 enim
1852 5451 2154 5515 Germanus

572 5528 719 5594 quod
752 5543 862 5595 prae
894 5529 1059 5581 nimio
1088 5528 1295 5597 pudore
1320 5539 1374 5584 et
1402 5528 1726 5587 verecundia
1754 5548 1858 5586 non
1887 5533 2002 5585 ausi
2028 5531 2158 5584 fuis-

573 5610 695 5652 sent
724 5598 1020 5667 lunginrem
1048 5599 1305 5655 absentia:
1332 5617 1537 5657 moram
1577 5613 1632 5657 et
1658 5602 1960 5657 facultatem
1988 5616 2018 5655 a
2041 5601 2155 5656 suis

575 5667 881 5742 postulare;
939 5669 1047 5742 vel,
1093 5678 1151 5722 ut
1183 5671 1467 5742 Dionysius
1516 5672 1835 5728 familiarius
1883 5672 2151 5742 exponit,

574 5734 709 5785 auod
737 5749 841 5787 non
887 5738 1173 5803 potuissent
1198 5734 1349 5794 aliter
1388 5743 1623 5796 resistere
1659 5743 1893 5813 precibus
1941 5734 2157 5797 c'onven;

2252 3972 2475 4025 tualium
2502 3968 2827 4025 retinentium
2846 3984 2932 4023 eos
2961 3976 3138 4022 contra
3158 3966 3443 4037 profectum
3472 3971 3628 4034 atque
3658 3980 3839 4036 propo-

2253 4044 2410 4095 situm
2441 4058 2612 4103 suum,
2647 4042 2747 4092 nisi
2777 4042 3131 4093 maturissime
3157 4036 3325 4090 reditu
3349 4036 3419 4090 eis
3443 4036 3719 4106 promisso.

2330 4124 2351 4151 ε
2393 4111 2759 4165 Ecclesiastici
2811 4126 2865 4163 tv
2911 4112 3143 4177 legitur:
3175 4106 3270 4162 Est
3293 4108 3533 4177 confusio
3581 4109 3833 4161 adducens

2257 4191 2561 4249 peccatum:
2602 4190 2647 4234 et
2694 4189 2766 4233 est
2791 4180 3025 4249 confusio
3070 4179 3332 4232 adducens
3378 4178 3601 4249 gloriam
3645 4188 3691 4232 et
3722 4194 3837 4250 gra-

2254 4257 2399 4307 tiam.

2326 4322 2353 4361 ἀ
2395 4324 2585 4380 τΕειιιε
2626 4322 2843 4390 proprie
2886 4330 2970 4375 est
3017 4321 3219 4375 nimius
3257 4319 3407 4375 calor
3435 4330 3489 4375 et
3540 4319 3717 4373 fervor
3754 4320 3834 4375 vel

2258 4404 2440 4450 motus
2463 4394 2761 4463 ctagitatiu
2803 4392 3077 4445 fluctuum.
3131 4390 3268 4445 Hine
3317 4391 3475 4446 ducta
3530 4390 3837 4463 metaphora

2258 4467 2491 4521 sumitur
2512 4461 2609 4535 pro
2631 4464 2793 4518 variis
2824 4463 2986 4535 animi
3010 4462 3443 4535 argritudinibus,
3467 4461 3628 4535 curis,
3654 4462 3839 4535 anxie-

2260 4538 2483 4603 tatibus,
2511 4528 3026 4605 perturbationibus.
3061 4528 3169 4590 'Sic
3195 4533 3257 4586 ι).
3287 4529 3609 4605 Augustinus
3634 4545 3664 4582 x
3689 4528 3831 4581 Con-

2257 4599 2483 4663 fession;
2509 4599 2661 4679 (Cap.
2687 4605 2779 4673 51)
2807 4603 2970 4679 :_His
3012 4599 3394 4679 tentationibus'
3415 4599 3633 4679 quotidie
3675 4614 3833 4653 conor

2261 4673 2591 4743 resistere,“
2612 4673 2793 4731 invoco
2817 4676 3075 4730 dexteram
3117 4686 3259 4728 tuam
3284 4674 3354 4727 ad
3375 4673 3593 4727 salutem
3637 4686 3795 4724 meam
3821 4712 3837 4735 ,

2264 4759 2311 4803 et
2340 4751 2407 4803 ad
2426 4760 2475 4804 te
2496 4754 2664 4819 refero
2687 4756 2839 4801 cestus
2872 4762 3027 4800 meos.

2340 4830 2363 4857 ο
2389 4812 2593 4889 ϐοιιὶεό
2620 4820 2741 4871 hinc
2768 4826 2969 4872 certam
2998 4826 3305 4889 statamque
3326 4815 3432 4889 illis
3463 4813 3630 4870 fuisse
3657 4812 3836 4868 horam

2267 4893 2515 4946 nocrurni
2534 4886 2849 4945 'convcntus
2864 4898 2919 4942 et
2954 4888 3135 4942 ollicii.
3159 4886 3274 4941 Non
3299 4887 3441 4940 enim
3467 4900 3587 4940 eam
3620 4897 3836 4953 praesto-

2267 4962 2507 5017 lareutur
2529 4961 2839 5022 instantem,
2870 4958 2914 5012 si
2944 4973 3048 5012 non
3076 4967 3212 5012 stata
3240 4967 3493 5025 certaque
3525 4957 3732 5009 fuisset.
3762 4955 3833 5011 De

2265 5048 2369 5102 qua
2399 5033 2689 5090 Cassianus
2728 5029 2823 5083 lib.
2852 5045 2891 5085 ιι
2931 5028 3164 5085 lustitut.
3188 5043 3310 5099 cap.
3342 5028 3408 5083 17
3437 5034 3493 5082 et
3522 5027 3586 5080 1).
3620 5026 3836 5081 Benedi-

2263 5101 2381 5174 ctus
2410 5120 2527 5174 cap.
2557 5105 2591 5158 8
2620 5112 2674 5158 et
2702 5101 2793 5174 47A.

2340 5173 2359 5212 τ
2390 5167 2741 5246 De'psiathiis
2770 5172 2862 5227 lib.
2894 5187 2947 5226 tv
2975 5170 3517 5246 Institutionumcap2
3554 5168 3622 5224 i5
3649 5167 3832 5246 etalibi

2258 5248 2474 5315 saepius.
2496 5240 2713 5299 'Dicitur
2741 5252 2920 5298 autem
2951 5243 3214 5315 psiathus,
3239 5252 3293 5297 et
3316 5240 3606 5315 psiathius,
3628 5250 3688 5315 et
3704 5240 3834 5315 psia-

2264 5309 2459 5381 tlii'um,
2505 5326 2559 5372 et
2599 5316 2908 5385 frequenter
2937 5309 2999 5370 ac
3047 5309 3353 5382 promiscue
3404 5312 3598 5385 legitur
3624 5312 3679 5367 in
3704 5309 3833 5367 Vitis

2264 5386 2481 5442 Patrum
2513 5396 2569 5442 et
2608 5402 2851 5442 veterum
2882 5385 3293 5441 monachorum.

2336 5468 2361 5505 κ
2392 5459 2449 5525 In
2490 5460 2703 5529 vulgata
2745 5458 2978 5512 editione
3022 5456 3108 5512 hic
3136 5472 3318 5511 sermo
3358 5453 3834 5529 habenti-patriar-

2262 5529 2381 5585 chae
2407 5524 2610 5598 Joseph
2662 5529 2727 5585 ad
2773 5529 3081 5598 pincernam
3136 5538 3190 5585 et
3232 5530 3491 5597 pistorem
3547 5524 3832 5598 Pharaonis

2261 5616 2447 5660 secum
2476 5602 2529 5656 in
2556 5597 3063 5665 carceredetentos,
3094 5609 3147 5655 et
3177 5600 3293 5654 suis
3312 5598 3534 5655 somniis
3566 5597 3826 5653 turbatos:

2264 5670 2369 5729 Cur
2394 5673 2595 5729 tristior
2618 5682 2693 5729 est
2716 5670 2871 5726 hodie
2894 5672 3044 5726 solito
3068 5672 3227 5742 facies
3243 5668 3447 5726 vestra!

3992 1032 3999 1057 I
