4044 6190
602 220 734 282 1051

1661 207 1944 270 JOANNIS
1975 203 2292 264 CASSlANI
2327 200 2824 260 COLLATIONES.

3750 197 3883 258 1059

599 334 732 390 dacii
762 331 848 388 vel
892 341 997 385 non
1042 325 1280 396 impletae
1309 325 1686 396 promissionis
1735 327 1921 382 subire
1963 325 2186 394 dispen-
2212 327 2267 388 Α
2289 323 2482 392 repeti,
2517 336 2615 377 nec
2640 322 2744 377 alia
2778 335 2874 392 per
2901 321 3074 376 semet
3115 317 3317 390 poterit
3346 323 3610 389 generare
3637 327 3875 389 peccata,

599 426 762 492 dium,
797 421 940 492 quod
970 419 1139 475 semel
1168 419 1525 489 praeteritum,
1559 434 1662 476 nec
1693 420 1870 491 ipsum
1903 420 2039 474 ultra
2079 418 2192 486 jam

2297 427 2453 483 quam
2483 416 2533 468 in
2562 416 2694 470 illud
2738 415 3000 482 incidere,
3032 427 3130 485 per
3156 412 3298 485 quod
3342 413 3622 485 lepidiOriS
3648 415 3797 485 vitae.
3829 426 3879 473 ut

1673 513 1932 570 ALARDI
1972 506 2205 568 GAZEI
2243 505 2812 564 COMMENTARIUS.

595 615 802 666 tantum
833 605 1045 661 abbatis
1065 604 1184 672 fuit,
1212 603 1307 659 sed
1339 604 1632 660 multorum
1663 606 2007 670 antiquorum
2054 600 2191 672 scri—

598 691 833 752 ptorum,
860 689 918 732 ut
949 671 1246 752 videt-eest
1268 676 1573 752 incensum
1595 676 1742 731 dom.
1774 673 1998 745 Cuychii
2026 671 2190 743 (Vide

599 746 690 807 iub
725 746 875 819 ﬁnem
906 747 1342 826 voluminis),_qu_i
1384 746 1485 801 hoc
1515 757 1890 826 argumentum
1937 753 2189 826 accurate

599 817 877 885 tractavit,
908 820 1192 888 omniaque
1239 817 1410 888 hujus
1451 817 1722 886 opinionis
1766 823 2082 888 argumenta
2134 817 2188 867 in

604 894 705 948 hac
736 883 1026 948 collatione
1055 883 1277 958 allegata
1311 883 1610 956 diligenter
1637 883 1880 942 excussit
1907 896 1962 941 et
1989 883 2191 958 refuta-

601 966 714 1030 vit,
745 978 810 1018 ac
841 976 1022 1016 veram
1054 970 1108 1016 et
1135 955 1320 1014 sanam
1350 955 1653 1014 doctrinam
1685 958 1858 1013 solide
1888 955 2192 1030 conﬁrma-

601 1028 708 1090 vit.
741 1033 927 1102 Itaque
962 1045 1423 1103 supervacaneum
1455 1030 1691 1084 arbitror
1719 1029 1775 1103 in
1802 1028 1992 1103 eadem
2043 1041 2191 1095 quae-

603 1105 777 1158 stione
807 1098 1180 1171 pertractanda
1211 1100 1410 1156 diutius
1453 1101 1753 1171 immorari,
1783 1115 1866 1171 (ne
1895 1098 1982 1151 vel
2010 1106 2189 1171 actum

602 1191 763 1244 agere
786 1167 991 1235 videar,
1016 1173 1104 1247 _ve|
1138 1172 1314 1225 aliena
1346 1171 1545 1247 scripta
1577 1167 2191 1247 mihi_vindicare._l)u0

604 1237 809 1300 ttiutum
839 1253 934 1297 aut
965 1243 1062 1296 tria
1091 1252 1287 1311 puncta
1319 1241 1384 1295 ad
1432 1237 1691 1309 majorem
1720 1242 1894 1311 lucem
1948 1237 2187 1311 explica-

605 1318 910 1381 tionemqne
940 1309 1194 1368 videntur
1222 1313 1306 1365 hic
1349 1313 1674 1365 annotanda.
1720 1309 1927 1375 Primo,
1967 1309 2190 1363 menda-

603 1386 740 1440 cium
771 1385 986 1454 proprie
1009 1399 1130 1438 esse
1158 1383 1485 1439 locutionem
1509 1392 1697 1437 contra
1720 1393 1954 1454 mentem
1974 1382 2192 1454 loquen-

605 1457 712 1520 tis;
743 1465 796 1510 et
828 1453 1043 1509 mentiri
1071 1463 1260 1508 eoatra
1293 1464 1522 1508 mentem
1557 1455 1654 1519 ire,
1676 1453 1761 1506 vel
1790 1453 1966 1521 loqui;
1997 1453 2096 1516 vel,
2135 1461 2191 1506 ut

603 1527 853 1595 Magister
885 1526 1284 1581 Sententiarum
1333 1526 1408 1579 ait
1438 1524 1594 1594 (Lib.
1634 1539 1690 1578 ιιι
1735 1524 1856 1576 dist.
1897 1522 2045 1595 7.35),
2076 1538 2191 1595 cum

603 1593 717 1668 quii
747 1597 1091 1665 signiﬁcando
1121 1596 1348 1650 enuntiat
1371 1593 1549 1649 contra
1562 1595 1623 1668 id
1653 1595 1790 1668 quod
1817 1594 1990 1646 animo
2012 1593 2188 1658 sentit,

603 1665 662 1722 ut
691 1668 836 1721 aliud
857 1669 920 1720 sit
945 1669 1179 1721 clausum
1203 1668 1255 1720 in
1274 1678 1491 1735 pectore,
1517 1665 1663 1718 aliud
1679 1667 1856 1736 lingua
1878 1673 2187 1736 promptum.

608 1737 760 1803 Quod
790 1741 1004 1798 malum,
1051 1739 1124 1792 ait
1179 1737 1239 1791 D.
1273 1734 1601 1803 Augustinus
1641 1734 1938 1808 (Enchirid.
1972 1751 2087 1808 cap.
2128 1736 2191 1808 l8

603 1819 651 1863 et
680 1810 792 1876 εξ),
827 1809 1093 1877 proprium
1115 1818 1190 1862 est
1213 1811 1530 1862 mentientis:
1555 1805 1673 1861 nam
1705 1809 1867 1861 omnis
1893 1806 1980 1876 qui
2009 1805 2191 1858 menti-

604 1889 689 1932 tur
711 1890 887 1933 contra
909 1881 960 1931 id
985 1880 1120 1948 quod
1143 1882 1317 1932 animo
1331 1881 1483 1933 sentit
1500 1881 1743 1948 loquitur.
1762 1877 2192 1949 Nomineautem
2222 1889 2268 1949 Β

607 1949 894 2004 locutionis
935 1947 1309 2018 intelliguntur
1331 1954 1511 2005 omnia
1537 1947 1658 2018 qua:
1692 1947 2026 2016 signiﬁcandi
2059 1963 2186 2016 gra-

607 2021 676 2074 tia
707 2022 1056 2083 adhibentur.
1078 2031 1253 2075 utnon
1279 2032 1486 2075 tantum
1511 2022 1691 2087 verba,
1710 2018 1802 2073 sed
1823 2020 1981 2071 etiam
2008 2027 2191 2082 gestus

605 2099 658 2144 et
686 2105 1037 2160 quaecumque
1060 2095 1211 2158 signa
1229 2093 1420 2162 quibus
1442 2091 1641 2160 aliquid
1669 2089 2028 2162 significamus
2041 2103 2192 2162 com:

605 2159 1026 2231 preltendantur.
1079 2161 1195 2217 Non
1245 2159 1386 2218 enim
1419 2159 2057 2223 verborum’dumtaxat,
2097 2159 2193 2214 sed

607 2233 768 2285 etiam
802 2233 1066 2288 factorum
1099 2233 1378 2288 mendacia
1409 2242 1561 2295 sunt;
1593 2233 1893 2298 cuiusmodi
1922 2241 2046 2285 sunt
2073 2245 2192 2299 qua:

607 2302 658 2375 in
707 2301 980 2375 hypocrisi
1023 2315 1075 2359 et
1107 2304 1462 2375 simulatione
1511 2305 1832 2358 consistunt.
1874 2301 1986 2356 Non
2016 2303 2194 2369 requi-

608 2373 926 2429 ritut’etiam
959 2387 1010 2429 ut
1052 2374 1240 2428 falsum
1273 2375 1343 2428 sit
1372 2375 1512 2444 quod
1563 2375 1782 2440 dicitur,
1831 2375 1953 2441 quia
2015 2380 2194 2442 potest

608 2447 728 2514 quis
764 2448 929 2499 etiam
963 2461 1086 2498 vera
1137 2445 1369 2498 dicendo
1407 2447 1646 2509 mentiri,
1697 2447 1740 2498 si
1783 2445 1872 2499 illa
1917 2447 2027 2511 ipsa
2074 2458 2194 2511 quae

606 2529 734 2570 vere
757 2515 1027 2583 eloquitur
1070 2531 1176 2569 non
1223 2519 1292 2568 ita
1333 2530 1391 2568 se
1422 2515 1626 2570 habere
1651 2525 1802 2582 putet
1845 2524 1899 2567 ut
1933 2514 2188 2582 loquitur.

607 2585 723 2638 Non
756 2585 898 2638 enim
929 2585 1265 2638 mendacium
1291 2599 1357 2637 ex
1387 2599 1452 2656 eo
1481 2586 1679 2639 dicitur
1702 2589 1823 2656 quia
1868 2601 1971 2640 non
2004 2595 2087 2641 est
2115 2585 2194 2640 rei

606 2663 902 2708 Consomtm
927 2657 994 2707 de
1025 2669 1126 2722 qua
1158 2667 1338 2707 sermo
1365 2654 1456 2716 sit,
1481 2655 1574 2709 sed
1607 2654 1734 2723 quia
1773 2657 1936 2709 menti
1974 2669 2067 2708 seu
2102 2669 2195 2710 co-

603 2723 846 2792 gitationi
876 2724 1118 2777 interiori
1148 2724 1370 2780 minime
1398 2726 1707 2795 respondet.
1753 2727 1986 2780 Falsitas
2011 2739 2191 2782 autem

603 2802 660 2850 et
683 2797 881 2848 veritas
911 2807 978 2848 ex
1017 2797 1400 2851 conlormitate
1439 2798 1521 2852 vel
1566 2797 1918 2852 dill‘ormitate
1957 2799 2024 2852 ad
2077 2815 2192 2854 rem

610 2865 953 2939 atstimatur:
991 2866 1134 2939 unde
1165 2869 1498 2939 Augustinus
1525 2869 1616 2920 lib.
1642 2869 1710 2923 de
1743 2869 2187 2939 Mendacio(Cap.

603 2935 680 3009 3)
703 2953 714 2986 :
740 2931 870 3009 ‘Ille.
899 2934 1088 3009 inquit,
1113 2937 1380 3004 mentitur,
1403 2941 1491 3009 qui
1513 2939 1659 2992 aliud
1692 2941 1837 2994 habet
1867 2943 1920 2995 in
1948 2931 2194 2994 aniino'et

603 3005 749 3082 aliud
777 3009 941 3082 verbis
969 3007 1046 3082 vel
1083 3008 1397 3082 quibuslibet
1416 3005 1890 3082 signiﬁcationibus
1936 3014 2185 3065 enuntiat.

609 3075 762 3131 Unde
783 3079 934 3131 etiam
964 3075 1156 3144 duplex
1182 3095 1272 3132 cor
1297 3075 1496 3136 dicitur:
1512 3075 1620 3136 esse
1658 3084 1964 3144 mentientis,
1997 3083 2053 3134 id
2093 3092 2184 3148 est,

603 3150 844 3220 cogitatio
874 3165 891 3202 :
917 3167 1023 3222 una
1046 3151 1125 3222 rei
1144 3153 1255 3222 ejus
1279 3168 1435 3222 quam
1457 3170 1624 3207 veram
1645 3170 1751 3208 esse
1771 3157 1867 3207 scit
1892 3196 1905 3218 ,
1944 3153 2022 3206 vel
2048 3162 2190 3220 putat

602 3229 650 3272 et
666 3219 778 3294 non
803 3219 996 3294 profert
1025 3237 1044 3286 ;
1074 3219 1239 3274 altera
1284 3219 1396 3294 ejus
1421 3225 1492 3277 rei
1511 3241 1671 3294 quant
1715 3242 1807 3294 pro
1840 3227 1936 3276 ista
1971 3219 2184 3294 profert,

603 3289 768 3344 sciens
793 3289 978 3360 falsam
1009 3305 1115 3346 esse
1141 3294 1220 3345 vel
1264 3289 1468 3357 putans.
1498 3289 1579 3346 Ea:
1605 3309 1704 3361 quo
1730 3293 1788 3359 ﬁt
1817 3305 1870 3344 ut
1895 3289 2187 3361 possit‘fal-

604 3373 718 3413 sunt
763 3363 928 3416 dicere
956 3377 1059 3415 non
1106 3366 1375 3426 mentiens,
1409 3367 1451 3418 si
1483 3373 1625 3428 putat
1671 3363 1742 3413 ita
1771 3377 1880 3414 esse
1931 3371 1986 3413 ut
2037 3363 2180 3428 dicit,

605 3433 832 3499 quamvis
857 3450 954 3486 non
983 3438 1056 3487 ita
1075 3435 1175 3500 sit;
1206 3445 1252 3487 et
1309 3445 1362 3486 ut
1408 3435 1564 3501 possit
1617 3445 1790 3484 verum
1828 3432 1997 3484 dicere
2044 3447 2182 3485 men-

602 3503 753 3566 tiens,
777 3504 820 3556 si
845 3515 990 3569 putat
1019 3504 1205 3574 falsum
1234 3520 1343 3556 esse
1380 3514 1424 3555 et
1455 3518 1548 3574 pro
1585 3517 1697 3553 vero
1726 3503 1970 3574 enuntiat,
2003 3519 2184 3574 quant-

601 3574 674 3627 vis
701 3590 870 3628 revera
896 3576 968 3627 ita
997 3571 1060 3629 sit
1107 3585 1163 3627 ut
1190 3571 1546 3626 enuntrat.lta
1585 3571 1936 3638 Augustinus.
1991 3574 2064 3625 Ex
2100 3573 2181 3627 his

601 3646 764 3698 etiam
811 3647 1074 3715 sequitur.
1109 3656 1163 3697 ut
1193 3644 1280 3707 qui
1310 3658 1496 3696 verum
1528 3643 1761 3712 loquitur
1790 3645 1934 3707 quod
1991 3645 2178 3696 falsum

601 3724 750 3781 putat
800 3716 1012 3769 fallatur
1051 3724 1114 3784 et
1151 3723 1326 3775 erret;
1361 3716 1447 3782 qui
1481 3724 1661 3767 autem
1705 3717 1980 3781 mentitur,
2009 3730 2180 3784 quan-

601 3795 713 3839 tum
739 3786 791 3840 iu
815 3789 930 3855 ipso
960 3796 1065 3847 εει,
1099 3783 1261 3842 fallat.
1290 3785 1498 3839 etiamsi
1527 3799 1835 3853 expre~sam
1862 3802 1966 3840 non
1993 3783 2184 3840 haheat

601 3855 820 3911 fallendi
851 3857 1224 3910 intentionem.
1255 3856 1433 3922 Quare
1465 3873 1571 3911 non
1604 3865 1686 3911 est
1716 3870 1937 3912 necesse
1969 3862 2017 3912 in
2047 3857 2183 3911 deli-

603 3930 811 3982 nitione
852 3926 1139 3988 mendacii,
1167 3929 1383 3982 fallendi
1427 3930 1776 3983 intentionem
1811 3945 2032 3997 ponere,
2061 3943 2180 3982 cum

605 4001 737 4054 satis
761 3999 832 4054 sit
883 4015 989 4053 non
1013 3999 1156 4068 loqui
1179 3999 1262 4053 vel
1284 4001 1590 4068 signiﬁcare
1611 4008 1798 4054 contra
1828 4011 2094 4063 mentem,
2129 4000 2181 4052 in

601 4084 774 4138 eoque
796 4069 1101 4124 essentialis
1121 4072 1383 4125 mendacii
1411 4072 1546 4124 ratio
1569 4071 1664 4122 sita
1693 4069 1778 4122 sit.
1807 4069 2182 4123 Posuittainen

602 4139 667 4192 D.
699 4144 1025 4208 Augustinus
1084 4141 1219 4196 libro
1254 4153 1439 4196 contra
1501 4140 1835 4194 mendacium
1870 4138 2022 4208 (Cap.
2067 4140 2180 4206 ltl),

601 4208 1190 4265 dicenszblendacium
1242 4227 1348 4266 esse
1393 4213 1580 4278 falsam
1623 4227 1737 4261 cum
1767 4209 2030 4263 voluntate
2080 4208 2182 4277 fal-

601 4279 743 4349 lendi
769 4280 1240 4348 significationem:
1267 4281 1363 4334 sed
1396 4284 1497 4333 hoc
1525 4279 1645 4333 ideo
1678 4279 1823 4339 fecit.
1869 4283 1990 4349 quia
2036 4281 2084 4332 iu
2115 4294 2181 4333 eo

601 4347 1090 4420 ipsovomutatem
1138 4350 1358 4405 fallendi
1404 4351 1570 4405 voluit
1611 4349 1860 4418 intelligi,
1890 4347 2008 4420 quo
2061 4351 2180 4419 quis

602 4416 744 4490 aliud
773 4419 1039 4486 signiﬁcat
1059 4435 1216 4489 quam
1244 4421 1409 4476 corde
1432 4430 1599 4486 gerat.
1633 4423 1687 4474 Si
1710 4416 1854 4474 ειιῖιιι
1881 4416 1968 4490 qui
2000 4416 2182 4474 sic—lo-

601 4489 802 4562 quitur,
835 4498 1092 4562 quantum
1145 4493 1195 4544 in
1240 4492 1357 4560 ipso
1399 4501 1500 4557 est,
1546 4491 1716 4554 fallit,
1763 4489 2179 4562 ergo’voluntas

601 4561 681 4630 sic
720 4559 968 4628 loquendi
999 4571 1082 4615 est
1108 4559 1355 4616 voluntas
1389 4564 1643 4630 fallendi;
1678 4563 1760 4617 vel
1812 4559 1958 4616 certe
2007 4571 2065 4615 ut
2115 4563 2175 4615 D.

603 4628 840 4704 Thomas
869 4634 1087 4700 exponit
1111 4632 1256 4700 (2-‘2.
1287 4651 1339 4704 q.
1369 4635 1470 4688 ΗΟ
1499 4645 1601 4689 art.
1631 4628 1714 4704 Vl),
1739 4635 1878 4704 quod
1922 4635 2182 4697 cupiditas

599 4717 683 4775 seu
711 4701 948 4755 volun-tas
975 4705 1195 4774 fallendi
1224 4701 1472 4770 pertineat
1498 4722 1600 4758 non
1613 4701 1820 4775 quidem
1845 4705 1913 4757 ad
1941 4705 2184 4759 substan-

600 4771 745 4847 tiam,
778 4774 867 4847 sed
897 4775 966 4824 ad
976 4771 1274 4845 quamdam
1303 4771 1664 4847 perfectionem
1707 4778 1870 4842 ipsius
1908 4778 2180 4844 mendacii,

599 4844 732 4919 sicut
785 4842 1015 4919 e/fectus'
1050 4849 1270 4915 pertinet
1303 4842 1390 4919 :ad
1440 4849 1800 4919 perfectionem
1836 4863 1946 4902 sate
1991 4842 2180 4903 causae.

599 4913 848 4970 Secundo
903 4913 1198 4970 notandum
1245 4933 1260 4971 :
1308 4913 1455 4974 Licet
1511 4913 1754 4973 nonnulli
1797 4919 2000 4988 antiqui
2049 4921 2186 4974 scri—

601 4995 782 5052 ptores
848 4989 1203 5042 ecclesiastici
1281 4989 1522 5044 Platonis
1609 4990 1930 5044 sententiam
2010 4991 2184 5046 secuti

599 5058 920 5112 tradiderint
983 5059 1272 5128 aliquando
1328 5061 1492 5116 licere
1549 5061 1782 5125 mentiri,
1849 5075 1969 5115 vera
2001 5069 2181 5117 tamen

598 5135 654 5181 et
697 5143 829 5184 sana
882 5129 1126 5185 doctrina
1171 5141 1255 5186 est
1300 5146 1461 5187 omne
1507 5132 1848 5186 mendacium
1892 5147 2013 5186 esse
2056 5148 2182 5202 pec-

599 5209 788 5272 eatum
823 5214 922 5270 per
962 5216 1022 5256 se
1049 5203 1308 5257 vitiosum
1338 5213 1394 5258 et
1437 5202 1618 5257 divina
1654 5203 1770 5272 lege
1813 5204 2177 5272 prohibitum:

599 5269 836 5345 proinde
855 5285 1070 5345 semper
1097 5273 1371 5340 illicitum,
1411 5274 1564 5328 nullo
1606 5269 1895 5344 praetextu,
1927 5274 2180 5345 nullaque

599 5340 900 5416 intentione
920 5340 1024 5416 aut
1052 5344 1179 5409 line,
1223 5346 1369 5400 nulla
1408 5340 1813 5416 dispensatione
1856 5345 1972 5400 ﬁeri
2017 5340 2179 5416 posse

598 5409 808 5486 licitum
838 5420 894 5467 et
918 5413 1262 5485 inculpabile.
1295 5417 1461 5485 Cujus
1492 5409 1756 5471 doctrinae
1790 5418 1886 5471 tria
1917 5409 2042 5471 suni
2070 5417 2179 5486 pri-

596 5482 766 5553 maria
803 5492 858 5536 ct
885 5482 1160 5553 generalia
1187 5482 1566 5544 fundamenta:
1589 5489 1650 5543 1ο
1673 5489 1982 5543 Auctoritas
2007 5482 2175 5544 suem

598 5551 922 5629 scriptorio,
960 5571 1080 5622 quae
1117 5560 1437 5629 generatim,
1486 5569 1542 5615 et
1581 5560 1850 5625 absolute,
1899 5571 1951 5615 ct
1989 5563 2178 5629 saepis-

595 5621 736 5697 sime
777 5621 1002 5697 damnat
1046 5637 1101 5680 et
1121 5621 1391 5697 'probibet
1425 5621 1597 5687 'omne
1639 5621 1999 5693 mendacium.
2034 5621 2176 5688 L'oca

589 5695 724 5741 sunt
750 5692 1097 5752 apertissima
1128 5692 1184 5751 i'n
1211 5699 1521 5757 Proverbiis
1547 5720 1560 5754 :
1597 5700 1816 5757 Verbum
1840 5704 2062 5760 mendas:
2078 5707 2172 5772 ju'

2212 3258 2260 3318 C

2295 608 2409 654 stus
2432 599 2775 672 detestabitur
2809 599 2990 670 (Prov.
3022 613 3139 666 xm,
3172 615 3302 672 aut,
3329 597 3603 672 xxx).ﬁEt,
3639 600 3745 667 Qui
3764 603 3877 658 niti-

2293 680 2379 724 tur
2407 671 2714 730 mendaciis.
2747 675 2911 738 pascit
2933 680 3104 726 ventos
3137 670 3320 740 (Prov.
3353 670 3446 739 ι).
3466 671 3558 737 Et.
3591 671 3714 726 Non
3745 675 3876 730 decet

2293 741 2582 813 principem
2628 741 2835 796 verbum
2859 743 3118 813 mentiens
3153 740 3522 813 (Prov._xvtt).
3565 742 3871 813 Vanitatem,

2292 809 2342 885 e_t
2372 811 2524 885 verba
2557 813 2827 885 inundatio
2849 811 2999 885 longe
3027 817 3109 882 fac
3133 809 3177 885 ti
3207 830 3285 885 me
3311 809 3497 885 (Prov.
3529 812 3688 885 axx).
3728 815 3790 869 Et
3829 809 3874 871 in

2293 880 2482 953 Euodo
2511 899 2522 934 :
2550 881 2883 937 Mendacium
2907 880 3072 951 fugies
3095 882 3294 950 (Exod.
3322 881 3498 953 χχιιι).
3527 884 3581 938 In
3607 880 3874 940 Levitico:

2294 951 2420 1006 Non
2445 955 2787 1026 mentientini,
2805 1023 2811 1026 _
2830 969 2924 1008 nec
2950 955 3173 1026 decipiet
3213 951 3567 1026 unusquisque
3588 960 3880 1024 proximum

2295 1039 2452 1096 suum
2489 1022 2678 1096 (Leuit.
2708 1023 2846 1096 xu).
2880 1025 3033 1092 Apud
3070 1022 3515 1096 rlicclesiasiicum
3555 1022 3734 1082 :Noli
3757 1030 3879 1084 velle

2293 1094 2501 1146 mentiri
2525 1112 2673 1149 onme
2694 1092 3021 1148 mendacium
3058 1092 3282 1161 (Eccles.
3317 1096 3450 1162 xw).
3483 1096 3570 1161 Et,
3611 1097 3742 1152 Ante
3771 1116 3878 1153 om-

2295 1165 2382 1239 nia
2406 1167 2614 1239 verbum
2642 1182 2816 1239 verum
2848 1166 3104 1232 praecedat
3136 1175 3181 1239 te
3215 1164 3440 1239 (Eccles.
3463 1168 3692 1239 xxxvii).
3726 1169 3879 1239 Apud

2293 1237 2641 1301 Apostolum:
2664 1237 2982 1308 Deponentes
2996 1237 3322 1289 mendacium
3339 1238 3608 1305 loquimini
3621 1237 3879 1296 ceritatem

2293 1309 2646 1376 unusquisque
2667 1325 2782 1361 cum
2806 1309 3040 1373 proximo
3062 1323 3157 1360 suo
3181 1310 3455 1376 :quoniam
3467 1313 3874 1366 sumusinvicens

2294 1377 2518 1450 membra
2537 1378 2756 1450 (Ephes.
2781 1381 2875 1448 tv).
2901 1379 2963 1450 Et
2977 1420 2990 1438 .
3017 1377 3195 1432 Nolite
3208 1381 3412 1433 mentiri
3429 1382 3639 1434 invicem
3655 1381 3876 1443 (Coloss.

2294 1447 2399 1514 ιιι).
2415 1448 2474 1500 2°
2490 1447 2804 1503 Anetoritas
2820 1447 2918 1504 SS.
2942 1449 3174 1512 Patrum,
3199 1451 3499 1518 praesertim
3513 1454 3763 1508 vcrodiv.
3781 1456 3881 1509 Au-

2292 1521 2514 1590 gustini.
2542 1519 2776 1586 quicum
2801 1522 2920 1574 aliis
2949 1521 3228 1585 locis,tum
3267 1525 3539 1590 praecipue
3558 1524 3768 1577 dtiobus
3810 1527 3878 1579 li-

2293 1588 2427 1654 bris,
2469 1590 2640 1646 altero
2661 1592 2728 1646 de
2752 1593 3057 1654 mendacio,
3090 1588 3278 1646 altero
3302 1588 3490 1648 contra
3533 1594 3876 1651 Mendacium

2293 1660 2644 1728 conscriptis,
2679 1665 3006 1716 sententiam
3053 1662 3194 1716 illam
3228 1663 3295 1717 de
3323 1665 3623 1719 mentiendi
3657 1665 3876 1722 licentia

2294 1739 2353 1784 ut
2378 1746 2662 1804 erroneam
2692 1743 2746 1804 et
2769 1733 2956 1787 falsam
2981 1734 3222 1801 graviter
3251 1735 3578 1804 impugnavit
3609 1751 3622 1798 ;
3657 1740 3741 1789 etii
3769 1753 3878 1791 cae-

2298 1801 2654 1876 teriideiude
2693 1803 2904 1868 Patres,
2959 1812 3091 1876 tum”
3119 1803 3357 1876 theologi
3389 1801 3720 1871 scholastici,
3752 1822 3877 1864 cum

2297 1871 2548 1943 Magistro
2576 1875 3030 1940 subscripserunt.
3059 1875 3194 1930 Hinc
3224 1871 3521 1943 Gregorius
3551 1893 3678 1933 mn
3706 1879 3878 1932 Mora-

2295 1942 2604 2016 lium(Cap.
2636 1943 2691 2012 2)
2730 1962 2743 1997 :
2775 1945 3134 2016 Summopere,
3181 1949 3275 2010 ait,
3313 1942 3590 2002 cavendam
3626 1960 3700 2003 est
3728 1965 3876 2004 omne

2293 2015 2643 2087 mendacium,
2672 2017 2902 2085 quamvis
2930 2015 3313 2087 nonnumquam
3339 2018 3405 2070 sit
3428 2017 3640 2087 aliquod
3669 2022 3879 2074 menda-

2293 2086 2358 2137 cii
2385 2101 2545 2162 genus
2575 2088 2778 2162 levioris
2825 2089 3014 2162 culpat,
3047 2098 3113 2162 Aut
3164 2086 3210 2142 si
3245 2090 3359 2156 quis
3385 2086 3544 2144 vitam
3567 2090 3705 2162 aliis
3745 2107 3883 2162 prte-

2293 2158 2478 2233 stando
2509 2159 2806 2233 mentiatur.
2841 2158 2947 2233 sed
2969 2159 3091 2233 quia
3119 2161 3366 2230 scriptum
3391 2173 3471 2233 est
3503 2204 3532 2233 ,ν
3554 2158 3782 2233 δαμείς
3807 2161 3879 2216 Os

2294 2227 2430 2293 quod
2469 2229 2734 2293 mentitur.
2779 2227 3267 2296 occidit’anintam';
3308 2243 3356 2285 et
3405 2232 3555 2287 Psal.
3584 2227 3654 2286 v':
3686 2232 3879 2286 Pcrdes

2296 2313 2469 2372 omnes
2497 2301 2584 2369 qui
2617 2300 2900 2372 loquuntur
2921 2301 3245 2354 mendacium
3273 2319 3290 2355 :
3313 2305 3409 2356 hoc
3439 2321 3640 2372 quoque
3661 2304 3877 2356 menda-

2296 2369 2562 2445 ciigenus
2597 2371 2809 2445 perfecti
2852 2372 2947 2425 viri
2978 2377 3284 2443 magnopere
3307 2369 3563 2445 fugiuntf
3593 2383 3646 2426 ut
3673 2391 3738 2428 ne
3775 2376 3881 2428 trita

2295 2439 2507 2509 quidem
2549 2439 2821 2511 cujus-libet
2862 2458 2951 2510 per
3003 2439 3179 2497 eorum
3217 2439 3478 2508 fallaciam
3518 2446 3879 2514 defendatur;

2298 2526 2361 2563 ne
2387 2527 2494 2565 sua:
2519 2515 2704 2566 animo:
2729 2524 2962 2582 noceant,
2997 2517 3116 2567 dum
3144 2528 3384 2582 pnes/are
3426 2516 3584 2566 vitam
3610 2517 3761 2568 carni
3802 2518 3886 2568 ni-

2298 2589 2479 2655 tuntur
2501 2583 2700 2637 aliente.
2735 2581 3055 2654 Quamquam
3081 2581 3174 2638 hoc
3197 2587 3362 2655 ipsum
3386 2586 3578 2651 peccati
3606 2601 3769 2655 genus
3799 2587 3887 2653 fa-

2296 2653 2486 2728 cillime
2511 2655 2765 2728 credimus
2789 2655 3042 2728 relaaari,
3067 2656 3202 2723 quod
3221 2653 3386 2728 mater
3407 2656 3520 2709 boni
3563 2653 3738 2728 operis
3766 2673 3886 2728 pte-

2295 2731 2375 2796 tas
2396 2725 2509 2794 ipsa
2540 2726 2833 2778 comitatur.
2867 2727 2991 2780 Haec
3013 2727 3126 2782 div.
3161 2727 3475 2796 Gregorius.
3503 2729 3566 2781 5ο
3601 2727 3696 2782 llis
3720 2725 3883 2782 acce-

2295 2793 2378 2867 dit
2408 2793 2628 2867 evidens
2661 2797 2799 2850 ratio
2829 2813 2891 2851 es
2926 2798 3039 2863 ipsa
3072 2799 3145 2853 rei
3177 2793 3367 2852 natura
3399 2801 3586 2865 petita,
3621 2813 3775 2867 quam
3817 2798 3880 2849 Ι).

2296 2863 2628 2937 Augustinus
2660 2868 2930 2936 expressit
2959 2869 3040 2920 his
3066 2869 3246 2924 verbis
3267 2863 3561 2937 (Eucltirid.
3595 2863 3707 2937 cap.
3737 2867 3834 2935 ἓξ)
3859 2886 3871 2920 :

2300 2933 2467 3010 omne
2496 2933 2821 2991 mendacium
2860 2943 2974 2993 ideo
3011 2933 3286 2993 dicendum
3334 2951 3408 2994 est
3455 2957 3564 2993 esse
3590 2933 3876 3010 peccatum,

2295 3008 2416 3080 quia
2448 3011 2599 3062 homo
2630 3027 2734 3063 non
2759 3010 2924 3063 solum
2945 3012 3156 3080 quando
3176 3013 3269 3064 scit
3300 3013 3410 3076 ipse
3434 3012 3573 3079 quod
3592 3008 3761 3062 verum
3786 3011 3879 3080 sit,

2294 3079 2386 3153 sed
2419 3082 2572 3133 etiam
2597 3081 2638 3134 si
2678 3082 2887 3153 quando
2921 3092 3054 3136 errat
3082 3091 3170 3136 aut
3198 3083 3406 3153 fallitur
3425 3083 3556 3135 sicut
3578 3081 3748 3153 homo,
3778 3079 3885 3153 hoc

2293 3149 2438 3201 debet
2461 3153 2601 3219 loqui
2624 3149 2766 3223 quod
2792 3153 2962 3223 animo
2983 3154 3138 3223 gerit,
3169 3149 3274 3207 sive
3311 3154 3442 3207 illud
3471 3152 3746 3214 verumsit,
3769 3151 3887 3203 sive

2292 3229 2502 3286 putetur
2523 3231 2572 3274 et
2599 3238 2700 3273 non
2724 3222 2809 3274 sit.
2844 3221 3025 3274 Omnis
3057 3233 3226 3276 autem
3255 3227 3344 3288 qui
3382 3226 3647 3282 mentitur,
3675 3238 3733 3273 ea
3760 3237 3887 3273 con-

2291 3298 2372 3362 t_t_'a
2410 3291 2463 3362 id
2500 3293 2635 3358 quod
2673 3293 2848 3362 animo
2891 3294 3045 3345 sentit
3083 3295 3310 3361 loquitur
3347 3297 3606 3348 voluntate
3634 3293 3880 3362 fallendi.

2289 3357 2557 3430 Et‘utique
2587 3359 2738 3430 verba
2769 3368 3043 3428 propterea
3078 3357 3194 3416 sunt
3225 3365 3484 3427 instituta,
3517 3357 3745 3430 non'per
3765 3379 3887 3427 quia

2285 3443 2338 3498 se
2364 3427 2579 3480 invicem
2603 3427 2834 3481 homines
2857 3430 3067 3498 fallant,
3093 3434 3183 3484 sed
3205 3448 3294 3498 per
3321 3452 3436 3492 qua:
3461 3437 3513 3486 ia
3531 3427 3748 3488 alterius
3781 3451 3884 3484 no-

2285 3497 2806 3572 titiatn_cogitationcs
2835 3497 2954 3572 suos
2980 3497 3271 3570 proferant.
3314 3501 3495 3556 Verbis
3527 3507 3686 3572 igitur
3710 3506 3784 3557 uti
3815 3505 3886 3557 ad

2285 3569 2568 3644 (ultricium,
2623 3585 2727 3644 non
2773 3571 2841 3622 ad
2864 3569 3002 3644 quod
3029 3572 3262 3644 instituta
3291 3582 3434 3644 sunt,
3464 3569 3737 3644 peccatum
3788 3587 3878 3629 est.

2287 3637 2400 3692 Nec
2440 3639 2558 3694 ideo
2603 3639 2771 3694 ullum
2808 3637 3130 3695 ntendacium
3168 3637 3564 3708 putandum'est
3609 3660 3717 3696 non
3771 3663 3885 3699 esse

2288 3723 2585 3785 peccatum,
2634 3713 2757 3785 quia
2797 3729 3068 3778 possumus
3102 3712 3386 3782 aliquando
3429 3714 3589 3785 alicui
3633 3721 3883 3785 prodesse

2287 3781 2598 3855 ntentt'entlo.
2630 3781 2912 3836 Possumus
2943 3785 3074 3855 enim
3098 3793 3143 3838 et
3164 3781 3386 3854 {arando
3408 3783 3571 3836 alicui
3599 3781 3874 3855 prodesse,

2287 3854 2332 3905 si
2376 3869 2572 3922 pauper
2614 3859 2696 3906 cui
2742 3855 2897 3907 datur
2945 3854 3119 3922 palam
3156 3855 3307 3908 sentit
3348 3856 3669 3908 commodum
3710 3872 3729 3908 :
3780 3874 3882 3910 nec

2285 3923 2402 3998 ideo
2423 3927 2528 3998 tale
2557 3926 2752 3996 furtum
2779 3928 3052 3998 quisquam
3091 3925 3278 3998 dixerit
3307 3944 3412 3979 non
3443 3943 3553 3982 esse
3582 3937 3873 3998 peccatum.

2289 3993 2471 4049 Tertio
2517 3993 2850 4066 notandum,
2890 3997 3102 4063 Patres,
3141 3997 3231 4066 qui
3280 3999 3350 4052 de
3392 3993 3671 4054 mendacio
3710 3999 3878 4052 aliter

2288 4076 2642 4137 scripserunt,
2678 4065 2879 4128 dutilici
2910 4069 3120 4122 ratione
3153 4065 3308 4137 posse
3337 4071 3616 4122 excusari:
3642 4070 3698 4122 1ο
3725 4071 3875 4137 quod

2284 4134 2653 4207 illotempore
2681 4137 2999 4203 scripserint
3030 4154 3138 4206 quo
3154 4134 3397 4193 necdum
3426 4139 3625 4207 aliquid
3655 4134 3756 4192 hac
3803 4141 3878 4194 de

2285 4219 2345 4279 re
2376 4205 2654 4260 deﬁnitum
2696 4207 2910 4279 erat‘ab
2954 4205 3216 4271 Ecclesia,
3248 4211 3310 4264 ‘in
3342 4205 3647 4279 eoque’nou
3682 4210 3876 4264 Eccle-

2284 4276 2377 4349 sia;
2408 4289 2646 4349 sensum,
2682 4277 2776 4330 sed
2803 4275 3056 4349 (Platonis
3089 4275 3486 4349 philosophiam
3518 4282 3688 4335 secuti
3731 4282 3871 4346 sint,

2283 4347 2373 4414 qui
2422 4347 2562 4400 libro
2606 4363 2644 4401 ιι
2685 4348 2752 4401 de
2802 4345 3031 4414 ltepubl.
3082 4352 3240 4405 docet
3287 4345 3567 4406 meit'dacio
3603 4345 3876 4405 utendum

2283 4431 2428 4489 esse,
2471 4427 2744 4486 tamquam
2792 4421 3058 4475 medicina
3087 4423 3322 4489 quadam
3353 4433 3444 4475 aut
3475 4423 3875 4488 condimmtu;

2282 4486 2346 4539 2°
2403 4492 2544 4558 quod
2596 4503 2794 4544 nomen
2853 4486 3118 4546 mendacii
3176 4501 3234 4548 et
3287 4493 3636 4548 simulationis
3694 4486 3879 4546 latius

2286 4570 2568 4627 usurpent,
2619 4573 2672 4614 et
2718 4563 3053 4617 mendacium
3101 4572 3294 4618 vocent
3343 4566 3502 4618 etiam
3554 4563 3876 4618 orationem

2210 4632 2262 4694 ι)
2289 4631 2800 4701 amphibologicam,
2846 4648 2940 4688 seu
2981 4634 3089 4689 alio
3127 4650 3288 4690 sensu
3332 4635 3528 4689 dictam
3573 4644 3667 4688 aut
3701 4635 3876 4689 tacita

2290 4704 2489 4756 nientis
2512 4705 2864 4771 cogitatione,
2893 4714 2984 4760 aut
3010 4705 3322 4760 conditione
3354 4706 3673 4770 limitatam;
3709 4705 3784 4758 ita
3815 4716 3876 4759 ut

2287 4774 2425 4828 alter
2464 4775 2623 4846 aliud
2673 4776 2936 4844 intelligat
2978 4786 3033 4830 et
3074 4779 3412 4846 decipiatur:
3443 4790 3498 4830 et
3529 4779 3746 4831 nomine
3797 4779 3878 4829 εἰ-.

2288 4845 2598 4918 mulationis
2637 4847 2801 4918 etiam
2826 4917 2830 4918 ί
2855 4845 3348 4902 dissimulationem
3399 4848 3720 4918 intelligant.
3751 4848 3876 4918 (Est

2287 4916 2430 4970 enim
2464 4931 2660 4986 magna
2688 4917 2945 4981 aliinitas,
2976 4929 3028 4972 et
3051 4933 3213 4989 parva
3245 4919 3552 4973 dill'erentia
3579 4916 3726 4973 inter
3749 4917 3875 4972 haec

2285 4989 2545 5042 Vocabula
2571 4996 2624 5041 et
2653 5002 2838 5043 eorum
2868 4989 3201 5058 significata,
3233 4989 3508 5054 videlicet,
3541 4989 3869 5056 falsitatem,

2289 5058 2650 5132 mendacium,
2673 5059 3118 5132 simulationem.
3153 5063 3511 5132 ttypocrisim,
3553 5060 3874 5115 dissimula-

2286 5130 2508 5195 tionem,
2543 5129 3019 5199 ampliibologiam,
3049 5129 3362 5200 sponsionis
3403 5142 3499 5186 aut
3546 5132 3873 5200 promissio-

2285 5201 2372 5256 nis
2414 5201 2924 5273 suzegviolationem
2963 5211 3056 5255 aut
3084 5206 3552 5268 retractationem.
3588 5215 3707 5273 qua:
3741 5202 3874 5255 sub-

2282 5273 2408 5344 inde
2430 5271 2850 5327 confunduntur.
2887 5273 3136 5344 Falsitas,
3169 5283 3230 5329 ut
3256 5275 3460 5329 dictum
3499 5271 3617 5341 est,
3634 5281 3715 5328 est
3751 5273 3871 5342 ipsa

2282 5342 2608 5414 dill'ormitas
2654 5356 2708 5399 et
2765 5342 3130 5414 discrepantia
3196 5348 3489 5402 verborum
3528 5357 3561 5400 a
3606 5359 3667 5400 re
3723 5345 3866 5412 ipsa.

2283 5413 2440 5470 Falsa
2466 5417 2612 5469 enim
2658 5415 2862 5488 dicitur
2881 5413 3053 5470 oratio
3081 5433 3205 5472 cum
3235 5419 3393 5474 aliter
3421 5416 3670 5488 enuntiat
3699 5431 3866 5484 quam

2279 5502 2370 5543 res
2400 5502 2460 5542 se
2492 5487 3048 5560 habetaMendacium
3079 5498 3164 5544 est
3207 5491 3340 5545 falsa
3381 5487 3710 5560 signiﬁcatio
3744 5502 3871 5560 ver-

2284 5560 2568 5634 borum,_i.
2595 5575 2646 5614 e.
2671 5559 2987 5634 discrepans
3011 5575 3123 5634 non
3151 5574 3368 5634 semper
3393 5578 3420 5618 a
3440 5559 3515 5634 ire
3537 5560 3678 5628 ipsa,
3711 5559 3870 5634 sed}

2285 5644 2466 5702 mente
2511 5631 2802 5700 loquentis.
2852 5633 3167 5702 Simulatio,
3214 5629 3290 5690 ait
3346 5635 3408 5690 S.
3453 5633 3692 5689 Thomas
3721 5629 3870 5701 (2-2,

2283 5720 2336 5775 ᾳ.
2372 5701 2497 5770 ιιι,
2530 5708 2634 5755 art.
2669 5702 2744 5772 l),
2787 5712 2876 5761 est
2924 5701 3267 5764 mendacium
3296 5705 3568 5779 quoddam
3607 5706 3666 5760 in
3720 5711 3871 5760 exte-
