4014 6200
187 299 326 356 1053

1207 299 1552 358 COLLATIO
1589 300 1752 359 XVII.
1779 331 1854 346 -
1882 305 1972 362 DE
2010 305 2448 368 DEFINIENDO.

3328 319 3473 383 1058

177 415 382 483 dicitis,
426 424 606 472 status
654 414 974 487 quotidiano
1029 428 1130 472 vos
1180 425 1340 486 atque
1385 417 1850 484 interminabillA
1879 434 2264 493 promeretur,
2319 426 2718 485 abscindendus
2774 426 3131 498 proculdubio
3183 431 3252 486 ab
3305 433 3470 505 hujus

174 510 764 568 alliciatdetrimento.
799 509 1158 567 Veniabiliter
1198 511 1365 579 enim,
1402 513 1567 568 immo
1592 529 1780 571 verum

174 605 347 661 etiam
372 613 399 643 ³
419 603 766 660 laudabiliter
781 603 1030 658 delinitio
1059 603 1274 658 incauta
1301 605 1616 673 mutabitur,
1645 609 1689 662 si
1714 609 1782 665 ad

173 697 543 752 salubriorem
569 705 806 750 transeat
832 705 1067 766 partem,
1103 711 1204 752 nec
1232 701 1549 754 constantiae
1578 714 1784 769 prava-

175 789 374 845 ricatio
403 804 530 845 esse
585 790 856 847 credenda
909 801 1015 861 est,
1068 797 1281 864 quoties
1322 799 1546 868 sponsio
1593 798 1782 852 vitiosa

176 885 494 956 corrigitur,
549 899 646 940 seu
681 888 1006 943 temeritatis
1061 890 1389 946 emendatio.
1445 891 1574 959 Qua:
1602 895 1782 949 omnia

178 977 586 1049 Scripturarum
602 991 819 1048 quoque
843 989 1070 1049 possunt
1096 982 1420 1038 testimoniis
1442 986 1783 1054 apertissime

180 1069 549 1138 comprobari,
575 1081 738 1140 quam
763 1072 948 1127 multis
979 1073 1344 1142 perniciosum
1378 1075 1558 1146 luerit,
1590 1078 1780 1134 delini-

183 1159 423 1216 tionibus
445 1162 680 1232 propriis
702 1163 988 1220 inbaesisse
1005 1206 1020 1230 ,
1052 1165 1198 1220 etab
1225 1166 1306 1222 eis
1333 1170 1638 1226 econtrarlo
1679 1170 1777 1228 de-

183 1254 417 1320 stitisse,
449 1256 790 1311 commodum
822 1257 990 1312 fuerit
1013 1271 1077 1313 ac
1107 1258 1344 1314 salubre.

791 1367 1024 1425 CAPUT
1065 1369 1157 1424 IX.

183 1455 342 1523 Quod
363 1455 666 1541 plerumque
698 1458 774 1541 (id
803 1467 887 1514 est
913 1459 1434 1541 aliquando)_utilius
1472 1466 1540 1521 sit
1582 1475 1779 1524 statuta

601 1530 905 1596 dissolvere,
934 1548 1089 1602 quam
1114 1530 1355 1602 implere.

249 1623 406 1692 Quod
421 1625 784 1695 liquidissime
801 1625 972 1680 sancti
999 1628 1233 1695 apostoli
1253 1628 1399 1684 Petri
1420 1638 1476 1686 et
1492 1631 1646 1688 Iuda:
1667 1641 1778 1689 tra-

173 1716 371 1773 ditotis
400 1717 651 1786 exempla
684 1725 973 1773 testantur.
1012 1718 1111 1774 Ille
1141 1721 1286 1775 enim
1327 1723 1452 1792 quia
1471 1723 1498 1762 ιι
1525 1725 1776 1782 discessit

1885 514 2235 573 beatitudinis
2270 520 2465 588 gratia,
2508 521 2554 574 si
2598 522 2650 575 in
2693 520 2962 576 sermonis
2991 522 3072 575 sui
3108 521 3470 582 obstinatione

1885 611 2195 665 mansisset.
2219 611 2317 666 Hic
2346 625 2482 667 vero
2511 613 2866 681 pertinaciam
2901 628 3012 668 suae
3042 614 3284 670 retinens
3307 629 3472 685 spon-

1885 700 2077 770 sionis,
2128 712 2387 772 perpetua
2418 713 2593 760 morte
2621 705 2932 774 damnatur,
2965 719 3068 776 qua
3114 705 3311 761 luisset
3347 721 3474 778 pro-

1883 793 2141 848 culdubio
2172 794 2460 860 liberatus,
2491 796 2538 851 si
2562 796 2895 852 deﬁnitionis
2919 811 3032 852 suae
3062 797 3348 853 maluisset
3373 799 3473 854 de-

1883 885 2106 941 etitutor
2150 887 2333 957 potius
2376 903 2537 958 quam
2579 891 2826 959 pertinax
2861 891 3120 949 inveniri.
3166 891 3320 960 Quod
3349 903 3371 932 ο
3418 894 3470 950 in

1882 976 1993 1033 illis
2018 993 2233 1049 quoque
2257 980 2468 1037 duobus
2499 981 2626 1037 llliis
2653 983 2745 1053 qui
2775 984 2829 1037 in
2859 982 3155 1054 Evangelio
3177 985 3244 1038 ad
3273 999 3467 1054 opera-

1880 1075 2084 1129 tionem
2125 1075 2298 1130 vineaa
2339 1077 2710 1144 destinantur,
2743 1078 3161 1135 evidentissime
3201 1080 3468 1148 perdoce-

1879 1181 2026 1233 mur,
2074 1181 2304 1237 quorum
2353 1185 2496 1224 unus
2538 1171 2708 1240 patris
2756 1171 2959 1226 restitit
3003 1172 3276 1242 imperio,
3327 1173 3468 1228 alius

1879 1272 2050 1328 prona
2081 1261 2445 1330 responsione
2469 1264 2751 1319 consensit
2773 1265 2994 1332 (Matth.
3027 1263 3180 1334 xxv).
3224 1264 3332 1319 Sed
3365 1280 3466 1321 nec

1879 1353 1960 1409 illi
1998 1356 2205 1424 profuit
2242 1356 2467 1412 humilis
2497 1357 2958 1428 obsequendaqne
3002 1360 3309 1427 responsio,
3340 1359 3466 1428 quia

1877 1457 2204 1516 praeceptum
2238 1449 2408 1518 patris
2439 1463 2607 1519 opere
2626 1451 2948 1506 detrectavit
2973 1452 3224 1519 implere,
3254 1465 3356 1506 nec
3385 1450 3464 1506 illi

1879 1540 2054 1596 obluit
2076 1542 2367 1613 relragatio
2393 1543 2682 1612 jussionis,
2722 1559 2789 1600 eo
2818 1544 2962 1615 quod
2987 1544 3148 1598 statui
3193 1545 3464 1600 sermonis

1878 1632 2247 1689 obstinatione
2284 1641 2488 1690 mutata
2511 1677 2526 1701 ,
2561 1649 2763 1702 scopon
2796 1637 2988 1706 patris,
3029 1635 3210 1705 cperis
3237 1649 3466 1690 exsecu-

1880 1723 2025 1780 tione
2053 1727 2371 1796 complevit;
2401 1735 2457 1782 et
2481 1727 2533 1782 id
2558 1729 2702 1797 quod
2734 1727 3238 1797 repreliensibiliter
3263 1735 3468 1781 statue-

175 1810 248 1866 ab
307 1810 634 1865 inconsultae
689 1810 1030 1866 deﬁnitionis
1075 1815 1346 1869 sententia
1393 1831 1498 1885 qua
1538 1817 1769 1888 dixerat,
1802 1825 1992 1887 Brat,
2047 1819 2364 1876 definitione
2427 1823 2674 1876 correcta
2724 1819 3074 1874 laudabiliter
3128 1819 3464 1874 emendavit.

176 1903 306 1958 Non
343 1903 472 1956 mihi
508 1902 702 1957 lavabis
730 1904 890 1973 pedes
912 1905 964 1957 ia
990 1915 1239 1958 teternum
1273 1905 1455 1978 (Joan.
1491 1911 1636 1980 xm),
1671 1912 1773 1965 im-

175 1993 411 2052 mortale
440 1993 649 2050 Christi
689 1994 1038 2066 omniumque
1078 2007 1394 2053 sanctorum
1437 2005 1769 2058 consortium

1879 1909 2101 1965 Necnon
2154 1919 2208 1966 et
2251 1911 2483 1968 llerodis
2525 1912 2894 1968 cruentissimi
2948 1911 3092 1982 regis
3126 1913 3463 1979 exemplum,

1874 2003 1965 2073 qui
2002 2003 2164 2058 ﬁdem
2197 2004 2508 2061 inconsulte
2548 2006 2788 2061 retinens
2811 2003 2839 2041 ά
2886 2004 3236 2072 sacramenti,
3269 2018 3466 2058 cruen-

1249 2113 1504 2168 ALARDI
1545 2113 1778 2172 GAZIEI
1818 2115 2390 2176 COMMENTARIUS.

174 2205 383 2262 riorum
415 2201 583 2272 signis
626 2202 918 2259 factorum.
955 2203 1089 2258 Nam
1119 2206 1273 2260 sicuti
1322 2208 1660 2262 mendacium
1710 2210 1762 2264 in

172 2277 386 2342 verbis,
421 2277 496 2330 ita
547 2277 824 2350 simulatio
863 2278 916 2350 in
965 2277 1118 2350 lactis
1147 2279 1418 2336 consistit.
1453 2280 1765 2350 llyoocrisis

173 2350 398 2420 species
448 2358 530 2402 est
559 2346 944 2402 simulationis.
975 2348 1108 2403 Nam
1149 2352 1328 2404 omnis
1360 2346 1666 2420 hypocrisis
1694 2353 1769 2405 si-

177 2419 411 2492 mulatio
438 2427 520 2492 est
543 2434 557 2470 :
583 2433 688 2472 non
724 2421 900 2492 omnis
927 2431 1106 2472 autem
1129 2419 1410 2474 simulatio
1431 2421 1761 2492 hypocrisis,

176 2490 277 2562 sed
311 2491 434 2562 sola
456 2491 553 2562 illa
578 2507 676 2557 qua
703 2494 824 2561 quis
841 2489 1424 2562 sintulatsanctitatem
1457 2489 1620 2562 quam
1656 2509 1764 2548 non

177 2560 364 2615 habet.
419 2559 784 2615 Dis-imulat‘io
823 2563 956 2615 nihil
998 2561 1142 2615 aliud
1172 2574 1253 2616 est
1283 2578 1444 2628 quam
1476 2559 1766 2618 occultatio

175 2632 453 2696 veritatis,
483 2648 604 2701 qum
639 2648 734 2702 per
771 2649 829 2685 se
869 2633 1184 2688 indill'erens
1219 2643 1304 2688 est
1337 2635 1654 2700 nullumque
1685 2636 1768 2688 vi-

179 2704 316 2756 tium
347 2714 525 2765 sooat,
556 2713 612 2758 et
643 2705 869 2757 multum
900 2703 1082 2758 differt
1107 2721 1136 2757 a
1171 2705 1514 2759 simulatione
1540 2716 1592 2758 et
1625 2721 1771 2760 men-

175 2773 336 2830 dacio
369 2792 382 2826 :
416 2776 562 2828 Sicut
602 2775 740 2827 enim
769 2775 958 2844 aliquis
986 2777 1130 2829 verba
1163 2779 1422 2835 mentitur.
1453 2778 1662 2841 quando
1691 2778 1767 2830 si-

174 2845 393 2917 gnificat
436 2845 572 2911 quod
605 2862 706 2898 non
751 2857 844 2911 est,
887 2864 987 2898 non
1031 2857 1200 2898 autem
1243 2848 1448 2917 quando
1478 2855 1606 2900 tacet
1633 2847 1770 2914 quod

177 2926 259 2970 est
289 2919 447 2978 (quod
471 2918 754 2983 aliquando
787 2917 925 2986 licet)
954 2959 967 2980 ,
993 2919 1065 2970 ita
1108 2919 1344 2971 διίστησι-ε
1374 2922 1486 2986 ipsa
1527 2919 1769 2973 mentitur

179 2997 231 3041 et
259 2989 462 3040 simulat
493 2985 580 3056 qui
620 3005 707 3053 per
736 2985 993 3042 exteriora
1026 2989 1173 3056 signa
1204 2985 1456 3055 factorum
1491 2991 1567 3041 vel
1596 3005 1767 3042 rerum

179 3059 443 3126 signiﬁcat
477 3059 675 3128 aliquid
705 3059 844 3124 quod
888 3077 986 3112 non
1018 3067 1115 3125 est,
1151 3076 1251 3112 non
1281 3071 1453 3112 autem
1492 3061 1535 3111 si
1564 3061 1766 3130 aliquid

178 3130 544 3198 praetermittat
565 3131 864 3200 signiﬁcare
887 3129 1025 3200 quod
1064 3139 1138 3183 est
1169 3145 1186 3182 :
1215 3129 1350 3183 unde
1388 3130 1572 3198 aliquis
1601 3129 1767 3200 potest

219 3209 450 3253 eccatum
490 3217 638 3253 suum
682 3204 937 3254 occultare
963 3201 1154 3269 absque
1197 3201 1548 3254 simulatione.
1599 3201 1670 3254 Ita
1705 3204 1760 3256 S.

179 3271 442 3326 Thomas.
473 3271 678 3325 Eodem
717 3275 948 3340 pertinet
990 3272 1238 3338 ambigua
1290 3287 1382 3324 seu
1427 3273 1769 3340 amphibolo-

175 3342 300 3413 gica
330 3342 554 3404 locutio,
581 3359 700 3396 cunt
735 3348 854 3411 quis
884 3359 990 3397 non
1029 3353 1244 3396 tenetur
1272 3342 1336 3394 ad
1363 3341 1588 3396 alterius
1616 3359 1768 3398 men-

178 3425 293 3490 tem
323 3423 378 3466 et
403 3427 620 3490 sensum
648 3414 791 3490 loqui
816 3413 1422 3490 ant_respondere._Non
1445 3417 1589 3490 enim
1609 3431 1767 3490 men—

180 3485 320 3538 titur
341 3485 427 3553 qui
462 3486 622 3538 utitur
651 3485 1050 3555 an'tph'tbolt‘gia
1080 3486 1159 3538 vel
1192 3485 1352 3538 tacita
1386 3487 1764 3553 restrictione,

180 3555 310 3623 quia
361 3570 466 3609 non
516 3555 745 3609 intendit
795 3557 976 3610 dicere
1020 3556 1212 3610 falsum
1260 3565 1352 3608 aut
1392 3557 1534 3625 loqui
1577 3570 1766 3613 contra

179 3634 442 3691 mentem,
501 3627 596 3681 sed
645 3628 733 3683 Vel
780 3637 1015 3681 mentem
1074 3642 1224 3681 suum
1283 3628 1438 3682 aliter
1494 3643 1768 3696 exponere

178 3711 340 3768 quam
371 3699 510 3751 alter
534 3699 824 3767 intelligat,
849 3701 934 3752 vel
970 3714 1076 3751 non
1109 3707 1273 3750 totam
1308 3697 1634 3766 exprimere,
1671 3699 1765 3752 sed

181 3769 356 3823 solum
377 3785 441 3823 ex
468 3781 636 3835 parte.
671 3770 841 3823 Porro
869 3770 1204 3835 sponsionis,
1236 3783 1332 3820 seu
1366 3769 1628 3833 pactionis
1653 3785 1772 3823 cor-

179 3841 352 3894 rectio
384 3850 476 3894 aut
507 3841 780 3894 revocatio
811 3857 914 3892 non
947 3851 1026 3894 est
1064 3839 1434 3899 mendacium,
1473 3853 1571 3891 nec
1599 3854 1769 3907 oppo-

178 3910 328 3965 nitur
366 3913 612 3973 veritati,
646 3912 738 3963 sed
773 3911 948 3977 potius
981 3908 1101 3964 ﬁdei
1155 3926 1250 3964 seu
1283 3908 1548 3978 ﬁdelitati,
1587 3919 1640 3961 ttt
1673 3925 1769 3962 no-

180 3987 291 4052 tum
317 3992 400 4035 est
425 3981 589 4052 (Vide
618 3981 677 4035 S.
703 3979 966 4052 Thomam
986 3980 1104 4041 2-2,
1127 3997 1176 4047 q.
1216 3981 1337 4039 lli),
1367 3989 1470 4032 art.
1507 3980 1565 4041 ἓ,
1585 3979 1654 4032 ad
1685 3980 1764 4049 ὅ).

175 4051 298 4107 Non
334 4051 480 4107 enim
514 4054 771 4104 mentitur
797 4051 1028 4119 proprie,
1058 4056 1145 4121 qui
1181 4063 1392 4118 pactum
1419 4059 1512 4103 aut
1539 4065 1770 4116 promis-

179 4137 299 4178 sum
331 4125 520 4187 violat,
553 4121 677 4189 quia
713 4137 816 4176 non
847 4125 1079 4193 loquitur
1097 4136 1284 4176 contra
1312 4130 1542 4174 metttem
1571 4137 1720 4178 suam
1751 4139 1763 4174 :

180 4204 342 4248 Secus
389 4195 432 4246 si
467 4195 747 4259 promittat
789 4210 891 4248 non
937 4198 1140 4247 habens
1180 4193 1504 4246 voluntatem
1555 4195 1770 4259 promit—

179 4264 330 4317 tendi
381 4272 475 4317 aut
512 4266 861 4331 exsequendi.
913 4265 1147 4318 Proinde
1191 4264 1456 4318 tttendacii
1504 4264 1770 4318 vocabulo

179 4334 425 4388 abmitttr
470 4335 639 4390 abbas
663 4335 867 4402 Joseplt
921 4337 1022 4388 hoc
1067 4335 1208 4397 loco,
1241 4335 1369 4388 dum
1411 4337 1768 4388 mutationem

176 4405 393 4460 ccttsilii
433 4414 528 4460 aut
573 4407 885 4473 sponsionis
915 4406 1069 4460 factm
1125 4406 1464 4459 mendacium
1513 4406 1768 4474 appellnt,

179 4487 238 4548 ut
269 4478 428 4531 docte
471 4477 701 4546 explicat
747 4477 807 4532 D.
853 4477 1143 4548 Cuycltius,
1181 4478 1364 4548 cujus
1389 4492 1675 4548 censuram
1716 4476 1768 4528 in

180 4546 325 4602 hunc
371 4549 548 4602 locum
597 4549 761 4603 simul
799 4564 920 4603 cum
936 4546 1300 4603 adnotatione
1330 4547 1571 4601 Ciaconii
1599 4546 1772 4602 lector

179 4619 367 4673 videre
401 4635 506 4672 non
537 4621 772 4674 omittat.

254 4697 282 4725 ι
309 4689 472 4742 Multa
517 4689 571 4742 in
604 4693 743 4744 lianc
777 4689 1102 4744 sententiam
1142 4687 1284 4758 apud
1315 4688 1633 4743 Gratianum
1675 4705 1769 4742 ex-

181 4768 332 4812 stant
369 4759 620 4827 capitula,
654 4771 708 4815 ttt
742 4760 876 4814 illud
908 4761 1190 4829 Augustini
1223 4779 1234 4812 :
1267 4759 1475 4826 Magna:
1502 4761 1771 4829 sapientia:

181 4839 262 4884 est
288 4845 527 4884 revocare
555 4825 832 4898 hominem,
863 4825 1017 4898 quod'
1046 4833 1181 4885 male
1223 4825 1426 4883 loculus
1457 4840 1530 4883 est
1546 4825 1574 4894 ;”
1593 4839 1646 4883 et
1675 4825 1773 4882 ῐμί-

182 4899 302 4956 dori
332 4919 343 4953 :
377 4899 446 4954 In
502 4905 649 4957 atatis
697 4903 966 4973 promissis
1016 4903 1247 4956 rescinde
1301 4901 1456 4969 [idem
1487 4917 1505 4964 ;
1536 4917 1590 4973 tn
1633 4900 1774 4966 turpi

180 4983 297 5025 voto
334 4982 473 5025 muta
503 4971 996 5043 decretumilmpia
1035 4983 1106 5027 est
1153 4974 1289 5026 enim
1329 4971 1605 5043 promissio
1657 4986 1773 5034 qua:

183 5043 374 5097 scelere
406 5044 743 5114 adtmpletur.
778 5041 927 5096 Illud
951 5062 1053 5098 non
1075 5055 1150 5097 est
1192 5041 1566 5114 observandum
1597 5056 1773 5094 sacra-

182 5125 414 5168 mentum
461 5112 562 5182 quo
589 5116 784 5169 malum
815 5116 1020 5168 incaute
1046 5116 1381 5184 promittitur.
1417 5112 1509 5166 llis
1539 5125 1772 5166 consen-

187 5192 342 5254 tanea
377 5185 536 5240 docet
563 5185 731 5240 abbas
752 5185 953 5254 Joseplt
987 5183 1124 5239 inira
1159 5201 1278 5254 cap.
1316 5183 1402 5254 14.

256 5253 284 5292 ι’
309 5257 568 5325 Apposite
608 5262 674 5311 ad
719 5260 860 5310 hunc
888 5253 1084 5310 locum
1128 5253 1296 5311 refert
1342 5253 1684 5325 Sophronias
1722 5254 1776 5309 in

185 5321 649 5396 Prato's'pirilttali
677 5326 829 5398 (Cap.
854 5326 986 5395 216)
1019 5327 1122 5380 hoc
1156 5327 1468 5398 exemplum
1499 5341 1511 5377 :
1543 5321 1670 5398 cum
1695 5340 1778 5398 es-

180 5413 288 5452 sent
318 5398 372 5451 in
397 5393 581 5452 sancta
621 5393 843 5464 civitate,
873 5393 1009 5451 venit
1035 5399 1103 5452 ad
1135 5413 1215 5450 me
1243 5396 1318 5448 vir
1343 5396 1554 5464 quidam
1584 5393 1776 5463 ﬁdelis,

181 5479 229 5522 et
261 5469 398 5522 dixit
428 5469 554 5522 mihi
580 5486 599 5523 :
628 5469 764 5534 Quia
797 5471 1036 5539 qutedam
1067 5466 1357 5537 indignatio
1381 5465 1574 5539 charta
1602 5467 1784 5539 estin-A

182 5549 259 5593 ter
285 5557 363 5594 me
395 5549 443 5594 et
467 5541 682 5609 fratrem
711 5536 902 5607 meum,
945 5549 993 5594 et
1033 5540 1122 5594 ille
1158 5536 1282 5609 non,
1306 5536 1412 5590 vult
1452 5536 1782 5590 reconciliari

182 5610 336 5672 mihi,
380 5608 647 5678 altaquere
676 5613 845 5678 illum,
879 5621 927 5665 et
968 5611 1036 5665 ad
1082 5608 1554 5664 reconciliationem
1581 5610 1781 5678 (exhor-

185 5691 319 5752 tare.
348 5677 510 5746 Quod
523 5700 618 5752 ego
647 5677 977 5737 libentissime
1000 5681 1306 5748 suscipiens,
1332 5678 1545 5752 conveni
1564 5677 1780 5752 fratrem

184 5751 356 5816 illius,
393 5749 701 5822 locutusque
744 5769 860 5805 cum
897 5755 992 5808 illo
1035 5769 1148 5808 sum
1191 5767 1258 5822 ea
1288 5750 1518 5822 quteiad
1549 5749 1780 5802 charito-

178 5835 292 5886 selt
320 5831 368 5876 et
401 5820 734 5878 concordiam
755 5825 1012 5891 pertinere
1063 5820 1386 5880 videbantur.
1424 5820 1678 5890 Visusque
1705 5826 1778 5875 est

1869 2211 2075 2263 interim
2117 2210 2464 2281 obtemperare
2498 2211 2642 2263 mihi.
2684 2208 3026 2264 Postmodum
3062 2227 3179 2265 vero
3219 2212 3354 2265 dixit
3394 2213 3465 2266 ad

1871 2297 1951 2332 me
1983 2297 2002 2334 :
2030 2282 2389 2352 Βεεθησιιριιγξ
2417 2297 2634 2352 nequeo,
2667 2283 2788 2348 quia
2806 2282 2986 2352 juravi
3019 2297 3108 2350 per
3153 2298 3356 2335 crucem
3385 2283 3466 2336 ul-

1872 2362 1951 2404 tra
1977 2351 2057 2404 illi
2089 2369 2191 2404 non
2223 2351 2570 2405 reconciliari.
2619 2353 2735 2417 Quo
2765 2351 2944 2404 audito
2973 2354 3243 2405 subridens
3284 2355 3368 2404 aio
3391 2353 3462 2405 ad

1869 2422 2024 2475 illum
2054 2438 2072 2475 :
2101 2423 2467 2476 Juramentum
2510 2432 2658 2475 tuum
2689 2423 2840 2475 talem
2885 2421 3032 2474 habet
3062 2423 3162 2476 vim
3204 2440 3265 2476 ac
3308 2423 3353 2476 si
3390 2424 3468 2476 di-

1870 2493 2035 2546 xisses
2063 2510 2081 2546 :
2110 2491 2214 2544 Per
2245 2494 2522 2559 pretiosam
2554 2510 2759 2546 crucem
2793 2504 2956 2556 luant,
2982 2492 3203 2552 Christe.
3235 2511 3336 2546 non
3368 2494 3460 2546 ob-

1872 2563 2084 2617 servabo
2128 2566 2375 2618 mandata
2413 2571 2520 2624 tua,
2551 2567 2638 2617 sed
2670 2564 2867 2616 inimici
2897 2565 2972 2617 tui
3002 2564 3199 2618 diaboli
3224 2565 3464 2618 volunta-

1875 2643 1976 2686 tem
2006 2635 2191 2704 faciant
2225 2651 2237 2686 :
2269 2652 2372 2688 non
2415 2636 2584 2688 solum
2608 2637 2746 2688 enim
2769 2651 2869 2687 non
2908 2637 3142 2688 debemus
3171 2652 3230 2687 ea
3257 2651 3464 2689 servare

1875 2721 1992 2774 qua:
2030 2723 2060 2757 a
2093 2705 2237 2757 nobis
2271 2709 2485 2773 pessime
2523 2706 2735 2774 deﬁnita
2775 2705 2988 2775 fuerint,
3037 2706 3126 2759 sed
3155 2717 3310 2758 etiam
3353 2721 3464 2757 nta-

1870 2779 2008 2829 xime
2052 2777 2414 2845 paenitentiam
2456 2792 2625 2843 agere,
2664 2788 2710 2830 et
2751 2777 2907 2847 affligi
2934 2777 3008 2847 in”
3029 2777 3109 2830 his
3137 2792 3252 2837 aute
3284 2786 3464 2830 contra

1877 2857 2103 2900 nostram
2121 2847 2339 2900 salutem
2361 2847 2708 2916 diffinivimas.
2734 2845 2874 2900 Nam
2899 2848 2942 2900 si
2957 2845 3189 2901 Herodes
3211 2849 3460 2917 paeniten-

1877 2917 2001 2970 tiam
2027 2919 2233 2985 egisset,
2266 2935 2425 2987 neque
2441 2918 2848 2988 jusjurandum,
2871 2919 3004 2984 quod
3026 2919 3180 2988 stulte
3200 2919 3462 2984 emiserat,

1875 2996 2160 3052 servasset,
2215 2987 2498 3057 numquam
2529 2987 2771 3058 profecto
2812 2991 3089 3042 maximum
3131 2987 3264 3042 illud
3293 2989 3461 3043 scelus

1874 3059 2193 3120 admisisset,
2238 3071 2292 3112 ut
2335 3057 2705 3118 pra'cursorent
2749 3057 2941 3114 Christi
2971 3060 3267 3113 decollaret.
3304 3059 3458 3126 Quod

1875 3132 2080 3252 qiuidem
2110 3131 2271 3196 ipsius
2313 3128 2498 3184 Basilii
2527 3131 2778 3184 sententia
2816 3132 3175 3197 conﬁrmatur,
3213 3146 3366 3198 quant
3396 3132 3461 3184 de

1930 3201 2156 3252 ranaelio
2185 3202 2420 3252 summit.
2454 3202 2660 3252 quando
2690 3202 2851 3252 voluit
2880 3201 3132 3252 Dominus
3165 3201 3337 3252 lavare
3371 3218 3461 3252 oe-

1930 3201 2156 3272 rangelio
2185 3202 2660 3272 sumpsiltquando
2690 3202 2851 3255 voluit
2880 3201 3132 3256 Dominus
3165 3201 3337 3255 lavare
3371 3218 3462 3265 pe-

1873 3271 1962 3324 des
2002 3271 2135 3324 beati
2165 3273 2383 3340 apostoli
2416 3271 2591 3333 Petri,
2653 3289 2765 3325 cum
2796 3274 2882 3326 ille
2919 3274 3088 3343 primo
3129 3273 3462 3341 pertinaciter

1874 3343 2144 3411 obsistens,
2186 3356 2377 3416 pastear
2405 3344 2707 3416 sententiam
2747 3347 2980 3398 ntutavit.
3025 3344 3150 3398 llzrc
3181 3344 3289 3398 ille.
3325 3345 3463 3398 Seu-

1873 3419 2093 3484 tentiam
2140 3415 2318 3470 autem
2368 3415 2515 3468 illam
2572 3415 2636 3469 D.
2697 3415 2878 3469 Basilii
2938 3416 3056 3470 vide
3098 3418 3148 3468 in
3199 3416 3462 3484 protentio

1873 3483 2211 3554 EtltiCnrttm.
2249 3487 2448 3540 Eodem
2476 3495 2683 3554 spectat
2714 3487 2982 3540 sententia
3009 3483 3210 3540 Gelasii
3245 3502 3390 3554 papae
3425 3503 3459 3540 ει

1872 3553 2128 3627 Gratiano
2168 3558 2328 3610 citata
2363 3553 2676 3627 (Ubi’supra
2721 3574 2767 3610 c.
2801 3555 3059 3627 Beatus):
3091 3555 3284 3627 Beatus
3317 3553 3462 3609 Pau-

1872 3624 1953 3679 lus
1980 3627 2247 3691 apostolus
2279 3645 2382 3679 non
2428 3628 2541 3678 ideo
2583 3624 2755 3696 (quod
2785 3625 2936 3696 absit)
2977 3624 3224 3696 fefellisse
3255 3628 3461 3679 cretleno

1872 3697 1969 3749 dus
1995 3705 2092 3760 est,
2124 3707 2212 3749 aut
2243 3697 2339 3748 sibi
2368 3697 2620 3750 exstitisse
2649 3698 2961 3756 contrarius,
2991 3697 3230 3763 quoniam
3255 3712 3370 3746 cum
3392 3697 3460 3748 ad

1872 3765 2158 3836 Hispanias
2198 3781 2250 3818 se
2296 3766 2610 3832 promisisset
2639 3767 2852 3826 iturum,
2883 3765 3240 3836 dispositione
3282 3765 3458 3818 divina

1873 3835 2157 3906 majoribus
2195 3848 2488 3907 (occupatus
2549 3851 2610 3889 ex
2655 3836 2827 3888 causis
2876 3835 3087 3907 implere
3134 3850 3234 3886 non
3289 3835 3458 3907 potuit

1872 3903 2009 3972 quod
2036 3906 2291 3971 promisit.
2331 3906 2596 3970 Quantum
2627 3907 2758 3957 enim
2790 3903 2959 3972 ipsius
2991 3903 3265 3958 voluntatis
3295 3905 3459 3957 inter-

1874 3976 1995 4046 fuit,
2043 3975 2138 4028 hoc
2180 3977 2532 4046 pronuntiavit
2575 3976 2712 4046 quod
2741 3992 2917 4029 revera
2959 3976 3198 4046 voluisset
3242 3975 3485 4046 efﬁceret

1878 4045 2142 4112 Quantum
2181 4045 2361 4101 autem
2405 4048 2473 4100 ad
2525 4045 2684 4100 divini
2732 4059 2926 4100 secreta
2973 4045 3175 4098 consilii
3199 4048 3355 4113 (quia,
3401 4057 3459 4099 ut

1873 4117 2046 4182 homo,
2100 4119 2276 4170 omnia
2325 4137 2424 4172 non
2474 4121 2656 4188 potuit,
2703 4117 2817 4170 licet
2876 4118 3058 4188 spiritu
3109 4113 3204 4170 Dei
3252 4119 3456 4183 plenus,

1875 4191 2194 4261 agnoscere),
2220 4207 2280 4244 su
2292 4207 2448 4257 perna
2477 4187 2807 4261 praetermisit
2853 4187 3189 4259 dupositione
3206 4203 3456 4261 preven-

1875 4256 1976 4312 tus.
2016 4259 2126 4313 Nec
2155 4256 2276 4326 quia
2306 4256 2489 4314 beatus
2514 4256 2996 4328 Petrus-apostolus
3028 4256 3346 4328 prce/fectu
3375 4259 3458 4312 di-

1876 4332 2008 4404 vinae
2051 4333 2346 4404 reverentia:
2381 4334 2478 4404 ipsi
2527 4327 2749 4404 Domino
2791 4334 3054 4404 respondit
3088 4327 3269 4404 (Joan.
3301 4332 3461 4404 stu);

1876 4399 1998 4474 Non
2046 4401 2237 4454 lavabis
2279 4399 2410 4455 mihi
2438 4403 2589 4474 pedes
2635 4403 2689 4454 in
2730 4417 3000 4467 teternum,
3029 4399 3274 4473 fefellisse
3303 4401 3462 4472 (quod

1877 4472 2033 4541 absit)
2063 4483 2149 4526 aut
2192 4475 2244 4525 in
2285 4489 2378 4525 sua
2407 4472 2671 4544 putabitur
2702 4474 2910 4527 minime
2938 4472 3228 4528 constitisse
3259 4481 3464 4544 senteng

1879 4546 1972 4606 tia,
2004 4545 2127 4612 quia
2158 4560 2277 4596 mox
2315 4543 2478 4598 eidem
2507 4547 2695 4598 divina:
2724 4546 2975 4598 voluntati
2997 4545 3222 4604 cesserit,
3253 4553 3301 4596 ct
3326 4543 3465 4612 quod

1803 4619 1858 4682 ι)
1883 4630 1936 4666 se
1968 4615 2166 4668 dixerat
2197 4632 2297 4668 non
2328 4632 2434 4668 esse
2455 4619 2738 4685 facturum,
2771 4619 2938 4668 causis
2968 4617 3204 4669 astrictus
3225 4612 3467 4667 humana:

1883 4685 2087 4756 salutis,
2121 4703 2303 4752 passus
2339 4697 2412 4738 est
2444 4703 2608 4756 prona
2639 4687 2895 4740 voluntate
2917 4685 3235 4754 faciendum.

1955 4755 2153 4826 cllane
2214 4753 2520 4824 parabolant
2577 4758 2856 4826 preposuit
2909 4753 3176 4823 Christus,
3231 4753 3468 4826 Matthxi

1879 4841 1968 4880 xxt
2007 4843 2016 4876 :
2053 4824 2226 4878 Homo
2271 4828 2479 4897 quidam
2509 4824 2722 4881 habebat
2773 4830 2899 4881 duos
2923 4827 3086 4896 ﬁlios,
3135 4837 3180 4882 et
3222 4825 3468 4897 accedens

1880 4898 1948 4948 ad
1980 4898 2223 4966 primum,
2255 4899 2384 4950 dixit
2418 4914 2434 4952 :
2471 4897 2598 4964 Fili,
2641 4900 2765 4950 vade
2804 4899 2975 4960 hodie,
3006 4914 3218 4966 operare
3241 4897 3295 4949 in
3321 4896 3470 4947 vinea

1882 4984 2012 5019 mea.
2050 4965 2151 5019 Ille
2184 4978 2352 5021 autem
2380 4971 2716 5033 respondens,
2738 4971 2809 5021 ait
2842 4984 2858 5020 :
2890 4965 3047 5020 Nolo.
3083 4968 3272 5021 Postea
3300 4976 3469 5016 autem

1880 5038 2177 5108 paenitentia
2208 5052 2372 5092 motus
2415 5040 2560 5093 abiit.
2606 5039 2866 5093 Accedens
2908 5048 3081 5108 autem
3123 5039 3190 5108 ad
3223 5040 3470 5108 alterum,

1881 5105 2011 5162 dixit
2033 5108 2286 5162 similiter.
2309 5111 2372 5163 At
2400 5111 2486 5164 ille
2513 5112 2826 5179 respondens
2856 5111 2927 5160 ait
2955 5124 2973 5160 .'
3007 5107 3106 5173 Eo,
3143 5105 3475 5179 Dontine;_e_t

1882 5197 1982 5233 non
2005 5181 2116 5234 ivit.
2155 5183 2281 5252 Quis
2322 5197 2386 5236 ea:
2416 5176 2613 5236 duobus
2647 5182 2766 5252 fecit
2800 5180 3116 5234 voluntatem
3159 5177 3363 5250 patris?
3394 5176 3476 5228 di-

1881 5261 1999 5304 cunt
2027 5253 2071 5305 ei
2103 5267 2122 5306 :
2153 5250 2381 5306 Primus.

1953 5319 2518 5397 dld__estjorantenti.
2563 5323 2808 5397 Herodes
2854 5317 3477 5397 recreatussaltatione

1885 5393 2007 5447 ﬁliae
2055 5393 2395 5458 llerodiadis,
2447 5409 2570 5449 cum
2619 5396 2928 5465 iuramento
2987 5393 3260 5465 pollicitus
3309 5396 3394 5465 est
3426 5393 3476 5441 ei

1884 5465 2017 5519 dare
2058 5465 2438 5534 quodcvmque
2487 5459 2822 5534 postulasset
2851 5459 3038 5534 abeo.
3068 5469 3138 5517 At
3169 5463 3255 5516 illa
3284 5459 3476 5514 edocta

1885 5549 1917 5589 a
1961 5546 2135 5590 matre
2186 5550 2282 5589 sua
2323 5533 2453 5588 :Da
2489 5533 2650 5601 mihi,
2694 5535 2890 5602 inquit,
2924 5533 3007 5586 hic
3055 5534 3109 5587 in
3147 5535 3290 5588 disco
3322 5535 3480 5602 caput

1885 5603 2106 5677 Joannis
2137 5603 2390 5677 Baptistae
2438 5599 2656 5674 (Matth.
2704 5599 2897 5677 xx'tv).l
2931 5604 3008 5658 Ex
3040 5620 3148 5677 quo
3191 5599 3481 5657 temerario

1881 5676 2196 5747 juramcnto
2223 5675 2381 5752 longe
2418 5678 2843 5752 majora,_qnam
2887 5675 3062 5743 ipsum
3086 5676 3479 5752 jar-amentum,

1885 5755 2172 5803 consecuta
2210 5760 2335 5801 sunt
2363 5748 2705 5824 incommoda
2748 5758 2803 5802 et
2826 5757 3062 5824 peccata
3100 5765 3115 5801 :
3148 5749 3210 5802 ιο
3239 5748 3484 5824 enimex

1883 5832 1950 5874 eo
1999 5826 2185 5874 secuta
2231 5826 2316 5876 est
2356 5835 2505 5878 mors
2560 5819 2998 5878 innocentissimi
3053 5828 3110 5876 et
3152 5819 3485 5875 sanctissimi
