4044 6190
640 305 781 367 1085

1697 298 1979 358 JOANNIS
2016 296 2327 359 CASSIANI
2366 298 2856 358 COLLATIONES.

3818 295 3936 357 ηε
4002 100 4011 413 l

640 418 878 473 tissimus
913 413 1280 472 Pmcunoris
1321 412 1536 470 Domini
1588 416 1799 471 exstitit
1842 416 2222 484 interemptor,
2251 417 2306 478 Α
2332 415 2559 481 reversi,
2584 431 2689 471 non
2739 416 2915 471 solum
2950 426 3051 470 nos
3094 414 3162 470 ab
3189 413 3294 471 hoc
3321 422 3429 470 tam
3472 411 3703 469 sublimi
3736 429 3925 485 prapo-

638 522 882 578 vanoque
909 508 1104 563 timore
1127 507 1372 577 perjurii,
1405 506 1740 563 damnationi
1771 510 2122 576 semetipsum
2155 515 2230 561 at-

632 615 735 669 que
784 598 1066 668 suppliciis
1123 609 1398 668 perpetuas
1451 601 1641 655 mortis
1698 601 1965 656 immersit
2005 599 2222 672 (Matth.

634 688 765 760 xiv).
795 689 1040 744 Primum
1070 689 1274 746 etenim
1306 700 1391 747 est
1427 694 1632 761 optima
1670 701 1911 747 statuere
1938 710 1953 747 :
1984 692 2129 761 quod
2168 699 2225 745 et

633 782 681 835 si
712 782 871 836 aliter
893 783 1143 847 cesserit,
1174 797 1405 852 sequens
1434 784 1592 838 estin
1622 784 1818 838 melius
1845 798 1905 838 ea
1937 799 2056 853 quze
2093 790 2225 837 sunt

638 883 837 929 statuta
884 885 1119 943 mutare,
1171 874 1710 946 ordinationibusque
1754 876 1961 931 nostris
1992 876 2103 945 jam
2136 875 2223 945 ja-

637 967 905 1031 ccnlibus,
946 978 1003 1021 ut
1032 968 1106 1021 ita
1148 966 1397 1031 dixerim,
1429 982 1645 1022 manum
1680 968 2069 1038 dexteramque
2098 983 2225 1037 por-

639 1064 835 1131 rigere.
864 1062 965 1119 Ubi
992 1062 1249 1132 principia
1280 1062 1485 1116 consilii
1520 1077 1627 1116 non
1654 1062 2045 1131 approbantur,
2086 1077 2221 1131 pru-

638 1156 816 1211 dentia
848 1164 951 1219 est,
995 1163 1049 1208 ut
1077 1154 1188 1208 utili
1219 1153 1398 1208 addita
1427 1154 1737 1222 provisione
1771 1160 2111 1222 reparentur.
2165 1151 2223 1208 Si

637 1247 905 1302 claudicat
940 1244 1006 1299 ad
1037 1245 1207 1315 prima
1238 1252 1434 1299 statuta
1463 1243 1770 1314 dispositio,
1804 1242 2127 1298 adhibeatur
2153 1242 2223 1298 ad

636 1338 872 1394 secunda
896 1337 1185 1393 correctio.
1231 1336 1289 1391 in
1316 1335 1567 1390 omnibus
1594 1350 1728 1404 ergo
1755 1336 1920 1389 rebus
1968 1332 2224 1389 conside-

634 1429 840 1485 randus
882 1438 966 1483 est
1006 1429 1151 1495 ﬁnis,
1188 1438 1245 1483 et
1272 1428 1571 1483 secundum
1601 1443 1724 1483 eum
1756 1428 2022 1497 propositi
2052 1427 2222 1481 nostri

635 1522 945 1592 dirigendus
978 1528 1061 1575 est
1081 1535 1271 1575 cursus
1295 1536 1310 1585 ;
1339 1534 1500 1591 quem
1533 1520 1601 1587 si,
1629 1519 2051 1587 superveniente
2078 1517 2224 1572 salu-

635 1613 820 1669 briore
847 1612 1097 1679 consilio,
1131 1611 1199 1666 ad
1226 1611 1553 1666 deteriorem
1579 1618 1788 1680 partem
1812 1625 2040 1681 vergere
2066 1609 2221 1665 vide-

636 1706 830 1771 rimus,
851 1706 1052 1761 rectius
1077 1715 1181 1771 est,
1209 1704 1510 1774 incongrua
1532 1704 1924 1759 constitutione
1943 1705 2217 1771 submota,

2332 508 2436 563 sitn
2460 509 2798 577 relapsuros,
2825 509 2918 564 sed
2946 510 3131 574 etiam,
3165 524 3263 579 pro
3285 508 3672 563 mediocritate
3700 523 3914 564 conver

2329 601 2553 655 sationis
2585 602 2752 667 illius,
2781 602 2963 657 multis
2990 611 3205 658 certum
3234 609 3321 657 est
3338 600 3650 670 dispendiis
3672 603 3927 673 quatien-

2328 690 2449 746 dos.
2483 692 2682 746 Verum
2713 692 2841 746 illud
2872 707 2971 747 nos
2991 693 3367 763 evangelicum
3399 694 3729 748 mandatum
3764 697 3929 751 vehe-

2328 792 2539 839 menter
2561 783 2853 850 absterret,
2876 794 2901 821 ι
2922 784 3003 839 Sit
3029 801 3195 839 sermo
3215 794 3396 850 vester,
3427 792 3503 839 est
3529 795 3629 849 est,
3656 802 3777 840 non
3802 804 3932 841 non:

2326 877 2464 946 quod
2487 886 2658 929 autem
2678 875 2759 929 his
2786 877 3134 930 abundantius
3158 884 3256 940 est,
3281 892 3313 929 a
3338 876 3476 930 malo
3496 885 3572 930 est
3600 876 3846 947 (Matth.
3865 894 3932 931 Vi.

2324 968 2608 1027 Credimus
2623 968 2767 1025 enim
2798 970 2928 1023 tanti
2958 968 3452 1039 transgressionem
3485 971 3760 1039 praecepti
3790 970 3932 1024 nulla

2326 1077 2485 1133 posse
2510 1062 2852 1131 compensari
2873 1061 3111 1131 justitia,
3141 1076 3242 1117 nec
3269 1062 3323 1116 in
3350 1063 3613 1117 extremis
3640 1072 3812 1119 recte
3852 1078 3934 1119 ce-

2326 1154 2476 1223 dere,
2508 1154 2651 1225 quod
2674 1154 2817 1210 malo
2840 1154 2997 1210 initio
3027 1154 3197 1210 semel
3228 1154 3393 1211 fuerit
3430 1153 3786 1211 inchoatum.

2939 1265 3171 1324 CAPUT
3206 1266 3302 1322 XI.

2326 1360 2644 1433 Responsio,
2683 1360 2822 1431 quod
2860 1361 3183 1434 propositum
3210 1360 3462 1434 gerentis,
3489 1376 3591 1416 non
3627 1362 3844 1434 negotii
3870 1364 3934 1417 sit

2788 1431 3192 1486 considerandus
3218 1431 3450 1499 effectus.

2394 1523 2594 1591 Joseph
2626 1541 2641 1579 :
2674 1524 2731 1578 In
2772 1522 3054 1589 omnibus,
3094 1531 3153 1577 ut
3197 1523 3461 1589 diximus,
3511 1524 3708 1589 causis,
3743 1523 3779 1563 ιι
3823 1540 3932 1580 non

2326 1630 2613 1684 processus
2642 1615 2845 1687 operis,
2877 1613 2973 1669 sed
3003 1614 3252 1669 voluntas
3281 1615 3558 1685 operantis
3584 1624 3668 1670 est
3696 1617 3935 1671 intuen-

2326 1708 2423 1777 da,
2456 1723 2556 1763 nec
2584 1708 2762 1764 statim
2793 1706 2912 1777 quis
2942 1705 3069 1776 quid
3097 1707 3297 1776 egerit,
3327 1705 3421 1761 sed
3450 1722 3559 1775 quo
3586 1714 3714 1762 voto
3743 1709 3934 1779 egerit

638 1798 704 1853 ad
729 1798 1006 1853 meliorem
1041 1798 1276 1853 transire
1301 1799 1647 1864 sententiam,
1673 1813 1833 1868 quam
1856 1799 2071 1852 statutis
2097 1813 2219 1867 per-
2251 1805 2299 1866 Β
2329 1800 2729 1869 inquirendum,
2763 1799 2837 1853 ita
2870 1808 2924 1852 ut
2953 1798 3240 1853 nonnullos
3268 1813 3366 1868 pro
3397 1798 3482 1853 his
3512 1800 3670 1854 lactis
3698 1799 3772 1854 de
3796 1800 3932 1869 qui-

639 1891 886 1946 tinaciter
929 1889 1264 1955 inhzereudo,
1308 1892 1546 1961 peccatis
1572 1890 1917 1960 gravioribus
1962 1890 2217 1961 obligari.

1278 2003 1502 2061 CAPUT
1539 2003 1609 2058 Χ.

639 2094 986 2167 Interrogatio
1018 2104 1193 2150 nostra
1221 2096 1284 2149 de
1310 2105 1448 2178 metu
1476 2095 1702 2176 prwbitte
1724 2095 1777 2149 in
1802 2091 2027 2149 cmnobio
2050 2093 2222 2165 Syria:

1275 2183 1585 2236 sponsionts.

705 2259 1051 2317 Germanus:
1084 2260 1353 2328 Quantum
1403 2267 1614 2328 spectat
1651 2258 1719 2313 ad
1746 2257 2073 2313 desiderium
2114 2273 2219 2312 no-

635 2360 810 2407 strum
843 2353 987 2423 quod
1020 2369 1049 2406 a
1080 2355 1237 2408 nobis
1267 2368 1363 2422 pro
1392 2352 1650 2421 spiritalis
1687 2352 1958 2406 commodi
1992 2349 2221 2405 utilitate

635 2456 946 2513 susceptum
996 2453 1104 2510 est,
1155 2455 1466 2515 Optaremus
1517 2442 1773 2498 aediﬁcari
1803 2444 1966 2498 vestri
1992 2443 2222 2512 jugitate

635 2538 916 2594 consortii.
942 2536 1001 2593 Si
1030 2537 1174 2591 enim
1216 2536 1285 2590 ad
1311 2526 1618 2591 ctetiobium
1668 2544 1917 2591 nostrum
1958 2534 2220 2591 fuerimus

2328 1892 2430 1945 bus
2460 1891 2598 1947 bona
2630 1901 2811 1960 poswa
2846 1898 2963 1943 orta
3004 1897 3130 1943 sunt
3175 1890 3515 1959 reperiamus
3553 1891 3724 1947 fuisse
3762 1893 3931 1945 dam-

2327 1991 2526 2047 natos,
2568 1989 2621 2035 et
2666 1979 2972 2035 econtrario
3016 1980 3281 2051 quosdam
3323 1996 3420 2051 per
3457 1982 3932 2051 reprehensibiles

2327 2084 2479 2129 actus
2519 2074 2584 2128 ad
2626 2088 2891 2127 summam
2938 2077 3247 2142 pervenisse
3289 2074 3572 2144 justitiam.
3613 2076 3679 2133 Et
3707 2092 3817 2133 nec
3854 2078 3931 2131 illi

2330 2167 2474 2221 utilis
2503 2181 2683 2221 rerum
2730 2170 2914 2221 exitus
2945 2164 3180 2237 profuit,
3220 2166 3314 2237 qui
3358 2167 3593 2237 pessimo
3633 2183 3933 2239 regressus

2330 2260 2643 2329 proposito,
2678 2274 2784 2314 non
2818 2260 2962 2314 illam
3003 2274 3125 2328 quas
3153 2258 3440 2315 subsecuta
3479 2270 3563 2315 est
3590 2262 3929 2327 utilitatem,

2329 2352 2422 2405 sed
2460 2351 2713 2422 quiddam
2760 2354 3090 2407 contrarium
3134 2352 3307 2407 voluit
3350 2354 3591 2423 operari;
3637 2370 3738 2409 nec
3798 2354 3933 2409 huic

2331 2444 2512 2497 nocuit
2542 2443 3040 2513 reprehensibiliter
3062 2442 3368 2509 inchoasse,
3398 2445 3486 2514 qui
3514 2460 3621 2499 non
3652 2461 3756 2515 pro
3792 2462 3932 2501 con-

2335 2543 2539 2605 temptu
2570 2536 2696 2604 Dei,
2729 2552 2831 2593 nec
2873 2535 3223 2607 delinquendi
3255 2535 3553 2606 proposito,
3581 2536 3679 2591 sed
3707 2552 3936 2595 neces-

1706 2683 1959 2740 ALARDI
1998 2685 2233 2743 GAZAEI
2272 2686 2842 2747 COMMENTARIUS.

635 2802 940 2871 Prophetu,
987 2813 1115 2871 quo,
1161 2799 1327 2854 etiam
1371 2808 1508 2855 teste
1551 2799 1817 2864 Veritate,
1870 2801 2010 2857 inter
2060 2811 2217 2857 natos

643 2870 927 2926 mulierum
956 2870 1129 2939 major
1153 2886 1314 2927 nemo
1336 2884 1667 2926 surrexerat.
1690 2872 1753 2924 '20
1782 2872 2023 2927 Herodes
2049 2874 2218 2929 [uetus

636 2954 718 2998 est
750 2960 875 2997 reus
901 2943 1229 2997 atrocissimi
1264 2942 1536 2997 homicidii
1568 2960 1579 2994 :
1612 2945 1780 2998 satius
1810 2944 1954 2999 enim
1982 2957 2097 3001 erat
2131 2947 2217 2999 hic

638 3015 880 3083 peierare
932 3028 1090 3082 quam
1146 3014 1512 3078 juramentum
1558 3024 1837 3080 praestare.
1895 3016 1989 3069 Est
2038 3026 2219 3070 contra

638 3087 880 3155 ofﬁciunt,
916 3083 1086 3150 inquit
1117 3085 1179 3139 Β.
1205 3084 1524 3140 Ambrosius
1552 3084 1689 3157 (Lib.
1718 3102 1734 3141 ι
1766 3088 1829 3139 de
1858 3086 2003 3157 Ofﬁc.
2029 3104 2074 3141 c.
2096 3088 2213 3155 50),

640 3170 1019 3224 nonnumquam
1044 3157 1235 3209 solvere
1267 3158 1599 3221 promissum,
1635 3170 2016 3211 sacramentum
2045 3170 2216 3211 custo-

2327 2804 2513 2879 phetaa,
2565 2813 2619 2857 ut
2660 2805 2841 2879 habeat
2886 2807 2950 2879 in
2986 2813 3234 2877 potestate
3279 2807 3508 2875 linguam
3544 2822 3659 2879 qua
3696 2807 3935 2864 illicitas

2328 2875 2535 2945 nuptias
2582 2877 2864 2948 arguebat?
2911 2875 3037 2933 Hmc
3078 2879 3139 2932 ἰ).
3183 2875 3567 2948 Hieronymus.
3609 2880 3698 2933 Est
3742 2895 3932 2948 porro

2332 2946 2724 3019 advertendum
2773 2948 2914 3017 quod
2958 2948 3057 3003 hoc
3088 2946 3399 3019 exemplum
3424 2950 3650 3005 Herodis
3680 2946 3925 3019 prseter-

2329 3016 2476 3092 misit
2521 3016 2810 3092 Dionysius
2836 3016 3436 3092 Paraplirastes,'quam
3466 3022 3538 3075 ob
3569 3016 3793 3076 causam
3829 3038 3931 3077 ne-

2327 3088 2466 3162 scio,
2488 3089 2587 3162 nisi
2615 3089 2753 3162 forte
2780 3090 2925 3162 (quia
2953 3090 3019 3143 de
3042 3088 3350 3161 juramenio
3375 3093 3656 3162 agebatur)
3688 3108 3760 3147 ne
3802 3109 3935 3161 per-

2322 3157 2474 3230 jurio
2493 3159 2575 3213 vel
2613 3161 2665 3213 in
2695 3157 2932 3230 speciem
2967 3157 3151 3217 favere
3173 3157 3472 3217 videretu'r.
3502 3167 3573 3217 At
3601 3157 3831 3217 constat
3870 3164 3937 3217 il-

640 3227 770 3293 dire,
802 3236 855 3278 ut
889 3224 1148 3292 Herodes,
1192 3226 1501 3349 quié'uravit
1529 3230 1775 3298 quoniam
1818 3229 2065 3296 quidquid
2092 3229 2223 3295 peti-
2248 3225 2295 3288 C
2326 3224 2419 3281 lud
2454 3224 2826 3295 jttramenium
2868 3231 2934 3283 ad
2979 3247 3092 3286 rem
3137 3232 3381 3287 illicitam
3431 3234 3734 3288 nullatenus
3798 3235 3936 3288 obli-

642 3307 749 3349 tum
778 3308 927 3349 esset.
957 3297 1101 3349 daret
1132 3297 1254 3349 ﬁlia:
1343 3297 1635 3349 erodiadis:
1666 3309 1714 3349 et
1758 3314 1929 3349 necent
1958 3299 2217 3349 nrwstitit.
2334 3312 2511 3349 casse.
2542 3308 2596 3349 et
2623 3302 2803 3349 nntius
2835 3300 3055 3349 neriurii
3086 3304 3292 3349 crimen
3324 3303 3620 3349 admissum
3648 3303 3837 3349 fuisse
3873 3306 3936 3349 il-

642 3307 749 3349 tum
778 3308 927 3357 esset,
957 3297 1101 3349 daret
1130 3297 1254 3362 ﬁlia?
1286 3297 1333 3349 Η
1343 3297 1635 3364 erodiadis;
1666 3309 1714 3351 et
1758 3314 1929 3351 necent
1958 3299 2217 3367 prwstitit,

638 3384 699 3420 ne
733 3368 1042 3439 promissum
1066 3378 1296 3439 negaret.
1330 3369 1418 3423 Sic
1447 3368 1653 3436 Jeplttae
1679 3369 1860 3439 melius
1889 3366 2057 3439 fuerat
2087 3366 2224 3439 nihil

641 3436 743 3490 tale
774 3438 1088 3509 promittere,
1113 3436 1267 3509 quam
1286 3441 1591 3509 promissum
1614 3438 1894 3509 parricidio
1916 3436 2129 3509 solvere.
2164 3436 2227 3489 Et

640 3503 976 3571 Augustinus
1003 3503 1199 3577 (Serm.
1228 3503 1296 3563 11⁷
1324 3511 1386 3561 de
1424 3503 1647 3574 Sanctis)
1673 3524 1684 3557 :
1708 3505 1940 3577 Herodes
1968 3520 2029 3577 n_e
2064 3503 2224 3577 Deum

641 3578 920 3645 o/Tendcret
942 3574 1246 3650 pejerando,
1267 3579 1427 3650 Deum
1449 3577 1660 3650 o/[endit
1680 3576 1954 3650 serviendo.
1977 3574 2045 3626 Et
2064 3576 2223 3641 paulo

640 3660 759 3716 post
799 3646 1015 3717 subjicii
1047 3652 1348 3719 exemplum
1391 3647 1613 3719 Davidis
1642 3647 1783 3719 regis
1808 3686 1823 3711 ,
1848 3646 1936 3713 qui
1980 3658 2101 3719 cum
2147 3654 2225 3719 te_-

531 3779 543 3792 ,
640 3714 788 3775 inere
822 3714 1060 3790 jurasset
1097 3738 1158 3775 se
1206 3714 1512 3775 occisurum
1570 3714 1759 3792 Nabal,
1799 3715 2014 3771 exorari
2057 3729 2119 3769 se
2157 3716 2226 3771 ab

643 3785 855 3862 Abigail
888 3808 1056 3862 uxore
1094 3791 1212 3860 ejus
1240 3803 1428 3862 passus
1453 3796 1561 3849 est,
1594 3801 1663 3841 ne
1689 3785 2059 3862 juramentu‘m
2083 3802 2226 3862 prte-

639 3857 809 3916 stari:t
835 3880 848 3916 :
876 3857 1335 3929 Iuravit,'inquit,
1371 3868 1561 3912 temere
1592 3874 1609 3911 :
1638 3859 1728 3912 sed
1752 3875 1853 3912 non
1881 3857 2115 3929 implevit
2134 3860 2229 3926 ju-

640 3936 891 4006 rationem
905 3928 1120 4006 _majo_r_e
1157 3932 1347 4006 piet_ate
1371 3945 1396 4006 :_
1418 3928 1578 4006 imm‘o
1607 3931 1801 4006 gratias
1836 3946 1894 4006 ea
1922 3928 1989 4006 de
2025 3947 2084 4006 re
2119 3931 2227 4006 egit

638 4004 816 4059 dicens
846 4020 864 4058 :
897 3999 1206 4058 Benedictus
1240 3999 1494 4055 Dominus
1520 3999 1661 4056 Deus
1694 4000 1883 4065 Israel,
1902 4002 1990 4071 qui
2016 3999 2162 4054 misit
2180 4010 2230 4057 te

640 4076 792 4130 hodie
817 4076 869 4129 in
902 4090 1167 4128 occursum
1195 4089 1394 4138 meum;
1426 4082 1474 4126 et
1504 4072 1770 4128 benedicta
1807 4080 1884 4137 tu,
1908 4087 2023 4139 quae
2050 4073 2229 4140 pro/ti-

639 4149 792 4201 buisti
823 4162 900 4198 me
930 4146 1105 4212 hodie,
1144 4159 1207 4197 ne
1246 4145 1372 4197 irem
1416 4143 1485 4197 ad
1524 4144 1925 4213 sanguinempet
1955 4140 2227 4213 ulciscerer

640 4234 718 4270 me
764 4232 919 4268 manu
965 4210 1100 4270 mea.
1131 4216 1189 4272 5⁸
1227 4215 1339 4271 [lea
1379 4229 1592 4283 quoque
1626 4210 1918 4283 homicidii
1952 4210 2091 4263 laeta
2142 4220 2227 4283 est

639 4287 752 4352 ipsa
786 4283 1048 4339 Herodius
1076 4296 1250 4339 mater
1272 4280 1554 4347 eum'ﬁlia,
1590 4283 1712 4351 quia
1746 4295 1841 4349 per
1870 4280 2040 4352 ipsam
2071 4280 2225 4347 petiit

639 4349 795 4421 caput
826 4355 1089 4419 Joannis;
1140 4358 1307 4408 immo
1342 4367 1530 4407 omnes
1559 4349 1820 4417 convivm,
1842 4349 1977 4421 quia
2018 4358 2226 4419 propter

2334 3312 2511 3369 gasse,
2542 3308 2596 3351 et
2623 3302 2803 3369 potius
2835 3300 3056 3369 perjurii
3086 3304 3292 3357 crimen
3324 3303 3620 3358 admissum
3647 3303 3837 3359 fuisse
3873 3306 3938 3358 il-

2332 3367 2421 3418 lud
2471 3367 3010 3436 exsequendo‘quam
3041 3370 3233 3424 fuisset
3277 3373 3603 3435 omittendo,
3650 3382 3705 3428 ut
3756 3376 3937 3429 modo

2328 3437 2531 3514 dictum
2562 3444 2673 3515 est;
2724 3446 2779 3490 et
2820 3439 2979 3515 longe
3022 3439 3168 3515 aliud
3200 3450 3285 3515 est
3326 3443 3542 3497 mentiri
3573 3444 3665 3515 (de
3694 3460 3823 3513 quo
3855 3448 3936 3500 hic

2328 3503 2611 3577 qumritur)
2639 3515 2695 3558 et
2723 3503 3048 3577 promissum
3074 3508 3188 3561 sive
3208 3503 3591 3577 juramentum‘
3614 3503 3935 3573 retractare

2325 3583 2417 3627 aut
2447 3574 2675 3644 violare,
2706 3588 2762 3629 ut
2794 3590 2861 3630 ex
2887 3576 3045 3631 dictis
3076 3574 3241 3644 patet.

2398 3652 2424 3681 ι
2457 3642 2546 3724 Sic
2579 3644 2653 3698 illi
2696 3647 2862 3724 verba
2901 3642 3103 3724 Christi
3145 3647 3287 3724 apud
3314 3648 3657 3724 Matthmum,
3680 3651 3749 3706 de
3812 3671 3933 3724 ιιιίι⁴

2326 3716 2510 3788 missis
2556 3716 2878 3788 praestaudis
2924 3716 3464 3787 interpretabantur,
3506 3722 3665 3788 quasi
3722 3716 3932 3780 Sensus

2327 3786 2401 3864 sit
2433 3804 2447 3840 :
2481 3786 2624 3854 quod
2650 3802 2744 3842 vos
2759 3786 3098 3864 promisistis
3121 3788 3381 3864 facturos,
3405 3786 3599 3864 facite;
3632 3795 3788 3864 quod
3822 3814 3927 3851 non

2327 3856 2593 3933 [acturos,
2636 3873 2705 3933 ne
2745 3858 2959 3933 facile;
2988 3862 3262 3933 quomodo
3304 3862 3468 3933 etiam
3510 3856 3752 3933 loquitur
3812 3868 3925 3922 div.

2330 3927 2533 3983 Paulus
2575 3944 2611 3982 ιι
2641 3931 2709 4003 ad
2734 3929 2984 4003 Corinth.
3015 3945 3033 3983 ι
3065 3947 3078 3982 :
3105 3929 3375 4002 Numquid
3401 3927 3601 3988 levitate
3628 3951 3746 3989 usus
3780 3954 3921 4003 sum,

2329 4009 2419 4051 aut
2444 4015 2557 4069 quin
2581 4002 2769 4072 cogito,
2796 4001 3076 4074 secundum
3119 4001 3323 4074 carnem
3363 4003 3550 4073 cogito,
3599 4018 3654 4058 ut
3680 4006 3741 4059 sit
3768 4001 3922 4074 apud

2328 4086 2428 4133 me,
2468 4079 2566 4143 est,
2594 4068 2813 4143 etnon?
2843 4068 3043 4143 idelis
3071 4081 3247 4125 autent
3279 4068 3443 4140 Deus;
3470 4076 3589 4143 quia
3615 4092 3779 4129 sermo
3812 4068 3921 4130 ’νιος

2327 4153 2453 4206 ster,
2478 4140 2567 4209 qui
2596 4140 2694 4209 fuit
2714 4142 2855 4207 apud
2888 4156 2994 4208 vos,
3023 4156 3124 4193 non
3152 4150 3226 4195 est
3253 4143 3307 4196 in
3334 4144 3449 4210 illo,
3478 4140 3569 4211 est,
3599 4156 3648 4199 et
3687 4163 3809 4199 non.
3846 4150 3917 4202 At

2326 4215 2579 4277 proprius
2623 4220 2676 4263 et
2704 4225 2999 4278 germanus
3042 4226 3237 4267 sensus
3267 4215 3556 4270 verborum
3594 4216 3792 4271 Christi
3829 4229 3917 4272 est

2325 4278 2394 4332 de
2435 4293 2537 4359 non
2568 4280 2824 4359 jurando,
2854 4280 2958 4359 hoc
2989 4290 3095 4347 est,
3138 4292 3195 4359 ut
3237 4283 3305 4359 ab
3345 4284 3492 4340 omni
3539 4287 3721 4359 specie
3760 4287 3919 4355 jura-

2326 4353 2494 4402 menti
2534 4358 2685 4403 extra
2701 4353 3094 4424 necessitatem
3138 4354 3515 4411 abstineamus
3536 4375 3550 4415 :
3570 4353 3645 4412 ἐι
3673 4353 3913 4424 simplici

634 4420 721 4479 eos
745 4425 831 4491 qui
860 4423 1053 4491 pariter
1078 4423 1437 4476 accumbebant
1459 4461 1473 4487 ,
1508 4422 1679 4496 inquit
1707 4420 2025 4496 Matthteus,
2049 4420 2223 4475 voluit.
2323 4432 2581 4474 sermone
2609 4461 2624 4486 ,
2670 4420 2902 4491 simplici
2936 4422 3302 4496 afﬁrmatione
3338 4435 3432 4480 aut
3478 4428 3759 4496 negatione
3784 4420 3917 4481 uta-

640 4511 733 4550 rex
760 4496 1122 4565 juramentum
1173 4507 1329 4545 suum
1371 4494 1574 4565 servari
1604 4502 1662 4565 et
1687 4491 2021 4565 exsecutioni
2061 4505 2219 4545 man-
2325 4504 2462 4553 mur,
2487 4499 2671 4565 (prout
2700 4496 2904 4565 veritas
2931 4508 2991 4548 se
3032 4495 3210 4549 habet.
3241 4496 3395 4563 Quod
3436 4498 3479 4551 si
3518 4491 3815 4564 pieniorcm
3853 4508 3917 4553 et

636 4562 774 4620 dari;
810 4563 987 4645 voluit
1015 4578 1165 4633 ergo,
1206 4571 1263 4616 ut
1287 4570 1438 4643 notat
1468 4562 1578 4653 di'v.
1603 4562 1962 4645 iiieronymus
1986 4563 2037 4615 in
2066 4575 2215 4653 cotu-
2240 4591 2296 4653 Ι)
2326 4562 2653 4653 essetiorem
2685 4564 2803 4653 ejus
2848 4566 3132 4647 sententiae
3174 4562 3579 4653 explicationem
3599 4567 3914 4653 Irequiras,

636 4635 926 4700 mentario,
960 4631 1131 4689 omnis
1166 4633 1406 4704 conuiuas
1435 4631 1641 4687 sceleris
1668 4634 1750 4686 sui
1795 4631 1902 4686 esse
1928 4641 2210 4688 camertes.
2240 4631 2294 4653 ν
2324 4631 2463 4695 vide,
2482 4642 2682 4702 praeter
2712 4635 2847 4688 alios
2876 4634 3223 4704 interpretes,
3246 4631 3577 4694 decretalem
3599 4631 3911 4695 innocentii

633 4707 696 4761 4ο
730 4704 1096 4777 Spectaculum
1152 4702 1435 4777 ambitum
1490 4713 1605 4769 est,
1657 4704 1828 4773 inquit
1867 4704 2210 4777 Ambrosius,
2319 4705 2464 4777 tertii
2495 4706 2561 4777 de
2587 4705 2949 4777 Jurejurando
2997 4702 3137 4775 (Lib.
3170 4723 3208 4762 ιι
3240 4708 3522 4777 DecretaL,
3547 4710 3626 4763 tit.
3655 4709 3716 4762 de
3745 4706 3910 4762 Jure-

633 4774 783 4849 quod
796 4777 949 4831 etiam
972 4792 1148 4831 omnes
1178 4774 1385 4829 barbari
1414 4776 1623 4829 horrere
1651 4785 2039 4849 consueuerunt.
2068 4774 2217 4829 Inter
2310 4774 2564 4843 jurando,
2596 4792 2711 4849 cap.
2746 4775 2865 4849 Etsi,
2887 4774 3163 4849 Christus),
3198 4794 3303 4849 qua
3334 4796 3441 4834 non
3487 4774 3663 4834 minus
3689 4781 3907 4837 erudite

633 4845 814 4915 epulas
845 4856 993 4915 atque
1022 4848 1253 4901 convivia
1292 4846 1711 4900 consummandw
1739 4845 2057 4918 crudelitatis
2097 4861 2217 4914 pro-
2320 4860 2480 4918 quam
2526 4845 2811 4918 perspicue
2837 4848 2997 4902 docet
3032 4845 3297 4918 quatenus
3339 4851 3544 4906 homini
3593 4850 3907 4907 Chrisnano

632 4918 795 4987 fertur
815 4918 1056 4991 edictum.
1101 4920 1220 4972 Eta
1246 4919 1478 4991 convivio
1504 4918 1572 4991 ad
1609 4932 1883 4991 carcerem,
1914 4916 1977 4991 de
2015 4931 2219 4991 carcere
2318 4915 2504 4983 jurare
2536 4916 2695 4991 liceat
2743 4927 2836 4991 aut
2860 4934 2991 4991 ⁸ιιοιι
3038 4915 3227 4991 liceat;
3270 4921 3429 4991 cujus
3460 4933 3667 4990 partem
3700 4932 3905 4988 postre-

632 4992 701 5063 ad
745 4989 1027 5045 convivium
1065 4990 1245 5059 feralis
1274 4990 1464 5059 ﬂagitii
1502 4987 2215 5063 circumtertunobsequium.
2324 5002 2487 5063 tuam,
2511 4988 2625 5063 sive
2654 4989 3084 5063 coronidem,_ad
3115 4987 3401 5061 religiosos
3431 4987 3768 5063 spectantem
3801 4992 3901 5047 ha-

634 5062 842 5126 Quanta
862 5063 913 5113 in
946 5055 1309 5130 uno-facinore
1338 5055 1453 5130 sunt
1482 5055 1732 5112 crimina!
1753 5057 1832 5130 (Et
1864 5058 1922 5113 S.
1955 5059 2213 5130 lljcrony-
2324 5055 2419 5130 be_s
2450 5056 2678 5130 inferius,
2704 5060 2921 5113 citatam
2945 5060 3194 5130 (Adfap.
3221 5055 3342 5130 '27).

628 5125 748 5189 mus
797 5135 848 5187 in
898 5125 1293 5204 commentario
1338 5147 1351 5183 :
1398 5129 1669 5204 Legimus,
1715 5129 1820 5195 ait,
1866 5130 1921 5183 in
1958 5125 2214 5204 ΔΙίοηιαίιιι
2388 5125 2416 5164 δ
2446 5127 2751 5204 Alibi_aliis
2781 5125 2960 5204 verbis
3001 5125 3223 5201 (Collat.
3278 5125 3341 5187 1'6
3388 5150 3506 5204 cap.
3550 5133 3648 5204 18)
3684 5151 3698 5189 :
3737 5135 3895 5201 Quasi

633 5205 847 5276 historia
901 5202 1214 5256 Flaminium
1246 5205 1431 5276 durem
1481 5201 1789 5265 Romanum,
1829 5200 1971 5276 quod
1997 5214 2214 5276 accurrt-
2315 5214 2435 5276 vero
2475 5200 2619 5268 apud
2652 5199 2825 5276 Deum
2853 5199 3017 5276 verba
3042 5204 3395 5259 tantummodo
3431 5199 3488 5276 et
3509 5221 3611 5258 non
3629 5199 3897 5276 'prwcrpue

630 5272 767 5327 benti
786 5279 943 5347 juxta
969 5290 1023 5327 se
1052 5273 1390 5347 meretricula:
1413 5288 1528 5337 qua:
1555 5286 1830 5347 numquam
1848 5287 1903 5323 se
1924 5270 2110 5323 vidisse
2132 5270 2212 5347 di-
2314 5269 2551 5347 voluntas
2577 5282 2781 5324 vocetur
2809 5273 2862 5326 in
2897 5274 3126 5344 culpam,
3162 5284 3217 5347 et
3247 5291 3375 5345 opus
3404 5274 3579 5347 solum
3605 5269 3819 5347 peccati.
3850 5285 3897 5328 et

625 5355 758 5398 ceret
786 5340 1044 5397 hominem
1073 5344 1406 5410 decollatum,
1452 5340 1695 5395 assensus
1728 5342 1817 5406 sit,
1861 5351 1917 5393 ut
1946 5356 2065 5394 reus
2096 5340 2211 5409 qui-
2314 5356 2421 5393 non
2464 5343 2621 5394 etiam
2651 5350 2824 5396 votum
2859 5360 2919 5397 ac
2963 5340 3288 5411 propositum
3325 5346 3578 5400 habeatur
3605 5340 3677 5400 'in
3728 5347 3895 5398 crimi-

627 5416 747 5487 dam
775 5414 1013 5487 capitalis
1046 5415 1274 5487 criminis
1308 5414 1359 5467 in
1392 5414 1621 5487 conuiuio
1659 5420 2005 5487 truncaretur,
2042 5428 2072 5462 a
2102 5426 2215 5487 cen-
2316 5426 2398 5475 ne,
2440 5421 2546 5487 etc.
2597 5412 2663 5487 Et
2693 5412 2829 5468 infra
2864 5432 2875 5465 :
2919 5413 3149 5487 A/fectus
3191 5417 3327 5469 enim
3372 5417 3605 5487 peccati,
3638 5433 3740 5470 non
3770 5413 3895 5487 ordo

624 5486 823 5539 soribus
855 5482 1059 5549 pulsum
1090 5486 1255 5549 curia,
1284 5484 1420 5558 quod
1452 5482 1629 5558 epulas
1650 5484 1899 5558 sanguini
1925 5482 2203 5558 miscuerit,
2314 5483 2727 5558 considerandus
2752 5494 2838 5558 est
2875 5486 3115 5558 admissi.
3140 5487 3231 5541 Sic
3260 5488 3356 5543 ibi.
3402 5487 3470 5542 Et
3504 5482 3605 5542 hoc
3642 5496 3729 5542 est
3755 5484 3889 5558 quod

620 5566 666 5612 et
698 5565 908 5609 mortem
944 5558 1178 5625 quamvis
1214 5552 1355 5609 mn
1394 5554 1632 5619 hominis,
1667 5555 1720 5607 in
1753 5552 1966 5625 alterius
1991 5552 2205 5625 delicias

616 5627 933 5697 prastiterit,
957 5623 1029 5679 ‘ut
1062 5627 1219 5680 libido
1262 5626 1675 5697 etﬂhomicidium‘
1702 5624 1891 5697 pariter
1933 5623 2206 5697 misceren-

618 5690 721 5746 iur.
758 5699 963 5758 Quanto
993 5696 1527 5749 sceleratiorHerodes
1549 5704 1596 5747 et
1626 5690 1908 5757 Herodias,
1937 5708 1998 5746 ac
2027 5690 2203 5763 puella

616 5775 734 5823 qua
757 5762 983 5828 saltavit,
1014 5765 1067 5815 in
1100 5766 1320 5830 pretium
1345 5765 1613 5836 sanguinis
1644 5775 1800 5833 caput
1825 5762 2053 5836 postulat
2085 5779 2200 5838 pro-

2308 5553 2468 5629 !ulgo
2494 5554 2697 5629 dicitur
2714 5572 2726 5606 :
2752 5555 3244 5629 Voluntasiltabetur
3265 5575 3363 5629 pro
3386 5559 3546 5629 facta,
3577 5574 3736 5628 supp.
3762 5553 3886 5619 apud

2307 5620 2478 5748 {leum
2509 5634 2565 5679 et
2592 5625 2643 5678 in
2675 5625 2790 5681 foro
2838 5628 3205 5683 conscientiae.
3263 5620 3409 5685 idem
3437 5620 3627 5685 rursus
3645 5620 3858 5693 'iitculca

2336 5709 2395 5748 ur
2425 5708 2541 5748 seu.
2576 5709 2700 5748 can.

2336 5709 2395 5748 ιιι·
2425 5708 2541 5765 seq.
2576 5709 2700 5763 cap.
