4014 6200
17 300 218 365 ιοδῖ
1123 291 1663 367 commouit.

1799 304 1890 361 DE
1932 297 2369 364 DEFINIENDO.
3246 310 3383 378 I058

22 421 201 475 sarii
235 427 302 477 et
331 432 505 477 sancti
537 424 661 478 linis
687 418 916 489 intuitu,
951 417 1490 490 vituperabilisinitii
1520 421 1688 477 susti-
1715 424 1770 487 Α
1795 436 1895 477 nec
1925 421 2031 478 iste
2060 424 2289 479 salutem
2319 423 2502 478 statuit
2530 424 2769 494 operari.
2800 421 2936 480 Illud
2979 424 3122 482 enim
3154 443 3254 498 pro
3290 448 3383 488 re-

24 515 196 569 nuit
230 516 647 572 necessitatem.
1802 512 2096 570 tributione
2118 515 2379 571 mercedis
2397 515 2543 585 ju~te
2568 516 2860 587 unicuique
2884 528 3223 587 repensatur,
3243 524 3387 586 quod

707 625 940 683 CAPUT
977 625 1096 682 χιι,
1798 604 2166 675 principaliter
2209 614 2394 661 mente
2436 606 2789 676 conceperit,
2834 622 2941 664 non
2995 609 3140 679 quod
3192 610 3388 667 exinde

1799 695 1940 751 bene
1988 696 2077 752 vel
2122 696 2265 752 male
2309 706 2497 752 contra
2534 706 2718 753 votum
2764 701 3040 769 operantis
3081 700 3384 757 emerserit.

1798 785 2032 857 Ideoque
2051 787 2385 857 iustissimus
2402 789 2567 859 judex
2599 791 2987 861 excusabilem,
3010 793 3175 848 immo
3202 794 3388 850 lauda-

1799 877 1958 933 bilem
1996 878 2120 934 talis
2153 877 2180 917 δ
2211 872 2484 936 mendacii
2506 883 2715 938 censuit
2744 894 3190 955 praesumptorem
3214 925 3232 953 ,
3263 888 3387 955 quia

1799 970 1915 1025 sine
1945 985 2012 1026 eo
2042 970 2108 1026 ad
2148 971 2583 1030 benedictionem
2616 975 3008 1044 primitivorum
3038 990 3144 1031 non
3176 984 3388 1045 poterat

1800 1065 2105 1134 pervenire.
2141 1076 2163 1104 ο
2196 1065 2307 1121 Nec
2330 1066 2520 1122 debuit
2549 1068 2602 1123 in
2630 1070 2833 1124 crimen
2859 1070 3037 1125 vocari
3069 1069 3209 1139 quod
3237 1068 3383 1123 desi-

1798 1156 1950 1211 derio
1980 1156 2375 1213 benedictionis
2402 1168 2647 1215 exortum
2672 1171 2776 1217 est.
2801 1162 3052 1233 Alioquin
3083 1176 3191 1216 non
3224 1162 3385 1218 modo

1799 1249 2015 1320 iniquus
2054 1250 2108 1306 in
2157 1252 2375 1309 fratrem
2407 1255 2713 1324 patriarcha
2756 1256 3065 1326 prmdictus,
3095 1256 3194 1312 sed
3224 1259 3384 1313 etiam

1797 1342 2194 1402 circumventor
2227 1347 2283 1401 in
2322 1358 2523 1416 patrem
2556 1358 2609 1404 et
2645 1350 2939 1421 sacrilegus
2970 1351 3306 1415 exstitisset,
3337 1351 3382 1405 si

1799 1434 2003 1491 habens
2035 1438 2197 1493 aliam
2230 1440 2371 1494 viam
2409 1455 2510 1510 qua
2552 1440 2620 1496 ad
2657 1441 3051 1498 benedictionis
3081 1442 3225 1497 illius
3254 1458 3383 1513 gra-

1799 1526 1926 1581 tiam
1958 1530 2287 1596 perveniret,
2324 1530 2462 1585 hanc
2505 1546 2625 1601 quae
2660 1531 2813 1587 l‘ratri
2858 1532 3116 1587 damnosa
3148 1542 3292 1588 esset
3320 1547 3382 1587 ac

40 762 241 828 Quod
285 762 410 835 boni
446 769 721 835 proventus
746 762 992 835 malignis
1022 763 1321 817 auctoribus
1348 779 1451 818 non
1480 763 1694 835 profue-

362 832 487 899 rint,
520 848 609 886 nec
636 834 779 887 bonis
805 832 946 886 mala
975 841 1120 903 gesta
1146 835 1432 890 nocuerint.

148 988 235 1044 Et
267 998 329 1042 ttt
363 988 480 1043 haec
512 988 700 1043 eadem
738 987 806 1043 de
842 994 1152 1041 sanctarum
1184 986 1582 1055 Scripturarum
1610 987 1697 1042 di-

48 1080 400 1136 Incidemus
442 1081 737 1151 exemplis,
784 1079 911 1151 quid
961 1078 1233 1134 salubrius
1271 1080 1467 1148 quidve
1510 1082 1696 1137 utilius

56 1175 363 1229 universo
392 1174 514 1229 orbi
544 1174 715 1243 potuit
746 1173 1023 1241 procurari
1055 1186 1217 1241 quam
1252 1172 1543 1228 Dominicae
1574 1189 1699 1241 pas-

59 1266 275 1320 sionis
297 1265 531 1321 salutare
552 1264 884 1320 remedium?
909 1273 934 1301 ⁸
955 1263 1024 1319 Et
1046 1274 1227 1319 tamen
1257 1281 1361 1319 non
1391 1265 1562 1320 solum
1586 1281 1695 1321 non

63 1357 345 1427 proluit,
382 1372 565 1413 verum
598 1358 760 1412 etiam
798 1357 853 1411 in
885 1366 1090 1412 tantum
1125 1357 1202 1411 illi
1244 1356 1418 1411 obfuit
1448 1359 1696 1414 traditori

64 1450 259 1520 cujus
284 1450 583 1505 ministerio
607 1452 863 1520 probatur
892 1451 1193 1519 impletum.
1222 1462 1277 1505 ut
1299 1450 1545 1507 absolute
1575 1468 1699 1519 pro-

68 1542 382 1596 nuntietur
410 1542 477 1595 de
506 1541 619 1609 illo,
650 1539 857 1595 Bonum
892 1552 999 1596 erat
1032 1542 1102 1604 ei,
1133 1542 1178 1595 si
1207 1552 1355 1596 natus
1384 1559 1485 1596 non
1514 1544 1696 1613 [uisset

70 1635 254 1686 homo
299 1634 394 1687 ille
435 1633 652 1703 (Matth.
684 1633 859 1704 xxvr).
898 1633 1014 1688 Non
1059 1633 1205 1688 enim
1255 1635 1553 1689 secundum
1593 1635 1683 1691 hoc

1797 1621 1991 1686 noxia,
2022 1632 2281 1691 expetere
2310 1624 2610 1679 maluisset.
2646 1624 2847 1680 Videtis
2886 1641 3014 1696 ergo
3038 1625 3178 1694 apud
3213 1624 3379 1679 Deum

71 1723 245 1795 quod
278 1724 492 1788 evenit,
519 1723 724 1778 fructus
753 1724 826 1779 illi
856 1733 937 1779 est
965 1724 1045 1778 sui
1073 1725 1253 1792 operis
1282 1727 1649 1793 repensandus
1671 1768 1683 1792 ,

1799 1726 1903 1763 non
1933 1726 2243 1780 processum
2275 1715 2479 1784 operis,
2511 1714 2606 1770 sed
2632 1714 3046 1772 destinationem
3076 1720 3269 1773 mentis
3300 1719 3383 1773 in-

70 1815 194 1869 sed
240 1815 540 1870 secundum
574 1814 626 1868 id
657 1815 795 1883 quod
829 1815 1006 1870 facere
1032 1814 1234 1877 voluit,
1268 1815 1350 1870 vel
1391 1816 1531 1885 quod
1559 1816 1683 1872 ell‘e-

1796 1804 1953 1873 quiri.
2008 1804 2101 1859 llis
2149 1808 2326 1876 itaque
2388 1810 2762 1879 prmstructis,
2817 1818 2876 1864 ut
2924 1810 2991 1865 ad
3049 1814 3379 1882 propositam

74 1916 323 1963 ctutum
353 1920 415 1961 se
445 1920 568 1961 esse
593 1906 838 1961 credidit.
867 1906 934 1961 Et
955 1921 1159 1967 rursus.
1196 1907 1320 1977 quid
1349 1908 1693 1964 criminosius
1795 1898 2146 1966 ‘l'liPS'lonem
2196 1898 2268 1953 οι)
2315 1914 2474 1968 quam
2508 1900 2624 1954 δαῖε
2654 1903 2900 1955 universa
2933 1903 3209 1971 [immissa
3257 1912 3384 1958 ευηῑ

74 2002 231 2055 dolo
257 2010 421 2070 atque
455 2000 763 2061 mendacio,
797 2001 960 2054 etiam
993 2001 1045 2053 in
1076 2011 1415 2063 extraneum,
1451 2016 1517 2056 ne
1546 2002 1695 2058 dixe-
1792 1998 2151 2056 revertamur,
2182 1992 2558 2059 respoodeatis
2587 1990 2713 2045 mihi
2745 1992 2990 2060 primitus
3021 1994 3205 2059 velim,
3228 1996 3384 2065 cujus

80 2092 204 2146 rim
259 2091 313 2145 in
361 2105 683 2161 germanum
737 2100 1007 2159 patremve
1046 2092 1372 2145 commisso?
1412 2094 1475 2146 Et
1513 2103 1693 2150 tamen

78 2200 211 2239 non
244 2183 425 2238 solum
463 2182 666 2237 nullam
697 2198 794 2252 pro
831 2183 917 2237 his
952 2182 1350 2237 damnationem
1383 2192 1477 2238 aut
1512 2199 1697 2255 repre-

78 2278 431 2333 hensionem
460 2276 626 2332 Iacob
656 2277 956 2346 patriarcha
987 2278 1282 2343 contraxit,
1313 2293 1498 2332 verum
1530 2280 1692 2333 etiam

81 2379 365 2441 perpetua
392 2369 783 2424 benedictionis
806 2367 1125 2423 haereditate
1150 2368 1350 2423 ditatus
1372 2379 1455 2423 est
1481 2367 1692 2439 (Cenes.

82 2461 303 2532 xxvn).
336 2459 449 2515 Nec
494 2461 794 2536 immerito,
828 2459 951 2529 quia
1002 2469 1058 2514 et
1112 2459 1215 2515 iste
1263 2460 1695 2516 benedictionem

86 2555 467 2626 primogenita
499 2553 820 2609 destinatam
855 2568 961 2608 non
990 2569 1057 2608 ex
1090 2553 1372 2622 prmsentis
1401 2553 1535 2609 lucri
1563 2568 1691 2608 ava-

87 2650 222 2705 ritia
244 2690 259 2715 ,
291 2649 384 2704 sed
416 2664 484 2703 ex
516 2647 621 2703 lide
648 2648 1093 2702 sanctiﬁcationis
1133 2656 1406 2717 perpetua:
1438 2647 1696 2716 concupi-

91 2742 207 2807 vit;
244 2751 303 2797 et
330 2741 423 2797 ille
451 2756 555 2796 non
588 2740 839 2795 humanae
877 2741 1065 2795 salutis
1093 2741 1337 2807 obtentu,
1366 2741 1458 2796 sed
1488 2741 1692 2809 philar-

90 2834 269 2905 gyria:
300 2832 527 2889 crimine
555 2832 715 2888 morti
744 2832 963 2887 tradidit
986 2833 1224 2887 omnium
1253 2833 1690 2904 Redemptorem.

92 2922 163 2976 Et
206 2922 417 2978 idcirco
452 2923 669 2993 utrique
714 2937 901 2979 eorum
942 2921 1145 2980 fructus
1175 2926 1507 2993 operationis
1547 2941 1692 2992 suae,

91 3014 402 3071 secundum
432 3015 850 3071 destinationem
895 3015 1096 3071 mentis
1135 3030 1323 3071 eorum
1356 3031 1419 3071 ac
1448 3017 1696 3087 proposi-

96 3117 213 3166 tum
240 3110 538 3166 voluntatis
557 3109 824 3181 ascriptus
854 3119 939 3166 est
1011 3110 1137 3170 auia
1168 3124 1269 3165 nec
1299 3109 1389 3165 ille
1424 3108 1691 3177 fraudem,

1792 2083 1869 2138 rei
1900 2098 2063 2138 causa
2088 2099 2184 2140 vos
2216 2085 2360 2140 illius
2387 2085 2696 2154 sponsionis
2725 2086 2952 2142 nexibus
2974 2087 3272 2142 vinxeritis.

2383 2239 2609 2295 CAPUT
2648 2240 2788 2295 XIII.

1794 2352 2079 2425 Responsio
2108 2360 2304 2421 nostra,
2339 2368 2455 2422 qua:
2492 2368 2653 2407 causa
2698 2370 2730 2407 a
2771 2355 2915 2408 nobis
2939 2354 3171 2425 texegerit
3198 2371 3383 2410 sacra-

2307 2434 2530 2477 mentum
2559 2425 2870 2495 sponsionis.

1866 2557 2168 2615 Germanus
2198 2574 2212 2613 :
2245 2558 2447 2625 Prima,
2478 2568 2535 2612 ut
2563 2558 2813 2625 diximus,
2839 2561 3044 2615 exstitit
3068 2574 3252 2625 causa,
3278 2575 3381 2631 qua

1796 2663 2013 2705 nosnos
2058 2650 2406 2705 mmstilicare
2454 2652 2699 2705 seniores
2749 2667 2811 2705 ac
2861 2653 3149 2721 praeceptis
3196 2668 3385 2707 eorum

1796 2743 2059 2799 obsistere
2079 2743 2425 2799 verebamur.
2447 2744 2713 2811 Secunda,
2739 2759 2843 2815 qua
2867 2744 2910 2798 si
2935 2744 3061 2814 quid
3085 2744 3387 2814 perlectum

1795 2846 1958 2906 atque
1991 2835 2338 2904 magniﬁcum
2368 2836 2450 2890 vel
2480 2837 2600 2889 visu
2629 2837 2711 2888 vel
2742 2835 2928 2890 auditu
2960 2837 3390 2906 percepissemus

1795 2944 1825 2983 a
1858 2927 2032 2994 vobis,
2065 2942 2185 2982 cum
2220 2928 2423 2983 reversi
2452 2928 2517 2982 ad
2545 2928 2850 2983 coenobium
2884 2928 3195 2993 fuissemus,
3228 2945 3390 2985 exer-

1800 3034 1923 3074 cere
1955 3033 2054 3074 nos
2090 3032 2251 3089 posse
2285 3018 2741 3076 inconsultissima
2774 3022 3124 3090 persuasione
3156 3020 3389 3078 credidi-

1752 3164 1753 3167 η
1798 3126 1937 3166 mus.

1177 3264 1435 3322 ALARDI
1470 3265 1703 3323 GAZIEI
1738 3266 2299 3324 COMMENTARIUS.

178 3391 205 3421 ι
228 3379 382 3435 Idem
410 3378 569 3433 etiam
621 3376 804 3434 docuit
829 3376 995 3432 abbas
1040 3376 1361 3432 Theodorus
1395 3378 1583 3434 collat.
1618 3378 1683 3445 6,
1713 3377 1760 3441 C
1793 3387 1931 3446 tuus,
1962 3394 2068 3434 non
2108 3394 2228 3435 esse
2260 3378 2564 3447 mentitum,
2602 3377 2695 3434 sed
2725 3394 2913 3436 verum
2944 3380 3166 3447 dixisse,
3198 3388 3246 3437 δ’
3278 3383 3387 3440 alio

99 3468 222 3518 cap.
255 3452 295 3508 ο
324 3465 338 3502 :
371 3448 546 3519 Neque
569 3450 725 3511 enim,
750 3450 844 3509 ait.
876 3448 1119 3519 patientia
1141 3447 1242 3501 Job
1269 3449 1547 3502 mercedem
1573 3449 1688 3504 dia-

102 3524 243 3587 bolo,
277 3522 367 3590 qui
396 3518 508 3574 eum
538 3518 1005 3574 illustriorcm'suis
1035 3518 1398 3573 tenlalionibus
1426 3520 1683 3585 reddidit,

102 3596 194 3647 sed
224 3589 309 3647 illi
338 3591 437 3659 ipsi
466 3594 554 3661 qui
596 3607 680 3643 eas
724 3590 937 3661 viriliter
976 3589 1229 3661 pertulit,
1263 3591 1565 3660 acquisivit;
1593 3606 1686 3644 nec

102 3663 271 3717 Iudas
303 3660 483 3717 teterni
531 3662 776 3731 supplicii
828 3660 1147 3712 immunitate
1198 3660 1512 3726 donabitur,
1563 3663 1685 3731 quia

104 3736 328 3803 proditio
356 3736 473 3804 ejus
502 3732 570 3785 ad
596 3730 817 3804 salutem
844 3731 1044 3804 generis
1069 3730 1264 3804 profuit
1291 3732 1522 3804 humani.
1561 3730 1683 3804 Non

105 3802 241 3857 enim
266 3802 541 3874 proventus
568 3803 970 3874 considerandus
997 3812 1070 3854 est
1087 3802 1282 3874 operis,
1307 3802 1396 3853 sed
1424 3803 1684 3874 operantis

106 3870 340 3941 affectus.
368 3873 468 3929 Ubi
500 3883 769 3944 proventus
796 3872 937 3927 idem
963 3871 1103 3941 quod
1126 3870 1391 3943 processus
1416 3886 1602 3941 supra,
1630 3870 1682 3924 id

108 3954 211 4011 est,
244 3943 550 4006 successus.
580 3943 665 3997 vel
696 3952 938 3997 eventus.

175 4014 311 4070 InDe
355 4015 537 4070 verbis
600 4014 767 4068 Iacob
824 4013 1177 4081 patriarchae,
1235 4026 1355 4078 quae
1413 4011 1682 4067 habentur

110 4083 243 4140 Gen.
270 4101 436 4145 xxvu.
469 4094 578 4138 tres
606 4094 729 4136 sunt
755 4089 1051 4139 sententiae.
1086 4083 1267 4137 Prima
1296 4082 1489 4137 asserit
1513 4082 1682 4138 Iacob

108 4169 233 4209 vere
258 4170 377 4211 esse
410 4154 716 4216 mentitum,
740 4169 844 4207 non
876 4166 1051 4209 tamen
1082 4168 1353 4219 peccasse,
1382 4155 1502 4221 quia
1531 4170 1681 4208 men—-

110 4224 318 4279 dacimn
352 4224 485 4278 illud
536 4241 640 4278 non
688 4224 846 4279 modo
888 4226 989 4279 fuit
1015 4224 1357 4287 excusabile,
1392 4224 1485 4277 sed
1515 4225 1676 4279 etiam

109 4294 376 4349 laudabile
424 4304 478 4347 et
510 4294 619 4348 Deo
658 4306 953 4364 acceptum.
1006 4296 1081 4349 Ita
1123 4295 1289 4348 abbas
1334 4293 1533 4362 Ioseph
1579 4296 1680 4350 hoc

108 4364 250 4420 loco.
280 4364 382 4419 Sed
415 4366 529 4419 hzt-c
555 4369 818 4420 sententia
845 4367 913 4419 ab
942 4366 1187 4419 omnibus
1218 4365 1477 4432 rejicitur,
1512 4374 1570 4419 ut
1592 4366 1676 4418 di-

113 4443 251 4490 ctum
282 4446 379 4490 est.
413 4436 518 4491 Alii
555 4443 777 4491 censent
806 4438 891 4491 illa
934 4437 1101 4490 verba
1149 4438 1426 4489 continere
1455 4438 1677 4489 menda-

112 4506 245 4560 cium
278 4506 595 4571 olllciosum,
622 4518 671 4561 et
700 4507 922 4575 proinde
943 4523 970 4559 a
993 4505 1146 4575 culpa
1168 4506 1360 4559 veniali
1388 4520 1491 4559 non
1519 4522 1677 4573 posse

1792 3466 1953 3505 sensu
1986 3467 2144 3519 quam
2180 3463 2333 3520 pater
2362 3452 2478 3519 ejus
2517 3452 2869 3520 inti-lligebat.
2918 3451 3189 3509 Intellexit
3235 3456 3382 3512 enim

1788 3534 1848 3594 se
1876 3535 1996 3575 esse
2027 3523 2197 3594 Esau,
2224 3537 2334 3594 non
2370 3525 2420 3574 in
2448 3538 2709 3594 persona,
2742 3523 2835 3576 sed
2855 3524 2921 3594 iu
2958 3525 3080 3588 jure
3107 3524 3380 3594 primoge-

1789 3592 1981 3645 nituraa
2012 3592 2115 3646 sibi
2147 3593 2331 3645 debito
2359 3601 2414 3645 et
2446 3592 2680 3661 legitime
2709 3592 2975 3661 acquisito
3009 3600 3033 3644 :'
3056 3604 3195 3649 sicut
3226 3592 3384 3650 libri.

1787 3671 1904 3715 stus
1935 3662 2168 3715 Matthmi
2200 3676 2251 3714 χι
2280 3672 2331 3715 et
2361 3675 2471 3713 xvn
2492 3661 2628 3714 dixit
2658 3662 2917 3714 Joannem
2940 3661 3233 3730 Baptistam
3258 3679 3381 3721 esse

1788 3730 1960 3784 Eliam
1980 3774 1996 3795 ,
2033 3747 2143 3785 non
2180 3733 2231 3783 in
2264 3745 2492 3799 persona
2512 3772 2526 3791 ,
2558 3730 2647 3783 sed
2674 3731 2727 3783 in
2753 3731 2941 3799 spiritu
2978 3742 3026 3783 et
3052 3732 3255 3783 virtute.
3288 3735 3379 3789 Sic

1786 3800 2163 3870 Theodoretus
2191 3816 2244 3867 q.
2277 3800 2347 3853 80
2379 3801 2429 3852 in
2462 3798 2720 3854 Genesim
2748 3798 2871 3870 :'A_n
2904 3815 3006 3852 non
3036 3810 3137 3870 est,
3171 3802 3372 3870 inquit,

1786 3886 1910 3923 usus
1937 3869 2101 3922 Jacob
2130 3870 2421 3929 mendacio.
2455 3885 2571 3921 cum
2598 3870 2727 3923 dixit
2752 3885 2770 3922 :
2802 3867 2915 3939 Ego
2941 3886 3053 3923 sum
3089 3867 3373 3935 Esau'pri;

1784 3942 2069 4010 mogenitus
2100 3940 2260 3992 tuus?
2292 3939 2667 4010 Minimeivero,
2700 3948 2889 3994 emerat
2912 3943 3049 3994 enim
3090 3940 3178 3993 illa
3206 3944 3372 4010 privi-

1786 4000 1916 4079 legia
1945 4011 2362 4082 primogenitum
2387 4011 2449 4064 ab
2473 4009 2615 4063 Esau
2632 4000 2661 4075 ;’
2680 4026 2795 4082 vere
2820 4011 2979 4082 igitur
3000 4026 3054 4082 se
3074 4000 3373 4082 appellabat

1785 4080 2201 4151 primogenitum.
2234 4082 2432 4137 Eadem
2462 4082 2671 4136 ratione
2698 4081 2806 4135 div.
2832 4080 3127 4148 Gregorius
3150 4081 3315 4135 Iacob
3338 4098 3370 4139 a

1784 4153 2065 4207 mendacio
2094 4161 2316 4207 excusat
2346 4154 2530 4207 hotnil.
2571 4157 2604 4206 6
2636 4152 2687 4206 in
2733 4151 3086 4213 Ezechielem.
3119 4162 3173 4206 et
3204 4152 3369 4207 luno-

1782 4224 1996 4279 centius
2020 4223 2086 4278 IIl
2116 4239 2239 4292 cap.
2272 4222 2589 4284 Gaudemus,
2619 4224 2686 4276 de
2718 4222 2969 4277 Divortiis
3001 4222 3134 4291 (Lib.
3171 4238 3223 4277 tv
3259 4223 3364 4277 De-

1782 4293 1962 4365 cretal.
1988 4295 2065 4347 tit.
2096 4295 2206 4365 l9).
2234 4295 2353 4349 Div.
2383 4297 2638 4365 'l‘bontas,
2661 4294 2780 4358 2-2,
2808 4304 2997 4365 quiest.
3018 4294 3139 4355 Il0.
3164 4304 3267 4350 art.
3294 4295 3328 4351 5
3354 4314 3367 4349 :

1780 4363 1965 4436 Iacob.
1998 4362 2191 4434 inquit,
2234 4365 2442 4436 mystice
2482 4364 2614 4417 dixit
2642 4380 2697 4418 se
2725 4382 2833 4418 esse
2864 4362 3004 4417 Esau
3047 4366 3367 4436 primogeni-

1782 4446 1889 4487 tum
1920 4434 2069 4488 lsaac
2088 4478 2102 4500 ,
2135 4437 2257 4503 quia
2282 4434 2517 4488 videlicet
2545 4436 2885 4505 primogenita
2910 4434 3055 4489 illius
3080 4443 3143 4489 de
3163 4438 3287 4505 jure
3320 4438 3369 4490 ei

1780 4506 2095 4559 debebantur
2122 4522 2141 4560 :
2169 4522 2293 4577 usus
2334 4514 2620 4577 estAautem
2652 4506 2749 4559 hoc
2791 4508 2941 4559 modo
2989 4508 3227 4577 loquendi
3276 4524 3366 4572 per

112 4581 365 4649 excusari.
386 4577 459 4632 Ita
484 4574 749 4649 Lyranus,
773 4574 1406 4649 Abulensis,’Cajetanus.
1438 4578 1508 4630 At
1530 4592 1678 4631 com-
1738 4578 2020 4649 t\spiritum
2050 4576 2337 4649 prophetiae
2362 4574 2429 4649 ad
2461 4577 2837 4649 designandum
2867 4574 3186 4649 mysterium,
3219 4586 3325 4649 etc.

114 4648 319 4716 inunior
370 4660 451 4701 est
495 4648 594 4704 SS.
650 4648 867 4704 Patrum
921 4656 1220 4710 sententia,
1269 4648 1358 4716 qui
1420 4650 1674 4714 przedicta

111 4715 268 4770 verba
295 4717 457 4771 Iacob
486 4719 764 4773 mendacio
796 4732 983 4773 carere
1013 4715 1301 4782 afﬁrmant,
1333 4726 1390 4769 ut
1418 4718 1524 4771 div.
1564 4722 1674 4771 Au-

113 4789 348 4857 gustinus
387 4786 479 4842 lib.
522 4800 707 4843 contra
752 4788 1084 4843 Mendacium
1129 4803 1251 4857 cap.
1286 4788 1354 4842 10
1383 4797 1435 4841 et
1465 4787 1555 4841 lib.
1588 4804 1675 4842 xvt

113 4854 177 4908 de
203 4854 357 4912 Civit.
383 4873 500 4927 cap.
525 4859 623 4927 57,
649 4859 864 4914 tametsi
886 4860 1027 4925 qttod
1055 4854 1211 4923 dicit,
1236 4857 1430 4913 factum
1462 4859 1577 4925 ejus
1608 4859 1675 4912 ad

114 4929 413 4998 mysterium
441 4929 779 4984 referendum
809 4944 950 4992 esse,
973 4944 1159 4985 revera
1187 4929 1536 4998 quaestionem
1567 4944 1674 4984 nam

115 4997 281 5069 solvit.
324 4998 456 5054 Nam
502 5015 694 5054 sensus
724 5001 1009 5069 mysticus,
1040 5001 1180 5054 sicut
1209 4997 1534 5053 historicum
1567 5016 1672 5054 non

115 5066 258 5140 tollit,
293 5071 359 5124 ita
392 5086 504 5125 rem
530 5080 734 5140 gestam
768 5066 874 5123 non
901 5066 1144 5125 excusat.
1174 5070 1562 5140 Nequesimile
1590 5080 1674 5124 est

112 5133 179 5212 die.
199 5133 559 5208 metaphoris:
583 5140 881 5208 parabolis,
914 5142 1139 5211 aliisque
1171 5139 1675 5212 ligaratislocutio-

116 5204 289 5279 nibus:
330 5204 453 5277 quia
483 5204 665 5265 sermo
715 5204 953 5279 tropiCus
986 5204 1187 5264 tantum
1209 5204 1514 5264 secundum
1558 5222 1671 5263 tro-

116 5287 227 5337 bum
254 5278 477 5351 intelligi
506 5282 698 5349 debet,
730 5292 786 5336 et
810 5278 1090 5350 parabolae
1122 5297 1226 5333 non
1261 5279 1362 5333 nisi
1402 5281 1671 5349 paraboli-

112 5356 221 5420 cum
253 5346 452 5421 habeni
490 5346 706 5406 sensum
744 5370 756 5404 :
793 5346 1013 5406 liiStoria
1058 5366 1189 5405 vero
1215 5346 1422 5405 etiamsi
1472 5360 1665 5421 myste-

116 5424 242 5467 rium
270 5420 563 5487 contineat,
596 5438 719 5477 vera
752 5433 930 5477 tamen
967 5437 1073 5477 nou
1104 5424 1235 5484 erit,
1269 5423 1367 5474 nisi
1400 5420 1668 5491 qutenar-

116 5493 286 5560 r_ant‘or
313 5493 381 5545 ita
413 5502 560 5560 gesta
590 5492 697 5547 sint
735 5496 808 5547 uti
860 5503 1166 5548 narrantur.
1198 5492 1366 5558 Quale
1410 5501 1493 5546 est
1540 5492 1672 5546 illud

118 5554 178 5635 tif:
203 5554 656 5617 duobns'Abrabze
687 5563 811 5619 liliis
833 5565 1039 5635 (Galat.
1058 5571 1156 5630 tv),
1184 5554 1356 5635 altero
1384 5577 1449 5635 ex
1482 5561 1669 5635 Ιιῢτζζθν

118 5621 273 5705 altero
298 5648 355 5685 ex
383 5636 610 5691 ancilla.
638 5621 859 5701 genitis,
892 5646 946 5691 et
972 5634 1077 5705 alia
1104 5621 1261 5701 quam
1292 5633 1544 5699 plurima.
1575 5621 1675 5686 Ve:-

30 5736 31 5741 η
119 5701 221 5771 ξιον
241 5701 409 5771 μειαυο
430 5719 493 5757 ac.
519 5705 746 5759 solidior
773 5708 998 5760 aliorum
1031 5704 1245 5758 Patrum
1273 5705 1669 5771 interpretatio,

124 5759 274 5821 Iacob
314 5759 522 5837 Quando
568 5774 705 5832 dixit
745 5793 757 5830 :
800 5759 1073 5845 Egoﬁsum
1120 5774 1264 5832 Esau
1311 5759 1675 5847 primogenitus

1703 4756 1755 4816 D

1855 4657 1876 4685 ε
1908 4648 2140 4701 Excusat
2175 4646 2263 4700 hic
2292 4646 2461 4700 abbas
2492 4648 2847 4713 patriarcham
2875 4647 3070 4714 Iacob,
3104 4648 3243 4716 quod
3273 4649 3368 4704 de-

1781 4717 1981 4772 srderio
2028 4716 2427 4786 consequendze
2458 4717 2870 4782 benedictionis,
2923 4733 3044 4773 cum
3096 4736 3213 4772 eam
3262 4720 3363 4774 alia

1783 4787 1995 4842 ratione
2021 4787 2275 4855 consequi
2305 4802 2409 4841 non
2440 4798 2645 4857 posset,
2676 4790 2827 4854 quasi
2855 4797 3074 4844 coactus
3107 4790 3364 4843 mentitus

1783 4858 1964 4913 fuerit.
2006 4857 2139 4925 Quae
2182 4867 2329 4911 certe
2368 4858 2644 4911 excusatio
2687 4859 2880 4913 debilis
2920 4869 3003 4913 est
3039 4872 3090 4913 et
3122 4860 3364 4926 inlirma,

1783 4930 1885 4983 nisi
1914 4929 1994 4982 sic
2024 4929 2289 4997 intelligas
2319 4929 2487 4983 Iacob
2530 4932 2837 4985 necessario
2882 4934 3163 4984 mentitum
3209 4945 3360 4995 esse,

1783 5012 1841 5053 ut
1886 4999 2310 5053 benedictionem
2357 4999 2478 5068 jure
2515 5000 2618 5053 sibi
2656 5000 2890 5053 debitam
2921 5014 3358 5068 conseque-retur.

1782 5070 1896 5124 llac
1933 5072 2075 5123 enim
2126 5070 2332 5123 ratione
2379 5082 2583 5124 certum
2632 5078 2715 5123 est
2757 5071 3033 5131 excusari.
3078 5074 3121 5123 si
3154 5084 3259 5120 non
3294 5069 3362 5122 ab

1782 5141 1930 5194 omni
1959 5141 2255 5201 mendacio.
2290 5140 2479 5195 saltem
2510 5142 2578 5196 ab
2605 5155 2671 5196 eo
2696 5144 2838 5209 quod
2872 5140 3068 5194 dicitur
3100 5138 3362 5209 pernicio-

1781 5225 1929 5272 sum,
1959 5212 2085 5279 quia
2113 5210 2334 5280 ju~titiaa
2377 5221 2430 5265 et
2460 5208 3095 5274 cbaritati’contrarium,
3130 5208 3361 5277 ideoque

1780 5282 2138 5335 mortiferum.
2169 5281 2351 5349 Neque
2377 5285 2541 5336 refert
2567 5282 2708 5351 quod
2735 5296 2900 5351 grave
2927 5282 3179 5351 damnum
3213 5280 3361 5332 tratri

1776 5367 1876 5421 suo
1910 5352 2012 5405 hoc
2057 5351 2197 5405 l'acto
2228 5352 2497 5419 intulerit,
2540 5349 2663 5421 quia
2710 5349 2761 5405 id
2799 5355 2944 5419 juste
2982 5349 3111 5405 fecit
3146 5359 3361 5421 ,Autens

1802 5438 1893 5476 ure
1924 5438 2050 5485 suo,
2094 5437 2201 5491 quo
2230 5438 2289 5475 se
2327 5425 2463 5476 Esau
2507 5419 2871 5491 spoliaverat:
2906 5422 3045 5474 unde
3079 5419 3279 5475 nullam
3311 5420 3359 5491 ei

1779 5438 1893 5540 Iure
1924 5438 2050 5485 suo,
2094 5438 2201 5491 quo
2230 5438 2289 5475 se
2327 5438 2463 5476 lasau
2507 5438 2871 5491 spoliaverat:
2906 5438 3045 5474 unde
3079 5438 3279 5475 nuuam
3311 5438 3359 5471 et

1800 5495 1904 5547 ecit
1944 5492 2217 5560 iniuriam,
2252 5494 2375 5560 quia
2408 5495 2552 5547 nulla
2582 5493 2776 5560 injuria
2820 5492 2924 5545 nisi
2969 5499 3157 5545 contra
3199 5490 3359 5558 justi—

1778 5564 1931 5631 tiam.
1963 5564 2079 5617 Div.
2113 5564 2403 5631 Grvgorius
2435 5564 2523 5617 ubi
2555 5578 2713 5631 supra
2748 5580 2761 5614 :
2806 5560 2987 5631 Iacob,
3025 5561 3219 5626 inquit,
3253 5560 3360 5631 pri-

1781 5629 2021 5705 mogenita
2052 5629 2480 5705 benedictionem,
2527 5629 2636 5685 non
2675 5649 2762 5696 per
2793 5630 3030 5705 fraudem
3074 5630 3358 5705 surripuit;

1778 5700 1948 5757 sed'ut
1981 5706 2073 5757 sibi
2103 5704 2321 5756 debitam
2358 5705 2581 5774 accepit,
2613 5700 2801 5773 quam,
2840 5700 3146 5756 concedente
3181 5701 3354 5770 ’ratre,

1780 5776 1902 5829 data
1930 5776 2079 5829 lentis
2111 5775 2341 5829 mercede
2371 5785 2559 5830 emerat
