  <div class='ocr_page' id='page_1' title='image "/cluster/home/n/w/nwhite01/storage/ocr_20150623/49/uva.x000827093/537.png"; bbox 0 0 4014 6200; ppageno 0'>
   <div class='ocr_carea' id='block_1_1' title="bbox 601 287 742 350">
    <p class='ocr_par' dir='ltr' id='par_1_1' title="bbox 601 287 742 350">
     <span class='ocr_line' id='line_1_1' title="bbox 601 287 742 350; baseline -0.021 0"><span class='ocrx_word' id='word_1_1' title='bbox 601 287 742 350; x_wconf 75' lang='grc'><strong><em>1059</em></strong></span> 
     </span>
    </p>
   </div>
   <div class='ocr_carea' id='block_1_2' title="bbox 1191 398 1573 468">
    <p class='ocr_par' dir='ltr' id='par_1_2' title="bbox 1191 398 1573 468">
     <span class='ocr_line' id='line_1_2' title="bbox 1191 398 1573 468; baseline 0.016 -12"><span class='ocrx_word' id='word_1_2' title='bbox 1191 400 1415 462; x_wconf 79' lang='lat' dir='ltr'><strong><em>CAPUT</em></strong></span> <span class='ocrx_word' id='word_1_3' title='bbox 1451 398 1573 468; x_wconf 72' lang='lat' dir='ltr'><strong><em>XIV</em></strong></span> 
     </span>
    </p>
   </div>
   <div class='ocr_carea' id='block_1_3' title="bbox 602 491 2178 571">
    <p class='ocr_par' dir='ltr' id='par_1_3' title="bbox 602 491 2178 571">
     <span class='ocr_line' id='line_1_3' title="bbox 602 491 2178 571; baseline -0.006 -14"><span class='ocrx_word' id='word_1_4' title='bbox 602 498 903 571; x_wconf 72' lang='lat' dir='ltr'><strong><em>Disputatio</em></strong></span> <span class='ocrx_word' id='word_1_5' title='bbox 927 495 1218 571; x_wconf 79' lang='lat' dir='ltr'><strong><em>sentsquod</em></strong></span> <span class='ocrx_word' id='word_1_6' title='bbox 1239 502 1348 571; x_wconf 73' lang='lat' dir='ltr'><strong><em>sine</em></strong></span> <span class='ocrx_word' id='word_1_7' title='bbox 1371 494 1526 571; x_wconf 76' lang='lat' dir='ltr'><strong><em>culpa</em></strong></span> <span class='ocrx_word' id='word_1_8' title='bbox 1545 491 1911 571; x_wconf 78' lang='lat' dir='ltr'><strong><em>actionis_ordo</em></strong></span> <span class='ocrx_word' id='word_1_9' title='bbox 1934 500 2178 560; x_wconf 75' lang='lat' dir='ltr'><strong><em>mutetur,</em></strong></span> 
     </span>
    </p>
   </div>
   <div class='ocr_carea' id='block_1_4' title="bbox 839 563 1948 649">
    <p class='ocr_par' dir='ltr' id='par_1_4' title="bbox 839 563 1948 649">
     <span class='ocr_line' id='line_1_4' title="bbox 839 563 1948 649; baseline -0.006 -26"><span class='ocrx_word' id='word_1_10' title='bbox 839 563 1114 623; x_wconf 83' lang='lat' dir='ltr'><strong><em>dummodo</em></strong></span> <span class='ocrx_word' id='word_1_11' title='bbox 1136 566 1253 618; x_wconf 87' lang='lat' dir='ltr'><strong><em>boni</em></strong></span> <span class='ocrx_word' id='word_1_12' title='bbox 1283 565 1434 618; x_wconf 81' lang='lat' dir='ltr'><strong><em>studit</em></strong></span> <span class='ocrx_word' id='word_1_13' title='bbox 1459 563 1693 649; x_wconf 82' lang='lat' dir='ltr'><strong><em>capiatur</em></strong></span> <span class='ocrx_word' id='word_1_14' title='bbox 1718 563 1948 629; x_wconf 56' lang='lat' dir='ltr'><strong><em>eiectus.</em></strong></span> 
     </span>
    </p>
   </div>
   <div class='ocr_carea' id='block_1_5' title="bbox 675 681 2183 756">
    <p class='ocr_par' dir='ltr' id='par_1_5' title="bbox 675 681 2183 756">
     <span class='ocr_line' id='line_1_5' title="bbox 675 681 2183 756; baseline -0.006 -13"><span class='ocrx_word' id='word_1_15' title='bbox 675 685 874 756; x_wconf 75' lang='lat' dir='ltr'><strong><em>Joseph</em></strong></span> <span class='ocrx_word' id='word_1_16' title='bbox 909 702 922 738; x_wconf 89' lang='lat'><strong>:</strong></span> <span class='ocrx_word' id='word_1_17' title='bbox 954 684 1104 739; x_wconf 90' lang='lat' dir='ltr'><strong><em>Sicut</em></strong></span> <span class='ocrx_word' id='word_1_18' title='bbox 1137 681 1341 750; x_wconf 60' lang='lat' dir='ltr'><strong><em>praefati</em></strong></span> <span class='ocrx_word' id='word_1_19' title='bbox 1367 695 1578 748; x_wconf 89' lang='lat' dir='ltr'><strong><em>sumus,</em></strong></span> <span class='ocrx_word' id='word_1_20' title='bbox 1613 689 1638 716; x_wconf 73' lang='grc'><strong>⁸</strong></span> <span class='ocrx_word' id='word_1_21' title='bbox 1668 683 1958 744; x_wconf 75' lang='lat' dir='ltr'><strong><em>desunatio</em></strong></span> <span class='ocrx_word' id='word_1_22' title='bbox 1986 683 2183 735; x_wconf 87' lang='lat' dir='ltr'><strong><em>mentis</em></strong></span> 
     </span>
    </p>
   </div>
   <div class='ocr_carea' id='block_1_6' title="bbox 601 771 2181 837">
    <p class='ocr_par' dir='ltr' id='par_1_6' title="bbox 601 771 2181 837">
     <span class='ocr_line' id='line_1_6' title="bbox 601 771 2181 837; baseline -0.005 -3"><span class='ocrx_word' id='word_1_23' title='bbox 601 780 686 835; x_wconf 84' lang='lat' dir='ltr'><strong><em>vel</em></strong></span> <span class='ocrx_word' id='word_1_24' title='bbox 719 786 1026 834; x_wconf 88' lang='lat' dir='ltr'><strong><em>remunerat</em></strong></span> <span class='ocrx_word' id='word_1_25' title='bbox 1072 775 1343 830; x_wconf 83' lang='lat' dir='ltr'><strong><em>hominem</em></strong></span> <span class='ocrx_word' id='word_1_26' title='bbox 1379 773 1458 826; x_wconf 88' lang='lat' dir='ltr'><strong><em>vel</em></strong></span> <span class='ocrx_word' id='word_1_27' title='bbox 1498 772 1846 837; x_wconf 86' lang='lat' dir='ltr'><strong><em>condemnat,</em></strong></span> <span class='ocrx_word' id='word_1_28' title='bbox 1885 771 2181 828; x_wconf 84' lang='lat' dir='ltr'><strong><em>secundum</em></strong></span> 
     </span>
    </p>
   </div>
   <div class='ocr_carea' id='block_1_7' title="bbox 604 865 2185 936">
    <p class='ocr_par' dir='ltr' id='par_1_7' title="bbox 604 865 2185 936">
     <span class='ocr_line' id='line_1_7' title="bbox 604 865 2185 936; baseline -0.005 -9"><span class='ocrx_word' id='word_1_29' title='bbox 604 873 733 927; x_wconf 89' lang='lat' dir='ltr'><strong><em>illud</em></strong></span> <span class='ocrx_word' id='word_1_30' title='bbox 770 889 782 924; x_wconf 88' lang='lat'><strong>:</strong></span> <span class='ocrx_word' id='word_1_31' title='bbox 813 870 882 924; x_wconf 82' lang='lat' dir='ltr'><strong><em>Et</em></strong></span> <span class='ocrx_word' id='word_1_32' title='bbox 909 871 1045 926; x_wconf 84' lang='lat' dir='ltr'><strong><em>inter</em></strong></span> <span class='ocrx_word' id='word_1_33' title='bbox 1072 885 1126 924; x_wconf 86' lang='lat' dir='ltr'><strong><em>se</em></strong></span> <span class='ocrx_word' id='word_1_34' title='bbox 1161 869 1374 936; x_wconf 78' lang='lat' dir='ltr'><strong><em>invicem</em></strong></span> <span class='ocrx_word' id='word_1_35' title='bbox 1403 867 1792 936; x_wconf 70' lang='lat' dir='ltr'><strong><em>cogitationibus</em></strong></span> <span class='ocrx_word' id='word_1_36' title='bbox 1824 865 2185 920; x_wconf 68' lang='lat' dir='ltr'><strong><em>accusantibus</em></strong></span> 
     </span>
    </p>
   </div>
   <div class='ocr_carea' id='block_1_8' title="bbox 602 957 2183 1032">
    <p class='ocr_par' dir='ltr' id='par_1_8' title="bbox 602 957 2183 1032">
     <span class='ocr_line' id='line_1_8' title="bbox 602 957 2183 1032; baseline -0.005 -13"><span class='ocrx_word' id='word_1_37' title='bbox 602 976 692 1019; x_wconf 88' lang='lat' dir='ltr'><strong><em>aut</em></strong></span> <span class='ocrx_word' id='word_1_38' title='bbox 715 965 869 1020; x_wconf 87' lang='lat' dir='ltr'><strong><em>etiam</em></strong></span> <span class='ocrx_word' id='word_1_39' title='bbox 898 962 1308 1032; x_wconf 72' lang='lat' dir='ltr'><strong><em>defendentibus,</em></strong></span> <span class='ocrx_word' id='word_1_40' title='bbox 1338 963 1390 1016; x_wconf 89' lang='lat' dir='ltr'><strong><em>in</em></strong></span> <span class='ocrx_word' id='word_1_41' title='bbox 1413 962 1493 1016; x_wconf 86' lang='lat' dir='ltr'><strong><em>die</em></strong></span> <span class='ocrx_word' id='word_1_42' title='bbox 1522 979 1622 1030; x_wconf 86' lang='lat' dir='ltr'><strong><em>qua</em></strong></span> <span class='ocrx_word' id='word_1_43' title='bbox 1633 961 1892 1029; x_wconf 85' lang='lat' dir='ltr'><strong><em>judicabit</em></strong></span> <span class='ocrx_word' id='word_1_44' title='bbox 1922 957 2065 1014; x_wconf 97' lang='lat' dir='ltr'><strong><em>Deus</em></strong></span> <span class='ocrx_word' id='word_1_45' title='bbox 2093 974 2183 1012; x_wconf 92' lang='lat' dir='ltr'><strong><em>oc-</em></strong></span> 
     </span>
    </p>
   </div>
   <div class='ocr_carea' id='block_1_9' title="bbox 601 1049 2185 1124">
    <p class='ocr_par' dir='ltr' id='par_1_9' title="bbox 601 1049 2185 1124">
     <span class='ocr_line' id='line_1_9' title="bbox 601 1049 2185 1124; baseline -0.004 -14"><span class='ocrx_word' id='word_1_46' title='bbox 601 1057 740 1116; x_wconf 87' lang='lat' dir='ltr'><strong><em>culta</em></strong></span> <span class='ocrx_word' id='word_1_47' title='bbox 776 1056 1035 1112; x_wconf 75' lang='lat' dir='ltr'><strong><em>Itom&#39;num</em></strong></span> <span class='ocrx_word' id='word_1_48' title='bbox 1069 1054 1250 1124; x_wconf 78' lang='lat' dir='ltr'><strong><em>(Rom.</em></strong></span> <span class='ocrx_word' id='word_1_49' title='bbox 1282 1051 1376 1118; x_wconf 79' lang='lat' dir='ltr'><strong><em>tt).</em></strong></span> <span class='ocrx_word' id='word_1_50' title='bbox 1419 1052 1552 1106; x_wconf 87' lang='lat' dir='ltr'><strong><em>Illud</em></strong></span> <span class='ocrx_word' id='word_1_51' title='bbox 1601 1051 1760 1106; x_wconf 90' lang='lat' dir='ltr'><strong><em>etiam</em></strong></span> <span class='ocrx_word' id='word_1_52' title='bbox 1803 1067 1816 1104; x_wconf 92' lang='lat'><strong>:</strong></span> <span class='ocrx_word' id='word_1_53' title='bbox 1859 1049 1966 1124; x_wconf 82' lang='lat' dir='ltr'><strong><em>Ego</em></strong></span> <span class='ocrx_word' id='word_1_54' title='bbox 2013 1065 2185 1112; x_wconf 80' lang='lat' dir='ltr'><strong><em>autem</em></strong></span> 
     </span>
    </p>
   </div>
   <div class='ocr_carea' id='block_1_10' title="bbox 605 1145 2186 1221">
    <p class='ocr_par' dir='ltr' id='par_1_10' title="bbox 605 1145 2186 1221">
     <span class='ocr_line' id='line_1_10' title="bbox 605 1145 2186 1221; baseline -0.006 -19"><span class='ocrx_word' id='word_1_55' title='bbox 605 1165 760 1221; x_wconf 81' lang='lat' dir='ltr'><strong><em>opera</em></strong></span> <span class='ocrx_word' id='word_1_56' title='bbox 793 1156 840 1202; x_wconf 86' lang='lat' dir='ltr'><strong><em>et</em></strong></span> <span class='ocrx_word' id='word_1_57' title='bbox 884 1147 1218 1220; x_wconf 75' lang='lat' dir='ltr'><strong><em>cogitationes</em></strong></span> <span class='ocrx_word' id='word_1_58' title='bbox 1247 1161 1421 1199; x_wconf 87' lang='lat' dir='ltr'><strong><em>eorunt</em></strong></span> <span class='ocrx_word' id='word_1_59' title='bbox 1462 1145 1607 1198; x_wconf 87' lang='lat' dir='ltr'><strong><em>venio</em></strong></span> <span class='ocrx_word' id='word_1_60' title='bbox 1639 1151 1692 1195; x_wconf 91' lang='lat' dir='ltr'><strong><em>ut</em></strong></span> <span class='ocrx_word' id='word_1_61' title='bbox 1725 1156 2030 1214; x_wconf 72' lang='lat' dir='ltr'><strong><em>congregem</em></strong></span> <span class='ocrx_word' id='word_1_62' title='bbox 2069 1155 2186 1206; x_wconf 81' lang='lat' dir='ltr'><strong><em>cum</em></strong></span> 
     </span>
    </p>
   </div>
   <div class='ocr_carea' id='block_1_11' title="bbox 605 1233 2185 1315">
    <p class='ocr_par' dir='ltr' id='par_1_11' title="bbox 605 1233 2185 1315">
     <span class='ocr_line' id='line_1_11' title="bbox 605 1233 2185 1315; baseline -0.004 -21"><span class='ocrx_word' id='word_1_63' title='bbox 605 1240 840 1315; x_wconf 81' lang='lat' dir='ltr'><strong><em>omnibus</em></strong></span> <span class='ocrx_word' id='word_1_64' title='bbox 868 1239 1103 1312; x_wconf 73' lang='lat' dir='ltr'><strong><em>gentibus</em></strong></span> <span class='ocrx_word' id='word_1_65' title='bbox 1128 1249 1176 1292; x_wconf 88' lang='lat' dir='ltr'><strong><em>et</em></strong></span> <span class='ocrx_word' id='word_1_66' title='bbox 1207 1237 1394 1308; x_wconf 81' lang='lat' dir='ltr'><strong><em>linguis</em></strong></span> <span class='ocrx_word' id='word_1_67' title='bbox 1422 1235 1601 1306; x_wconf 77' lang='lat' dir='ltr'><strong><em>(Isaia:</em></strong></span> <span class='ocrx_word' id='word_1_68' title='bbox 1631 1237 1800 1300; x_wconf 81' lang='lat' dir='ltr'><strong><em>vat).</em></strong></span> <span class='ocrx_word' id='word_1_69' title='bbox 1824 1233 2185 1304; x_wconf 71' lang='lat' dir='ltr'><strong><em>Quamobrem</em></strong></span> 
     </span>
    </p>
   </div>
   <div class='ocr_carea' id='block_1_12' title="bbox 605 1329 2189 1400">
    <p class='ocr_par' dir='ltr' id='par_1_12' title="bbox 605 1329 2189 1400">
     <span class='ocr_line' id='line_1_12' title="bbox 605 1329 2189 1400; baseline -0.004 -10"><span class='ocrx_word' id='word_1_70' title='bbox 605 1332 880 1390; x_wconf 88' lang='lat' dir='ltr'><strong><em>desiderio</em></strong></span> <span class='ocrx_word' id='word_1_71' title='bbox 922 1333 1289 1400; x_wconf 75' lang='lat' dir='ltr'><strong><em>perfectionis,</em></strong></span> <span class='ocrx_word' id='word_1_72' title='bbox 1323 1344 1380 1386; x_wconf 88' lang='lat' dir='ltr'><strong><em>ut</em></strong></span> <span class='ocrx_word' id='word_1_73' title='bbox 1409 1332 1596 1398; x_wconf 90' lang='lat' dir='ltr'><strong><em>video,</em></strong></span> <span class='ocrx_word' id='word_1_74' title='bbox 1631 1331 1732 1385; x_wconf 90' lang='lat' dir='ltr'><strong><em>hoc</em></strong></span> <span class='ocrx_word' id='word_1_75' title='bbox 1761 1345 1854 1384; x_wconf 91' lang='lat' dir='ltr'><strong><em>vos</em></strong></span> <span class='ocrx_word' id='word_1_76' title='bbox 1884 1329 2189 1399; x_wconf 73' lang='lat' dir='ltr'><strong><em>sponsionis</em></strong></span> 
     </span>
    </p>
   </div>
   <div class='ocr_carea' id='block_1_13' title="bbox 607 1423 2188 1495">
    <p class='ocr_par' dir='ltr' id='par_1_13' title="bbox 607 1423 2188 1495">
     <span class='ocr_line' id='line_1_13' title="bbox 607 1423 2188 1495; baseline -0.003 -16"><span class='ocrx_word' id='word_1_77' title='bbox 607 1426 822 1481; x_wconf 85' lang='lat' dir='ltr'><strong><em>vinculo</em></strong></span> <span class='ocrx_word' id='word_1_78' title='bbox 851 1425 1178 1495; x_wconf 72' lang='lat' dir='ltr'><strong><em>colligastis,</em></strong></span> <span class='ocrx_word' id='word_1_79' title='bbox 1212 1424 1341 1488; x_wconf 83' lang='lat' dir='ltr'><strong><em>dum</em></strong></span> <span class='ocrx_word' id='word_1_80' title='bbox 1389 1423 1690 1488; x_wconf 76' lang='lat' dir='ltr'><strong><em>credidistis</em></strong></span> <span class='ocrx_word' id='word_1_81' title='bbox 1736 1423 1825 1477; x_wconf 92' lang='lat' dir='ltr'><strong><em>illo</em></strong></span> <span class='ocrx_word' id='word_1_82' title='bbox 1869 1437 1984 1478; x_wconf 90' lang='lat' dir='ltr'><strong><em>eam</em></strong></span> <span class='ocrx_word' id='word_1_83' title='bbox 2027 1435 2188 1490; x_wconf 80' lang='lat' dir='ltr'><strong><em>posse</em></strong></span> 
     </span>
    </p>
   </div>
   <div class='ocr_carea' id='block_1_14' title="bbox 608 1517 2190 1589">
    <p class='ocr_par' dir='ltr' id='par_1_14' title="bbox 608 1517 2190 1589">
     <span class='ocr_line' id='line_1_14' title="bbox 608 1517 2190 1589; baseline -0.003 -15"><span class='ocrx_word' id='word_1_84' title='bbox 608 1521 797 1574; x_wconf 83' lang='lat' dir='ltr'><strong><em>ordine</em></strong></span> <span class='ocrx_word' id='word_1_85' title='bbox 826 1518 1242 1589; x_wconf 76' lang='lat' dir='ltr'><strong><em>comprehendi,</em></strong></span> <span class='ocrx_word' id='word_1_86' title='bbox 1274 1532 1382 1588; x_wconf 89' lang='lat' dir='ltr'><strong><em>quo</em></strong></span> <span class='ocrx_word' id='word_1_87' title='bbox 1411 1519 1582 1588; x_wconf 48' lang='lat' dir='ltr'><strong><em>nunc,</em></strong></span> <span class='ocrx_word' id='word_1_88' title='bbox 1615 1517 2030 1587; x_wconf 84' lang='lat' dir='ltr'><strong><em>superveniente</em></strong></span> <span class='ocrx_word' id='word_1_89' title='bbox 2078 1517 2190 1586; x_wconf 89' lang='lat' dir='ltr'><strong><em>ple-</em></strong></span> 
     </span>
    </p>
   </div>
   <div class='ocr_carea' id='block_1_15' title="bbox 609 1610 2188 1682">
    <p class='ocr_par' dir='ltr' id='par_1_15' title="bbox 609 1610 2188 1682">
     <span class='ocr_line' id='line_1_15' title="bbox 609 1610 2188 1682; baseline -0.002 -15"><span class='ocrx_word' id='word_1_90' title='bbox 609 1613 760 1667; x_wconf 91' lang='lat' dir='ltr'><strong><em>niore</em></strong></span> <span class='ocrx_word' id='word_1_91' title='bbox 784 1611 1024 1682; x_wconf 90' lang='lat' dir='ltr'><strong><em>judicio,</em></strong></span> <span class='ocrx_word' id='word_1_92' title='bbox 1060 1612 1125 1665; x_wconf 89' lang='lat' dir='ltr'><strong><em>ad</em></strong></span> <span class='ocrx_word' id='word_1_93' title='bbox 1156 1611 1543 1666; x_wconf 79' lang='lat' dir='ltr'><strong><em>sublimitatem</em></strong></span> <span class='ocrx_word' id='word_1_94' title='bbox 1586 1612 1705 1679; x_wconf 82' lang='lat' dir='ltr'><strong><em>ejus</em></strong></span> <span class='ocrx_word' id='word_1_95' title='bbox 1749 1610 2041 1666; x_wconf 88' lang='lat' dir='ltr'><strong><em>conscendi</em></strong></span> <span class='ocrx_word' id='word_1_96' title='bbox 2081 1625 2188 1664; x_wconf 93' lang='lat' dir='ltr'><strong><em>non</em></strong></span> 
     </span>
    </p>
   </div>
   <div class='ocr_carea' id='block_1_16' title="bbox 609 1700 2190 1775">
    <p class='ocr_par' dir='ltr' id='par_1_16' title="bbox 609 1700 2190 1775">
     <span class='ocr_line' id='line_1_16' title="bbox 609 1700 2190 1775; baseline -0.001 -17"><span class='ocrx_word' id='word_1_97' title='bbox 609 1720 770 1775; x_wconf 80' lang='lat' dir='ltr'><strong><em>posse</em></strong></span> <span class='ocrx_word' id='word_1_98' title='bbox 800 1704 1088 1771; x_wconf 88' lang='lat' dir='ltr'><strong><em>respicitis.</em></strong></span> <span class='ocrx_word' id='word_1_99' title='bbox 1119 1703 1234 1758; x_wconf 86' lang='lat' dir='ltr'><strong><em>Non</em></strong></span> <span class='ocrx_word' id='word_1_100' title='bbox 1284 1719 1414 1774; x_wconf 75' lang='lat' dir='ltr'><strong><em>ergo</em></strong></span> <span class='ocrx_word' id='word_1_101' title='bbox 1457 1701 1769 1772; x_wconf 64' lang='lat' dir='ltr'><strong><em>prmjudicat</em></strong></span> <span class='ocrx_word' id='word_1_102' title='bbox 1797 1700 2051 1772; x_wconf 88' lang='lat' dir='ltr'><strong><em>quidquid</em></strong></span> <span class='ocrx_word' id='word_1_103' title='bbox 2081 1701 2190 1756; x_wconf 92' lang='lat' dir='ltr'><strong><em>dis-</em></strong></span> 
     </span>
    </p>
   </div>
   <div class='ocr_carea' id='block_1_17' title="bbox 1657 274 2802 360">
    <p class='ocr_par' dir='ltr' id='par_1_17' title="bbox 1657 274 2802 360">
     <span class='ocr_line' id='line_1_17' title="bbox 1657 274 2802 360; baseline 0 -20"><span class='ocrx_word' id='word_1_104' title='bbox 1657 278 1931 360; x_wconf 57' lang='lat' dir='ltr'><strong><em>;osutvts</em></strong></span> <span class='ocrx_word' id='word_1_105' title='bbox 1965 277 2275 342; x_wconf 65' lang='lat' dir='ltr'><strong><em>cassum</em></strong></span> <span class='ocrx_word' id='word_1_106' title='bbox 2312 274 2802 346; x_wconf 75' lang='lat' dir='ltr'><strong><em>COLLATIONES.</em></strong></span> 
     </span>
    </p>
   </div>
   <div class='ocr_carea' id='block_1_18' title="bbox 2206 397 3904 472">
    <p class='ocr_par' dir='ltr' id='par_1_18' title="bbox 2206 397 3904 472">
     <span class='ocr_line' id='line_1_18' title="bbox 2206 397 3904 472; baseline 0.004 -20"><span class='ocrx_word' id='word_1_107' title='bbox 2206 403 2260 466; x_wconf 69' lang='grc' dir='ltr'><strong>Α</strong></span> <span class='ocrx_word' id='word_1_108' title='bbox 2283 397 2358 456; x_wconf 85' lang='lat' dir='ltr'><strong><em>hil</em></strong></span> <span class='ocrx_word' id='word_1_109' title='bbox 2390 400 2543 454; x_wconf 84' lang='lat' dir='ltr'><strong><em>vobis</em></strong></span> <span class='ocrx_word' id='word_1_110' title='bbox 2565 401 2740 453; x_wconf 84' lang='lat' dir='ltr'><strong><em>oberit</em></strong></span> <span class='ocrx_word' id='word_1_111' title='bbox 2763 403 2990 452; x_wconf 76' lang='lat' dir='ltr'><strong><em>extortte</em></strong></span> <span class='ocrx_word' id='word_1_112' title='bbox 3017 398 3242 462; x_wconf 76' lang='lat' dir='ltr'><strong><em>mutatio</em></strong></span> <span class='ocrx_word' id='word_1_113' title='bbox 3265 397 3564 472; x_wconf 73' lang='lat' dir='ltr'><strong><em>pactionis,</em></strong></span> <span class='ocrx_word' id='word_1_114' title='bbox 3591 400 3904 464; x_wconf 69' lang='lat' dir='ltr'><strong><em>dummodo</em></strong></span> 
     </span>
    </p>
   </div>
   <div class='ocr_carea' id='block_1_19' title="bbox 2284 490 3902 567">
    <p class='ocr_par' dir='ltr' id='par_1_19' title="bbox 2284 490 3902 567">
     <span class='ocr_line' id='line_1_19' title="bbox 2284 490 3902 567; baseline 0.004 -23"><span class='ocrx_word' id='word_1_115' title='bbox 2284 492 2595 561; x_wconf 76' lang='lat' dir='ltr'><strong><em>principalis</em></strong></span> <span class='ocrx_word' id='word_1_116' title='bbox 2627 491 2770 544; x_wconf 88' lang='lat' dir='ltr'><strong><em>illius</em></strong></span> <span class='ocrx_word' id='word_1_117' title='bbox 2801 490 3063 560; x_wconf 82' lang='lat' dir='ltr'><strong><em>perfectio</em></strong></span> <span class='ocrx_word' id='word_1_118' title='bbox 3093 494 3366 561; x_wconf 86' lang='lat' dir='ltr'><strong><em>puritatis,</em></strong></span> <span class='ocrx_word' id='word_1_119' title='bbox 3395 509 3497 566; x_wconf 86' lang='lat' dir='ltr'><strong><em>pro</em></strong></span> <span class='ocrx_word' id='word_1_120' title='bbox 3525 510 3645 565; x_wconf 82' lang='lat' dir='ltr'><strong><em>qua</em></strong></span> <span class='ocrx_word' id='word_1_121' title='bbox 3678 500 3902 567; x_wconf 70' lang='lat' dir='ltr'><strong><em>Sponsio</em></strong></span> 
     </span>
    </p>
   </div>
   <div class='ocr_carea' id='block_1_20' title="bbox 2282 584 3895 653">
    <p class='ocr_par' dir='ltr' id='par_1_20' title="bbox 2282 584 3895 653">
     <span class='ocr_line' id='line_1_20' title="bbox 2282 584 3895 653; baseline 0.005 -14"><span class='ocrx_word' id='word_1_122' title='bbox 2282 596 2460 639; x_wconf 84' lang='lat' dir='ltr'><strong><em>vestra</em></strong></span> <span class='ocrx_word' id='word_1_123' title='bbox 2507 592 2883 653; x_wconf 84' lang='lat' dir='ltr'><strong><em>processerat,</em></strong></span> <span class='ocrx_word' id='word_1_124' title='bbox 2933 585 3228 650; x_wconf 81' lang='lat' dir='ltr'><strong><em>secundum</em></strong></span> <span class='ocrx_word' id='word_1_125' title='bbox 3277 584 3493 640; x_wconf 85' lang='lat' dir='ltr'><strong><em>Domini</em></strong></span> <span class='ocrx_word' id='word_1_126' title='bbox 3554 588 3895 646; x_wconf 74' lang='lat' dir='ltr'><strong><em>voiuntaten</em></strong></span> 
     </span>
    </p>
   </div>
   <div class='ocr_carea' id='block_1_21' title="bbox 2284 676 3946 744">
    <p class='ocr_par' dir='ltr' id='par_1_21' title="bbox 2284 676 3946 744">
     <span class='ocr_line' id='line_1_21' title="bbox 2284 676 3946 744; baseline 0.006 -14"><span class='ocrx_word' id='word_1_127' title='bbox 2284 676 2547 730; x_wconf 89' lang='lat' dir='ltr'><strong><em>maturius</em></strong></span> <span class='ocrx_word' id='word_1_128' title='bbox 2580 678 2911 744; x_wconf 86' lang='lat' dir='ltr'><strong><em>acquiratur.</em></strong></span> <span class='ocrx_word' id='word_1_129' title='bbox 2943 678 3057 730; x_wconf 80' lang='lat' dir='ltr'><strong><em>Non</em></strong></span> <span class='ocrx_word' id='word_1_130' title='bbox 3089 677 3232 730; x_wconf 91' lang='lat' dir='ltr'><strong><em>enim</em></strong></span> <span class='ocrx_word' id='word_1_131' title='bbox 3263 693 3329 732; x_wconf 78' lang='lat' dir='ltr'><strong><em>ex</em></strong></span> <span class='ocrx_word' id='word_1_132' title='bbox 3364 677 3468 732; x_wconf 87' lang='lat' dir='ltr'><strong><em>hac</em></strong></span> <span class='ocrx_word' id='word_1_133' title='bbox 3502 680 3898 740; x_wconf 75' lang='lat' dir='ltr'><strong><em>immutatione</em></strong></span> <span class='ocrx_word' id='word_1_134' title='bbox 3943 695 3946 702; x_wconf 95' lang='lat'>&#39;</span> 
     </span>
    </p>
   </div>
   <div class='ocr_carea' id='block_1_22' title="bbox 2285 769 3904 838">
    <p class='ocr_par' dir='ltr' id='par_1_22' title="bbox 2285 769 3904 838">
     <span class='ocr_line' id='line_1_22' title="bbox 2285 769 3904 838; baseline 0.005 -14"><span class='ocrx_word' id='word_1_135' title='bbox 2285 770 2452 824; x_wconf 89' lang='lat' dir='ltr'><strong><em>ullum</em></strong></span> <span class='ocrx_word' id='word_1_136' title='bbox 2484 777 2658 838; x_wconf 82' lang='lat' dir='ltr'><strong><em>potest</em></strong></span> <span class='ocrx_word' id='word_1_137' title='bbox 2679 769 2906 838; x_wconf 82' lang='lat' dir='ltr'><strong><em>judicari</em></strong></span> <span class='ocrx_word' id='word_1_138' title='bbox 2930 770 3290 834; x_wconf 84' lang='lat' dir='ltr'><strong><em>mendacium,</em></strong></span> <span class='ocrx_word' id='word_1_139' title='bbox 3322 771 3416 826; x_wconf 90' lang='lat' dir='ltr'><strong><em>sed</em></strong></span> <span class='ocrx_word' id='word_1_140' title='bbox 3441 771 3801 830; x_wconf 67' lang='lat' dir='ltr'><strong><em>inconsultae</em></strong></span> <span class='ocrx_word' id='word_1_141' title='bbox 3823 778 3904 832; x_wconf 54' lang='lat' dir='ltr'><strong><em>de</em></strong></span> 
     </span>
    </p>
   </div>
   <div class='ocr_carea' id='block_1_23' title="bbox 3771 291 3904 350">
    <p class='ocr_par' dir='ltr' id='par_1_23' title="bbox 3771 291 3904 350">
     <span class='ocr_line' id='line_1_23' title="bbox 3771 291 3904 350; baseline 0.03 -4"><span class='ocrx_word' id='word_1_142' title='bbox 3771 291 3904 350; x_wconf 68' lang='grc' dir='ltr'><strong><em>ιοιθ</em></strong></span> 
     </span>
    </p>
   </div>
   <div class='ocr_carea' id='block_1_24' title="bbox 2289 861 3900 933">
    <p class='ocr_par' dir='ltr' id='par_1_24' title="bbox 2289 861 3900 933">
     <span class='ocr_line' id='line_1_24' title="bbox 2289 861 3900 933; baseline 0.006 -19"><span class='ocrx_word' id='word_1_143' title='bbox 2289 861 2547 915; x_wconf 86' lang='lat' dir='ltr'><strong><em>finitionis</em></strong></span> <span class='ocrx_word' id='word_1_144' title='bbox 2575 861 2807 928; x_wconf 88' lang='lat' dir='ltr'><strong><em>prudens</em></strong></span> <span class='ocrx_word' id='word_1_145' title='bbox 2829 863 3189 933; x_wconf 78' lang='lat' dir='ltr'><strong><em>salutarisque</em></strong></span> <span class='ocrx_word' id='word_1_146' title='bbox 3216 867 3512 920; x_wconf 88' lang='lat' dir='ltr'><strong><em>correctio.</em></strong></span> <span class='ocrx_word' id='word_1_147' title='bbox 3555 865 3635 920; x_wconf 80' lang='lat' dir='ltr'><strong><em>Et</em></strong></span> <span class='ocrx_word' id='word_1_148' title='bbox 3664 879 3731 921; x_wconf 86' lang='lat' dir='ltr'><strong><em>ut</em></strong></span> <span class='ocrx_word' id='word_1_149' title='bbox 3754 871 3900 924; x_wconf 70' lang='lat' dir='ltr'><strong><em>etiam</em></strong></span> 
     </span>
    </p>
   </div>
   <div class='ocr_carea' id='block_1_25' title="bbox 2229 953 3899 1030">
    <p class='ocr_par' dir='ltr' id='par_1_25' title="bbox 2229 953 3899 1030">
     <span class='ocr_line' id='line_1_25' title="bbox 2229 953 3899 1030; baseline 0.003 -22"><span class='ocrx_word' id='word_1_150' title='bbox 2229 974 2231 976; x_wconf 93' lang='grc'>·</span> <span class='ocrx_word' id='word_1_151' title='bbox 2260 953 2356 1029; x_wconf 51' lang='grc' dir='ltr'><strong><em>⁸ἀει</em></strong></span> <span class='ocrx_word' id='word_1_152' title='bbox 2399 953 2662 1026; x_wconf 86' lang='lat' dir='ltr'><strong><em>physicis,</em></strong></span> <span class='ocrx_word' id='word_1_153' title='bbox 2707 953 2848 1026; x_wconf 90' lang='lat' dir='ltr'><strong><em>quod</em></strong></span> <span class='ocrx_word' id='word_1_154' title='bbox 2877 957 3074 1009; x_wconf 92' lang='lat' dir='ltr'><strong><em>nodum</em></strong></span> <span class='ocrx_word' id='word_1_155' title='bbox 3107 958 3396 1027; x_wconf 67' lang='lat' dir='ltr'><strong><em>propositae</em></strong></span> <span class='ocrx_word' id='word_1_156' title='bbox 3428 961 3791 1030; x_wconf 58' lang='lat' dir='ltr'><strong><em>quaestionis</em></strong></span> <span class='ocrx_word' id='word_1_157' title='bbox 3818 965 3899 1018; x_wconf 78' lang='lat' dir='ltr'><strong><em>ab—</em></strong></span> 
     </span>
    </p>
   </div>
   <div class='ocr_carea' id='block_1_26' title="bbox 2287 1049 3979 1125">
    <p class='ocr_par' dir='ltr' id='par_1_26' title="bbox 2287 1049 3979 1125">
     <span class='ocr_line' id='line_1_26' title="bbox 2287 1049 3979 1125; baseline 0.004 -21"><span class='ocrx_word' id='word_1_158' title='bbox 2287 1049 2482 1116; x_wconf 80' lang='lat' dir='ltr'><strong><em>solvat,</em></strong></span> <span class='ocrx_word' id='word_1_159' title='bbox 2517 1049 2716 1120; x_wconf 91' lang='lat' dir='ltr'><strong><em>aliquid</em></strong></span> <span class='ocrx_word' id='word_1_160' title='bbox 2748 1050 3061 1116; x_wconf 83' lang='lat' dir='ltr'><strong><em>inferamus,</em></strong></span> <span class='ocrx_word' id='word_1_161' title='bbox 3091 1062 3282 1108; x_wconf 90' lang='lat' dir='ltr'><strong><em>natura</em></strong></span> <span class='ocrx_word' id='word_1_162' title='bbox 3304 1051 3418 1120; x_wconf 91' lang='lat' dir='ltr'><strong><em>ipsa</em></strong></span> <span class='ocrx_word' id='word_1_163' title='bbox 3449 1053 3506 1106; x_wconf 93' lang='lat' dir='ltr'><strong><em>in</em></strong></span> <span class='ocrx_word' id='word_1_164' title='bbox 3534 1053 3719 1124; x_wconf 76' lang='lat' dir='ltr'><strong><em>nobis</em></strong></span> <span class='ocrx_word' id='word_1_165' title='bbox 3750 1070 3900 1125; x_wconf 77' lang='lat' dir='ltr'><strong><em>Opera</em></strong></span> <span class='ocrx_word' id='word_1_166' title='bbox 3978 1049 3979 1125; x_wconf 54' lang='grc' dir='ltr'><strong>ἶ</strong></span> 
     </span>
    </p>
   </div>
   <div class='ocr_carea' id='block_1_27' title="bbox 2290 1142 3902 1214">
    <p class='ocr_par' dir='ltr' id='par_1_27' title="bbox 2290 1142 3902 1214">
     <span class='ocr_line' id='line_1_27' title="bbox 2290 1142 3902 1214; baseline 0.004 -18"><span class='ocrx_word' id='word_1_167' title='bbox 2290 1156 2387 1196; x_wconf 88' lang='lat' dir='ltr'><strong><em>sua</em></strong></span> <span class='ocrx_word' id='word_1_168' title='bbox 2418 1142 2485 1196; x_wconf 90' lang='lat' dir='ltr'><strong><em>de</em></strong></span> <span class='ocrx_word' id='word_1_169' title='bbox 2526 1143 2750 1214; x_wconf 87' lang='lat' dir='ltr'><strong><em>consilio</em></strong></span> <span class='ocrx_word' id='word_1_170' title='bbox 2782 1142 2977 1197; x_wconf 75' lang='lat' dir='ltr'><strong><em>divina:</em></strong></span> <span class='ocrx_word' id='word_1_171' title='bbox 3012 1144 3308 1212; x_wconf 87' lang='lat' dir='ltr'><strong><em>majestatis</em></strong></span> <span class='ocrx_word' id='word_1_172' title='bbox 3350 1143 3648 1212; x_wconf 68' lang='lat' dir='ltr'><strong><em>immutat.</em></strong></span> <span class='ocrx_word' id='word_1_173' title='bbox 3685 1146 3822 1208; x_wconf 78' lang='lat' dir='ltr'><strong><em>Nam</em></strong></span> <span class='ocrx_word' id='word_1_174' title='bbox 3845 1151 3902 1202; x_wconf 76' lang='lat' dir='ltr'><strong><em>ab</em></strong></span> 
     </span>
    </p>
   </div>
   <div class='ocr_carea' id='block_1_28' title="bbox 2291 1231 3906 1306">
    <p class='ocr_par' dir='ltr' id='par_1_28' title="bbox 2291 1231 3906 1306">
     <span class='ocr_line' id='line_1_28' title="bbox 2291 1231 3906 1306; baseline 0.006 -20"><span class='ocrx_word' id='word_1_175' title='bbox 2291 1231 2512 1306; x_wconf 76' lang='lat' dir='ltr'><strong><em>infantia</em></strong></span> <span class='ocrx_word' id='word_1_176' title='bbox 2544 1233 2594 1285; x_wconf 92' lang='lat' dir='ltr'><strong><em>in</em></strong></span> <span class='ocrx_word' id='word_1_177' title='bbox 2630 1232 2945 1301; x_wconf 85' lang='lat' dir='ltr'><strong><em>pueritiam,</em></strong></span> <span class='ocrx_word' id='word_1_178' title='bbox 2977 1232 3047 1288; x_wconf 87' lang='lat' dir='ltr'><strong><em>de</em></strong></span> <span class='ocrx_word' id='word_1_179' title='bbox 3076 1235 3300 1302; x_wconf 78' lang='lat' dir='ltr'><strong><em>pueritia</em></strong></span> <span class='ocrx_word' id='word_1_180' title='bbox 3337 1235 3390 1288; x_wconf 92' lang='lat' dir='ltr'><strong><em>in</em></strong></span> <span class='ocrx_word' id='word_1_181' title='bbox 3419 1235 3819 1306; x_wconf 78' lang='lat' dir='ltr'><strong><em>juventutem,</em></strong></span> <span class='ocrx_word' id='word_1_182' title='bbox 3844 1241 3906 1295; x_wconf 82' lang='lat' dir='ltr'><strong><em>de</em></strong></span> 
     </span>
    </p>
   </div>
   <div class='ocr_carea' id='block_1_29' title="bbox 2285 1324 3979 1402">
    <p class='ocr_par' dir='ltr' id='par_1_29' title="bbox 2285 1324 3979 1402">
     <span class='ocr_line' id='line_1_29' title="bbox 2285 1324 3979 1402; baseline 0.004 -26"><span class='ocrx_word' id='word_1_183' title='bbox 2285 1324 2568 1395; x_wconf 88' lang='lat' dir='ltr'><strong><em>juventute</em></strong></span> <span class='ocrx_word' id='word_1_184' title='bbox 2598 1326 2648 1378; x_wconf 91' lang='lat' dir='ltr'><strong><em>in</em></strong></span> <span class='ocrx_word' id='word_1_185' title='bbox 2676 1325 2970 1380; x_wconf 88' lang='lat' dir='ltr'><strong><em>senectutis</em></strong></span> <span class='ocrx_word' id='word_1_186' title='bbox 2999 1327 3251 1381; x_wconf 82' lang='lat' dir='ltr'><strong><em>ulteriora</em></strong></span> <span class='ocrx_word' id='word_1_187' title='bbox 3283 1327 3722 1400; x_wconf 57' lang='lat' dir='ltr'><strong><em>transierimur;</em></strong></span> <span class='ocrx_word' id='word_1_188' title='bbox 3755 1343 3902 1402; x_wconf 71' lang='lat' dir='ltr'><strong><em>atque</em></strong></span> <span class='ocrx_word' id='word_1_189' title='bbox 3978 1365 3979 1382; x_wconf 54' lang='grc' dir='ltr'><strong>η</strong></span> 
     </span>
    </p>
   </div>
   <div class='ocr_carea' id='block_1_30' title="bbox 2291 1413 3904 1493">
    <p class='ocr_par' dir='ltr' id='par_1_30' title="bbox 2291 1413 3904 1493">
     <span class='ocr_line' id='line_1_30' title="bbox 2291 1413 3904 1493; baseline 0.008 -25"><span class='ocrx_word' id='word_1_190' title='bbox 2291 1413 2363 1469; x_wconf 91' lang='lat' dir='ltr'><strong><em>ita</em></strong></span> <span class='ocrx_word' id='word_1_191' title='bbox 2392 1415 2507 1470; x_wconf 72' lang='lat' dir='ltr'><strong><em>hmc</em></strong></span> <span class='ocrx_word' id='word_1_192' title='bbox 2539 1418 2589 1472; x_wconf 91' lang='lat' dir='ltr'><strong><em>in</em></strong></span> <span class='ocrx_word' id='word_1_193' title='bbox 2614 1418 2770 1472; x_wconf 89' lang='lat' dir='ltr'><strong><em>nobis</em></strong></span> <span class='ocrx_word' id='word_1_194' title='bbox 2801 1417 3104 1472; x_wconf 78' lang='lat' dir='ltr'><strong><em>Conditoris</em></strong></span> <span class='ocrx_word' id='word_1_195' title='bbox 3135 1421 3304 1473; x_wconf 90' lang='lat' dir='ltr'><strong><em>nostri</em></strong></span> <span class='ocrx_word' id='word_1_196' title='bbox 3330 1425 3761 1479; x_wconf 84' lang='lat' dir='ltr'><strong><em>consummatio</em></strong></span> <span class='ocrx_word' id='word_1_197' title='bbox 3787 1442 3904 1493; x_wconf 82' lang='lat' dir='ltr'><strong><em>per-</em></strong></span> 
     </span>
    </p>
   </div>
   <div class='ocr_carea' id='block_1_31' title="bbox 2291 1507 3902 1578">
    <p class='ocr_par' dir='ltr' id='par_1_31' title="bbox 2291 1507 3902 1578">
     <span class='ocr_line' id='line_1_31' title="bbox 2291 1507 3902 1578; baseline 0.007 -17"><span class='ocrx_word' id='word_1_198' title='bbox 2291 1509 2429 1576; x_wconf 83' lang='lat' dir='ltr'><strong><em>egit,</em></strong></span> <span class='ocrx_word' id='word_1_199' title='bbox 2495 1516 2552 1562; x_wconf 92' lang='lat' dir='ltr'><strong><em>ut</em></strong></span> <span class='ocrx_word' id='word_1_200' title='bbox 2594 1524 2662 1562; x_wconf 80' lang='lat' dir='ltr'><strong><em>ex</em></strong></span> <span class='ocrx_word' id='word_1_201' title='bbox 2706 1507 2806 1562; x_wconf 87' lang='lat' dir='ltr'><strong><em>hac</em></strong></span> <span class='ocrx_word' id='word_1_202' title='bbox 2853 1511 3246 1578; x_wconf 82' lang='lat' dir='ltr'><strong><em>permutatione</em></strong></span> <span class='ocrx_word' id='word_1_203' title='bbox 3287 1512 3500 1568; x_wconf 89' lang='lat' dir='ltr'><strong><em>nullum</em></strong></span> <span class='ocrx_word' id='word_1_204' title='bbox 3551 1517 3902 1572; x_wconf 81' lang='lat' dir='ltr'><strong><em>mendacium</em></strong></span> 
     </span>
    </p>
   </div>
   <div class='ocr_carea' id='block_1_32' title="bbox 2290 1599 3906 1664">
    <p class='ocr_par' dir='ltr' id='par_1_32' title="bbox 2290 1599 3906 1664">
     <span class='ocr_line' id='line_1_32' title="bbox 2290 1599 3906 1664; baseline 0.007 -13"><span class='ocrx_word' id='word_1_205' title='bbox 2290 1599 2598 1653; x_wconf 83' lang='lat' dir='ltr'><strong><em>aserihatur</em></strong></span> <span class='ocrx_word' id='word_1_206' title='bbox 2645 1601 2813 1652; x_wconf 68' lang='lat' dir='ltr'><strong><em>aetati.</em></strong></span> <span class='ocrx_word' id='word_1_207' title='bbox 2867 1600 2938 1653; x_wconf 88' lang='lat' dir='ltr'><strong><em>Ita</em></strong></span> <span class='ocrx_word' id='word_1_208' title='bbox 2993 1603 3154 1658; x_wconf 85' lang='lat' dir='ltr'><strong><em>etiam</em></strong></span> <span class='ocrx_word' id='word_1_209' title='bbox 3204 1602 3434 1659; x_wconf 88' lang='lat' dir='ltr'><strong><em>interior</em></strong></span> <span class='ocrx_word' id='word_1_210' title='bbox 3489 1603 3672 1661; x_wconf 87' lang='lat' dir='ltr'><strong><em>homo</em></strong></span> <span class='ocrx_word' id='word_1_211' title='bbox 3729 1619 3906 1664; x_wconf 84' lang='lat' dir='ltr'><strong><em>noster</em></strong></span> 
     </span>
    </p>
   </div>
   <div class='ocr_carea' id='block_1_33' title="bbox 2292 1693 3901 1770">
    <p class='ocr_par' dir='ltr' id='par_1_33' title="bbox 2292 1693 3901 1770">
     <span class='ocr_line' id='line_1_33' title="bbox 2292 1693 3901 1770; baseline 0.004 -22"><span class='ocrx_word' id='word_1_212' title='bbox 2292 1694 2592 1749; x_wconf 84' lang='lat' dir='ltr'><strong><em>ablactatus</em></strong></span> <span class='ocrx_word' id='word_1_213' title='bbox 2616 1709 2644 1747; x_wconf 89' lang='lat' dir='ltr'><strong><em>a</em></strong></span> <span class='ocrx_word' id='word_1_214' title='bbox 2671 1693 3086 1765; x_wconf 85' lang='lat' dir='ltr'><strong><em>primordiorum</em></strong></span> <span class='ocrx_word' id='word_1_215' title='bbox 3115 1697 3421 1752; x_wconf 86' lang='lat' dir='ltr'><strong><em>tenerrimis</em></strong></span> <span class='ocrx_word' id='word_1_216' title='bbox 3449 1698 3757 1770; x_wconf 75' lang='lat' dir='ltr'><strong><em>institutis,</em></strong></span> <span class='ocrx_word' id='word_1_217' title='bbox 3784 1719 3901 1758; x_wconf 85' lang='lat' dir='ltr'><strong><em>cum</em></strong></span> 
     </span>
    </p>
   </div>
   <div class='ocr_carea' id='block_1_34' title="bbox 610 1777 3902 1866">
    <p class='ocr_par' dir='ltr' id='par_1_34' title="bbox 610 1777 3902 1866">
     <span class='ocr_line' id='line_1_34' title="bbox 610 1777 3902 1866; baseline -0.001 -14"><span class='ocrx_word' id='word_1_218' title='bbox 610 1807 839 1866; x_wconf 82' lang='lat' dir='ltr'><strong><em>crepans</em></strong></span> <span class='ocrx_word' id='word_1_219' title='bbox 863 1799 929 1850; x_wconf 84' lang='lat' dir='ltr'><strong><em>ab</em></strong></span> <span class='ocrx_word' id='word_1_220' title='bbox 957 1797 1042 1849; x_wconf 90' lang='lat' dir='ltr'><strong><em>illa</em></strong></span> <span class='ocrx_word' id='word_1_221' title='bbox 1067 1796 1420 1864; x_wconf 82' lang='lat' dir='ltr'><strong><em>dispositione</em></strong></span> <span class='ocrx_word' id='word_1_222' title='bbox 1445 1793 1618 1849; x_wconf 86' lang='lat' dir='ltr'><strong><em>visum</em></strong></span> <span class='ocrx_word' id='word_1_223' title='bbox 1651 1794 1808 1849; x_wconf 82' lang='lat' dir='ltr'><strong><em>fuerit</em></strong></span> <span class='ocrx_word' id='word_1_224' title='bbox 1838 1795 2119 1862; x_wconf 77' lang='lat' dir='ltr'><strong><em>accidisse,</em></strong></span> <span class='ocrx_word' id='word_1_225' title='bbox 2145 1792 2190 1847; x_wconf 90' lang='lat' dir='ltr'><strong><em>si</em></strong></span> <span class='ocrx_word' id='word_1_226' title='bbox 2220 1794 2266 1853; x_wconf 88' lang='lat' dir='ltr'><strong>B</strong></span> <span class='ocrx_word' id='word_1_227' title='bbox 2294 1803 2390 1860; x_wconf 74' lang='lat' dir='ltr'><strong><em>per</em></strong></span> <span class='ocrx_word' id='word_1_228' title='bbox 2431 1777 2676 1843; x_wconf 69' lang='lat' dir='ltr'><strong><em>diversas</em></strong></span> <span class='ocrx_word' id='word_1_229' title='bbox 2723 1797 3008 1856; x_wconf 87' lang='lat' dir='ltr'><strong><em>provectus</em></strong></span> <span class='ocrx_word' id='word_1_230' title='bbox 3057 1798 3244 1843; x_wconf 71' lang='lat' dir='ltr'><strong><em>zelotes</em></strong></span> <span class='ocrx_word' id='word_1_231' title='bbox 3291 1789 3358 1843; x_wconf 86' lang='lat' dir='ltr'><strong><em>ad</em></strong></span> <span class='ocrx_word' id='word_1_232' title='bbox 3409 1792 3798 1852; x_wconf 87' lang='lat' dir='ltr'><strong><em>robustiorem</em></strong></span> <span class='ocrx_word' id='word_1_233' title='bbox 3839 1797 3902 1852; x_wconf 88' lang='lat' dir='ltr'><strong><em>de</em></strong></span> 
     </span>
    </p>
   </div>
   <div class='ocr_carea' id='block_1_35' title="bbox 613 1884 2193 1956">
    <p class='ocr_par' dir='ltr' id='par_1_35' title="bbox 613 1884 2193 1956">
     <span class='ocr_line' id='line_1_35' title="bbox 613 1884 2193 1956; baseline -0.001 -15"><span class='ocrx_word' id='word_1_234' title='bbox 613 1887 773 1942; x_wconf 90' lang='lat' dir='ltr'><strong><em>modo</em></strong></span> <span class='ocrx_word' id='word_1_235' title='bbox 800 1886 944 1940; x_wconf 89' lang='lat' dir='ltr'><strong><em>nulla</em></strong></span> <span class='ocrx_word' id='word_1_236' title='bbox 971 1884 1278 1955; x_wconf 87' lang='lat' dir='ltr'><strong><em>principalis</em></strong></span> <span class='ocrx_word' id='word_1_237' title='bbox 1304 1885 1451 1942; x_wconf 87' lang='lat' dir='ltr'><strong><em>illius</em></strong></span> <span class='ocrx_word' id='word_1_238' title='bbox 1484 1886 1739 1956; x_wconf 86' lang='lat' dir='ltr'><strong><em>propositi</em></strong></span> <span class='ocrx_word' id='word_1_239' title='bbox 1763 1885 2045 1942; x_wconf 84' lang='lat' dir='ltr'><strong><em>diversitas</em></strong></span> <span class='ocrx_word' id='word_1_240' title='bbox 2065 1885 2193 1940; x_wconf 87' lang='lat' dir='ltr'><strong><em>sub-</em></strong></span> 
     </span>
    </p>
   </div>
   <div class='ocr_carea' id='block_1_36' title="bbox 613 1978 2194 2052">
    <p class='ocr_par' dir='ltr' id='par_1_36' title="bbox 613 1978 2194 2052">
     <span class='ocr_line' id='line_1_36' title="bbox 613 1978 2194 2052; baseline -0.001 -18"><span class='ocrx_word' id='word_1_241' title='bbox 613 1989 888 2052; x_wconf 80' lang='lat' dir='ltr'><strong><em>sequatur.</em></strong></span> <span class='ocrx_word' id='word_1_242' title='bbox 927 1979 1110 2046; x_wconf 85' lang='lat' dir='ltr'><strong><em>Neque</em></strong></span> <span class='ocrx_word' id='word_1_243' title='bbox 1155 1979 1296 2034; x_wconf 90' lang='lat' dir='ltr'><strong><em>enim</em></strong></span> <span class='ocrx_word' id='word_1_244' title='bbox 1345 1979 1547 2050; x_wconf 85' lang='lat' dir='ltr'><strong><em>opificii</em></strong></span> <span class='ocrx_word' id='word_1_245' title='bbox 1593 1979 1910 2050; x_wconf 82' lang='lat' dir='ltr'><strong><em>cujusquam</em></strong></span> <span class='ocrx_word' id='word_1_246' title='bbox 1955 1978 2194 2034; x_wconf 88' lang='lat' dir='ltr'><strong><em>desertio</em></strong></span> 
     </span>
    </p>
   </div>
   <div class='ocr_carea' id='block_1_37' title="bbox 613 2070 2195 2142">
    <p class='ocr_par' dir='ltr' id='par_1_37' title="bbox 613 2070 2195 2142">
     <span class='ocr_line' id='line_1_37' title="bbox 613 2070 2195 2142; baseline -0.001 -16"><span class='ocrx_word' id='word_1_247' title='bbox 613 2079 698 2126; x_wconf 87' lang='lat' dir='ltr'><strong><em>est</em></strong></span> <span class='ocrx_word' id='word_1_248' title='bbox 716 2070 1010 2126; x_wconf 86' lang='lat' dir='ltr'><strong><em>demutatio</em></strong></span> <span class='ocrx_word' id='word_1_249' title='bbox 1035 2070 1370 2135; x_wconf 83' lang='lat' dir='ltr'><strong><em>ferramenti,</em></strong></span> <span class='ocrx_word' id='word_1_250' title='bbox 1400 2079 1492 2125; x_wconf 83' lang='lat' dir='ltr'><strong><em>aut</em></strong></span> <span class='ocrx_word' id='word_1_251' title='bbox 1520 2072 1797 2142; x_wconf 80' lang='lat' dir='ltr'><strong><em>segnitiem</em></strong></span> <span class='ocrx_word' id='word_1_252' title='bbox 1827 2071 2002 2140; x_wconf 82' lang='lat' dir='ltr'><strong><em>arguit</em></strong></span> <span class='ocrx_word' id='word_1_253' title='bbox 2028 2070 2195 2124; x_wconf 80' lang='lat' dir='ltr'><strong><em>viato-</em></strong></span> 
     </span>
    </p>
   </div>
   <div class='ocr_carea' id='block_1_38' title="bbox 614 2161 2193 2231">
    <p class='ocr_par' dir='ltr' id='par_1_38' title="bbox 614 2161 2193 2231">
     <span class='ocr_line' id='line_1_38' title="bbox 614 2161 2193 2231; baseline -0.001 -13"><span class='ocrx_word' id='word_1_254' title='bbox 614 2162 690 2218; x_wconf 89' lang='lat' dir='ltr'><strong><em>ris</em></strong></span> <span class='ocrx_word' id='word_1_255' title='bbox 735 2164 834 2217; x_wconf 73' lang='lat' dir='ltr'><strong><em>vite</em></strong></span> <span class='ocrx_word' id='word_1_256' title='bbox 879 2162 1359 2231; x_wconf 89' lang='lat' dir='ltr'><strong><em>eompcndiosioris</em></strong></span> <span class='ocrx_word' id='word_1_257' title='bbox 1405 2178 1469 2218; x_wconf 88' lang='lat' dir='ltr'><strong><em>ac</em></strong></span> <span class='ocrx_word' id='word_1_258' title='bbox 1518 2163 1822 2218; x_wconf 87' lang='lat' dir='ltr'><strong><em>directioris</em></strong></span> <span class='ocrx_word' id='word_1_259' title='bbox 1871 2163 2086 2216; x_wconf 91' lang='lat' dir='ltr'><strong><em>electio.</em></strong></span> <span class='ocrx_word' id='word_1_260' title='bbox 2119 2161 2193 2216; x_wconf 85' lang='lat' dir='ltr'><strong><em>ita</em></strong></span> 
     </span>
    </p>
   </div>
   <div class='ocr_carea' id='block_1_39' title="bbox 615 2255 2197 2326">
    <p class='ocr_par' dir='ltr' id='par_1_39' title="bbox 615 2255 2197 2326">
     <span class='ocr_line' id='line_1_39' title="bbox 615 2255 2197 2326; baseline -0.001 -15"><span class='ocrx_word' id='word_1_261' title='bbox 615 2255 779 2326; x_wconf 78' lang='lat' dir='ltr'><strong><em>igitur</em></strong></span> <span class='ocrx_word' id='word_1_262' title='bbox 805 2267 858 2312; x_wconf 91' lang='lat' dir='ltr'><strong><em>et</em></strong></span> <span class='ocrx_word' id='word_1_263' title='bbox 885 2257 938 2311; x_wconf 93' lang='lat' dir='ltr'><strong><em>in</em></strong></span> <span class='ocrx_word' id='word_1_264' title='bbox 966 2256 1070 2311; x_wconf 90' lang='lat' dir='ltr'><strong><em>hac</em></strong></span> <span class='ocrx_word' id='word_1_265' title='bbox 1087 2265 1242 2326; x_wconf 88' lang='lat' dir='ltr'><strong><em>parte</em></strong></span> <span class='ocrx_word' id='word_1_266' title='bbox 1266 2257 1573 2313; x_wconf 79' lang='lat' dir='ltr'><strong><em>emendatio</em></strong></span> <span class='ocrx_word' id='word_1_267' title='bbox 1600 2256 1968 2326; x_wconf 87' lang='lat' dir='ltr'><strong><em>dispositionis</em></strong></span> <span class='ocrx_word' id='word_1_268' title='bbox 1998 2257 2197 2324; x_wconf 91' lang='lat' dir='ltr'><strong><em>impro-</em></strong></span> 
     </span>
    </p>
   </div>
   <div class='ocr_carea' id='block_1_40' title="bbox 617 2348 2194 2420">
    <p class='ocr_par' dir='ltr' id='par_1_40' title="bbox 617 2348 2194 2420">
     <span class='ocr_line' id='line_1_40' title="bbox 617 2348 2194 2420; baseline -0.003 -14"><span class='ocrx_word' id='word_1_269' title='bbox 617 2348 753 2414; x_wconf 70' lang='lat' dir='ltr'><strong><em>vida:</em></strong></span> <span class='ocrx_word' id='word_1_270' title='bbox 783 2364 891 2405; x_wconf 89' lang='lat' dir='ltr'><strong><em>non</em></strong></span> <span class='ocrx_word' id='word_1_271' title='bbox 934 2351 1193 2419; x_wconf 87' lang='lat' dir='ltr'><strong><em>spiritalis</em></strong></span> <span class='ocrx_word' id='word_1_272' title='bbox 1221 2351 1331 2410; x_wconf 81' lang='lat' dir='ltr'><strong><em>voti</em></strong></span> <span class='ocrx_word' id='word_1_273' title='bbox 1376 2360 1461 2407; x_wconf 90' lang='lat' dir='ltr'><strong><em>est</em></strong></span> <span class='ocrx_word' id='word_1_274' title='bbox 1487 2351 1774 2420; x_wconf 87' lang='lat' dir='ltr'><strong><em>judicanda</em></strong></span> <span class='ocrx_word' id='word_1_275' title='bbox 1822 2349 2194 2420; x_wconf 75' lang='lat' dir='ltr'><strong><em>transgressio.</em></strong></span> 
     </span>
    </p>
   </div>
   <div class='ocr_carea' id='block_1_41' title="bbox 617 2441 2199 2514">
    <p class='ocr_par' dir='ltr' id='par_1_41' title="bbox 617 2441 2199 2514">
     <span class='ocr_line' id='line_1_41' title="bbox 617 2441 2199 2514; baseline 0.001 -19"><span class='ocrx_word' id='word_1_276' title='bbox 617 2441 883 2513; x_wconf 83' lang='lat' dir='ltr'><strong><em>Quidquid</em></strong></span> <span class='ocrx_word' id='word_1_277' title='bbox 913 2443 1055 2498; x_wconf 91' lang='lat' dir='ltr'><strong><em>enim</em></strong></span> <span class='ocrx_word' id='word_1_278' title='bbox 1088 2459 1186 2514; x_wconf 92' lang='lat' dir='ltr'><strong><em>pro</em></strong></span> <span class='ocrx_word' id='word_1_279' title='bbox 1225 2443 1488 2500; x_wconf 88' lang='lat' dir='ltr'><strong><em>charitate</em></strong></span> <span class='ocrx_word' id='word_1_280' title='bbox 1523 2445 1616 2499; x_wconf 90' lang='lat' dir='ltr'><strong><em>Dei</em></strong></span> <span class='ocrx_word' id='word_1_281' title='bbox 1662 2452 1717 2498; x_wconf 88' lang='lat' dir='ltr'><strong><em>et</em></strong></span> <span class='ocrx_word' id='word_1_282' title='bbox 1759 2444 1972 2514; x_wconf 86' lang='lat' dir='ltr'><strong><em>pietatis</em></strong></span> <span class='ocrx_word' id='word_1_283' title='bbox 2012 2457 2199 2497; x_wconf 89' lang='lat' dir='ltr'><strong><em>amore</em></strong></span> 
     </span>
    </p>
   </div>
   <div class='ocr_carea' id='block_1_42' title="bbox 619 2536 2199 2607">
    <p class='ocr_par' dir='ltr' id='par_1_42' title="bbox 619 2536 2199 2607">
     <span class='ocr_line' id='line_1_42' title="bbox 619 2536 2199 2607; baseline -0.001 -17"><span class='ocrx_word' id='word_1_284' title='bbox 619 2537 914 2605; x_wconf 83' lang='lat' dir='ltr'><strong><em>perﬁcitur,</em></strong></span> <span class='ocrx_word' id='word_1_285' title='bbox 942 2552 1061 2604; x_wconf 75' lang='lat' dir='ltr'><strong><em>qua:</em></strong></span> <span class='ocrx_word' id='word_1_286' title='bbox 1087 2538 1476 2607; x_wconf 81' lang='lat' dir='ltr'><strong><em>promissionem</em></strong></span> <span class='ocrx_word' id='word_1_287' title='bbox 1505 2536 1652 2590; x_wconf 82' lang='lat' dir='ltr'><strong><em>habet</em></strong></span> <span class='ocrx_word' id='word_1_288' title='bbox 1683 2537 1798 2592; x_wconf 74' lang='lat' dir='ltr'><strong><em>vita:</em></strong></span> <span class='ocrx_word' id='word_1_289' title='bbox 1821 2553 1936 2606; x_wconf 62' lang='lat' dir='ltr'><strong><em>quae</em></strong></span> <span class='ocrx_word' id='word_1_290' title='bbox 1963 2552 2097 2590; x_wconf 88' lang='lat' dir='ltr'><strong><em>nunc</em></strong></span> <span class='ocrx_word' id='word_1_291' title='bbox 2125 2543 2199 2590; x_wconf 81' lang='lat' dir='ltr'><strong><em>est</em></strong></span> 
     </span>
    </p>
   </div>
   <div class='ocr_carea' id='block_1_43' title="bbox 619 2627 2202 2698">
    <p class='ocr_par' dir='ltr' id='par_1_43' title="bbox 619 2627 2202 2698">
     <span class='ocr_line' id='line_1_43' title="bbox 619 2627 2202 2698; baseline 0.001 -16"><span class='ocrx_word' id='word_1_292' title='bbox 619 2638 666 2682; x_wconf 85' lang='lat' dir='ltr'><strong><em>et</em></strong></span> <span class='ocrx_word' id='word_1_293' title='bbox 695 2632 886 2698; x_wconf 76' lang='lat' dir='ltr'><strong><em>futura:</em></strong></span> <span class='ocrx_word' id='word_1_294' title='bbox 907 2628 949 2698; x_wconf 92' lang='grc'><strong>(1</strong></span> <span class='ocrx_word' id='word_1_295' title='bbox 971 2627 1106 2681; x_wconf 86' lang='lat' dir='ltr'><strong><em>Tim.</em></strong></span> <span class='ocrx_word' id='word_1_296' title='bbox 1137 2628 1236 2694; x_wconf 88' lang='lat' dir='ltr'><strong><em>tv),</em></strong></span> <span class='ocrx_word' id='word_1_297' title='bbox 1263 2630 1471 2684; x_wconf 88' lang='lat' dir='ltr'><strong><em>tametsi</em></strong></span> <span class='ocrx_word' id='word_1_298' title='bbox 1497 2629 1646 2682; x_wconf 86' lang='lat' dir='ltr'><strong><em>duris</em></strong></span> <span class='ocrx_word' id='word_1_299' title='bbox 1671 2639 1829 2698; x_wconf 88' lang='lat' dir='ltr'><strong><em>atque</em></strong></span> <span class='ocrx_word' id='word_1_300' title='bbox 1858 2629 2097 2684; x_wconf 85' lang='lat' dir='ltr'><strong><em>adversis</em></strong></span> <span class='ocrx_word' id='word_1_301' title='bbox 2119 2629 2202 2683; x_wconf 88' lang='lat' dir='ltr'><strong><em>vi-</em></strong></span> 
     </span>
    </p>
   </div>
   <div class='ocr_carea' id='block_1_44' title="bbox 620 2715 2198 2791">
    <p class='ocr_par' dir='ltr' id='par_1_44' title="bbox 620 2715 2198 2791">
     <span class='ocr_line' id='line_1_44' title="bbox 620 2715 2198 2791; baseline 0.005 -23"><span class='ocrx_word' id='word_1_302' title='bbox 620 2715 808 2784; x_wconf 81' lang='lat' dir='ltr'><strong><em>deatur</em></strong></span> <span class='ocrx_word' id='word_1_303' title='bbox 838 2717 1120 2786; x_wconf 86' lang='lat' dir='ltr'><strong><em>principiis</em></strong></span> <span class='ocrx_word' id='word_1_304' title='bbox 1163 2718 1426 2782; x_wconf 91' lang='lat' dir='ltr'><strong><em>inchoari,</em></strong></span> <span class='ocrx_word' id='word_1_305' title='bbox 1461 2734 1565 2773; x_wconf 93' lang='lat' dir='ltr'><strong><em>non</em></strong></span> <span class='ocrx_word' id='word_1_306' title='bbox 1597 2719 1767 2773; x_wconf 87' lang='lat' dir='ltr'><strong><em>solum</em></strong></span> <span class='ocrx_word' id='word_1_307' title='bbox 1818 2720 1960 2774; x_wconf 87' lang='lat' dir='ltr'><strong><em>nulla</em></strong></span> <span class='ocrx_word' id='word_1_308' title='bbox 2006 2735 2198 2791; x_wconf 84' lang='lat' dir='ltr'><strong><em>repre-</em></strong></span> 
     </span>
    </p>
   </div>
   <div class='ocr_carea' id='block_1_45' title="bbox 621 2808 2202 2881">
    <p class='ocr_par' dir='ltr' id='par_1_45' title="bbox 621 2808 2202 2881">
     <span class='ocr_line' id='line_1_45' title="bbox 621 2808 2202 2881; baseline 0.004 -18"><span class='ocrx_word' id='word_1_309' title='bbox 621 2808 914 2878; x_wconf 86' lang='lat' dir='ltr'><strong><em>hensione,</em></strong></span> <span class='ocrx_word' id='word_1_310' title='bbox 958 2811 1050 2865; x_wconf 90' lang='lat' dir='ltr'><strong><em>sed</em></strong></span> <span class='ocrx_word' id='word_1_311' title='bbox 1083 2813 1244 2866; x_wconf 87' lang='lat' dir='ltr'><strong><em>etiam</em></strong></span> <span class='ocrx_word' id='word_1_312' title='bbox 1293 2813 1451 2868; x_wconf 88' lang='lat' dir='ltr'><strong><em>laude</em></strong></span> <span class='ocrx_word' id='word_1_313' title='bbox 1480 2813 1851 2881; x_wconf 77' lang='lat' dir='ltr'><strong><em>dignissimum</em></strong></span> <span class='ocrx_word' id='word_1_314' title='bbox 1882 2823 1984 2870; x_wconf 88' lang='lat' dir='ltr'><strong><em>est.</em></strong></span> <span class='ocrx_word' id='word_1_315' title='bbox 2022 2816 2087 2870; x_wconf 88' lang='lat' dir='ltr'><strong><em>Et</em></strong></span> <span class='ocrx_word' id='word_1_316' title='bbox 2122 2815 2202 2870; x_wconf 89' lang='lat' dir='ltr'><strong><em>id-</em></strong></span> 
     </span>
    </p>
   </div>
   <div class='ocr_carea' id='block_1_46' title="bbox 621 2901 2196 2976">
    <p class='ocr_par' dir='ltr' id='par_1_46' title="bbox 621 2901 2196 2976">
     <span class='ocr_line' id='line_1_46' title="bbox 621 2901 2196 2976; baseline 0.001 -19"><span class='ocrx_word' id='word_1_317' title='bbox 621 2901 767 2957; x_wconf 90' lang='lat' dir='ltr'><strong><em>circo</em></strong></span> <span class='ocrx_word' id='word_1_318' title='bbox 796 2902 926 2956; x_wconf 87' lang='lat' dir='ltr'><strong><em>nihil</em></strong></span> <span class='ocrx_word' id='word_1_319' title='bbox 955 2904 1268 2974; x_wconf 71' lang='lat' dir='ltr'><strong><em>prtejudieat</em></strong></span> <span class='ocrx_word' id='word_1_320' title='bbox 1294 2906 1581 2976; x_wconf 84' lang='lat' dir='ltr'><strong><em>refragatio</em></strong></span> <span class='ocrx_word' id='word_1_321' title='bbox 1611 2907 1916 2976; x_wconf 77' lang='lat' dir='ltr'><strong><em>Sponsionis</em></strong></span> <span class='ocrx_word' id='word_1_322' title='bbox 1945 2908 2196 2976; x_wconf 77' lang='lat' dir='ltr'><strong><em>incautae,</em></strong></span> 
     </span>
    </p>
   </div>
   <div class='ocr_carea' id='block_1_47' title="bbox 622 2993 2201 3071">
    <p class='ocr_par' dir='ltr' id='par_1_47' title="bbox 622 2993 2201 3071">
     <span class='ocr_line' id='line_1_47' title="bbox 622 2993 2201 3071; baseline 0.004 -23"><span class='ocrx_word' id='word_1_323' title='bbox 622 2993 668 3048; x_wconf 90' lang='lat' dir='ltr'><strong><em>si</em></strong></span> <span class='ocrx_word' id='word_1_324' title='bbox 698 2995 935 3064; x_wconf 79' lang='lat' dir='ltr'><strong><em>quolibet</em></strong></span> <span class='ocrx_word' id='word_1_325' title='bbox 964 3010 1160 3065; x_wconf 81' lang='lat' dir='ltr'><strong><em>genere</em></strong></span> <span class='ocrx_word' id='word_1_326' title='bbox 1189 3012 1386 3068; x_wconf 90' lang='lat' dir='ltr'><strong><em>scopus</em></strong></span> <span class='ocrx_word' id='word_1_327' title='bbox 1413 3007 1616 3052; x_wconf 88' lang='lat' dir='ltr'><strong><em>tantum</em></strong></span> <span class='ocrx_word' id='word_1_328' title='bbox 1637 3042 1652 3067; x_wconf 94' lang='lat'><strong><em>,</em></strong></span> <span class='ocrx_word' id='word_1_329' title='bbox 1687 2999 1738 3052; x_wconf 93' lang='lat' dir='ltr'><strong><em>id</em></strong></span> <span class='ocrx_word' id='word_1_330' title='bbox 1769 3007 1880 3064; x_wconf 88' lang='lat' dir='ltr'><strong><em>est,</em></strong></span> <span class='ocrx_word' id='word_1_331' title='bbox 1925 2999 2201 3071; x_wconf 88' lang='lat' dir='ltr'><strong><em>proposita</em></strong></span> 
     </span>
    </p>
   </div>
   <div class='ocr_carea' id='block_1_48' title="bbox 621 3087 2200 3162">
    <p class='ocr_par' dir='ltr' id='par_1_48' title="bbox 621 3087 2200 3162">
     <span class='ocr_line' id='line_1_48' title="bbox 621 3087 2200 3162; baseline 0.005 -22"><span class='ocrx_word' id='word_1_332' title='bbox 621 3087 838 3158; x_wconf 87' lang='lat' dir='ltr'><strong><em>pietatis</em></strong></span> <span class='ocrx_word' id='word_1_333' title='bbox 865 3089 1155 3144; x_wconf 89' lang='lat' dir='ltr'><strong><em>destinatio</em></strong></span> <span class='ocrx_word' id='word_1_334' title='bbox 1187 3099 1448 3146; x_wconf 89' lang='lat' dir='ltr'><strong><em>teneatur.</em></strong></span> <span class='ocrx_word' id='word_1_335' title='bbox 1478 3091 1668 3146; x_wconf 89' lang='lat' dir='ltr'><strong><em>Omnia</em></strong></span> <span class='ocrx_word' id='word_1_336' title='bbox 1714 3108 1944 3162; x_wconf 88' lang='lat' dir='ltr'><strong><em>namque</em></strong></span> <span class='ocrx_word' id='word_1_337' title='bbox 1986 3093 2055 3147; x_wconf 90' lang='lat' dir='ltr'><strong><em>ob</em></strong></span> <span class='ocrx_word' id='word_1_338' title='bbox 2100 3094 2200 3148; x_wconf 91' lang='lat' dir='ltr'><strong><em>hoc</em></strong></span> 
     </span>
    </p>
   </div>
   <div class='ocr_carea' id='block_1_49' title="bbox 2297 1881 3902 1951">
    <p class='ocr_par' dir='ltr' id='par_1_49' title="bbox 2297 1881 3902 1951">
     <span class='ocr_line' id='line_1_49' title="bbox 2297 1881 3902 1951; baseline 0.005 -15"><span class='ocrx_word' id='word_1_339' title='bbox 2297 1897 2616 1951; x_wconf 86' lang='lat' dir='ltr'><strong><em>unaquaque</em></strong></span> <span class='ocrx_word' id='word_1_340' title='bbox 2644 1881 2950 1950; x_wconf 84' lang='lat' dir='ltr'><strong><em>profecerit,</em></strong></span> <span class='ocrx_word' id='word_1_341' title='bbox 2983 1889 3142 1950; x_wconf 87' lang='lat' dir='ltr'><strong><em>atque</em></strong></span> <span class='ocrx_word' id='word_1_342' title='bbox 3166 1881 3362 1937; x_wconf 82' lang='lat' dir='ltr'><strong><em>exinde</em></strong></span> <span class='ocrx_word' id='word_1_343' title='bbox 3392 1883 3461 1936; x_wconf 88' lang='lat' dir='ltr'><strong><em>ad</em></strong></span> <span class='ocrx_word' id='word_1_344' title='bbox 3495 1886 3772 1942; x_wconf 87' lang='lat' dir='ltr'><strong><em>canitiem</em></strong></span> <span class='ocrx_word' id='word_1_345' title='bbox 3793 1904 3902 1944; x_wconf 85' lang='lat' dir='ltr'><strong><em>seu-</em></strong></span> 
     </span>
    </p>
   </div>
   <div class='ocr_carea' id='block_1_50' title="bbox 2295 1973 3903 2048">
    <p class='ocr_par' dir='ltr' id='par_1_50' title="bbox 2295 1973 3903 2048">
     <span class='ocr_line' id='line_1_50' title="bbox 2295 1973 3903 2048; baseline 0.002 -18"><span class='ocrx_word' id='word_1_346' title='bbox 2295 1989 2452 2030; x_wconf 77' lang='lat' dir='ltr'><strong><em>Suum</em></strong></span> <span class='ocrx_word' id='word_1_347' title='bbox 2475 1989 2537 2027; x_wconf 87' lang='lat' dir='ltr'><strong><em>ac</em></strong></span> <span class='ocrx_word' id='word_1_348' title='bbox 2560 1975 2724 2026; x_wconf 82' lang='lat' dir='ltr'><strong><em>virum</em></strong></span> <span class='ocrx_word' id='word_1_349' title='bbox 2756 1973 3040 2044; x_wconf 77' lang='lat' dir='ltr'><strong><em>perfectum</em></strong></span> <span class='ocrx_word' id='word_1_350' title='bbox 3063 1984 3118 2028; x_wconf 91' lang='lat' dir='ltr'><strong><em>et</em></strong></span> <span class='ocrx_word' id='word_1_351' title='bbox 3143 1991 3442 2028; x_wconf 86' lang='lat' dir='ltr'><strong><em>mensuram</em></strong></span> <span class='ocrx_word' id='word_1_352' title='bbox 3471 1981 3659 2040; x_wconf 67' lang='lat' dir='ltr'><strong><em>(etatis</em></strong></span> <span class='ocrx_word' id='word_1_353' title='bbox 3687 1980 3903 2048; x_wconf 76' lang='lat' dir='ltr'><strong><em>plenitu-</em></strong></span> 
     </span>
    </p>
   </div>
   <div class='ocr_carea' id='block_1_51' title="bbox 2296 2063 3902 2138">
    <p class='ocr_par' dir='ltr' id='par_1_51' title="bbox 2296 2063 3902 2138">
     <span class='ocr_line' id='line_1_51' title="bbox 2296 2063 3902 2138; baseline 0.005 -20"><span class='ocrx_word' id='word_1_354' title='bbox 2296 2066 2431 2118; x_wconf 88' lang='lat' dir='ltr'><strong><em>dinis</em></strong></span> <span class='ocrx_word' id='word_1_355' title='bbox 2474 2065 2664 2120; x_wconf 80' lang='lat' dir='ltr'><strong><em>Christi</em></strong></span> <span class='ocrx_word' id='word_1_356' title='bbox 2698 2066 3014 2131; x_wconf 71' lang='lat' dir='ltr'><strong><em>perveniens</em></strong></span> <span class='ocrx_word' id='word_1_357' title='bbox 3059 2063 3276 2135; x_wconf 86' lang='lat' dir='ltr'><strong><em>(Ephes.</em></strong></span> <span class='ocrx_word' id='word_1_358' title='bbox 3319 2065 3417 2134; x_wconf 86' lang='lat' dir='ltr'><strong><em>tv),</em></strong></span> <span class='ocrx_word' id='word_1_359' title='bbox 3466 2067 3796 2138; x_wconf 87' lang='lat' dir='ltr'><strong><em>deposuerit</em></strong></span> <span class='ocrx_word' id='word_1_360' title='bbox 3839 2086 3902 2126; x_wconf 73' lang='lat' dir='ltr'><strong><em>ea</em></strong></span> 
     </span>
    </p>
   </div>
   <div class='ocr_carea' id='block_1_52' title="bbox 2295 2158 3901 2228">
    <p class='ocr_par' dir='ltr' id='par_1_52' title="bbox 2295 2158 3901 2228">
     <span class='ocr_line' id='line_1_52' title="bbox 2295 2158 3901 2228; baseline 0.006 -18"><span class='ocrx_word' id='word_1_361' title='bbox 2295 2172 2416 2228; x_wconf 71' lang='lat' dir='ltr'><strong><em>qua:</em></strong></span> <span class='ocrx_word' id='word_1_362' title='bbox 2447 2167 2599 2212; x_wconf 89' lang='lat' dir='ltr'><strong><em>erant</em></strong></span> <span class='ocrx_word' id='word_1_363' title='bbox 2648 2158 2887 2228; x_wconf 82' lang='lat' dir='ltr'><strong><em>parvuli,</em></strong></span> <span class='ocrx_word' id='word_1_364' title='bbox 2932 2159 3196 2228; x_wconf 86' lang='lat' dir='ltr'><strong><em>numquid</em></strong></span> <span class='ocrx_word' id='word_1_365' title='bbox 3247 2159 3570 2215; x_wconf 88' lang='lat' dir='ltr'><strong><em>varietatem</em></strong></span> <span class='ocrx_word' id='word_1_366' title='bbox 3608 2163 3901 2219; x_wconf 80' lang='lat' dir='ltr'><strong><em>incurrisse</em></strong></span> 
     </span>
    </p>
   </div>
   <div class='ocr_carea' id='block_1_53' title="bbox 2297 2251 3900 2324">
    <p class='ocr_par' dir='ltr' id='par_1_53' title="bbox 2297 2251 3900 2324">
     <span class='ocr_line' id='line_1_53' title="bbox 2297 2251 3900 2324; baseline 0.003 -19"><span class='ocrx_word' id='word_1_367' title='bbox 2297 2251 2586 2317; x_wconf 84' lang='lat' dir='ltr'><strong><em>mendacii,</em></strong></span> <span class='ocrx_word' id='word_1_368' title='bbox 2616 2262 2670 2309; x_wconf 88' lang='lat' dir='ltr'><strong><em>et</em></strong></span> <span class='ocrx_word' id='word_1_369' title='bbox 2714 2268 2826 2308; x_wconf 91' lang='lat' dir='ltr'><strong><em>non</em></strong></span> <span class='ocrx_word' id='word_1_370' title='bbox 2877 2253 3053 2321; x_wconf 90' lang='lat' dir='ltr'><strong><em>potius</em></strong></span> <span class='ocrx_word' id='word_1_371' title='bbox 3101 2251 3444 2320; x_wconf 81' lang='lat' dir='ltr'><strong><em>perfectionis</em></strong></span> <span class='ocrx_word' id='word_1_372' title='bbox 3499 2254 3900 2324; x_wconf 85' lang='lat' dir='ltr'><strong><em>plenitudinem</em></strong></span> 
     </span>
    </p>
   </div>
   <div class='ocr_carea' id='block_1_54' title="bbox 2298 2344 3900 2422">
    <p class='ocr_par' dir='ltr' id='par_1_54' title="bbox 2298 2344 3900 2422">
     <span class='ocr_line' id='line_1_54' title="bbox 2298 2344 3900 2422; baseline 0.002 -23"><span class='ocrx_word' id='word_1_373' title='bbox 2298 2356 2622 2400; x_wconf 87' lang='lat' dir='ltr'><strong><em>consecutus</em></strong></span> <span class='ocrx_word' id='word_1_374' title='bbox 2673 2360 2798 2402; x_wconf 86' lang='lat' dir='ltr'><strong><em>esse</em></strong></span> <span class='ocrx_word' id='word_1_375' title='bbox 2825 2345 3128 2400; x_wconf 87' lang='lat' dir='ltr'><strong><em>credendus</em></strong></span> <span class='ocrx_word' id='word_1_376' title='bbox 3157 2345 3274 2400; x_wconf 84' lang='lat' dir='ltr'><strong><em>est?</em></strong></span> <span class='ocrx_word' id='word_1_377' title='bbox 3319 2344 3408 2402; x_wconf 88' lang='lat' dir='ltr'><strong><em>Sic</em></strong></span> <span class='ocrx_word' id='word_1_378' title='bbox 3454 2347 3778 2422; x_wconf 82' lang='lat' dir='ltr'><strong><em>rudimenta</em></strong></span> <span class='ocrx_word' id='word_1_379' title='bbox 3814 2366 3900 2403; x_wconf 84' lang='lat' dir='ltr'><strong><em>ve-</em></strong></span> 
     </span>
    </p>
   </div>
   <div class='ocr_carea' id='block_1_55' title="bbox 2298 2438 3899 2509">
    <p class='ocr_par' dir='ltr' id='par_1_55' title="bbox 2298 2438 3899 2509">
     <span class='ocr_line' id='line_1_55' title="bbox 2298 2438 3899 2509; baseline 0.002 -17"><span class='ocrx_word' id='word_1_380' title='bbox 2298 2438 2430 2494; x_wconf 88' lang='lat' dir='ltr'><strong><em>teris</em></strong></span> <span class='ocrx_word' id='word_1_381' title='bbox 2460 2439 2833 2507; x_wconf 85' lang='lat' dir='ltr'><strong><em>lnstrumeuti,</em></strong></span> <span class='ocrx_word' id='word_1_382' title='bbox 2865 2439 3271 2508; x_wconf 82' lang='lat' dir='ltr'><strong><em>dispensatione</em></strong></span> <span class='ocrx_word' id='word_1_383' title='bbox 3302 2439 3630 2509; x_wconf 75' lang='lat' dir='ltr'><strong><em>legislatpris</em></strong></span> <span class='ocrx_word' id='word_1_384' title='bbox 3669 2443 3804 2508; x_wconf 88' lang='lat' dir='ltr'><strong><em>Dei,</em></strong></span> <span class='ocrx_word' id='word_1_385' title='bbox 3839 2444 3899 2497; x_wconf 84' lang='lat' dir='ltr'><strong><em>ad</em></strong></span> 
     </span>
    </p>
   </div>
   <div class='ocr_carea' id='block_1_56' title="bbox 2300 2534 3898 2606">
    <p class='ocr_par' dir='ltr' id='par_1_56' title="bbox 2300 2534 3898 2606">
     <span class='ocr_line' id='line_1_56' title="bbox 2300 2534 3898 2606; baseline 0.001 -18"><span class='ocrx_word' id='word_1_386' title='bbox 2300 2535 2686 2604; x_wconf 77' lang='lat' dir='ltr'><strong><em>perfectionem</em></strong></span> <span class='ocrx_word' id='word_1_387' title='bbox 2728 2534 3084 2594; x_wconf 84' lang='lat' dir='ltr'><strong><em>beatitudinis</em></strong></span> <span class='ocrx_word' id='word_1_388' title='bbox 3112 2534 3425 2606; x_wconf 71' lang='lat' dir='ltr'><strong><em>evangelica:</em></strong></span> <span class='ocrx_word' id='word_1_389' title='bbox 3455 2539 3898 2602; x_wconf 85' lang='lat' dir='ltr'><strong><em>transferuntur,</em></strong></span> 
     </span>
    </p>
   </div>
   <div class='ocr_carea' id='block_1_57' title="bbox 2302 2625 3902 2698">
    <p class='ocr_par' dir='ltr' id='par_1_57' title="bbox 2302 2625 3902 2698">
     <span class='ocr_line' id='line_1_57' title="bbox 2302 2625 3902 2698; baseline 0.003 -18"><span class='ocrx_word' id='word_1_390' title='bbox 2302 2641 2402 2686; x_wconf 77' lang='lat' dir='ltr'><strong><em>nec</em></strong></span> <span class='ocrx_word' id='word_1_391' title='bbox 2433 2637 2610 2692; x_wconf 86' lang='lat' dir='ltr'><strong><em>tamen</em></strong></span> <span class='ocrx_word' id='word_1_392' title='bbox 2651 2641 2717 2684; x_wconf 81' lang='lat' dir='ltr'><strong><em>ex</em></strong></span> <span class='ocrx_word' id='word_1_393' title='bbox 2751 2627 2851 2681; x_wconf 89' lang='lat' dir='ltr'><strong><em>hoc</em></strong></span> <span class='ocrx_word' id='word_1_394' title='bbox 2893 2625 3200 2681; x_wconf 86' lang='lat' dir='ltr'><strong><em>immutatio</em></strong></span> <span class='ocrx_word' id='word_1_395' title='bbox 3246 2637 3330 2680; x_wconf 85' lang='lat' dir='ltr'><strong><em>aut</em></strong></span> <span class='ocrx_word' id='word_1_396' title='bbox 3362 2625 3649 2683; x_wconf 72' lang='lat' dir='ltr'><strong><em>diversitas</em></strong></span> <span class='ocrx_word' id='word_1_397' title='bbox 3683 2640 3902 2698; x_wconf 54' lang='lat' dir='ltr'><strong><em>praste—</em></strong></span> 
     </span>
    </p>
   </div>
   <div class='ocr_carea' id='block_1_58' title="bbox 2300 2717 3900 2786">
    <p class='ocr_par' dir='ltr' id='par_1_58' title="bbox 2300 2717 3900 2786">
     <span class='ocr_line' id='line_1_58' title="bbox 2300 2717 3900 2786; baseline 0.003 -15"><span class='ocrx_word' id='word_1_398' title='bbox 2300 2718 2416 2774; x_wconf 74' lang='lat' dir='ltr'><strong><em>ritze</em></strong></span> <span class='ocrx_word' id='word_1_399' title='bbox 2442 2719 2738 2786; x_wconf 82' lang='lat' dir='ltr'><strong><em>sanetionis</em></strong></span> <span class='ocrx_word' id='word_1_400' title='bbox 2770 2719 3127 2780; x_wconf 73' lang='lat' dir='ltr'><strong><em>intervenisse</em></strong></span> <span class='ocrx_word' id='word_1_401' title='bbox 3155 2717 3420 2780; x_wconf 83' lang='lat' dir='ltr'><strong><em>credenda</em></strong></span> <span class='ocrx_word' id='word_1_402' title='bbox 3449 2727 3554 2786; x_wconf 77' lang='lat' dir='ltr'><strong><em>est,</em></strong></span> <span class='ocrx_word' id='word_1_403' title='bbox 3589 2721 3695 2782; x_wconf 79' lang='lat' dir='ltr'><strong><em>sed</em></strong></span> <span class='ocrx_word' id='word_1_404' title='bbox 3728 2719 3900 2775; x_wconf 86' lang='lat' dir='ltr'><strong><em>adim-</em></strong></span> 
     </span>
    </p>
   </div>
   <div class='ocr_carea' id='block_1_59' title="bbox 2301 2810 3894 2880">
    <p class='ocr_par' dir='ltr' id='par_1_59' title="bbox 2301 2810 3894 2880">
     <span class='ocr_line' id='line_1_59' title="bbox 2301 2810 3894 2880; baseline 0.002 -15"><span class='ocrx_word' id='word_1_405' title='bbox 2301 2811 2466 2880; x_wconf 92' lang='lat' dir='ltr'><strong><em>pletio</em></strong></span> <span class='ocrx_word' id='word_1_406' title='bbox 2492 2821 2541 2865; x_wconf 88' lang='lat' dir='ltr'><strong><em>et</em></strong></span> <span class='ocrx_word' id='word_1_407' title='bbox 2569 2811 2817 2865; x_wconf 88' lang='lat' dir='ltr'><strong><em>cumulus</em></strong></span> <span class='ocrx_word' id='word_1_408' title='bbox 2859 2810 3232 2868; x_wconf 88' lang='lat' dir='ltr'><strong><em>sublimiorum</em></strong></span> <span class='ocrx_word' id='word_1_409' title='bbox 3260 2819 3317 2866; x_wconf 87' lang='lat' dir='ltr'><strong><em>et</em></strong></span> <span class='ocrx_word' id='word_1_410' title='bbox 3342 2811 3652 2872; x_wconf 77' lang='lat' dir='ltr'><strong><em>etelestium</em></strong></span> <span class='ocrx_word' id='word_1_411' title='bbox 3687 2827 3894 2880; x_wconf 70' lang='lat' dir='ltr'><strong><em>praece-</em></strong></span> 
     </span>
    </p>
   </div>
   <div class='ocr_carea' id='block_1_60' title="bbox 2302 2903 3898 2974">
    <p class='ocr_par' dir='ltr' id='par_1_60' title="bbox 2302 2903 3898 2974">
     <span class='ocr_line' id='line_1_60' title="bbox 2302 2903 3898 2974; baseline 0.001 -16"><span class='ocrx_word' id='word_1_412' title='bbox 2302 2913 2548 2974; x_wconf 89' lang='lat' dir='ltr'><strong><em>ptorum;</em></strong></span> <span class='ocrx_word' id='word_1_413' title='bbox 2585 2919 2685 2960; x_wconf 89' lang='lat' dir='ltr'><strong><em>nec</em></strong></span> <span class='ocrx_word' id='word_1_414' title='bbox 2721 2918 2892 2958; x_wconf 65' lang='lat' dir='ltr'><strong><em>sacrm</em></strong></span> <span class='ocrx_word' id='word_1_415' title='bbox 2923 2903 3372 2974; x_wconf 83' lang='lat' dir='ltr'><strong><em>promulgationis</em></strong></span> <span class='ocrx_word' id='word_1_416' title='bbox 3401 2903 3553 2959; x_wconf 88' lang='lat' dir='ltr'><strong><em>illius</em></strong></span> <span class='ocrx_word' id='word_1_417' title='bbox 3577 2905 3898 2960; x_wconf 60' lang='lat' dir='ltr'><strong><em>aestimanda</em></strong></span> 
     </span>
    </p>
   </div>
   <div class='ocr_carea' id='block_1_61' title="bbox 2303 2997 3895 3068">
    <p class='ocr_par' dir='ltr' id='par_1_61' title="bbox 2303 2997 3895 3068">
     <span class='ocr_line' id='line_1_61' title="bbox 2303 2997 3895 3068; baseline -0.001 -12"><span class='ocrx_word' id='word_1_418' title='bbox 2303 3008 2388 3056; x_wconf 88' lang='lat' dir='ltr'><strong><em>est</em></strong></span> <span class='ocrx_word' id='word_1_419' title='bbox 2415 2999 2658 3066; x_wconf 83' lang='lat' dir='ltr'><strong><em>abolitio,</em></strong></span> <span class='ocrx_word' id='word_1_420' title='bbox 2690 2997 2785 3054; x_wconf 90' lang='lat' dir='ltr'><strong><em>sed</em></strong></span> <span class='ocrx_word' id='word_1_421' title='bbox 2827 3013 3120 3065; x_wconf 81' lang='lat' dir='ltr'><strong><em>ascensus;</em></strong></span> <span class='ocrx_word' id='word_1_422' title='bbox 3152 3012 3252 3054; x_wconf 90' lang='lat' dir='ltr'><strong><em>nec</em></strong></span> <span class='ocrx_word' id='word_1_423' title='bbox 3291 2999 3558 3061; x_wconf 81' lang='lat' dir='ltr'><strong><em>varietas,</em></strong></span> <span class='ocrx_word' id='word_1_424' title='bbox 3586 2998 3690 3053; x_wconf 90' lang='lat' dir='ltr'><strong><em>sed</em></strong></span> <span class='ocrx_word' id='word_1_425' title='bbox 3716 2998 3895 3068; x_wconf 85' lang='lat' dir='ltr'><strong><em>profe-</em></strong></span> 
     </span>
    </p>
   </div>
   <div class='ocr_carea' id='block_1_62' title="bbox 2303 3091 3895 3162">
    <p class='ocr_par' dir='ltr' id='par_1_62' title="bbox 2303 3091 3895 3162">
     <span class='ocr_line' id='line_1_62' title="bbox 2303 3091 3895 3162; baseline -0.001 -14"><span class='ocrx_word' id='word_1_426' title='bbox 2303 3101 2443 3148; x_wconf 89' lang='lat' dir='ltr'><strong><em>ctus.</em></strong></span> <span class='ocrx_word' id='word_1_427' title='bbox 2479 3092 2629 3148; x_wconf 90' lang='lat' dir='ltr'><strong><em>Unde</em></strong></span> <span class='ocrx_word' id='word_1_428' title='bbox 2657 3101 2710 3148; x_wconf 89' lang='lat' dir='ltr'><strong><em>et</em></strong></span> <span class='ocrx_word' id='word_1_429' title='bbox 2742 3091 3004 3147; x_wconf 90' lang='lat' dir='ltr'><strong><em>Dominus</em></strong></span> <span class='ocrx_word' id='word_1_430' title='bbox 3036 3102 3242 3158; x_wconf 89' lang='lat' dir='ltr'><strong><em>noster,</em></strong></span> <span class='ocrx_word' id='word_1_431' title='bbox 3275 3091 3478 3154; x_wconf 80' lang='lat' dir='ltr'><strong><em>Nolite.</em></strong></span> <span class='ocrx_word' id='word_1_432' title='bbox 3516 3093 3735 3162; x_wconf 83' lang='lat' dir='ltr'><strong><em>inquit,</em></strong></span> <span class='ocrx_word' id='word_1_433' title='bbox 3769 3094 3895 3147; x_wconf 71' lang='lat' dir='ltr'><strong><em>(rsti-</em></strong></span> 
     </span>
    </p>
   </div>
   <div class='ocr_carea' id='block_1_63' title="bbox 623 3162 3892 3256">
    <p class='ocr_par' dir='ltr' id='par_1_63' title="bbox 623 3162 3892 3256">
     <span class='ocr_line' id='line_1_63' title="bbox 623 3162 3892 3256; baseline 0.001 -22"><span class='ocrx_word' id='word_1_434' title='bbox 623 3179 853 3249; x_wconf 83' lang='lat' dir='ltr'><strong><em>agimus,</em></strong></span> <span class='ocrx_word' id='word_1_435' title='bbox 880 3189 938 3234; x_wconf 91' lang='lat' dir='ltr'><strong><em>ut</em></strong></span> <span class='ocrx_word' id='word_1_436' title='bbox 961 3181 1071 3236; x_wconf 90' lang='lat' dir='ltr'><strong><em>Deo</em></strong></span> <span class='ocrx_word' id='word_1_437' title='bbox 1099 3197 1195 3236; x_wconf 90' lang='lat' dir='ltr'><strong><em>cor</em></strong></span> <span class='ocrx_word' id='word_1_438' title='bbox 1216 3183 1471 3238; x_wconf 89' lang='lat' dir='ltr'><strong><em>mundum</em></strong></span> <span class='ocrx_word' id='word_1_439' title='bbox 1503 3184 1759 3240; x_wconf 79' lang='lat' dir='ltr'><strong><em>exhibere</em></strong></span> <span class='ocrx_word' id='word_1_440' title='bbox 1786 3185 2080 3254; x_wconf 90' lang='lat' dir='ltr'><strong><em>possimus;</em></strong></span> <span class='ocrx_word' id='word_1_441' title='bbox 2109 3200 2204 3240; x_wconf 88' lang='lat' dir='ltr'><strong><em>cu-</em></strong></span> <span class='ocrx_word' id='word_1_442' title='bbox 2230 3162 2276 3226; x_wconf 63' lang='grc' dir='ltr'><strong><em>(ἶ</em></strong></span> <span class='ocrx_word' id='word_1_443' title='bbox 2307 3203 2450 3240; x_wconf 86' lang='lat' dir='ltr'><strong><em>mare</em></strong></span> <span class='ocrx_word' id='word_1_444' title='bbox 2477 3186 2617 3256; x_wconf 90' lang='lat' dir='ltr'><strong><em>quod</em></strong></span> <span class='ocrx_word' id='word_1_445' title='bbox 2655 3186 2768 3238; x_wconf 81' lang='lat' dir='ltr'><strong><em>veni</em></strong></span> <span class='ocrx_word' id='word_1_446' title='bbox 2813 3185 3006 3240; x_wconf 83' lang='lat' dir='ltr'><strong><em>solvere</em></strong></span> <span class='ocrx_word' id='word_1_447' title='bbox 3047 3183 3212 3255; x_wconf 85' lang='lat' dir='ltr'><strong><em>legem</em></strong></span> <span class='ocrx_word' id='word_1_448' title='bbox 3239 3194 3330 3237; x_wconf 89' lang='lat' dir='ltr'><strong><em>aut</em></strong></span> <span class='ocrx_word' id='word_1_449' title='bbox 3368 3186 3689 3256; x_wconf 83' lang='lat' dir='ltr'><strong><em>praphetas;</em></strong></span> <span class='ocrx_word' id='word_1_450' title='bbox 3733 3183 3760 3222; x_wconf 68' lang='grc' dir='ltr'><strong><em>ι’</em></strong></span> <span class='ocrx_word' id='word_1_451' title='bbox 3801 3201 3892 3237; x_wconf 80' lang='lat' dir='ltr'><strong><em>nos</em></strong></span> 
     </span>
    </p>
   </div>
   <div class='ocr_carea' id='block_1_64' title="bbox 622 3273 2203 3346">
    <p class='ocr_par' dir='ltr' id='par_1_64' title="bbox 622 3273 2203 3346">
     <span class='ocr_line' id='line_1_64' title="bbox 622 3273 2203 3346; baseline 0.004 -20"><span class='ocrx_word' id='word_1_452' title='bbox 622 3273 711 3345; x_wconf 83' lang='lat' dir='ltr'><strong><em>jus</em></strong></span> <span class='ocrx_word' id='word_1_453' title='bbox 739 3276 1136 3330; x_wconf 87' lang='lat' dir='ltr'><strong><em>consummatio</em></strong></span> <span class='ocrx_word' id='word_1_454' title='bbox 1158 3275 1204 3330; x_wconf 90' lang='lat' dir='ltr'><strong><em>si</em></strong></span> <span class='ocrx_word' id='word_1_455' title='bbox 1226 3276 1279 3330; x_wconf 87' lang='lat' dir='ltr'><strong><em>in</em></strong></span> <span class='ocrx_word' id='word_1_456' title='bbox 1306 3276 1392 3331; x_wconf 89' lang='lat' dir='ltr'><strong><em>his</em></strong></span> <span class='ocrx_word' id='word_1_457' title='bbox 1419 3277 1549 3331; x_wconf 88' lang='lat' dir='ltr'><strong><em>locis</em></strong></span> <span class='ocrx_word' id='word_1_458' title='bbox 1574 3277 1778 3332; x_wconf 85' lang='lat' dir='ltr'><strong><em>facilior</em></strong></span> <span class='ocrx_word' id='word_1_459' title='bbox 1799 3276 2091 3346; x_wconf 86' lang='lat' dir='ltr'><strong><em>judicatur,</em></strong></span> <span class='ocrx_word' id='word_1_460' title='bbox 2120 3278 2203 3333; x_wconf 92' lang='lat' dir='ltr'><strong><em>ni-</em></strong></span> 
     </span>
    </p>
   </div>
   <div class='ocr_carea' id='block_1_65' title="bbox 2307 3276 3890 3348">
    <p class='ocr_par' dir='ltr' id='par_1_65' title="bbox 2307 3276 3890 3348">
     <span class='ocr_line' id='line_1_65' title="bbox 2307 3276 3890 3348; baseline -0.002 -14"><span class='ocrx_word' id='word_1_461' title='bbox 2307 3280 2423 3334; x_wconf 81' lang='lat' dir='ltr'><strong><em>oeni</em></strong></span> <span class='ocrx_word' id='word_1_462' title='bbox 2461 3278 2677 3343; x_wconf 78' lang='lat' dir='ltr'><strong><em>solvere,</em></strong></span> <span class='ocrx_word' id='word_1_463' title='bbox 2721 3277 2810 3332; x_wconf 81' lang='lat' dir='ltr'><strong><em>sed</em></strong></span> <span class='ocrx_word' id='word_1_464' title='bbox 2847 3277 3130 3348; x_wconf 81' lang='lat' dir='ltr'><strong><em>adimplere</em></strong></span> <span class='ocrx_word' id='word_1_465' title='bbox 3159 3276 3375 3348; x_wconf 79' lang='lat' dir='ltr'><strong><em>(Matth.</em></strong></span> <span class='ocrx_word' id='word_1_466' title='bbox 3408 3277 3501 3348; x_wconf 88' lang='lat' dir='ltr'><strong><em>v);</em></strong></span> <span class='ocrx_word' id='word_1_467' title='bbox 3552 3279 3606 3333; x_wconf 92' lang='lat' dir='ltr'><strong><em>id</em></strong></span> <span class='ocrx_word' id='word_1_468' title='bbox 3647 3289 3760 3348; x_wconf 84' lang='lat' dir='ltr'><strong><em>est,</em></strong></span> <span class='ocrx_word' id='word_1_469' title='bbox 3793 3293 3890 3332; x_wconf 88' lang='lat' dir='ltr'><strong><em>non</em></strong></span> 
     </span>
    </p>
   </div>
   <div class='ocr_carea' id='block_1_66' title="bbox 1687 3414 2816 3473">
    <p class='ocr_par' dir='ltr' id='par_1_66' title="bbox 1687 3414 2816 3473">
     <span class='ocr_line' id='line_1_66' title="bbox 1687 3414 2816 3473; baseline -0.001 -3"><span class='ocrx_word' id='word_1_470' title='bbox 1687 3414 1942 3470; x_wconf 83' lang='lat' dir='ltr'><strong><em>ALARDI</em></strong></span> <span class='ocrx_word' id='word_1_471' title='bbox 1980 3415 2214 3472; x_wconf 64' lang='lat' dir='ltr'><strong><em>GAZAEI</em></strong></span> <span class='ocrx_word' id='word_1_472' title='bbox 2255 3414 2816 3473; x_wconf 75' lang='lat' dir='ltr'><strong><em>COMMENTARIUS.</em></strong></span> 
     </span>
    </p>
   </div>
   <div class='ocr_carea' id='block_1_67' title="bbox 703 3529 2199 3597">
    <p class='ocr_par' dir='ltr' id='par_1_67' title="bbox 703 3529 2199 3597">
     <span class='ocr_line' id='line_1_67' title="bbox 703 3529 2199 3597; baseline 0.001 -13"><span class='ocrx_word' id='word_1_473' title='bbox 703 3540 730 3570; x_wconf 80' lang='grc' dir='ltr'>ι</span> <span class='ocrx_word' id='word_1_474' title='bbox 759 3529 1052 3584; x_wconf 83' lang='lat' dir='ltr'><strong><em>DeStinalio</em></strong></span> <span class='ocrx_word' id='word_1_475' title='bbox 1076 3531 1302 3592; x_wconf 83' lang='lat' dir='ltr'><strong><em>mentis,</em></strong></span> <span class='ocrx_word' id='word_1_476' title='bbox 1337 3529 1387 3583; x_wconf 91' lang='lat' dir='ltr'><strong><em>id</em></strong></span> <span class='ocrx_word' id='word_1_477' title='bbox 1419 3537 1532 3592; x_wconf 89' lang='lat' dir='ltr'><strong><em>est,</em></strong></span> <span class='ocrx_word' id='word_1_478' title='bbox 1563 3529 1819 3593; x_wconf 88' lang='lat' dir='ltr'><strong><em>intentio,</em></strong></span> <span class='ocrx_word' id='word_1_479' title='bbox 1855 3542 2199 3597; x_wconf 87' lang='lat' dir='ltr'><strong><em>remunerat,</em></strong></span> 
     </span>
    </p>
   </div>
   <div class='ocr_carea' id='block_1_68' title="bbox 627 3601 2204 3670">
    <p class='ocr_par' dir='ltr' id='par_1_68' title="bbox 627 3601 2204 3670">
     <span class='ocr_line' id='line_1_68' title="bbox 627 3601 2204 3670; baseline 0.001 -13"><span class='ocrx_word' id='word_1_480' title='bbox 627 3601 679 3657; x_wconf 83' lang='lat' dir='ltr'><strong><em>id</em></strong></span> <span class='ocrx_word' id='word_1_481' title='bbox 723 3612 834 3667; x_wconf 88' lang='lat' dir='ltr'><strong><em>est,</em></strong></span> <span class='ocrx_word' id='word_1_482' title='bbox 886 3601 1010 3655; x_wconf 83' lang='lat' dir='ltr'><strong><em>facit</em></strong></span> <span class='ocrx_word' id='word_1_483' title='bbox 1041 3602 1311 3654; x_wconf 86' lang='lat' dir='ltr'><strong><em>hominem</em></strong></span> <span class='ocrx_word' id='word_1_484' title='bbox 1341 3601 1451 3654; x_wconf 90' lang='lat' dir='ltr'><strong><em>Deo</em></strong></span> <span class='ocrx_word' id='word_1_485' title='bbox 1481 3611 1788 3666; x_wconf 80' lang='lat' dir='ltr'><strong><em>acceptum,</em></strong></span> <span class='ocrx_word' id='word_1_486' title='bbox 1829 3610 1883 3655; x_wconf 86' lang='lat' dir='ltr'><strong><em>et</em></strong></span> <span class='ocrx_word' id='word_1_487' title='bbox 1911 3617 2045 3666; x_wconf 87' lang='lat' dir='ltr'><strong><em>opus</em></strong></span> <span class='ocrx_word' id='word_1_488' title='bbox 2083 3603 2204 3670; x_wconf 85' lang='lat' dir='ltr'><strong><em>ejus</em></strong></span> 
     </span>
    </p>
   </div>
   <div class='ocr_carea' id='block_1_69' title="bbox 627 3672 2206 3742">
    <p class='ocr_par' dir='ltr' id='par_1_69' title="bbox 627 3672 2206 3742">
     <span class='ocr_line' id='line_1_69' title="bbox 627 3672 2206 3742; baseline -0.001 -15"><span class='ocrx_word' id='word_1_489' title='bbox 627 3675 984 3735; x_wconf 80' lang='lat' dir='ltr'><strong><em>meritorinm,</em></strong></span> <span class='ocrx_word' id='word_1_490' title='bbox 1006 3673 1156 3740; x_wconf 81' lang='lat' dir='ltr'><strong><em>juxta</em></strong></span> <span class='ocrx_word' id='word_1_491' title='bbox 1184 3673 1313 3726; x_wconf 90' lang='lat' dir='ltr'><strong><em>illud</em></strong></span> <span class='ocrx_word' id='word_1_492' title='bbox 1347 3672 1529 3726; x_wconf 87' lang='lat' dir='ltr'><strong><em>Matth.</em></strong></span> <span class='ocrx_word' id='word_1_493' title='bbox 1555 3687 1606 3726; x_wconf 74' lang='lat' dir='ltr'><strong><em>vs</em></strong></span> <span class='ocrx_word' id='word_1_494' title='bbox 1636 3690 1648 3724; x_wconf 90' lang='lat'>:</span> <span class='ocrx_word' id='word_1_495' title='bbox 1677 3672 1736 3727; x_wconf 84' lang='lat' dir='ltr'><strong><em>Si</em></strong></span> <span class='ocrx_word' id='word_1_496' title='bbox 1764 3673 1940 3725; x_wconf 85' lang='lat' dir='ltr'><strong><em>oculus</em></strong></span> <span class='ocrx_word' id='word_1_497' title='bbox 1962 3682 2074 3726; x_wconf 86' lang='lat' dir='ltr'><strong><em>tuus</em></strong></span> <span class='ocrx_word' id='word_1_498' title='bbox 2095 3678 2206 3742; x_wconf 74' lang='lat' dir='ltr'><strong><em>[tte-</em></strong></span> 
     </span>
    </p>
   </div>
   <div class='ocr_carea' id='block_1_70' title="bbox 624 3742 2207 3810">
    <p class='ocr_par' dir='ltr' id='par_1_70' title="bbox 624 3742 2207 3810">
     <span class='ocr_line' id='line_1_70' title="bbox 624 3742 2207 3810; baseline -0.001 -12"><span class='ocrx_word' id='word_1_499' title='bbox 624 3746 692 3799; x_wconf 85' lang='lat' dir='ltr'><strong><em>rit</em></strong></span> <span class='ocrx_word' id='word_1_500' title='bbox 719 3745 958 3810; x_wconf 74' lang='lat' dir='ltr'><strong><em>simplex,</em></strong></span> <span class='ocrx_word' id='word_1_501' title='bbox 989 3753 1149 3797; x_wconf 87' lang='lat' dir='ltr'><strong><em>totum</em></strong></span> <span class='ocrx_word' id='word_1_502' title='bbox 1178 3760 1362 3810; x_wconf 86' lang='lat' dir='ltr'><strong><em>corpus</em></strong></span> <span class='ocrx_word' id='word_1_503' title='bbox 1399 3754 1542 3798; x_wconf 88' lang='lat' dir='ltr'><strong><em>tuum</em></strong></span> <span class='ocrx_word' id='word_1_504' title='bbox 1571 3744 1801 3797; x_wconf 85' lang='lat' dir='ltr'><strong><em>lucidum</em></strong></span> <span class='ocrx_word' id='word_1_505' title='bbox 1833 3744 1944 3796; x_wconf 87' lang='lat' dir='ltr'><strong><em>erit.</em></strong></span> <span class='ocrx_word' id='word_1_506' title='bbox 1981 3742 2207 3798; x_wconf 88' lang='lat' dir='ltr'><strong><em>Oculnm</em></strong></span> 
     </span>
    </p>
   </div>
   <div class='ocr_carea' id='block_1_71' title="bbox 625 3813 2202 3887">
    <p class='ocr_par' dir='ltr' id='par_1_71' title="bbox 625 3813 2202 3887">
     <span class='ocr_line' id='line_1_71' title="bbox 625 3813 2202 3887; baseline -0.002 -17"><span class='ocrx_word' id='word_1_507' title='bbox 625 3818 783 3885; x_wconf 77' lang='lat' dir='ltr'><strong><em>enim,</em></strong></span> <span class='ocrx_word' id='word_1_508' title='bbox 807 3817 881 3870; x_wconf 87' lang='lat' dir='ltr'><strong><em>ait</em></strong></span> <span class='ocrx_word' id='word_1_509' title='bbox 908 3815 1240 3885; x_wconf 79' lang='lat' dir='ltr'><strong><em>AuguStinus</em></strong></span> <span class='ocrx_word' id='word_1_510' title='bbox 1271 3813 1409 3887; x_wconf 87' lang='lat' dir='ltr'><strong><em>(Lib.</em></strong></span> <span class='ocrx_word' id='word_1_511' title='bbox 1431 3829 1468 3869; x_wconf 90' lang='lat' dir='ltr'><strong><em>ll</em></strong></span> <span class='ocrx_word' id='word_1_512' title='bbox 1499 3813 1564 3868; x_wconf 89' lang='lat' dir='ltr'><strong><em>de</em></strong></span> <span class='ocrx_word' id='word_1_513' title='bbox 1591 3832 1744 3868; x_wconf 88' lang='lat' dir='ltr'><strong><em>serm.</em></strong></span> <span class='ocrx_word' id='word_1_514' title='bbox 1773 3815 1923 3867; x_wconf 84' lang='lat' dir='ltr'><strong><em>Dom.</em></strong></span> <span class='ocrx_word' id='word_1_515' title='bbox 1949 3832 2061 3886; x_wconf 87' lang='lat' dir='ltr'><strong><em>cap.</em></strong></span> <span class='ocrx_word' id='word_1_516' title='bbox 2087 3815 2202 3883; x_wconf 75' lang='lat'><strong><em>2|),</em></strong></span> 
     </span>
    </p>
   </div>
   <div class='ocr_carea' id='block_1_72' title="bbox 627 3887 2208 3957">
    <p class='ocr_par' dir='ltr' id='par_1_72' title="bbox 627 3887 2208 3957">
     <span class='ocr_line' id='line_1_72' title="bbox 627 3887 2208 3957; baseline 0.001 -20"><span class='ocrx_word' id='word_1_517' title='bbox 627 3893 859 3957; x_wconf 55' lang='lat' dir='ltr'><strong><em>accipere</em></strong></span> <span class='ocrx_word' id='word_1_518' title='bbox 889 3889 1124 3940; x_wconf 64' lang='grc' dir='ltr'><strong><em>άοτὺυηιωε</em></strong></span> <span class='ocrx_word' id='word_1_519' title='bbox 1150 3891 1484 3940; x_wconf 78' lang='lat' dir='ltr'><strong><em>intentionem</em></strong></span> <span class='ocrx_word' id='word_1_520' title='bbox 1515 3898 1773 3950; x_wconf 88' lang='lat' dir='ltr'><strong><em>nostram,</em></strong></span> <span class='ocrx_word' id='word_1_521' title='bbox 1797 3902 1910 3954; x_wconf 79' lang='lat' dir='ltr'><strong><em>qua:</em></strong></span> <span class='ocrx_word' id='word_1_522' title='bbox 1933 3887 1978 3938; x_wconf 89' lang='lat' dir='ltr'><strong><em>si</em></strong></span> <span class='ocrx_word' id='word_1_523' title='bbox 2009 3889 2208 3938; x_wconf 87' lang='lat' dir='ltr'><strong><em>munda</em></strong></span> 
     </span>
    </p>
   </div>
   <div class='ocr_carea' id='block_1_73' title="bbox 626 3956 2208 4027">
    <p class='ocr_par' dir='ltr' id='par_1_73' title="bbox 626 3956 2208 4027">
     <span class='ocr_line' id='line_1_73' title="bbox 626 3956 2208 4027; baseline -0.002 -15"><span class='ocrx_word' id='word_1_524' title='bbox 626 3956 786 4027; x_wconf 81' lang='lat' dir='ltr'><strong><em>fuerit</em></strong></span> <span class='ocrx_word' id='word_1_525' title='bbox 827 3967 875 4012; x_wconf 89' lang='lat' dir='ltr'><strong><em>et</em></strong></span> <span class='ocrx_word' id='word_1_526' title='bbox 918 3969 1075 4018; x_wconf 82' lang='lat' dir='ltr'><strong><em>recta,</em></strong></span> <span class='ocrx_word' id='word_1_527' title='bbox 1111 3960 1281 4011; x_wconf 85' lang='lat' dir='ltr'><strong><em>omnia</em></strong></span> <span class='ocrx_word' id='word_1_528' title='bbox 1327 3975 1479 4027; x_wconf 82' lang='lat' dir='ltr'><strong><em>opera</em></strong></span> <span class='ocrx_word' id='word_1_529' title='bbox 1526 3969 1730 4018; x_wconf 90' lang='lat' dir='ltr'><strong><em>nostra,</em></strong></span> <span class='ocrx_word' id='word_1_530' title='bbox 1772 3972 1883 4024; x_wconf 75' lang='lat' dir='ltr'><strong><em>quw</em></strong></span> <span class='ocrx_word' id='word_1_531' title='bbox 1922 3960 2208 4010; x_wconf 86' lang='lat' dir='ltr'><strong><em>secundum</em></strong></span> 
     </span>
    </p>
   </div>
   <div class='ocr_carea' id='block_1_74' title="bbox 627 4029 2208 4102">
    <p class='ocr_par' dir='ltr' id='par_1_74' title="bbox 627 4029 2208 4102">
     <span class='ocr_line' id='line_1_74' title="bbox 627 4029 2208 4102; baseline -0.001 -20"><span class='ocrx_word' id='word_1_532' title='bbox 627 4043 736 4082; x_wconf 81' lang='lat' dir='ltr'><strong><em>eam</em></strong></span> <span class='ocrx_word' id='word_1_533' title='bbox 769 4045 1064 4102; x_wconf 76' lang='lat' dir='ltr'><strong><em>operemur,</em></strong></span> <span class='ocrx_word' id='word_1_534' title='bbox 1090 4031 1245 4102; x_wconf 80' lang='lat' dir='ltr'><strong><em>bona</em></strong></span> <span class='ocrx_word' id='word_1_535' title='bbox 1277 4037 1425 4093; x_wconf 89' lang='lat' dir='ltr'><strong><em>sunt;</em></strong></span> <span class='ocrx_word' id='word_1_536' title='bbox 1454 4044 1570 4096; x_wconf 74' lang='lat' dir='ltr'><strong><em>qua:</em></strong></span> <span class='ocrx_word' id='word_1_537' title='bbox 1587 4029 1802 4102; x_wconf 83' lang='lat' dir='ltr'><strong><em>quidem</em></strong></span> <span class='ocrx_word' id='word_1_538' title='bbox 1822 4031 2016 4102; x_wconf 70' lang='lat' dir='ltr'><strong><em>omnia</em></strong></span> <span class='ocrx_word' id='word_1_539' title='bbox 2045 4039 2208 4102; x_wconf 83' lang='lat' dir='ltr'><strong><em>totum</em></strong></span> 
     </span>
    </p>
   </div>
   <div class='ocr_carea' id='block_1_75' title="bbox 628 4098 2208 4171">
    <p class='ocr_par' dir='ltr' id='par_1_75' title="bbox 628 4098 2208 4171">
     <span class='ocr_line' id='line_1_75' title="bbox 628 4098 2208 4171; baseline -0.003 -18"><span class='ocrx_word' id='word_1_540' title='bbox 628 4098 815 4171; x_wconf 60' lang='lat' dir='ltr'><strong><em>corpus</em></strong></span> <span class='ocrx_word' id='word_1_541' title='bbox 841 4101 1142 4163; x_wconf 82' lang='lat' dir='ltr'><strong><em>appellavit,</em></strong></span> <span class='ocrx_word' id='word_1_542' title='bbox 1171 4102 1292 4166; x_wconf 86' lang='lat' dir='ltr'><strong><em>quia</em></strong></span> <span class='ocrx_word' id='word_1_543' title='bbox 1315 4109 1362 4151; x_wconf 84' lang='lat' dir='ltr'><strong><em>et</em></strong></span> <span class='ocrx_word' id='word_1_544' title='bbox 1388 4100 1657 4171; x_wconf 72' lang='lat' dir='ltr'><strong><em>Apostolus</em></strong></span> <span class='ocrx_word' id='word_1_545' title='bbox 1678 4098 1913 4171; x_wconf 78' lang='lat' dir='ltr'><strong><em>membra</em></strong></span> <span class='ocrx_word' id='word_1_546' title='bbox 1929 4109 2101 4150; x_wconf 84' lang='lat' dir='ltr'><strong><em>nostra</em></strong></span> <span class='ocrx_word' id='word_1_547' title='bbox 2128 4098 2208 4149; x_wconf 87' lang='lat' dir='ltr'><strong><em>di-</em></strong></span> 
     </span>
    </p>
   </div>
   <div class='ocr_carea' id='block_1_76' title="bbox 627 4167 2202 4239">
    <p class='ocr_par' dir='ltr' id='par_1_76' title="bbox 627 4167 2202 4239">
     <span class='ocr_line' id='line_1_76' title="bbox 627 4167 2202 4239; baseline 0 -17"><span class='ocrx_word' id='word_1_548' title='bbox 627 4172 695 4223; x_wconf 85' lang='lat' dir='ltr'><strong><em>cit</em></strong></span> <span class='ocrx_word' id='word_1_549' title='bbox 720 4167 956 4239; x_wconf 72' lang='lat' dir='ltr'><strong><em>anedam</em></strong></span> <span class='ocrx_word' id='word_1_550' title='bbox 982 4187 1136 4235; x_wconf 88' lang='lat' dir='ltr'><strong><em>opera</em></strong></span> <span class='ocrx_word' id='word_1_551' title='bbox 1167 4171 1250 4222; x_wconf 88' lang='lat' dir='ltr'><strong><em>ubi</em></strong></span> <span class='ocrx_word' id='word_1_552' title='bbox 1280 4171 1350 4222; x_wconf 89' lang='lat' dir='ltr'><strong><em>ait</em></strong></span> <span class='ocrx_word' id='word_1_553' title='bbox 1376 4184 1392 4220; x_wconf 92' lang='lat'><strong><em>:</em></strong></span> <span class='ocrx_word' id='word_1_554' title='bbox 1428 4167 1736 4234; x_wconf 78' lang='lat' dir='ltr'><strong><em>Mortiﬁcate</em></strong></span> <span class='ocrx_word' id='word_1_555' title='bbox 1763 4169 1988 4221; x_wconf 88' lang='lat' dir='ltr'><strong><em>membra</em></strong></span> <span class='ocrx_word' id='word_1_556' title='bbox 2019 4180 2202 4234; x_wconf 81' lang='lat' dir='ltr'><strong><em>vestra,</em></strong></span> 
     </span>
    </p>
   </div>
   <div class='ocr_carea' id='block_1_77' title="bbox 625 4239 2208 4308">
    <p class='ocr_par' dir='ltr' id='par_1_77' title="bbox 625 4239 2208 4308">
     <span class='ocr_line' id='line_1_77' title="bbox 625 4239 2208 4308; baseline 0.003 -20"><span class='ocrx_word' id='word_1_557' title='bbox 625 4254 740 4308; x_wconf 76' lang='lat' dir='ltr'><strong><em>qua:</em></strong></span> <span class='ocrx_word' id='word_1_558' title='bbox 784 4253 898 4294; x_wconf 86' lang='lat' dir='ltr'><strong><em>sunt</em></strong></span> <span class='ocrx_word' id='word_1_559' title='bbox 937 4257 1091 4297; x_wconf 80' lang='lat' dir='ltr'><strong><em>super</em></strong></span> <span class='ocrx_word' id='word_1_560' title='bbox 1134 4251 1348 4301; x_wconf 86' lang='lat' dir='ltr'><strong><em>terram,</em></strong></span> <span class='ocrx_word' id='word_1_561' title='bbox 1406 4239 1793 4307; x_wconf 74' lang='lat' dir='ltr'><strong><em>fornicationem</em></strong></span> <span class='ocrx_word' id='word_1_562' title='bbox 1837 4247 1883 4290; x_wconf 82' lang='lat' dir='ltr'><strong><em>et</em></strong></span> <span class='ocrx_word' id='word_1_563' title='bbox 1931 4242 2208 4293; x_wconf 86' lang='lat' dir='ltr'><strong><em>immundi-</em></strong></span> 
     </span>
    </p>
   </div>
   <div class='ocr_carea' id='block_1_78' title="bbox 628 4308 2207 4382">
    <p class='ocr_par' dir='ltr' id='par_1_78' title="bbox 628 4308 2207 4382">
     <span class='ocr_line' id='line_1_78' title="bbox 628 4308 2207 4382; baseline 0.001 -20"><span class='ocrx_word' id='word_1_564' title='bbox 628 4311 779 4374; x_wconf 86' lang='lat' dir='ltr'><strong><em>tiam,</em></strong></span> <span class='ocrx_word' id='word_1_565' title='bbox 831 4321 930 4363; x_wconf 87' lang='lat' dir='ltr'><strong><em>etc.</em></strong></span> <span class='ocrx_word' id='word_1_566' title='bbox 983 4309 1107 4364; x_wconf 87' lang='lat' dir='ltr'><strong><em>Non</em></strong></span> <span class='ocrx_word' id='word_1_567' title='bbox 1153 4327 1273 4382; x_wconf 87' lang='lat' dir='ltr'><strong><em>ergo</em></strong></span> <span class='ocrx_word' id='word_1_568' title='bbox 1316 4309 1439 4375; x_wconf 84' lang='lat' dir='ltr'><strong><em>quid</em></strong></span> <span class='ocrx_word' id='word_1_569' title='bbox 1483 4309 1699 4382; x_wconf 87' lang='lat' dir='ltr'><strong><em>quisque</em></strong></span> <span class='ocrx_word' id='word_1_570' title='bbox 1747 4308 1932 4378; x_wconf 81' lang='lat' dir='ltr'><strong><em>faciat,</em></strong></span> <span class='ocrx_word' id='word_1_571' title='bbox 1980 4311 2071 4363; x_wconf 84' lang='lat' dir='ltr'><strong><em>sed</em></strong></span> <span class='ocrx_word' id='word_1_572' title='bbox 2109 4327 2207 4378; x_wconf 89' lang='lat' dir='ltr'><strong><em>quo</em></strong></span> 
     </span>
    </p>
   </div>
   <div class='ocr_carea' id='block_1_79' title="bbox 626 4381 2206 4448">
    <p class='ocr_par' dir='ltr' id='par_1_79' title="bbox 626 4381 2206 4448">
     <span class='ocr_line' id='line_1_79' title="bbox 626 4381 2206 4448; baseline 0.003 -16"><span class='ocrx_word' id='word_1_573' title='bbox 626 4381 798 4433; x_wconf 85' lang='lat' dir='ltr'><strong><em>animo</em></strong></span> <span class='ocrx_word' id='word_1_574' title='bbox 827 4381 1018 4448; x_wconf 75' lang='lat' dir='ltr'><strong><em>faciat,</em></strong></span> <span class='ocrx_word' id='word_1_575' title='bbox 1061 4381 1489 4433; x_wconf 82' lang='lat' dir='ltr'><strong><em>considerandum</em></strong></span> <span class='ocrx_word' id='word_1_576' title='bbox 1528 4389 1619 4431; x_wconf 84' lang='lat' dir='ltr'><strong><em>est.</em></strong></span> <span class='ocrx_word' id='word_1_577' title='bbox 1658 4381 1919 4432; x_wconf 65' lang='lat' dir='ltr'><strong><em>Cancrum</em></strong></span> <span class='ocrx_word' id='word_1_578' title='bbox 1952 4383 2206 4436; x_wconf 80' lang='lat' dir='ltr'><strong><em>admonet</em></strong></span> 
     </span>
    </p>
   </div>
   <div class='ocr_carea' id='block_1_80' title="bbox 627 4448 2200 4522">
    <p class='ocr_par' dir='ltr' id='par_1_80' title="bbox 627 4448 2200 4522">
     <span class='ocr_line' id='line_1_80' title="bbox 627 4448 2200 4522; baseline 0.001 -18"><span class='ocrx_word' id='word_1_579' title='bbox 627 4450 766 4522; x_wconf 74' lang='lat' dir='ltr'><strong><em>idem</em></strong></span> <span class='ocrx_word' id='word_1_580' title='bbox 798 4453 1124 4519; x_wconf 76' lang='lat' dir='ltr'><strong><em>Augustinus</em></strong></span> <span class='ocrx_word' id='word_1_581' title='bbox 1153 4452 1204 4505; x_wconf 89' lang='lat' dir='ltr'><strong><em>in</em></strong></span> <span class='ocrx_word' id='word_1_582' title='bbox 1234 4452 1369 4505; x_wconf 88' lang='lat' dir='ltr'><strong><em>libro</em></strong></span> <span class='ocrx_word' id='word_1_583' title='bbox 1398 4460 1580 4503; x_wconf 86' lang='lat' dir='ltr'><strong><em>contra</em></strong></span> <span class='ocrx_word' id='word_1_584' title='bbox 1611 4448 1938 4503; x_wconf 81' lang='lat' dir='ltr'><strong><em>Mendacium</em></strong></span> <span class='ocrx_word' id='word_1_585' title='bbox 1969 4453 2119 4519; x_wconf 75' lang='lat' dir='ltr'><strong><em>(Cap.</em></strong></span> <span class='ocrx_word' id='word_1_586' title='bbox 2147 4454 2200 4522; x_wconf 87' lang='lat'><strong><em>7)</em></strong></span> 
     </span>
    </p>
   </div>
   <div class='ocr_carea' id='block_1_81' title="bbox 629 4520 2202 4590">
    <p class='ocr_par' dir='ltr' id='par_1_81' title="bbox 629 4520 2202 4590">
     <span class='ocr_line' id='line_1_81' title="bbox 629 4520 2202 4590; baseline 0.001 -16"><span class='ocrx_word' id='word_1_587' title='bbox 629 4520 744 4574; x_wconf 70' lang='lat' dir='ltr'><strong><em>Ita&#39;c</em></strong></span> <span class='ocrx_word' id='word_1_588' title='bbox 777 4524 1118 4589; x_wconf 69' lang='lat' dir='ltr'><strong><em>intelligenda</em></strong></span> <span class='ocrx_word' id='word_1_589' title='bbox 1148 4538 1267 4576; x_wconf 81' lang='lat' dir='ltr'><strong><em>esse</em></strong></span> <span class='ocrx_word' id='word_1_590' title='bbox 1293 4525 1360 4575; x_wconf 88' lang='lat' dir='ltr'><strong><em>de</em></strong></span> <span class='ocrx_word' id='word_1_591' title='bbox 1390 4522 1665 4586; x_wconf 66' lang='lat' dir='ltr'><strong><em>operibus,</em></strong></span> <span class='ocrx_word' id='word_1_592' title='bbox 1698 4537 1817 4590; x_wconf 68' lang='lat' dir='ltr'><strong><em>qua:</em></strong></span> <span class='ocrx_word' id='word_1_593' title='bbox 1850 4538 1953 4575; x_wconf 83' lang='lat' dir='ltr'><strong><em>non</em></strong></span> <span class='ocrx_word' id='word_1_594' title='bbox 1986 4535 2110 4574; x_wconf 87' lang='lat' dir='ltr'><strong><em>sunt</em></strong></span> <span class='ocrx_word' id='word_1_595' title='bbox 2138 4520 2202 4576; x_wconf 64' lang='lat' dir='ltr'><strong><em>ex</em></strong></span> 
     </span>
    </p>
   </div>
   <div class='ocr_carea' id='block_1_82' title="bbox 626 4593 2206 4662">
    <p class='ocr_par' dir='ltr' id='par_1_82' title="bbox 626 4593 2206 4662">
     <span class='ocr_line' id='line_1_82' title="bbox 626 4593 2206 4662; baseline 0.001 -17"><span class='ocrx_word' id='word_1_596' title='bbox 626 4606 686 4645; x_wconf 83' lang='lat' dir='ltr'><strong><em>se</em></strong></span> <span class='ocrx_word' id='word_1_597' title='bbox 717 4593 888 4655; x_wconf 86' lang='lat' dir='ltr'><strong><em>mala,</em></strong></span> <span class='ocrx_word' id='word_1_598' title='bbox 920 4609 1038 4662; x_wconf 74' lang='lat' dir='ltr'><strong><em>quae</em></strong></span> <span class='ocrx_word' id='word_1_599' title='bbox 1085 4595 1226 4648; x_wconf 85' lang='lat' dir='ltr'><strong><em>nulla</em></strong></span> <span class='ocrx_word' id='word_1_600' title='bbox 1279 4594 1573 4647; x_wconf 63' lang='lat' dir='ltr'><strong><em>intentione</em></strong></span> <span class='ocrx_word' id='word_1_601' title='bbox 1613 4601 1703 4644; x_wconf 84' lang='lat' dir='ltr'><strong><em>aut</em></strong></span> <span class='ocrx_word' id='word_1_602' title='bbox 1745 4596 1936 4644; x_wconf 74' lang='lat' dir='ltr'><strong><em>mentis</em></strong></span> <span class='ocrx_word' id='word_1_603' title='bbox 1969 4595 2206 4647; x_wconf 84' lang='lat' dir='ltr'><strong><em>destina-</em></strong></span> 
     </span>
    </p>
   </div>
   <div class='ocr_carea' id='block_1_83' title="bbox 626 4662 2199 4732">
    <p class='ocr_par' dir='ltr' id='par_1_83' title="bbox 626 4662 2199 4732">
     <span class='ocr_line' id='line_1_83' title="bbox 626 4662 2199 4732; baseline 0.001 -16"><span class='ocrx_word' id='word_1_604' title='bbox 626 4662 772 4716; x_wconf 84' lang='lat' dir='ltr'><strong><em>tione</em></strong></span> <span class='ocrx_word' id='word_1_605' title='bbox 803 4664 917 4718; x_wconf 80' lang='lat' dir='ltr'><strong><em>lieri</em></strong></span> <span class='ocrx_word' id='word_1_606' title='bbox 953 4676 1174 4731; x_wconf 82' lang='lat' dir='ltr'><strong><em>possunt</em></strong></span> <span class='ocrx_word' id='word_1_607' title='bbox 1204 4665 1336 4719; x_wconf 86' lang='lat' dir='ltr'><strong><em>bona</em></strong></span> <span class='ocrx_word' id='word_1_608' title='bbox 1374 4682 1385 4716; x_wconf 89' lang='lat'><strong>:</strong></span> <span class='ocrx_word' id='word_1_609' title='bbox 1422 4662 1638 4716; x_wconf 67' lang='lat' dir='ltr'><strong><em>Interest</em></strong></span> <span class='ocrx_word' id='word_1_610' title='bbox 1669 4665 1869 4732; x_wconf 74' lang='lat' dir='ltr'><strong><em>quidem</em></strong></span> <span class='ocrx_word' id='word_1_611' title='bbox 1901 4666 2199 4730; x_wconf 86' lang='lat' dir='ltr'><strong><em>plurimum,</em></strong></span> 
     </span>
    </p>
   </div>
   <div class='ocr_carea' id='block_1_84' title="bbox 625 4733 2198 4806">
    <p class='ocr_par' dir='ltr' id='par_1_84' title="bbox 625 4733 2198 4806">
     <span class='ocr_line' id='line_1_84' title="bbox 625 4733 2198 4806; baseline -0.001 -17"><span class='ocrx_word' id='word_1_612' title='bbox 625 4733 827 4806; x_wconf 66' lang='lat' dir='ltr'><strong><em>ipqttit,</em></strong></span> <span class='ocrx_word' id='word_1_613' title='bbox 859 4752 960 4804; x_wconf 89' lang='lat' dir='ltr'><strong><em>qua</em></strong></span> <span class='ocrx_word' id='word_1_614' title='bbox 986 4752 1145 4789; x_wconf 86' lang='lat' dir='ltr'><strong><em>causa</em></strong></span> <span class='ocrx_word' id='word_1_615' title='bbox 1163 4777 1178 4799; x_wconf 94' lang='lat'><strong><em>,</em></strong></span> <span class='ocrx_word' id='word_1_616' title='bbox 1220 4753 1319 4806; x_wconf 90' lang='lat' dir='ltr'><strong><em>qno</em></strong></span> <span class='ocrx_word' id='word_1_617' title='bbox 1348 4736 1478 4802; x_wconf 82' lang='lat' dir='ltr'><strong><em>ﬁne,</em></strong></span> <span class='ocrx_word' id='word_1_618' title='bbox 1505 4751 1608 4801; x_wconf 87' lang='lat' dir='ltr'><strong><em>qua</em></strong></span> <span class='ocrx_word' id='word_1_619' title='bbox 1634 4736 1910 4786; x_wconf 86' lang='lat' dir='ltr'><strong><em>intentione</em></strong></span> <span class='ocrx_word' id='word_1_620' title='bbox 1936 4735 2058 4801; x_wconf 83' lang='lat' dir='ltr'><strong><em>quid</em></strong></span> <span class='ocrx_word' id='word_1_621' title='bbox 2087 4736 2198 4802; x_wconf 82' lang='lat' dir='ltr'><strong><em>ﬁat.</em></strong></span> 
     </span>
    </p>
   </div>
   <div class='ocr_carea' id='block_1_85' title="bbox 626 4802 2280 4886">
    <p class='ocr_par' dir='ltr' id='par_1_85' title="bbox 626 4802 2280 4886">
     <span class='ocr_line' id='line_1_85' title="bbox 626 4802 2280 4886; baseline -0.001 -26"><span class='ocrx_word' id='word_1_622' title='bbox 626 4802 734 4860; x_wconf 84' lang='lat' dir='ltr'><strong><em>Sed</em></strong></span> <span class='ocrx_word' id='word_1_623' title='bbox 762 4821 821 4858; x_wconf 83' lang='lat' dir='ltr'><strong><em>ea</em></strong></span> <span class='ocrx_word' id='word_1_624' title='bbox 851 4802 962 4886; x_wconf 67' lang='lat' dir='ltr'><strong><em>quae</em></strong></span> <span class='ocrx_word' id='word_1_625' title='bbox 986 4817 1185 4886; x_wconf 78' lang='lat' dir='ltr'><strong><em>constat</em></strong></span> <span class='ocrx_word' id='word_1_626' title='bbox 1205 4802 1310 4886; x_wconf 74' lang='lat' dir='ltr'><strong><em>esse</em></strong></span> <span class='ocrx_word' id='word_1_627' title='bbox 1335 4817 1560 4886; x_wconf 68' lang='lat' dir='ltr'><strong><em>peccata.</em></strong></span> <span class='ocrx_word' id='word_1_628' title='bbox 1583 4807 1727 4886; x_wconf 79' lang='lat' dir='ltr'><strong><em>nullo</em></strong></span> <span class='ocrx_word' id='word_1_629' title='bbox 1758 4805 1902 4886; x_wconf 65' lang='lat' dir='ltr'><strong><em>bonte</em></strong></span> <span class='ocrx_word' id='word_1_630' title='bbox 1924 4823 2093 4886; x_wconf 68' lang='lat' dir='ltr'><strong><em>causa:</em></strong></span> <span class='ocrx_word' id='word_1_631' title='bbox 2115 4806 2203 4858; x_wconf 89' lang='lat' dir='ltr'><strong><em>ob-</em></strong></span> <span class='ocrx_word' id='word_1_632' title='bbox 2229 4825 2280 4886; x_wconf 74' lang='grc' dir='ltr'><strong><em>υ</em></strong></span> 
     </span>
    </p>
   </div>
   <div class='ocr_carea' id='block_1_86' title="bbox 626 4875 2201 4948">
    <p class='ocr_par' dir='ltr' id='par_1_86' title="bbox 626 4875 2201 4948">
     <span class='ocr_line' id='line_1_86' title="bbox 626 4875 2201 4948; baseline 0.001 -20"><span class='ocrx_word' id='word_1_633' title='bbox 626 4883 795 4948; x_wconf 81' lang='lat' dir='ltr'><strong><em>tenta,</em></strong></span> <span class='ocrx_word' id='word_1_634' title='bbox 834 4877 978 4930; x_wconf 85' lang='lat' dir='ltr'><strong><em>nullo</em></strong></span> <span class='ocrx_word' id='word_1_635' title='bbox 1004 4880 1154 4948; x_wconf 89' lang='lat' dir='ltr'><strong><em>quasi</em></strong></span> <span class='ocrx_word' id='word_1_636' title='bbox 1199 4879 1329 4932; x_wconf 88' lang='lat' dir='ltr'><strong><em>bono</em></strong></span> <span class='ocrx_word' id='word_1_637' title='bbox 1361 4879 1489 4945; x_wconf 76' lang='lat' dir='ltr'><strong><em>ﬁne,</em></strong></span> <span class='ocrx_word' id='word_1_638' title='bbox 1524 4877 1668 4930; x_wconf 85' lang='lat' dir='ltr'><strong><em>nulla</em></strong></span> <span class='ocrx_word' id='word_1_639' title='bbox 1698 4875 1830 4948; x_wconf 81' lang='lat' dir='ltr'><strong><em>velut</em></strong></span> <span class='ocrx_word' id='word_1_640' title='bbox 1863 4877 1993 4930; x_wconf 87' lang='lat' dir='ltr'><strong><em>bona</em></strong></span> <span class='ocrx_word' id='word_1_641' title='bbox 2034 4878 2201 4930; x_wconf 87' lang='lat' dir='ltr'><strong><em>inten-</em></strong></span> 
     </span>
    </p>
   </div>
   <div class='ocr_carea' id='block_1_87' title="bbox 625 4946 2201 5019">
    <p class='ocr_par' dir='ltr' id='par_1_87' title="bbox 625 4946 2201 5019">
     <span class='ocr_line' id='line_1_87' title="bbox 625 4946 2201 5019; baseline 0.001 -20"><span class='ocrx_word' id='word_1_642' title='bbox 625 4946 762 5000; x_wconf 89' lang='lat' dir='ltr'><strong><em>tione</em></strong></span> <span class='ocrx_word' id='word_1_643' title='bbox 800 4946 1036 5019; x_wconf 79' lang='lat' dir='ltr'><strong><em>facienda</em></strong></span> <span class='ocrx_word' id='word_1_644' title='bbox 1066 4960 1202 5003; x_wconf 88' lang='lat' dir='ltr'><strong><em>sunt.</em></strong></span> <span class='ocrx_word' id='word_1_645' title='bbox 1237 4949 1321 5003; x_wconf 86' lang='lat' dir='ltr'><strong><em>Ea</em></strong></span> <span class='ocrx_word' id='word_1_646' title='bbox 1357 4950 1548 5019; x_wconf 86' lang='lat' dir='ltr'><strong><em>quippe</em></strong></span> <span class='ocrx_word' id='word_1_647' title='bbox 1585 4963 1740 5014; x_wconf 90' lang='lat' dir='ltr'><strong><em>opera</em></strong></span> <span class='ocrx_word' id='word_1_648' title='bbox 1783 4946 2074 5009; x_wconf 82' lang='lat' dir='ltr'><strong><em>hominum,</em></strong></span> <span class='ocrx_word' id='word_1_649' title='bbox 2110 4964 2201 5001; x_wconf 79' lang='lat' dir='ltr'><strong><em>seu</em></strong></span> 
     </span>
    </p>
   </div>
   <div class='ocr_carea' id='block_1_88' title="bbox 624 5018 2196 5088">
    <p class='ocr_par' dir='ltr' id='par_1_88' title="bbox 624 5018 2196 5088">
     <span class='ocr_line' id='line_1_88' title="bbox 624 5018 2196 5088; baseline 0 -19"><span class='ocrx_word' id='word_1_650' title='bbox 624 5032 806 5071; x_wconf 84' lang='lat' dir='ltr'><strong><em>causas</em></strong></span> <span class='ocrx_word' id='word_1_651' title='bbox 836 5018 1104 5074; x_wconf 79' lang='lat' dir='ltr'><strong><em>Imburint</em></strong></span> <span class='ocrx_word' id='word_1_652' title='bbox 1135 5021 1293 5074; x_wconf 87' lang='lat' dir='ltr'><strong><em>bonas</em></strong></span> <span class='ocrx_word' id='word_1_653' title='bbox 1312 5067 1325 5088; x_wconf 87' lang='lat'><strong><em>,</em></strong></span> <span class='ocrx_word' id='word_1_654' title='bbox 1356 5037 1440 5074; x_wconf 88' lang='lat' dir='ltr'><strong><em>seu</em></strong></span> <span class='ocrx_word' id='word_1_655' title='bbox 1486 5020 1651 5072; x_wconf 86' lang='lat' dir='ltr'><strong><em>malas</em></strong></span> <span class='ocrx_word' id='word_1_656' title='bbox 1671 5059 1686 5078; x_wconf 81' lang='lat'><strong><em>,</em></strong></span> <span class='ocrx_word' id='word_1_657' title='bbox 1720 5034 1857 5070; x_wconf 89' lang='lat' dir='ltr'><strong><em>nunc</em></strong></span> <span class='ocrx_word' id='word_1_658' title='bbox 1892 5030 2008 5070; x_wconf 89' lang='lat' dir='ltr'><strong><em>sunt</em></strong></span> <span class='ocrx_word' id='word_1_659' title='bbox 2037 5019 2196 5082; x_wconf 90' lang='lat' dir='ltr'><strong><em>bona,</em></strong></span> 
     </span>
    </p>
   </div>
   <div class='ocr_carea' id='block_1_89' title="bbox 623 5090 2202 5162">
    <p class='ocr_par' dir='ltr' id='par_1_89' title="bbox 623 5090 2202 5162">
     <span class='ocr_line' id='line_1_89' title="bbox 623 5090 2202 5162; baseline 0.001 -23"><span class='ocrx_word' id='word_1_660' title='bbox 623 5103 758 5162; x_wconf 79' lang='lat' dir='ltr'><strong><em>nunc</em></strong></span> <span class='ocrx_word' id='word_1_661' title='bbox 800 5094 966 5150; x_wconf 84' lang='lat' dir='ltr'><strong><em>mala,</em></strong></span> <span class='ocrx_word' id='word_1_662' title='bbox 1008 5109 1124 5162; x_wconf 74' lang='lat' dir='ltr'><strong><em>qua:</em></strong></span> <span class='ocrx_word' id='word_1_663' title='bbox 1165 5109 1265 5145; x_wconf 88' lang='lat' dir='ltr'><strong><em>non</em></strong></span> <span class='ocrx_word' id='word_1_664' title='bbox 1308 5100 1425 5146; x_wconf 87' lang='lat' dir='ltr'><strong><em>sunt</em></strong></span> <span class='ocrx_word' id='word_1_665' title='bbox 1469 5107 1558 5162; x_wconf 85' lang='lat' dir='ltr'><strong><em>per</em></strong></span> <span class='ocrx_word' id='word_1_666' title='bbox 1587 5090 1755 5151; x_wconf 88' lang='lat' dir='ltr'><strong><em>seipsa</em></strong></span> <span class='ocrx_word' id='word_1_667' title='bbox 1785 5099 1993 5153; x_wconf 80' lang='lat' dir='ltr'><strong><em>peccata</em></strong></span> <span class='ocrx_word' id='word_1_668' title='bbox 2022 5105 2042 5142; x_wconf 88' lang='grc'><strong><em>.·</em></strong></span> <span class='ocrx_word' id='word_1_669' title='bbox 2071 5091 2202 5162; x_wconf 70' lang='lat' dir='ltr'><strong><em>sicut</em></strong></span> 
     </span>
    </p>
   </div>
   <div class='ocr_carea' id='block_1_90' title="bbox 623 5160 2201 5232">
    <p class='ocr_par' dir='ltr' id='par_1_90' title="bbox 623 5160 2201 5232">
     <span class='ocr_line' id='line_1_90' title="bbox 623 5160 2201 5232; baseline 0 -20"><span class='ocrx_word' id='word_1_670' title='bbox 623 5160 808 5214; x_wconf 74' lang='lat' dir='ltr'><strong><em>rictum</em></strong></span> <span class='ocrx_word' id='word_1_671' title='bbox 850 5160 1073 5232; x_wconf 82' lang='lat' dir='ltr'><strong><em>prtebere</em></strong></span> <span class='ocrx_word' id='word_1_672' title='bbox 1121 5160 1475 5230; x_wconf 84' lang='lat' dir='ltr'><strong><em>pauperibus,</em></strong></span> <span class='ocrx_word' id='word_1_673' title='bbox 1512 5161 1699 5232; x_wconf 82' lang='lat' dir='ltr'><strong><em>bonum</em></strong></span> <span class='ocrx_word' id='word_1_674' title='bbox 1736 5175 1863 5232; x_wconf 86' lang='lat' dir='ltr'><strong><em>opus</em></strong></span> <span class='ocrx_word' id='word_1_675' title='bbox 1907 5169 2015 5227; x_wconf 83' lang='lat' dir='ltr'><strong><em>est,</em></strong></span> <span class='ocrx_word' id='word_1_676' title='bbox 2058 5161 2102 5214; x_wconf 86' lang='lat' dir='ltr'><strong><em>si</em></strong></span> <span class='ocrx_word' id='word_1_677' title='bbox 2141 5161 2201 5229; x_wconf 78' lang='lat' dir='ltr'><strong><em>ﬁt</em></strong></span> 
     </span>
    </p>
   </div>
   <div class='ocr_carea' id='block_1_91' title="bbox 623 5230 2200 5300">
    <p class='ocr_par' dir='ltr' id='par_1_91' title="bbox 623 5230 2200 5300">
     <span class='ocr_line' id='line_1_91' title="bbox 623 5230 2200 5300; baseline 0.002 -19"><span class='ocrx_word' id='word_1_678' title='bbox 623 5245 782 5286; x_wconf 85' lang='lat' dir='ltr'><strong><em>causa</em></strong></span> <span class='ocrx_word' id='word_1_679' title='bbox 824 5230 1192 5288; x_wconf 73' lang='lat' dir='ltr'><strong><em>misericordia:</em></strong></span> <span class='ocrx_word' id='word_1_680' title='bbox 1237 5250 1350 5287; x_wconf 89' lang='lat' dir='ltr'><strong><em>cum</em></strong></span> <span class='ocrx_word' id='word_1_681' title='bbox 1391 5241 1528 5285; x_wconf 84' lang='lat' dir='ltr'><strong><em>recta</em></strong></span> <span class='ocrx_word' id='word_1_682' title='bbox 1566 5231 1699 5300; x_wconf 80' lang='lat' dir='ltr'><strong><em>ﬁde;</em></strong></span> <span class='ocrx_word' id='word_1_683' title='bbox 1730 5230 1860 5283; x_wconf 85' lang='lat' dir='ltr'><strong><em>sicut</em></strong></span> <span class='ocrx_word' id='word_1_684' title='bbox 1901 5233 2200 5284; x_wconf 79' lang='lat' dir='ltr'><strong><em>concubitus</em></strong></span> 
     </span>
    </p>
   </div>
   <div class='ocr_carea' id='block_1_92' title="bbox 621 5301 2196 5374">
    <p class='ocr_par' dir='ltr' id='par_1_92' title="bbox 621 5301 2196 5374">
     <span class='ocr_line' id='line_1_92' title="bbox 621 5301 2196 5374; baseline -0.001 -20"><span class='ocrx_word' id='word_1_685' title='bbox 621 5302 909 5372; x_wconf 75' lang='lat' dir='ltr'><strong><em>conjugaiis</em></strong></span> <span class='ocrx_word' id='word_1_686' title='bbox 938 5306 1145 5372; x_wconf 83' lang='lat' dir='ltr'><strong><em>quando</em></strong></span> <span class='ocrx_word' id='word_1_687' title='bbox 1174 5305 1229 5374; x_wconf 78' lang='lat' dir='ltr'><strong><em>ﬁt</em></strong></span> <span class='ocrx_word' id='word_1_688' title='bbox 1257 5301 1755 5374; x_wconf 20' lang='lat' dir='ltr'><strong><em>causaigencrandi,</em></strong></span> <span class='ocrx_word' id='word_1_689' title='bbox 1780 5301 1824 5353; x_wconf 89' lang='lat' dir='ltr'><strong><em>si</em></strong></span> <span class='ocrx_word' id='word_1_690' title='bbox 1853 5316 1913 5354; x_wconf 85' lang='lat' dir='ltr'><strong><em>ea</em></strong></span> <span class='ocrx_word' id='word_1_691' title='bbox 1939 5302 2042 5372; x_wconf 77' lang='lat' dir='ltr'><strong><em>ﬁde</em></strong></span> <span class='ocrx_word' id='word_1_692' title='bbox 2071 5302 2196 5370; x_wconf 83' lang='lat' dir='ltr'><strong><em>ﬁat,</em></strong></span> 
     </span>
    </p>
   </div>
   <div class='ocr_carea' id='block_1_93' title="bbox 621 5362 2199 5447">
    <p class='ocr_par' dir='ltr' id='par_1_93' title="bbox 621 5362 2199 5447">
     <span class='ocr_line' id='line_1_93' title="bbox 621 5362 2199 5447; baseline 0.001 -21"><span class='ocrx_word' id='word_1_693' title='bbox 621 5384 678 5447; x_wconf 58' lang='lat' dir='ltr'><strong><em>ut</em></strong></span> <span class='ocrx_word' id='word_1_694' title='bbox 711 5362 993 5447; x_wconf 66' lang='lat' dir='ltr'><strong><em>gignantur</em></strong></span> <span class='ocrx_word' id='word_1_695' title='bbox 1022 5362 1402 5447; x_wconf 42' lang='lat' dir='ltr'><strong><em>regenerandij</em></strong></span> <span class='ocrx_word' id='word_1_696' title='bbox 1420 5362 1543 5426; x_wconf 66' lang='lat' dir='ltr'><strong><em>Vide</em></strong></span> <span class='ocrx_word' id='word_1_697' title='bbox 1583 5362 2097 5447; x_wconf 70' lang='lat' dir='ltr'><strong><em>div._Bernard._tib.</em></strong></span> <span class='ocrx_word' id='word_1_698' title='bbox 2135 5362 2199 5427; x_wconf 77' lang='lat' dir='ltr'><strong><em>de</em></strong></span> 
     </span>
    </p>
   </div>
   <div class='ocr_carea' id='block_1_94' title="bbox 619 5441 2200 5520">
    <p class='ocr_par' dir='ltr' id='par_1_94' title="bbox 619 5441 2200 5520">
     <span class='ocr_line' id='line_1_94' title="bbox 619 5441 2200 5520; baseline -0.001 -22"><span class='ocrx_word' id='word_1_699' title='bbox 619 5441 854 5520; x_wconf 57' lang='lat' dir='ltr'><strong><em>Prti‘cep.</em></strong></span> <span class='ocrx_word' id='word_1_700' title='bbox 884 5465 980 5520; x_wconf 83' lang='lat' dir='ltr'><strong><em>cap</em></strong></span> <span class='ocrx_word' id='word_1_701' title='bbox 1033 5441 1096 5503; x_wconf 74' lang='grc' dir='ltr'>Π</span> <span class='ocrx_word' id='word_1_702' title='bbox 1125 5459 1168 5501; x_wconf 89' lang='lat' dir='ltr'><strong><em>et</em></strong></span> <span class='ocrx_word' id='word_1_703' title='bbox 1201 5449 1310 5516; x_wconf 72' lang='grc'><strong><em>18).</em></strong></span> <span class='ocrx_word' id='word_1_704' title='bbox 1345 5441 1477 5520; x_wconf 58' lang='lat' dir='ltr'><strong><em>Hach</em></strong></span> <span class='ocrx_word' id='word_1_705' title='bbox 1497 5454 1647 5514; x_wconf 79' lang='lat' dir='ltr'><strong><em>atque</em></strong></span> <span class='ocrx_word' id='word_1_706' title='bbox 1693 5443 1992 5520; x_wconf 77' lang='lat' dir='ltr'><strong><em>hujusmodi</em></strong></span> <span class='ocrx_word' id='word_1_707' title='bbox 2019 5460 2200 5520; x_wconf 79' lang='lat' dir='ltr'><strong><em>secun-</em></strong></span> 
     </span>
    </p>
   </div>
   <div class='ocr_carea' id='block_1_95' title="bbox 617 5515 2198 5586">
    <p class='ocr_par' dir='ltr' id='par_1_95' title="bbox 617 5515 2198 5586">
     <span class='ocr_line' id='line_1_95' title="bbox 617 5515 2198 5586; baseline -0.003 -13"><span class='ocrx_word' id='word_1_708' title='bbox 617 5517 743 5573; x_wconf 75' lang='lat' dir='ltr'><strong><em>dum</em></strong></span> <span class='ocrx_word' id='word_1_709' title='bbox 768 5515 889 5573; x_wconf 84' lang='lat' dir='ltr'><strong><em>suas</em></strong></span> <span class='ocrx_word' id='word_1_710' title='bbox 913 5515 1098 5574; x_wconf 81' lang='lat' dir='ltr'><strong><em>causas</em></strong></span> <span class='ocrx_word' id='word_1_711' title='bbox 1120 5515 1277 5586; x_wconf 80' lang='lat' dir='ltr'><strong><em>opera</em></strong></span> <span class='ocrx_word' id='word_1_712' title='bbox 1302 5528 1418 5570; x_wconf 89' lang='lat' dir='ltr'><strong><em>sunt</em></strong></span> <span class='ocrx_word' id='word_1_713' title='bbox 1462 5519 1592 5568; x_wconf 76' lang='lat' dir='ltr'><strong><em>bona</em></strong></span> <span class='ocrx_word' id='word_1_714' title='bbox 1629 5517 1703 5568; x_wconf 85' lang='lat' dir='ltr'><strong><em>vel</em></strong></span> <span class='ocrx_word' id='word_1_715' title='bbox 1733 5518 1897 5577; x_wconf 87' lang='lat' dir='ltr'><strong><em>mala,</em></strong></span> <span class='ocrx_word' id='word_1_716' title='bbox 1941 5515 2067 5584; x_wconf 85' lang='lat' dir='ltr'><strong><em>quia</em></strong></span> <span class='ocrx_word' id='word_1_717' title='bbox 2110 5532 2198 5568; x_wconf 82' lang='lat' dir='ltr'><strong><em>ea-</em></strong></span> 
     </span>
    </p>
   </div>
   <div class='ocr_carea' id='block_1_96' title="bbox 616 5587 2192 5662">
    <p class='ocr_par' dir='ltr' id='par_1_96' title="bbox 616 5587 2192 5662">
     <span class='ocr_line' id='line_1_96' title="bbox 616 5587 2192 5662; baseline -0.004 -20"><span class='ocrx_word' id='word_1_718' title='bbox 616 5592 734 5644; x_wconf 83' lang='lat' dir='ltr'><strong><em>dem</em></strong></span> <span class='ocrx_word' id='word_1_719' title='bbox 766 5594 878 5662; x_wconf 84' lang='lat' dir='ltr'><strong><em>ipsa</em></strong></span> <span class='ocrx_word' id='word_1_720' title='bbox 907 5597 950 5645; x_wconf 84' lang='lat' dir='ltr'><strong><em>si</em></strong></span> <span class='ocrx_word' id='word_1_721' title='bbox 980 5592 1196 5645; x_wconf 83' lang='lat' dir='ltr'><strong><em>habeant</em></strong></span> <span class='ocrx_word' id='word_1_722' title='bbox 1234 5591 1396 5643; x_wconf 84' lang='lat' dir='ltr'><strong><em>malas</em></strong></span> <span class='ocrx_word' id='word_1_723' title='bbox 1428 5604 1632 5651; x_wconf 81' lang='lat' dir='ltr'><strong><em>causas,</em></strong></span> <span class='ocrx_word' id='word_1_724' title='bbox 1666 5587 1720 5639; x_wconf 85' lang='lat' dir='ltr'><strong><em>in</em></strong></span> <span class='ocrx_word' id='word_1_725' title='bbox 1751 5598 1961 5656; x_wconf 88' lang='lat' dir='ltr'><strong><em>peccata</em></strong></span> <span class='ocrx_word' id='word_1_726' title='bbox 1986 5595 2192 5638; x_wconf 87' lang='lat' dir='ltr'><strong><em>vertun-</em></strong></span> 
     </span>
    </p>
   </div>
   <div class='ocr_carea' id='block_1_97' title="bbox 617 5662 2196 5728">
    <p class='ocr_par' dir='ltr' id='par_1_97' title="bbox 617 5662 2196 5728">
     <span class='ocr_line' id='line_1_97' title="bbox 617 5662 2196 5728; baseline -0.003 -16"><span class='ocrx_word' id='word_1_727' title='bbox 617 5667 736 5722; x_wconf 75' lang='lat' dir='ltr'><strong><em>tur;</em></strong></span> <span class='ocrx_word' id='word_1_728' title='bbox 783 5665 915 5714; x_wconf 74' lang='lat' dir='ltr'><strong><em>velut</em></strong></span> <span class='ocrx_word' id='word_1_729' title='bbox 967 5664 1008 5713; x_wconf 76' lang='lat' dir='ltr'><strong><em>si</em></strong></span> <span class='ocrx_word' id='word_1_730' title='bbox 1045 5666 1310 5728; x_wconf 58' lang='lat' dir='ltr'><strong><em>iactantur</em></strong></span> <span class='ocrx_word' id='word_1_731' title='bbox 1354 5677 1506 5711; x_wconf 71' lang='lat' dir='ltr'><strong><em>causa</em></strong></span> <span class='ocrx_word' id='word_1_732' title='bbox 1555 5675 1748 5718; x_wconf 66' lang='lat' dir='ltr'><strong><em>power</em></strong></span> <span class='ocrx_word' id='word_1_733' title='bbox 1798 5662 2063 5722; x_wconf 66' lang='lat' dir='ltr'><strong><em>pascitur;</em></strong></span> <span class='ocrx_word' id='word_1_734' title='bbox 2107 5666 2196 5708; x_wconf 85' lang='lat' dir='ltr'><strong><em>aut</em></strong></span> 
     </span>
    </p>
   </div>
   <div class='ocr_carea' id='block_1_98' title="bbox 618 5728 2193 5796">
    <p class='ocr_par' dir='ltr' id='par_1_98' title="bbox 618 5728 2193 5796">
     <span class='ocr_line' id='line_1_98' title="bbox 618 5728 2193 5796; baseline -0.003 -14"><span class='ocrx_word' id='word_1_735' title='bbox 618 5731 842 5784; x_wconf 67' lang='lat' dir='ltr'><strong><em>lascivit?</em></strong></span> <span class='ocrx_word' id='word_1_736' title='bbox 870 5749 1024 5783; x_wconf 80' lang='lat' dir='ltr'><strong><em>causa</em></strong></span> <span class='ocrx_word' id='word_1_737' title='bbox 1051 5749 1163 5784; x_wconf 86' lang='lat' dir='ltr'><strong><em>cum</em></strong></span> <span class='ocrx_word' id='word_1_738' title='bbox 1206 5747 1363 5784; x_wconf 75' lang='lat' dir='ltr'><strong><em>uxore</em></strong></span> <span class='ocrx_word' id='word_1_739' title='bbox 1391 5729 1774 5791; x_wconf 76' lang='lat' dir='ltr'><strong><em>conruntbitnr;</em></strong></span> <span class='ocrx_word' id='word_1_740' title='bbox 1805 5737 1889 5779; x_wconf 72' lang='lat' dir='ltr'><strong><em>(tut</em></strong></span> <span class='ocrx_word' id='word_1_741' title='bbox 1919 5728 2013 5794; x_wconf 81' lang='lat' dir='ltr'><strong><em>ﬁlii</em></strong></span> <span class='ocrx_word' id='word_1_742' title='bbox 2040 5745 2193 5796; x_wconf 74' lang='lat' dir='ltr'><strong><em>gene-</em></strong></span> 
     </span>
    </p>
   </div>
   <div class='ocr_carea' id='block_1_99' title="bbox 618 5799 2191 5865">
    <p class='ocr_par' dir='ltr' id='par_1_99' title="bbox 618 5799 2191 5865">
     <span class='ocr_line' id='line_1_99' title="bbox 618 5799 2191 5865; baseline -0.002 -13"><span class='ocrx_word' id='word_1_743' title='bbox 618 5810 834 5860; x_wconf 72' lang='lat' dir='ltr'><strong><em>rantur,</em></strong></span> <span class='ocrx_word' id='word_1_744' title='bbox 875 5817 976 5851; x_wconf 79' lang='lat' dir='ltr'><strong><em>non</em></strong></span> <span class='ocrx_word' id='word_1_745' title='bbox 1018 5812 1073 5852; x_wconf 84' lang='lat' dir='ltr'><strong><em>ut</em></strong></span> <span class='ocrx_word' id='word_1_746' title='bbox 1119 5804 1254 5865; x_wconf 83' lang='lat' dir='ltr'><strong><em>Deo,</em></strong></span> <span class='ocrx_word' id='word_1_747' title='bbox 1284 5802 1373 5852; x_wconf 85' lang='lat' dir='ltr'><strong><em>sed</em></strong></span> <span class='ocrx_word' id='word_1_748' title='bbox 1405 5810 1455 5850; x_wconf 87' lang='lat' dir='ltr'><strong><em>ut</em></strong></span> <span class='ocrx_word' id='word_1_749' title='bbox 1487 5799 1688 5850; x_wconf 77' lang='lat' dir='ltr'><strong><em>diabolo</em></strong></span> <span class='ocrx_word' id='word_1_750' title='bbox 1717 5803 2029 5850; x_wconf 71' lang='lat' dir='ltr'><strong><em>nutriamur.</em></strong></span> <span class='ocrx_word' id='word_1_751' title='bbox 2061 5800 2191 5852; x_wconf 74' lang='lat' dir='ltr'><strong><em>Cum</em></strong></span> 
     </span>
    </p>
   </div>
   <div class='ocr_carea' id='block_1_100' title="bbox 2304 3529 3884 3600">
    <p class='ocr_par' dir='ltr' id='par_1_100' title="bbox 2304 3529 3884 3600">
     <span class='ocr_line' id='line_1_100' title="bbox 2304 3529 3884 3600; baseline -0.001 -16"><span class='ocrx_word' id='word_1_752' title='bbox 2304 3547 2421 3584; x_wconf 76' lang='lat' dir='ltr'><strong><em>vero</em></strong></span> <span class='ocrx_word' id='word_1_753' title='bbox 2441 3533 2556 3600; x_wconf 83' lang='lat' dir='ltr'><strong><em>jam</em></strong></span> <span class='ocrx_word' id='word_1_754' title='bbox 2576 3546 2731 3600; x_wconf 81' lang='lat' dir='ltr'><strong><em>opera</em></strong></span> <span class='ocrx_word' id='word_1_755' title='bbox 2755 3529 2868 3598; x_wconf 81' lang='lat' dir='ltr'><strong><em>ipsa</em></strong></span> <span class='ocrx_word' id='word_1_756' title='bbox 2891 3537 3100 3600; x_wconf 85' lang='lat' dir='ltr'><strong><em>peccata</em></strong></span> <span class='ocrx_word' id='word_1_757' title='bbox 3127 3536 3277 3593; x_wconf 83' lang='lat' dir='ltr'><strong><em>sunt,</em></strong></span> <span class='ocrx_word' id='word_1_758' title='bbox 3308 3531 3444 3584; x_wconf 81' lang='lat' dir='ltr'><strong><em>sicut</em></strong></span> <span class='ocrx_word' id='word_1_759' title='bbox 3471 3529 3646 3597; x_wconf 78' lang='lat' dir='ltr'><strong><em>furta,</em></strong></span> <span class='ocrx_word' id='word_1_760' title='bbox 3679 3540 3884 3597; x_wconf 76' lang='lat' dir='ltr'><strong><em>stupra,</em></strong></span> 
     </span>
    </p>
   </div>
   <div class='ocr_carea' id='block_1_101' title="bbox 2308 3599 3892 3673">
    <p class='ocr_par' dir='ltr' id='par_1_101' title="bbox 2308 3599 3892 3673">
     <span class='ocr_line' id='line_1_101' title="bbox 2308 3599 3892 3673; baseline -0.001 -18"><span class='ocrx_word' id='word_1_761' title='bbox 2308 3599 2635 3673; x_wconf 65' lang='lat' dir='ltr'><strong><em>blasphemus</em></strong></span> <span class='ocrx_word' id='word_1_762' title='bbox 2661 3601 2738 3654; x_wconf 81' lang='lat' dir='ltr'><strong><em>vel</em></strong></span> <span class='ocrx_word' id='word_1_763' title='bbox 2775 3611 2957 3654; x_wconf 76' lang='lat' dir='ltr'><strong><em>caztera</em></strong></span> <span class='ocrx_word' id='word_1_764' title='bbox 2987 3599 3112 3652; x_wconf 85' lang='lat' dir='ltr'><strong><em>talia</em></strong></span> <span class='ocrx_word' id='word_1_765' title='bbox 3131 3641 3144 3660; x_wconf 85' lang='lat'><strong><em>,</em></strong></span> <span class='ocrx_word' id='word_1_766' title='bbox 3176 3602 3292 3668; x_wconf 86' lang='lat' dir='ltr'><strong><em>quis</em></strong></span> <span class='ocrx_word' id='word_1_767' title='bbox 3322 3611 3399 3655; x_wconf 83' lang='lat' dir='ltr'><strong><em>est</em></strong></span> <span class='ocrx_word' id='word_1_768' title='bbox 3437 3603 3525 3671; x_wconf 84' lang='lat' dir='ltr'><strong><em>qui</em></strong></span> <span class='ocrx_word' id='word_1_769' title='bbox 3562 3602 3702 3653; x_wconf 80' lang='lat' dir='ltr'><strong><em>dicat</em></strong></span> <span class='ocrx_word' id='word_1_770' title='bbox 3731 3603 3892 3673; x_wconf 78' lang='lat' dir='ltr'><strong><em>causis</em></strong></span> 
     </span>
    </p>
   </div>
   <div class='ocr_carea' id='block_1_102' title="bbox 2309 3671 3893 3742">
    <p class='ocr_par' dir='ltr' id='par_1_102' title="bbox 2309 3671 3893 3742">
     <span class='ocr_line' id='line_1_102' title="bbox 2309 3671 3893 3742; baseline -0.002 -16"><span class='ocrx_word' id='word_1_771' title='bbox 2309 3671 2454 3726; x_wconf 85' lang='lat' dir='ltr'><strong><em>bonis</em></strong></span> <span class='ocrx_word' id='word_1_772' title='bbox 2477 3689 2585 3726; x_wconf 85' lang='lat' dir='ltr'><strong><em>esse</em></strong></span> <span class='ocrx_word' id='word_1_773' title='bbox 2611 3673 2884 3742; x_wconf 80' lang='lat' dir='ltr'><strong><em>facienda;</em></strong></span> <span class='ocrx_word' id='word_1_774' title='bbox 2914 3681 2968 3723; x_wconf 92' lang='lat' dir='ltr'><strong><em>ut</em></strong></span> <span class='ocrx_word' id='word_1_775' title='bbox 2998 3674 3075 3724; x_wconf 82' lang='lat' dir='ltr'><strong><em>vel</em></strong></span> <span class='ocrx_word' id='word_1_776' title='bbox 3101 3683 3312 3741; x_wconf 79' lang='lat' dir='ltr'><strong><em>peccata</em></strong></span> <span class='ocrx_word' id='word_1_777' title='bbox 3343 3689 3446 3725; x_wconf 86' lang='lat' dir='ltr'><strong><em>non</em></strong></span> <span class='ocrx_word' id='word_1_778' title='bbox 3475 3673 3594 3733; x_wconf 85' lang='lat' dir='ltr'><strong><em>sint,</em></strong></span> <span class='ocrx_word' id='word_1_779' title='bbox 3627 3673 3727 3734; x_wconf 70' lang='lat' dir='ltr'><strong><em>uel,</em></strong></span> <span class='ocrx_word' id='word_1_780' title='bbox 3763 3671 3893 3741; x_wconf 77' lang='lat' dir='ltr'><strong><em>quod</em></strong></span> 
     </span>
    </p>
   </div>
   <div class='ocr_carea' id='block_1_103' title="bbox 2308 3743 3891 3815">
    <p class='ocr_par' dir='ltr' id='par_1_103' title="bbox 2308 3743 3891 3815">
     <span class='ocr_line' id='line_1_103' title="bbox 2308 3743 3891 3815; baseline -0.002 -19"><span class='ocrx_word' id='word_1_781' title='bbox 2308 3752 2384 3815; x_wconf 74' lang='lat' dir='ltr'><strong><em>est</em></strong></span> <span class='ocrx_word' id='word_1_782' title='bbox 2412 3744 2688 3796; x_wconf 80' lang='lat' dir='ltr'><strong><em>absurdius</em></strong></span> <span class='ocrx_word' id='word_1_783' title='bbox 2706 3788 2719 3811; x_wconf 88' lang='lat'><strong><em>,</em></strong></span> <span class='ocrx_word' id='word_1_784' title='bbox 2743 3745 2887 3815; x_wconf 85' lang='lat' dir='ltr'><strong><em>justa</em></strong></span> <span class='ocrx_word' id='word_1_785' title='bbox 2915 3753 3123 3815; x_wconf 75' lang='lat' dir='ltr'><strong><em>peccata</em></strong></span> <span class='ocrx_word' id='word_1_786' title='bbox 3149 3743 3298 3804; x_wconf 80' lang='lat' dir='ltr'><strong><em>sint?</em></strong></span> <span class='ocrx_word' id='word_1_787' title='bbox 3328 3744 3456 3808; x_wconf 83' lang='lat' dir='ltr'><strong><em>Quis</em></strong></span> <span class='ocrx_word' id='word_1_788' title='bbox 3483 3753 3558 3815; x_wconf 80' lang='lat' dir='ltr'><strong><em>est</em></strong></span> <span class='ocrx_word' id='word_1_789' title='bbox 3594 3743 3686 3810; x_wconf 83' lang='lat' dir='ltr'><strong><em>qui</em></strong></span> <span class='ocrx_word' id='word_1_790' title='bbox 3718 3743 3891 3796; x_wconf 84' lang='lat' dir='ltr'><strong><em>dicat:</em></strong></span> 
     </span>
    </p>
   </div>
   <div class='ocr_carea' id='block_1_104' title="bbox 2314 3813 3893 3885">
    <p class='ocr_par' dir='ltr' id='par_1_104' title="bbox 2314 3813 3893 3885">
     <span class='ocr_line' id='line_1_104' title="bbox 2314 3813 3893 3885; baseline -0.003 -16"><span class='ocrx_word' id='word_1_791' title='bbox 2314 3814 2384 3869; x_wconf 89' lang='lat' dir='ltr'><strong><em>Ut</em></strong></span> <span class='ocrx_word' id='word_1_792' title='bbox 2413 3815 2686 3868; x_wconf 83' lang='lat' dir='ltr'><strong><em>habeamus</em></strong></span> <span class='ocrx_word' id='word_1_793' title='bbox 2725 3813 2860 3882; x_wconf 83' lang='lat' dir='ltr'><strong><em>quod</em></strong></span> <span class='ocrx_word' id='word_1_794' title='bbox 2900 3813 3075 3866; x_wconf 86' lang='lat' dir='ltr'><strong><em>demus</em></strong></span> <span class='ocrx_word' id='word_1_795' title='bbox 3116 3814 3450 3885; x_wconf 82' lang='lat' dir='ltr'><strong><em>pauperibus,</em></strong></span> <span class='ocrx_word' id='word_1_796' title='bbox 3482 3814 3742 3882; x_wconf 69' lang='lat' dir='ltr'><strong><em>faciamus</em></strong></span> <span class='ocrx_word' id='word_1_797' title='bbox 3764 3815 3893 3885; x_wconf 80' lang='lat' dir='ltr'><strong><em>furta</em></strong></span> 
     </span>
    </p>
   </div>
   <div class='ocr_carea' id='block_1_105' title="bbox 2307 3884 3892 3950">
    <p class='ocr_par' dir='ltr' id='par_1_105' title="bbox 2307 3884 3892 3950">
     <span class='ocr_line' id='line_1_105' title="bbox 2307 3884 3892 3950; baseline -0.003 -11"><span class='ocrx_word' id='word_1_798' title='bbox 2307 3886 2582 3950; x_wconf 85' lang='lat' dir='ltr'><strong><em>divitibus;</em></strong></span> <span class='ocrx_word' id='word_1_799' title='bbox 2621 3895 2711 3938; x_wconf 89' lang='lat' dir='ltr'><strong><em>aut</em></strong></span> <span class='ocrx_word' id='word_1_800' title='bbox 2739 3886 3030 3948; x_wconf 70' lang='lat' dir='ltr'><strong><em>testimonia</em></strong></span> <span class='ocrx_word' id='word_1_801' title='bbox 3073 3884 3562 3950; x_wconf 40' lang='lat' dir='ltr'><strong><em>falsa&#39;uendamus,</em></strong></span> <span class='ocrx_word' id='word_1_802' title='bbox 3601 3887 3828 3938; x_wconf 69' lang='lat' dir='ltr'><strong><em>maxim:</em></strong></span> <span class='ocrx_word' id='word_1_803' title='bbox 3852 3884 3892 3937; x_wconf 86' lang='lat' dir='ltr'><strong><em>si</em></strong></span> 
     </span>
    </p>
   </div>
   <div class='ocr_carea' id='block_1_106' title="bbox 2307 3956 3887 4023">
    <p class='ocr_par' dir='ltr' id='par_1_106' title="bbox 2307 3956 3887 4023">
     <span class='ocr_line' id='line_1_106' title="bbox 2307 3956 3887 4023; baseline -0.001 -13"><span class='ocrx_word' id='word_1_804' title='bbox 2307 3974 2407 4010; x_wconf 89' lang='lat' dir='ltr'><strong><em>non</em></strong></span> <span class='ocrx_word' id='word_1_805' title='bbox 2452 3957 2570 4008; x_wconf 89' lang='lat' dir='ltr'><strong><em>inde</em></strong></span> <span class='ocrx_word' id='word_1_806' title='bbox 2617 3957 2908 4009; x_wconf 76' lang='lat' dir='ltr'><strong><em>innocentes</em></strong></span> <span class='ocrx_word' id='word_1_807' title='bbox 2959 3956 3238 4018; x_wconf 76' lang='lat' dir='ltr'><strong><em>lmdantur,</em></strong></span> <span class='ocrx_word' id='word_1_808' title='bbox 3294 3957 3382 4008; x_wconf 85' lang='lat' dir='ltr'><strong><em>sed</em></strong></span> <span class='ocrx_word' id='word_1_809' title='bbox 3432 3967 3670 4010; x_wconf 83' lang='lat' dir='ltr'><strong><em>nocentes</em></strong></span> <span class='ocrx_word' id='word_1_810' title='bbox 3725 3956 3887 4023; x_wconf 70' lang='lat' dir='ltr'><strong><em>potius</em></strong></span> 
     </span>
    </p>
   </div>
   <div class='ocr_carea' id='block_1_107' title="bbox 2308 4025 3891 4092">
    <p class='ocr_par' dir='ltr' id='par_1_107' title="bbox 2308 4025 3891 4092">
     <span class='ocr_line' id='line_1_107' title="bbox 2308 4025 3891 4092; baseline -0.002 -12"><span class='ocrx_word' id='word_1_811' title='bbox 2308 4028 2628 4080; x_wconf 87' lang='lat' dir='ltr'><strong><em>damnaturis</em></strong></span> <span class='ocrx_word' id='word_1_812' title='bbox 2663 4027 2920 4089; x_wconf 80' lang='lat' dir='ltr'><strong><em>iudicibus</em></strong></span> <span class='ocrx_word' id='word_1_813' title='bbox 2959 4029 3246 4080; x_wconf 85' lang='lat' dir='ltr'><strong><em>eruantur?</em></strong></span> <span class='ocrx_word' id='word_1_814' title='bbox 3278 4025 3399 4079; x_wconf 85' lang='lat' dir='ltr'><strong><em>Duo</em></strong></span> <span class='ocrx_word' id='word_1_815' title='bbox 3428 4029 3566 4080; x_wconf 78' lang='lat' dir='ltr'><strong><em>enim</em></strong></span> <span class='ocrx_word' id='word_1_816' title='bbox 3605 4026 3740 4079; x_wconf 76' lang='lat' dir='ltr'><strong><em>bona</em></strong></span> <span class='ocrx_word' id='word_1_817' title='bbox 3771 4029 3891 4092; x_wconf 73' lang='lat' dir='ltr'><strong><em>ﬁunt</em></strong></span> 
     </span>
    </p>
   </div>
   <div class='ocr_carea' id='block_1_108' title="bbox 2307 4097 3890 4169">
    <p class='ocr_par' dir='ltr' id='par_1_108' title="bbox 2307 4097 3890 4169">
     <span class='ocr_line' id='line_1_108' title="bbox 2307 4097 3890 4169; baseline -0.001 -19"><span class='ocrx_word' id='word_1_818' title='bbox 2307 4097 2464 4169; x_wconf 83' lang='lat' dir='ltr'><strong><em>hujus</em></strong></span> <span class='ocrx_word' id='word_1_819' title='bbox 2503 4099 2787 4151; x_wconf 75' lang='lat' dir='ltr'><strong><em>venditione</em></strong></span> <span class='ocrx_word' id='word_1_820' title='bbox 2837 4099 3126 4160; x_wconf 86' lang='lat' dir='ltr'><strong><em>mendacii,</em></strong></span> <span class='ocrx_word' id='word_1_821' title='bbox 3177 4105 3230 4149; x_wconf 89' lang='lat' dir='ltr'><strong><em>ut</em></strong></span> <span class='ocrx_word' id='word_1_822' title='bbox 3271 4106 3320 4149; x_wconf 88' lang='lat' dir='ltr'><strong><em>et</em></strong></span> <span class='ocrx_word' id='word_1_823' title='bbox 3364 4099 3586 4166; x_wconf 83' lang='lat' dir='ltr'><strong><em>pecunia</em></strong></span> <span class='ocrx_word' id='word_1_824' title='bbox 3625 4108 3890 4169; x_wconf 70' lang='lat' dir='ltr'><strong><em>sumatur,</em></strong></span> 
     </span>
    </p>
   </div>
   <div class='ocr_carea' id='block_1_109' title="bbox 2308 4168 3893 4239">
    <p class='ocr_par' dir='ltr' id='par_1_109' title="bbox 2308 4168 3893 4239">
     <span class='ocr_line' id='line_1_109' title="bbox 2308 4168 3893 4239; baseline -0.001 -18"><span class='ocrx_word' id='word_1_825' title='bbox 2308 4168 2443 4222; x_wconf 79' lang='lat' dir='ltr'><strong><em>unde</em></strong></span> <span class='ocrx_word' id='word_1_826' title='bbox 2488 4170 2637 4238; x_wconf 85' lang='lat' dir='ltr'><strong><em>inops</em></strong></span> <span class='ocrx_word' id='word_1_827' title='bbox 2666 4170 2870 4234; x_wconf 81' lang='lat' dir='ltr'><strong><em>alatur;</em></strong></span> <span class='ocrx_word' id='word_1_828' title='bbox 2897 4178 2946 4221; x_wconf 82' lang='lat' dir='ltr'><strong><em>et</em></strong></span> <span class='ocrx_word' id='word_1_829' title='bbox 2965 4169 3130 4239; x_wconf 70' lang='lat' dir='ltr'><strong><em>judex</em></strong></span> <span class='ocrx_word' id='word_1_830' title='bbox 3169 4170 3412 4237; x_wconf 74' lang='lat' dir='ltr'><strong><em>fallatur,</em></strong></span> <span class='ocrx_word' id='word_1_831' title='bbox 3446 4185 3508 4220; x_wconf 86' lang='lat' dir='ltr'><strong><em>nc</em></strong></span> <span class='ocrx_word' id='word_1_832' title='bbox 3534 4169 3680 4239; x_wconf 80' lang='lat' dir='ltr'><strong><em>homo</em></strong></span> <span class='ocrx_word' id='word_1_833' title='bbox 3709 4168 3893 4234; x_wconf 74' lang='lat' dir='ltr'><strong><em>punia-</em></strong></span> 
     </span>
    </p>
   </div>
   <div class='ocr_carea' id='block_1_110' title="bbox 2309 4238 3893 4309">
    <p class='ocr_par' dir='ltr' id='par_1_110' title="bbox 2309 4238 3893 4309">
     <span class='ocr_line' id='line_1_110' title="bbox 2309 4238 3893 4309; baseline -0.001 -17"><span class='ocrx_word' id='word_1_834' title='bbox 2309 4248 2411 4292; x_wconf 92' lang='lat' dir='ltr'><strong><em>tur.</em></strong></span> <span class='ocrx_word' id='word_1_835' title='bbox 2445 4240 2570 4293; x_wconf 69' lang='lat' dir='ltr'><strong><em>llzee</em></strong></span> <span class='ocrx_word' id='word_1_836' title='bbox 2597 4241 2704 4291; x_wconf 89' lang='lat' dir='ltr'><strong><em>div.</em></strong></span> <span class='ocrx_word' id='word_1_837' title='bbox 2732 4238 3085 4308; x_wconf 77' lang='lat' dir='ltr'><strong><em>Augustinus,</em></strong></span> <span class='ocrx_word' id='word_1_838' title='bbox 3111 4249 3166 4294; x_wconf 88' lang='lat' dir='ltr'><strong><em>et</em></strong></span> <span class='ocrx_word' id='word_1_839' title='bbox 3186 4254 3307 4309; x_wconf 68' lang='lat' dir='ltr'><strong><em>quae</em></strong></span> <span class='ocrx_word' id='word_1_840' title='bbox 3335 4251 3635 4309; x_wconf 89' lang='lat' dir='ltr'><strong><em>sequuntur</em></strong></span> <span class='ocrx_word' id='word_1_841' title='bbox 3666 4238 3721 4292; x_wconf 89' lang='lat' dir='ltr'><strong><em>in</em></strong></span> <span class='ocrx_word' id='word_1_842' title='bbox 3747 4254 3893 4293; x_wconf 81' lang='lat' dir='ltr'><strong><em>eam-</em></strong></span> 
     </span>
    </p>
   </div>
   <div class='ocr_carea' id='block_1_111' title="bbox 2309 4309 2811 4365">
    <p class='ocr_par' dir='ltr' id='par_1_111' title="bbox 2309 4309 2811 4365">
     <span class='ocr_line' id='line_1_111' title="bbox 2309 4309 2811 4365; baseline -0.006 0"><span class='ocrx_word' id='word_1_843' title='bbox 2309 4309 2431 4365; x_wconf 86' lang='lat' dir='ltr'><strong><em>dem</em></strong></span> <span class='ocrx_word' id='word_1_844' title='bbox 2465 4313 2811 4364; x_wconf 84' lang='lat' dir='ltr'><strong><em>sententiam.</em></strong></span> 
     </span>
    </p>
   </div>
   <div class='ocr_carea' id='block_1_112' title="bbox 2379 4379 3893 4450">
    <p class='ocr_par' dir='ltr' id='par_1_112' title="bbox 2379 4379 3893 4450">
     <span class='ocr_line' id='line_1_112' title="bbox 2379 4379 3893 4450; baseline 0 -16"><span class='ocrx_word' id='word_1_845' title='bbox 2379 4379 2406 4420; x_wconf 71' lang='lat' dir='ltr'><strong><em>b</em></strong></span> <span class='ocrx_word' id='word_1_846' title='bbox 2446 4383 2723 4443; x_wconf 82' lang='lat' dir='ltr'><strong><em>Quomodo</em></strong></span> <span class='ocrx_word' id='word_1_847' title='bbox 2745 4381 2992 4434; x_wconf 85' lang='lat' dir='ltr'><strong><em>Christus</em></strong></span> <span class='ocrx_word' id='word_1_848' title='bbox 3015 4381 3153 4436; x_wconf 84' lang='lat' dir='ltr'><strong><em>dicat</em></strong></span> <span class='ocrx_word' id='word_1_849' title='bbox 3181 4396 3242 4437; x_wconf 89' lang='lat' dir='ltr'><strong><em>se</em></strong></span> <span class='ocrx_word' id='word_1_850' title='bbox 3267 4398 3370 4436; x_wconf 90' lang='lat' dir='ltr'><strong><em>non</em></strong></span> <span class='ocrx_word' id='word_1_851' title='bbox 3395 4381 3611 4435; x_wconf 86' lang='lat' dir='ltr'><strong><em>venisse</em></strong></span> <span class='ocrx_word' id='word_1_852' title='bbox 3634 4389 3694 4434; x_wconf 86' lang='lat' dir='ltr'><strong><em>ut</em></strong></span> <span class='ocrx_word' id='word_1_853' title='bbox 3725 4381 3893 4450; x_wconf 76' lang='lat' dir='ltr'><strong><em>legem</em></strong></span> 
     </span>
    </p>
   </div>
   <div class='ocr_carea' id='block_1_113' title="bbox 2307 4452 3896 4520">
    <p class='ocr_par' dir='ltr' id='par_1_113' title="bbox 2307 4452 3896 4520">
     <span class='ocr_line' id='line_1_113' title="bbox 2307 4452 3896 4520; baseline -0.001 -14"><span class='ocrx_word' id='word_1_854' title='bbox 2307 4452 2573 4518; x_wconf 79' lang='lat' dir='ltr'><strong><em>solveret,</em></strong></span> <span class='ocrx_word' id='word_1_855' title='bbox 2622 4453 2712 4506; x_wconf 88' lang='lat' dir='ltr'><strong><em>sed</em></strong></span> <span class='ocrx_word' id='word_1_856' title='bbox 2769 4453 3116 4520; x_wconf 87' lang='lat' dir='ltr'><strong><em>adimpleret.</em></strong></span> <span class='ocrx_word' id='word_1_857' title='bbox 3169 4469 3287 4506; x_wconf 90' lang='lat' dir='ltr'><strong><em>cum</em></strong></span> <span class='ocrx_word' id='word_1_858' title='bbox 3335 4454 3505 4518; x_wconf 81' lang='lat' dir='ltr'><strong><em>reipsa</em></strong></span> <span class='ocrx_word' id='word_1_859' title='bbox 3554 4453 3793 4504; x_wconf 72' lang='lat' dir='ltr'><strong><em>Solverit</em></strong></span> <span class='ocrx_word' id='word_1_860' title='bbox 3844 4461 3896 4505; x_wconf 84' lang='lat' dir='ltr'><strong><em>et</em></strong></span> 
     </span>
    </p>
   </div>
   <div class='ocr_carea' id='block_1_114' title="bbox 2307 4519 3895 4592">
    <p class='ocr_par' dir='ltr' id='par_1_114' title="bbox 2307 4519 3895 4592">
     <span class='ocr_line' id='line_1_114' title="bbox 2307 4519 3895 4592; baseline 0 -18"><span class='ocrx_word' id='word_1_861' title='bbox 2307 4525 2603 4592; x_wconf 71' lang='lat' dir='ltr'><strong><em>ahrogarit,</em></strong></span> <span class='ocrx_word' id='word_1_862' title='bbox 2631 4519 2997 4592; x_wconf 66' lang='lat' dir='ltr'><strong><em>pulcherrimi:</em></strong></span> <span class='ocrx_word' id='word_1_863' title='bbox 3025 4525 3258 4592; x_wconf 75' lang='lat' dir='ltr'><strong><em>explicat</em></strong></span> <span class='ocrx_word' id='word_1_864' title='bbox 3283 4524 3508 4576; x_wconf 84' lang='lat' dir='ltr'><strong><em>Joannes</em></strong></span> <span class='ocrx_word' id='word_1_865' title='bbox 3539 4519 3895 4592; x_wconf 79' lang='lat' dir='ltr'><strong><em>Maldonatns</em></strong></span> 
     </span>
    </p>
   </div>
   <div class='ocr_carea' id='block_1_115' title="bbox 2310 4591 3893 4662">
    <p class='ocr_par' dir='ltr' id='par_1_115' title="bbox 2310 4591 3893 4662">
     <span class='ocr_line' id='line_1_115' title="bbox 2310 4591 3893 4662; baseline 0 -18"><span class='ocrx_word' id='word_1_866' title='bbox 2310 4591 2411 4662; x_wconf 84' lang='lat' dir='ltr'><strong><em>(In</em></strong></span> <span class='ocrx_word' id='word_1_867' title='bbox 2438 4610 2552 4658; x_wconf 87' lang='lat' dir='ltr'><strong><em>cap.</em></strong></span> <span class='ocrx_word' id='word_1_868' title='bbox 2587 4591 2879 4661; x_wconf 63' lang='lat' dir='ltr'><strong><em>volatus.)</em></strong></span> <span class='ocrx_word' id='word_1_869' title='bbox 2925 4607 3042 4661; x_wconf 84' lang='lat' dir='ltr'><strong><em>post</em></strong></span> <span class='ocrx_word' id='word_1_870' title='bbox 3087 4591 3144 4649; x_wconf 81' lang='lat' dir='ltr'><strong><em>S.</em></strong></span> <span class='ocrx_word' id='word_1_871' title='bbox 3173 4595 3418 4649; x_wconf 85' lang='lat' dir='ltr'><strong><em>Thomam</em></strong></span> <span class='ocrx_word' id='word_1_872' title='bbox 3455 4592 3617 4660; x_wconf 61' lang='grc' dir='ltr'><strong><em>(ἰοὶ,</em></strong></span> <span class='ocrx_word' id='word_1_873' title='bbox 3664 4607 3720 4660; x_wconf 84' lang='lat' dir='ltr'><strong><em>q.</em></strong></span> <span class='ocrx_word' id='word_1_874' title='bbox 3756 4591 3893 4656; x_wconf 71' lang='grc'><strong>107,</strong></span> 
     </span>
    </p>
   </div>
   <div class='ocr_carea' id='block_1_116' title="bbox 2305 4661 3897 4735">
    <p class='ocr_par' dir='ltr' id='par_1_116' title="bbox 2305 4661 3897 4735">
     <span class='ocr_line' id='line_1_116' title="bbox 2305 4661 3897 4735; baseline -0.001 -19"><span class='ocrx_word' id='word_1_875' title='bbox 2305 4679 2357 4716; x_wconf 88' lang='lat' dir='ltr'><strong><em>a.</em></strong></span> <span class='ocrx_word' id='word_1_876' title='bbox 2383 4673 2413 4715; x_wconf 67' lang='lat'><strong><em>2&#39;</em></strong></span> <span class='ocrx_word' id='word_1_877' title='bbox 2435 4663 2473 4735; x_wconf 84' lang='lat'><strong><em>),</em></strong></span> <span class='ocrx_word' id='word_1_878' title='bbox 2504 4665 2657 4735; x_wconf 67' lang='lat' dir='ltr'><strong><em>cujus</em></strong></span> <span class='ocrx_word' id='word_1_879' title='bbox 2704 4668 2817 4716; x_wconf 66' lang='lat' dir='ltr'><strong><em>haec</em></strong></span> <span class='ocrx_word' id='word_1_880' title='bbox 2853 4676 2977 4718; x_wconf 88' lang='lat' dir='ltr'><strong><em>sunt</em></strong></span> <span class='ocrx_word' id='word_1_881' title='bbox 3004 4668 3165 4720; x_wconf 85' lang='lat' dir='ltr'><strong><em>verba</em></strong></span> <span class='ocrx_word' id='word_1_882' title='bbox 3200 4685 3211 4718; x_wconf 93' lang='lat'><strong>:</strong></span> <span class='ocrx_word' id='word_1_883' title='bbox 3249 4665 3506 4730; x_wconf 76' lang='lat' dir='ltr'><strong><em>Prtecepta</em></strong></span> <span class='ocrx_word' id='word_1_884' title='bbox 3536 4661 3897 4735; x_wconf 13' lang='lat' dir='ltr'><strong><em>veterisrlegis</em></strong></span> 
     </span>
    </p>
   </div>
   <div class='ocr_carea' id='block_1_117' title="bbox 2304 4734 3892 4806">
    <p class='ocr_par' dir='ltr' id='par_1_117' title="bbox 2304 4734 3892 4806">
     <span class='ocr_line' id='line_1_117' title="bbox 2304 4734 3892 4806; baseline -0.001 -20"><span class='ocrx_word' id='word_1_885' title='bbox 2304 4734 2599 4802; x_wconf 78' lang='lat' dir='ltr'><strong><em>adimptevit</em></strong></span> <span class='ocrx_word' id='word_1_886' title='bbox 2621 4734 2853 4788; x_wconf 86' lang='lat' dir='ltr'><strong><em>Christus</em></strong></span> <span class='ocrx_word' id='word_1_887' title='bbox 2882 4746 2928 4788; x_wconf 90' lang='lat' dir='ltr'><strong><em>et</em></strong></span> <span class='ocrx_word' id='word_1_888' title='bbox 2957 4753 3108 4806; x_wconf 82' lang='lat' dir='ltr'><strong><em>opere</em></strong></span> <span class='ocrx_word' id='word_1_889' title='bbox 3127 4749 3177 4790; x_wconf 88' lang='lat' dir='ltr'><strong><em>ct</em></strong></span> <span class='ocrx_word' id='word_1_890' title='bbox 3201 4738 3466 4790; x_wconf 86' lang='lat' dir='ltr'><strong><em>doctrina:</em></strong></span> <span class='ocrx_word' id='word_1_891' title='bbox 3491 4749 3639 4802; x_wconf 66' lang='lat' dir='ltr'><strong><em>opere</em></strong></span> <span class='ocrx_word' id='word_1_892' title='bbox 3661 4734 3892 4803; x_wconf 79' lang='lat' dir='ltr'><strong><em>Quidem,</em></strong></span> 
     </span>
    </p>
   </div>
   <div class='ocr_carea' id='block_1_118' title="bbox 2305 4806 3895 4877">
    <p class='ocr_par' dir='ltr' id='par_1_118' title="bbox 2305 4806 3895 4877">
     <span class='ocr_line' id='line_1_118' title="bbox 2305 4806 3895 4877; baseline -0.002 -19"><span class='ocrx_word' id='word_1_893' title='bbox 2305 4808 2427 4872; x_wconf 87' lang='lat' dir='ltr'><strong><em>quia</em></strong></span> <span class='ocrx_word' id='word_1_894' title='bbox 2457 4807 2754 4858; x_wconf 77' lang='lat' dir='ltr'><strong><em>circumcidi</em></strong></span> <span class='ocrx_word' id='word_1_895' title='bbox 2787 4808 2960 4869; x_wconf 68' lang='lat' dir='ltr'><strong><em>coluit,</em></strong></span> <span class='ocrx_word' id='word_1_896' title='bbox 2987 4817 3034 4861; x_wconf 88' lang='lat' dir='ltr'><strong><em>et</em></strong></span> <span class='ocrx_word' id='word_1_897' title='bbox 3078 4809 3186 4860; x_wconf 82' lang='lat' dir='ltr'><strong><em>alia</em></strong></span> <span class='ocrx_word' id='word_1_898' title='bbox 3227 4809 3414 4877; x_wconf 77' lang='lat' dir='ltr'><strong><em>iegatio</em></strong></span> <span class='ocrx_word' id='word_1_899' title='bbox 3461 4806 3758 4877; x_wconf 47' lang='lat' dir='ltr'><strong><em>obseruare:</em></strong></span> <span class='ocrx_word' id='word_1_900' title='bbox 3785 4818 3895 4874; x_wconf 73' lang='lat' dir='ltr'><strong><em>quc</em></strong></span> 
     </span>
    </p>
   </div>
   <div class='ocr_carea' id='block_1_119' title="bbox 2305 4874 3889 4944">
    <p class='ocr_par' dir='ltr' id='par_1_119' title="bbox 2305 4874 3889 4944">
     <span class='ocr_line' id='line_1_119' title="bbox 2305 4874 3889 4944; baseline -0.002 -17"><span class='ocrx_word' id='word_1_901' title='bbox 2305 4886 2447 4930; x_wconf 86' lang='lat' dir='ltr'><strong><em>erant</em></strong></span> <span class='ocrx_word' id='word_1_902' title='bbox 2485 4887 2707 4943; x_wconf 80' lang='lat' dir='ltr'><strong><em>tempore</em></strong></span> <span class='ocrx_word' id='word_1_903' title='bbox 2736 4877 2829 4930; x_wconf 84' lang='lat' dir='ltr'><strong><em>illo</em></strong></span> <span class='ocrx_word' id='word_1_904' title='bbox 2859 4879 3194 4944; x_wconf 85' lang='lat' dir='ltr'><strong><em>observanda,</em></strong></span> <span class='ocrx_word' id='word_1_905' title='bbox 3239 4874 3518 4933; x_wconf 71' lang='lat' dir='ltr'><strong><em>secundum</em></strong></span> <span class='ocrx_word' id='word_1_906' title='bbox 3553 4876 3686 4928; x_wconf 76' lang='lat' dir='ltr'><strong><em>illud</em></strong></span> <span class='ocrx_word' id='word_1_907' title='bbox 3715 4874 3889 4929; x_wconf 67' lang='grc' dir='ltr'><strong><em>ϐαιοὶ.</em></strong></span> 
     </span>
    </p>
   </div>
   <div class='ocr_carea' id='block_1_120' title="bbox 2302 4945 3892 5018">
    <p class='ocr_par' dir='ltr' id='par_1_120' title="bbox 2302 4945 3892 5018">
     <span class='ocr_line' id='line_1_120' title="bbox 2302 4945 3892 5018; baseline -0.004 -17"><span class='ocrx_word' id='word_1_908' title='bbox 2302 4961 2358 5001; x_wconf 86' lang='lat' dir='ltr'><strong><em>tv</em></strong></span> <span class='ocrx_word' id='word_1_909' title='bbox 2387 4963 2401 5000; x_wconf 92' lang='lat'><strong>:</strong></span> <span class='ocrx_word' id='word_1_910' title='bbox 2430 4945 2655 4999; x_wconf 83' lang='lat' dir='ltr'><strong><em>Factum</em></strong></span> <span class='ocrx_word' id='word_1_911' title='bbox 2682 4952 2774 5000; x_wconf 82' lang='lat' dir='ltr'><strong><em>sub</em></strong></span> <span class='ocrx_word' id='word_1_912' title='bbox 2803 4950 2935 5018; x_wconf 82' lang='lat' dir='ltr'><strong><em>lege.</em></strong></span> <span class='ocrx_word' id='word_1_913' title='bbox 2971 4949 3082 5004; x_wconf 77' lang='lat' dir='ltr'><strong><em>Sua</em></strong></span> <span class='ocrx_word' id='word_1_914' title='bbox 3109 4961 3282 5002; x_wconf 82' lang='lat' dir='ltr'><strong><em>autem</em></strong></span> <span class='ocrx_word' id='word_1_915' title='bbox 3321 4950 3559 5001; x_wconf 68' lang='lat' dir='ltr'><strong><em>r&#39;octrina</em></strong></span> <span class='ocrx_word' id='word_1_916' title='bbox 3596 4945 3892 5018; x_wconf 72' lang='lat' dir='ltr'><strong><em>adimplerit</em></strong></span> 
     </span>
    </p>
   </div>
   <div class='ocr_carea' id='block_1_121' title="bbox 2303 5015 3890 5090">
    <p class='ocr_par' dir='ltr' id='par_1_121' title="bbox 2303 5015 3890 5090">
     <span class='ocr_line' id='line_1_121' title="bbox 2303 5015 3890 5090; baseline -0.001 -22"><span class='ocrx_word' id='word_1_917' title='bbox 2303 5033 2557 5088; x_wconf 73' lang='lat' dir='ltr'><strong><em>pra’cepta</em></strong></span> <span class='ocrx_word' id='word_1_918' title='bbox 2583 5020 2705 5088; x_wconf 72' lang='lat' dir='ltr'><strong><em>legis</em></strong></span> <span class='ocrx_word' id='word_1_919' title='bbox 2730 5015 3019 5084; x_wconf 82' lang='lat' dir='ltr'><strong><em>tripliciter.</em></strong></span> <span class='ocrx_word' id='word_1_920' title='bbox 3035 5020 3213 5074; x_wconf 86' lang='lat' dir='ltr'><strong><em>Primo</em></strong></span> <span class='ocrx_word' id='word_1_921' title='bbox 3238 5021 3468 5090; x_wconf 82' lang='lat' dir='ltr'><strong><em>quidem,</em></strong></span> <span class='ocrx_word' id='word_1_922' title='bbox 3491 5033 3676 5090; x_wconf 67' lang='lat' dir='ltr'><strong><em>verm</em></strong></span> <span class='ocrx_word' id='word_1_923' title='bbox 3697 5015 3890 5090; x_wconf 56' lang='lat' dir='ltr'><strong><em>intelle-</em></strong></span> 
     </span>
    </p>
   </div>
   <div class='ocr_carea' id='block_1_122' title="bbox 2305 5088 3890 5162">
    <p class='ocr_par' dir='ltr' id='par_1_122' title="bbox 2305 5088 3890 5162">
     <span class='ocr_line' id='line_1_122' title="bbox 2305 5088 3890 5162; baseline -0.003 -22"><span class='ocrx_word' id='word_1_924' title='bbox 2305 5100 2439 5162; x_wconf 80' lang='lat' dir='ltr'><strong><em>ctum</em></strong></span> <span class='ocrx_word' id='word_1_925' title='bbox 2482 5091 2606 5161; x_wconf 72' lang='lat' dir='ltr'><strong><em>legis</em></strong></span> <span class='ocrx_word' id='word_1_926' title='bbox 2645 5091 3009 5161; x_wconf 63' lang='lat' dir='ltr'><strong><em>exprimendo,</em></strong></span> <span class='ocrx_word' id='word_1_927' title='bbox 3056 5093 3188 5162; x_wconf 81' lang='lat' dir='ltr'><strong><em>sicut</em></strong></span> <span class='ocrx_word' id='word_1_928' title='bbox 3232 5088 3370 5162; x_wconf 60' lang='lat' dir='ltr'><strong><em>patet</em></strong></span> <span class='ocrx_word' id='word_1_929' title='bbox 3417 5091 3472 5142; x_wconf 83' lang='lat' dir='ltr'><strong><em>in</em></strong></span> <span class='ocrx_word' id='word_1_930' title='bbox 3522 5088 3810 5162; x_wconf 51' lang='lat' dir='ltr'><strong><em>homicidio</em></strong></span> <span class='ocrx_word' id='word_1_931' title='bbox 3850 5096 3890 5162; x_wconf 77' lang='lat' dir='ltr'><strong><em>et</em></strong></span> 
     </span>
    </p>
   </div>
   <div class='ocr_carea' id='block_1_123' title="bbox 2301 5156 3890 5230">
    <p class='ocr_par' dir='ltr' id='par_1_123' title="bbox 2301 5156 3890 5230">
     <span class='ocr_line' id='line_1_123' title="bbox 2301 5156 3890 5230; baseline -0.001 -19"><span class='ocrx_word' id='word_1_932' title='bbox 2301 5156 2580 5223; x_wconf 75' lang='lat' dir='ltr'><strong><em>adulterio,</em></strong></span> <span class='ocrx_word' id='word_1_933' title='bbox 2604 5163 2657 5214; x_wconf 86' lang='lat' dir='ltr'><strong><em>in</em></strong></span> <span class='ocrx_word' id='word_1_934' title='bbox 2687 5156 2902 5230; x_wconf 81' lang='lat' dir='ltr'><strong><em>quorum</em></strong></span> <span class='ocrx_word' id='word_1_935' title='bbox 2947 5156 3288 5230; x_wconf 76' lang='lat' dir='ltr'><strong><em>prohibitione</em></strong></span> <span class='ocrx_word' id='word_1_936' title='bbox 3318 5161 3520 5217; x_wconf 75' lang='lat' dir='ltr'><strong><em>Scriba:</em></strong></span> <span class='ocrx_word' id='word_1_937' title='bbox 3559 5169 3606 5212; x_wconf 81' lang='lat' dir='ltr'><strong><em>et</em></strong></span> <span class='ocrx_word' id='word_1_938' title='bbox 3645 5156 3890 5230; x_wconf 59' lang='lat' dir='ltr'><strong><em>Plurim</em></strong></span> 
     </span>
    </p>
   </div>
   <div class='ocr_carea' id='block_1_124' title="bbox 2302 5229 3889 5301">
    <p class='ocr_par' dir='ltr' id='par_1_124' title="bbox 2302 5229 3889 5301">
     <span class='ocr_line' id='line_1_124' title="bbox 2302 5229 3889 5301; baseline -0.002 -19"><span class='ocrx_word' id='word_1_939' title='bbox 2302 5246 2408 5283; x_wconf 85' lang='lat' dir='ltr'><strong><em>non</em></strong></span> <span class='ocrx_word' id='word_1_940' title='bbox 2432 5229 2778 5301; x_wconf 72' lang='lat' dir='ltr'><strong><em>intelligrbunt</em></strong></span> <span class='ocrx_word' id='word_1_941' title='bbox 2801 5277 2813 5296; x_wconf 87' lang='lat'><strong><em>,</em></strong></span> <span class='ocrx_word' id='word_1_942' title='bbox 2844 5229 2955 5285; x_wconf 11' lang='lat' dir='ltr'><strong><em>nisi?</em></strong></span> <span class='ocrx_word' id='word_1_943' title='bbox 2985 5234 3286 5286; x_wconf 67' lang='lat' dir='ltr'><strong><em>exteriorem</em></strong></span> <span class='ocrx_word' id='word_1_944' title='bbox 3325 5242 3500 5285; x_wconf 84' lang='lat' dir='ltr'><strong><em>actum</em></strong></span> <span class='ocrx_word' id='word_1_945' title='bbox 3535 5229 3889 5301; x_wconf 68' lang='lat' dir='ltr'><strong><em>prohibitum:</em></strong></span> 
     </span>
    </p>
   </div>
   <div class='ocr_carea' id='block_1_125' title="bbox 2301 5300 3890 5374">
    <p class='ocr_par' dir='ltr' id='par_1_125' title="bbox 2301 5300 3890 5374">
     <span class='ocr_line' id='line_1_125' title="bbox 2301 5300 3890 5374; baseline -0.002 -20"><span class='ocrx_word' id='word_1_946' title='bbox 2301 5304 2438 5374; x_wconf 84' lang='lat' dir='ltr'><strong><em>unde</em></strong></span> <span class='ocrx_word' id='word_1_947' title='bbox 2457 5300 2702 5356; x_wconf 87' lang='lat' dir='ltr'><strong><em>Dominus</em></strong></span> <span class='ocrx_word' id='word_1_948' title='bbox 2724 5304 2884 5372; x_wconf 81' lang='lat' dir='ltr'><strong><em>legem</em></strong></span> <span class='ocrx_word' id='word_1_949' title='bbox 2909 5303 3223 5374; x_wconf 77' lang='lat' dir='ltr'><strong><em>adirnp!evit.</em></strong></span> <span class='ocrx_word' id='word_1_950' title='bbox 3251 5301 3578 5374; x_wconf 79' lang='lat' dir='ltr'><strong><em>ostendendo</em></strong></span> <span class='ocrx_word' id='word_1_951' title='bbox 3590 5301 3758 5374; x_wconf 75' lang='lat' dir='ltr'><strong><em>etiam</em></strong></span> <span class='ocrx_word' id='word_1_952' title='bbox 3777 5300 3890 5374; x_wconf 67' lang='lat' dir='ltr'><strong><em>inte-</em></strong></span> 
     </span>
    </p>
   </div>
   <div class='ocr_carea' id='block_1_126' title="bbox 2299 5367 3888 5443">
    <p class='ocr_par' dir='ltr' id='par_1_126' title="bbox 2299 5367 3888 5443">
     <span class='ocr_line' id='line_1_126' title="bbox 2299 5367 3888 5443; baseline -0.002 -19"><span class='ocrx_word' id='word_1_953' title='bbox 2299 5373 2462 5426; x_wconf 88' lang='lat' dir='ltr'><strong><em>riores</em></strong></span> <span class='ocrx_word' id='word_1_954' title='bbox 2489 5384 2634 5427; x_wconf 86' lang='lat' dir='ltr'><strong><em>actus</em></strong></span> <span class='ocrx_word' id='word_1_955' title='bbox 2674 5367 2994 5439; x_wconf 77' lang='lat' dir='ltr'><strong><em>peccatorum</em></strong></span> <span class='ocrx_word' id='word_1_956' title='bbox 3038 5367 3221 5428; x_wconf 76' lang='lat' dir='ltr'><strong><em>cudere</em></strong></span> <span class='ocrx_word' id='word_1_957' title='bbox 3255 5374 3350 5427; x_wconf 87' lang='lat' dir='ltr'><strong><em>sub</em></strong></span> <span class='ocrx_word' id='word_1_958' title='bbox 3395 5372 3773 5443; x_wconf 79' lang='lat' dir='ltr'><strong><em>prohibitione.</em></strong></span> <span class='ocrx_word' id='word_1_959' title='bbox 3807 5367 3888 5443; x_wconf 65' lang='lat' dir='ltr'><strong><em>Sf-</em></strong></span> 
     </span>
    </p>
   </div>
   <div class='ocr_carea' id='block_1_127' title="bbox 2301 5436 3886 5515">
    <p class='ocr_par' dir='ltr' id='par_1_127' title="bbox 2301 5436 3886 5515">
     <span class='ocr_line' id='line_1_127' title="bbox 2301 5436 3886 5515; baseline -0.004 -19"><span class='ocrx_word' id='word_1_960' title='bbox 2301 5446 2490 5507; x_wconf 87' lang='lat' dir='ltr'><strong><em>cundo,</em></strong></span> <span class='ocrx_word' id='word_1_961' title='bbox 2525 5436 3086 5515; x_wconf 79' lang='lat' dir='ltr'><strong><em>adimplevitDnminus</em></strong></span> <span class='ocrx_word' id='word_1_962' title='bbox 3127 5436 3577 5515; x_wconf 52' lang='lat' dir='ltr'><strong><em>prtecepta&#39;tcgis,</em></strong></span> <span class='ocrx_word' id='word_1_963' title='bbox 3603 5436 3886 5494; x_wconf 67' lang='lat' dir='ltr'><strong><em>ordinando</em></strong></span> 
     </span>
    </p>
   </div>
   <div class='ocr_carea' id='block_1_128' title="bbox 2299 5514 3886 5583">
    <p class='ocr_par' dir='ltr' id='par_1_128' title="bbox 2299 5514 3886 5583">
     <span class='ocr_line' id='line_1_128' title="bbox 2299 5514 3886 5583; baseline -0.003 -18"><span class='ocrx_word' id='word_1_964' title='bbox 2299 5515 2555 5583; x_wconf 87' lang='lat' dir='ltr'><strong><em>quomodo</em></strong></span> <span class='ocrx_word' id='word_1_965' title='bbox 2580 5520 2734 5568; x_wconf 87' lang='lat' dir='ltr'><strong><em>tutius</em></strong></span> <span class='ocrx_word' id='word_1_966' title='bbox 2766 5514 3403 5583; x_wconf 69' lang='lat' dir='ltr'><strong><em>observareturquodletc</em></strong></span> <span class='ocrx_word' id='word_1_967' title='bbox 3429 5524 3573 5566; x_wconf 55' lang='lat' dir='ltr'><strong><em>tit-tus</em></strong></span> <span class='ocrx_word' id='word_1_968' title='bbox 3602 5519 3886 5583; x_wconf 78' lang='lat' dir='ltr'><strong><em>statuerat:</em></strong></span> 
     </span>
    </p>
   </div>
   <div class='ocr_carea' id='block_1_129' title="bbox 2300 5580 3979 5659">
    <p class='ocr_par' dir='ltr' id='par_1_129' title="bbox 2300 5580 3979 5659">
     <span class='ocr_line' id='line_1_129' title="bbox 2300 5580 3979 5659; baseline -0.004 -21"><span class='ocrx_word' id='word_1_969' title='bbox 2300 5580 2430 5638; x_wconf 73' lang='lat' dir='ltr'><strong><em>sicut</em></strong></span> <span class='ocrx_word' id='word_1_970' title='bbox 2455 5591 2537 5639; x_wconf 65' lang='lat' dir='ltr'><strong><em>(ex</em></strong></span> <span class='ocrx_word' id='word_1_971' title='bbox 2559 5598 2698 5641; x_wconf 76' lang='lat' dir='ltr'><strong><em>t&#39;etus</em></strong></span> <span class='ocrx_word' id='word_1_972' title='bbox 2724 5595 2973 5638; x_wconf 75' lang='lat' dir='ltr'><strong><em>statuerat</em></strong></span> <span class='ocrx_word' id='word_1_973' title='bbox 3002 5596 3057 5638; x_wconf 89' lang='lat' dir='ltr'><strong><em>ut</em></strong></span> <span class='ocrx_word' id='word_1_974' title='bbox 3088 5580 3237 5637; x_wconf 83' lang='lat' dir='ltr'><strong><em>homo</em></strong></span> <span class='ocrx_word' id='word_1_975' title='bbox 3271 5602 3373 5637; x_wconf 89' lang='lat' dir='ltr'><strong><em>non</em></strong></span> <span class='ocrx_word' id='word_1_976' title='bbox 3400 5586 3707 5659; x_wconf 65' lang='lat' dir='ltr'><strong><em>pejorara;</em></strong></span> <span class='ocrx_word' id='word_1_977' title='bbox 3735 5591 3780 5635; x_wconf 83' lang='lat' dir='ltr'><strong><em>et</em></strong></span> <span class='ocrx_word' id='word_1_978' title='bbox 3809 5580 3887 5659; x_wconf 54' lang='lat' dir='ltr'><strong><em>hct</em></strong></span> <span class='ocrx_word' id='word_1_979' title='bbox 3978 5647 3979 5650; x_wconf 15' lang='grc' dir='ltr'><strong>η</strong></span> 
     </span>
    </p>
   </div>
   <div class='ocr_carea' id='block_1_130' title="bbox 2301 5655 3886 5725">
    <p class='ocr_par' dir='ltr' id='par_1_130' title="bbox 2301 5655 3886 5725">
     <span class='ocr_line' id='line_1_130' title="bbox 2301 5655 3886 5725; baseline -0.003 -17"><span class='ocrx_word' id='word_1_980' title='bbox 2301 5659 2460 5709; x_wconf 86' lang='lat' dir='ltr'><strong><em>tutius</em></strong></span> <span class='ocrx_word' id='word_1_981' title='bbox 2491 5661 2782 5710; x_wconf 73' lang='lat' dir='ltr'><strong><em>observatur</em></strong></span> <span class='ocrx_word' id='word_1_982' title='bbox 2803 5659 2846 5707; x_wconf 82' lang='lat' dir='ltr'><strong><em>si</em></strong></span> <span class='ocrx_word' id='word_1_983' title='bbox 2875 5661 3083 5709; x_wconf 86' lang='lat' dir='ltr'><strong><em>omnino</em></strong></span> <span class='ocrx_word' id='word_1_984' title='bbox 3103 5675 3133 5708; x_wconf 93' lang='lat' dir='ltr'><strong><em>a</em></strong></span> <span class='ocrx_word' id='word_1_985' title='bbox 3152 5660 3456 5725; x_wconf 78' lang='lat' dir='ltr'><strong><em>juramcnto</em></strong></span> <span class='ocrx_word' id='word_1_986' title='bbox 3482 5655 3773 5718; x_wconf 72' lang='lat' dir='ltr'><strong><em>abstineat,</em></strong></span> <span class='ocrx_word' id='word_1_987' title='bbox 3805 5655 3886 5700; x_wconf 66' lang='lat' dir='ltr'><strong><em>nia</em></strong></span> 
     </span>
    </p>
   </div>
   <div class='ocr_carea' id='block_1_131' title="bbox 2301 5726 3888 5792">
    <p class='ocr_par' dir='ltr' id='par_1_131' title="bbox 2301 5726 3888 5792">
     <span class='ocr_line' id='line_1_131' title="bbox 2301 5726 3888 5792; baseline -0.001 -14"><span class='ocrx_word' id='word_1_988' title='bbox 2301 5727 2358 5778; x_wconf 80' lang='lat' dir='ltr'><strong><em>in</em></strong></span> <span class='ocrx_word' id='word_1_989' title='bbox 2383 5743 2536 5781; x_wconf 85' lang='lat' dir='ltr'><strong><em>causa</em></strong></span> <span class='ocrx_word' id='word_1_990' title='bbox 2566 5730 2889 5782; x_wconf 60' lang='lat' dir='ltr'><strong><em>necessitats.</em></strong></span> <span class='ocrx_word' id='word_1_991' title='bbox 2925 5727 3116 5788; x_wconf 80' lang='lat' dir='ltr'><strong><em>Tertio,</em></strong></span> <span class='ocrx_word' id='word_1_992' title='bbox 3150 5727 3453 5792; x_wconf 79' lang='lat' dir='ltr'><strong><em>adintplcrit</em></strong></span> <span class='ocrx_word' id='word_1_993' title='bbox 3487 5726 3752 5777; x_wconf 74' lang='lat' dir='ltr'><strong><em>Dominus</em></strong></span> <span class='ocrx_word' id='word_1_994' title='bbox 3771 5732 3888 5790; x_wconf 60' lang='grc' dir='ltr'><strong><em>ρκ’</em></strong></span> 
     </span>
    </p>
   </div>
   <div class='ocr_carea' id='block_1_132' title="bbox 2295 5797 3894 5870">
    <p class='ocr_par' dir='ltr' id='par_1_132' title="bbox 2295 5797 3894 5870">
     <span class='ocr_line' id='line_1_132' title="bbox 2295 5797 3894 5870; baseline 0 -20"><span class='ocrx_word' id='word_1_995' title='bbox 2295 5809 2443 5870; x_wconf 80' lang='lat' dir='ltr'><strong><em>cepta</em></strong></span> <span class='ocrx_word' id='word_1_996' title='bbox 2482 5803 2639 5870; x_wconf 79' lang='lat' dir='ltr'><strong><em>tegis,</em></strong></span> <span class='ocrx_word' id='word_1_997' title='bbox 2677 5813 2826 5866; x_wconf 78' lang='lat' dir='ltr'><strong><em>super</em></strong></span> <span class='ocrx_word' id='word_1_998' title='bbox 2843 5798 3086 5851; x_wconf 83' lang='lat' dir='ltr'><strong><em>addendo</em></strong></span> <span class='ocrx_word' id='word_1_999' title='bbox 3118 5797 3360 5860; x_wconf 65' lang='lat' dir='ltr'><strong><em>quendam</em></strong></span> <span class='ocrx_word' id='word_1_1000' title='bbox 3394 5798 3746 5858; x_wconf 64' lang='lat' dir='ltr'><strong><em>putationis</em></strong></span> <span class='ocrx_word' id='word_1_1001' title='bbox 3785 5802 3894 5844; x_wconf 64' lang='grc' dir='ltr'><strong><em>τα·</em></strong></span> 
     </span>
    </p>
   </div>
  </div>
