4014 6200
51 251 176 320 061

1096 233 1441 300 COLLATIO
1477 236 1642 297 XVII.
1671 269 1743 282 —
1772 239 1860 296 DE
1898 233 2332 299 DEFINIENDO.

3219 243 3365 310 1002

53 375 357 442 ntiquare
385 369 594 441 priora,
621 365 718 424 sed
739 363 809 420 ad
839 361 1227 435 perfectionem
1249 359 1548 430 perducere
1571 356 1670 413 im-
1698 357 1756 421 Α
1777 355 2020 412 dteorum
2056 357 2354 412 intidelitas
2389 355 2711 422 obduratur,
2742 357 2826 410 vel
2858 364 3040 413 tumor
3080 363 3366 430 sapientia

45 466 338 525 terfecta.

690 546 920 606 CAPUT
953 545 1051 604 XV

45 648 447 721 interrogatio,
483 661 553 721 an
585 643 774 721 absque
813 651 1035 721 peccato_
1051 641 1140 706 sit,
1170 640 1312 721 quod
1331 639 1550 721 inﬁrmis
1581 653 1675 694 no.

153 711 302 777 stre;
319 711 639 775 conscientia
664 711 989 768 occasionem
1016 711 1201 782 ingerit
1231 711 1551 766 mentiendi?

102 837 450 895 Germanus
487 850 500 886 :
535 830 809 899 Quantum
852 833 1066 897 spectat
1108 826 1176 880 ad
1213 826 1320 880 vim
1363 839 1674 881 sermonum

45 930 132 1001 qui
172 924 600 983 rationabiliter
633 921 1044 992 prudenterque
1082 916 1278 987 digesti
1322 927 1480 985 sunt,
1530 917 1678 972 haud

45 1022 290 1078 iiflicile
316 1016 632 1088 Sponsionis
663 1021 873 1070 nostrae
901 1011 1194 1081 scrupulus
1219 1025 1248 1064 a
1281 1011 1438 1066 nobis
1469 1011 1676 1080 potuis-

45 1123 137 1170 set
201 1111 472 1175 extrudi,
521 1108 624 1163 nisi
667 1107 798 1162 illud
847 1121 948 1160 nos
978 1103 1457 1159 vehementissime
1486 1103 1674 1159 deter-

45 1216 234 1269 reret,
278 1203 431 1273 quod
463 1199 854 1256 inﬁrmioribus
893 1198 1197 1267 quibusque
1239 1196 1526 1250 intromitti
1561 1196 1677 1250 for-

45 1309 214 1353 tasse
252 1311 362 1365 per
399 1293 515 1347 hate
543 1292 764 1347 videtur
801 1289 1050 1358 exempla
1082 1289 1299 1343 occasio
1345 1289 1670 1357 mentiendi,

47 1389 99 1446 si
124 1388 257 1442 ullo
286 1387 453 1442 modo
478 1385 622 1454 pacti
655 1383 814 1438 ﬁdem
845 1381 1066 1436 dissolvi
1101 1395 1263 1449 posse
1290 1381 1669 1450 cognoverint;

51 1481 273 1550 quippe
298 1492 424 1532 cum
450 1474 612 1530 tantis
636 1475 740 1528 hoc
763 1474 937 1542 ipsum
963 1483 1019 1528 et
1049 1480 1156 1525 tam
1183 1471 1486 1525 minacibus
1512 1472 1678 1527 inter-

54 1569 285 1625 dicatur
315 1568 572 1638 eloquiis,
616 1565 885 1634 Propheta
915 1564 1155 1630 dicente,
1199 1573 1226 1600 ι
1266 1561 1463 1618 Perdes
1505 1580 1677 1618 omnes

58 1664 145 1732 qui
200 1662 492 1730 loquuntur
544 1659 868 1711 mendacium
915 1655 1229 1728 (Psal.v);
1280 1665 1372 1724 et,
1428 1657 1500 1712 Os
1538 1657 1676 1728 quod

60 1753 343 1820 mentitur,
376 1749 563 1806 occidit
599 1749 826 1802 animam
857 1746 1022 1819 (Sup.
1054 1748 1132 1818 ι).

681 1859 907 1918 CAPUT
945 1859 1088 1915 XVI.

68 1954 406 2026 Responsio1
435 1951 574 2024 quod
615 1967 716 2004 non
754 1959 961 2026 prapter
1003 1949 1337 2026 inﬁrmorum
1368 1952 1677 2007 scandalum

369 2022 765 2090 Scripturarum
794 2022 978 2074 ueritas
1018 2023 1082 2074 sit
1121 2022 1392 2076 mutanda.

141 2119 355 2190 Ioseph
393 2117 465 2171 εδ
505 2116 834 2172 Occasiones
871 2128 1156 2184 causmque
1193 2115 1559 2184 perditionum
1591 2115 1677 2171 his

75 2215 168 2286 qui
197 2212 430 2284 perituri
454 2217 600 2276 sunt,
627 2210 790 2264 immo
805 2209 895 2279 qui
917 2209 1094 2278 perire
1114 2209 1444 2275 desiderant,
1476 2210 1670 2266 deesse

77 2321 184 2362 non
219 2313 474 2373 possunt.
497 2303 682 2374 Neque
706 2303 850 2358 enim
877 2301 1182 2372 abiicienda
1211 2311 1335 2358 sunt
1363 2305 1670 2359 testimonia

79 2396 511 2469 Scripturarum,
541 2411 605 2451 ac
631 2396 701 2451 de
730 2410 828 2451 suo
853 2410 1082 2465 corpore
1105 2395 1318 2466 penitus
1337 2396 1667 2466 abradenda,

83 2491 282 2562 quibus
316 2490 400 2546 vel
429 2490 805 2545 haereticorum
846 2489 1080 2558 pravitas
1124 2489 1418 2556 animatur,
1457 2489 1540 2544 vel
1579 2488 1672 2545 Ju-

1775 449 1997 520 gentilis
2043 449 2371 514 odenditur;
2419 447 2513 502 sed
2545 451 2731 518 utique
2759 457 2815 502 et
2852 446 2938 517 pie
2981 449 3277 521 credenda,
3315 465 3368 518 et

1778 539 2131 596 immobiliter
2174 550 2299 595 sunt
2348 539 2620 606 tenenda,
2668 549 2724 596 et
2773 539 3074 595 secundum
3122 543 3369 602 veritatis

1778 637 2022 704 regulam
2058 634 2417 703 praedicanda.
2443 634 2509 688 Et
2537 633 2742 690 idcirco
2765 651 2871 690 non
2897 635 3158 692 debemus
3176 637 3370 695 aliena:

1776 724 2116 780 inﬁdelitatis
2140 728 2364 780 obtentu
2395 729 2750 791 mcouomias,
2787 729 2835 782 id
2863 738 2978 795 est,
3010 728 3373 799 dispensatio-

1777 834 1875 875 nes
1905 823 2288 889 prephetarum
2333 829 2496 890 atque
2535 829 2878 884 sanctorum,
2910 836 3045 891 quas
3086 822 3368 893 Scriptura

1775 920 2196 978 commemorat,
2242 910 2514 978 abdicare,
2562 925 2627 966 ue
2667 911 2790 966 dum
2836 911 3134 967 inﬁrmitati
3175 927 3365 967 eorum

1777 1004 2216 1059 condescendere
2267 1005 2466 1059 debere
2520 1019 2617 1060 nos
2670 1005 2983 1072 credimus,
3035 1022 3142 1061 non
3186 1007 3365 1063 solum

1776 1094 2070 1160 mendacii,
2087 1110 2271 1149 verum
2296 1096 2457 1149 etiam
2485 1096 2756 1165 sacrilegii
2780 1097 3008 1152 crimine
3029 1099 3365 1168 polluamur;

1775 1188 1896 1254 sed,
1931 1188 2384 1257 quemadmodum
2415 1188 2672 1256 diximus,
2697 1199 2912 1260 oportet
2947 1207 3046 1245 nos
3074 1207 3160 1255 ea,
3191 1205 3245 1248 et
3275 1207 3366 1248 se-

1778 1281 2013 1334 cundum
2058 1280 2338 1335 historiam
2375 1282 2645 1349 conliteri,
2691 1290 2746 1337 et
2790 1283 3248 1352 quemadmodum
3281 1284 3368 1354 pie

1775 1382 1927 1441 gesta
1963 1381 2085 1427 sunt
2126 1372 2437 1441 explanare.
2487 1372 2756 1428 Cteterum
2807 1375 2889 1429 his
2926 1375 3016 1442 qui
3058 1378 3209 1445 pravi
3243 1390 3367 1446 pro-

1779 1464 1936 1534 positi
1973 1473 2124 1531 sunt,
2163 1480 2273 1518 non
2303 1481 2369 1521 ex
2406 1465 2508 1520 hoc
2548 1466 2851 1522 mentiendi
2893 1467 3074 1522 aditus
3114 1468 3369 1523 obstrue-

1778 1561 1885 1621 tur,
1921 1556 1966 1609 si
1998 1572 2184 1611 earum
2216 1572 2395 1611 rerum
2435 1570 2570 1626 quas
2597 1557 2682 1612 vel
2727 1557 2990 1625 prolaturi
3034 1574 3246 1628 sumus,
3280 1559 3367 1616 vel

1777 1647 2125 1717 protulimus,
2174 1649 2485 1715 veritatem,
2538 1659 2632 1703 aut
2675 1651 2891 1720 penitus
2937 1651 3226 1719 abnegare,
3276 1658 3371 1708 aut

1702 1769 1751 1828 Β
1779 1751 2074 1796 extenuare
2104 1742 2416 1810 allegoricis
2453 1743 2993 1812 interpretationibus
3038 1746 3363 1799 laboremus.

1778 1832 1914 1900 Quid
1948 1835 2089 1888 enim
2123 1833 2232 1888 illis
2263 1833 2450 1888 horum
2481 1833 2911 1889 teStimouiorum
2939 1837 3155 1889 nocebit
3184 1845 3372 1891 aucto-

1777 1925 1932 1992 ritas,
1964 1925 2162 1995 quibus
2187 1925 2348 1980 etiam
2373 1925 2484 1980 sola
2509 1925 2792 1994 corruptio
2815 1926 3109 1981 voluntatis
3134 1927 3372 1982 suilicitt

2352 2078 2580 2136 CAPUT
2617 2078 2779 2135 XVII.

1851 2193 2004 2259 Quod
2023 2172 2291 2248 uentaliter
2313 2193 2774 2275 mendaciosancti
2795 2201 3058 2254 tamquam
3079 2195 3301 2254 elleboro

2449 2282 2528 2322 usi
2560 2274 2682 2320 sint.

1850 2397 2034 2467 Itaque
2065 2397 2238 2452 taliter
2266 2396 2332 2451 de
2365 2395 2647 2452 mendacio
2690 2397 3055 2463 sentiendum,
3086 2409 3248 2470 atque
3279 2401 3352 2458 ita

1779 2505 1845 2547 eo
1880 2503 1901 2530 ε
1935 2491 2195 2546 utendum
2244 2499 2350 2557 est,
2396 2489 2549 2560 quasi
2595 2501 2790 2547 natura
2839 2491 2892 2548 ei
2936 2491 3067 2548 insit
3099 2493 3370 2562 ellebori;

1147 2629 1405 2686 ALARDI
1445 2631 1673 2688 GAZIEI
1713 2631 2285 2688 COMMENTARIUS.

93 2727 220 2792 silia,
264 2736 319 2780 ut
365 2725 728 2800 patettﬂatth.
777 2739 907 2800 Its,
937 2723 1044 2800 ubi
1071 2723 1259 2800 dicenti
1281 2740 1359 2800 _se_
1388 2723 1681 2800 observasse

93 2807 343 2870 praerepta
367 2793 563 2852 ’ναίει-ξε
605 2799 752 2870 legis,
805 2795 928 2870 dicit
953 2809 970 2846 :
999 2793 1171 2870 Unum
1201 2793 1291 2848 tibi
1323 2795 1504 2870 deest:
1538 2799 1583 2850 si
1608 2799 1684 2850 vis

100 2866 350 2940 perfectus
380 2885 506 2926 esse.
534 2868 661 2922 vade
696 2877 743 2920 et
779 2866 938 2940 vende
968 2866 1138 2918 omnia
1173 2881 1286 2940 quae
1313 2866 1487 2930 habes,
1529 2877 1631 2922 etc.

163 2937 193 2977 ί
229 2937 324 2994 Hae
354 2949 405 2994 et
440 2941 646 2993 similes
674 2939 978 2998 sententia},
1013 2937 1309 2990 secundum
1335 2952 1682 2992 communem

97 3011 615 3078 interpretationem,
649 3025 754 3062 non
787 3008 854 3062 de
881 3023 1223 3078 quocumque
1253 3008 1556 3078 mendacio,
1586 3007 1682 3063 sed

101 3081 162 3137 de
187 3077 490 3150 pernicioso
511 3082 796 3135 dumtaxat
816 3077 1192 3150 intelliguntur
1215 3081 1230 3145 (
1252 3077 1376 3150 Vide
1398 3079 1536 3148 infra
1562 3096 1680 3150 cap.

1787 2726 1995 2780 hamum
2013 2742 2031 2792 ;
2059 2734 2105 2781 et
2145 2743 2259 2780 eum
2288 2725 2476 2796 piscem
2513 2724 2604 2794 qui
2629 2723 2829 2796 primus
2876 2725 3166 2798 ascenderit
3205 2728 3328 2782 tolle
3353 2774 3370 2798 ,

1785 2805 1833 2850 et
1865 2810 2042 2864 aperto
2071 2814 2158 2849 ore
2188 2794 2323 2866 cjui,
2356 2797 2577 2866 inuenies
2603 2794 2870 2866 stateram,
2901 2794 3050 2850 illum
3079 2815 3282 2854 sumens
3308 2794 3378 2859 da

1787 2870 1858 2942 eis
1886 2863 1981 2942 pro
2003 2884 2080 2920 me
2104 2878 2152 2920 et
2175 2863 2222 2920 te
2246 2863 2459 2942 (Matth.
2491 2864 2647 2942 rvit).
2675 2867 2776 2930 Qui
2795 2881 3000 2942 rursum
3029 2885 3143 2942 cum
3167 2872 3376 2942 diceret,

1790 2938 1930 3006 Quia
1960 2955 2109 2991 omne
2143 2938 2278 3008 quod
2319 2939 2374 2990 in
2406 2953 2465 3008 os,
2506 2940 2662 3008 intrat
2705 2953 2810 2990 non
2856 2939 3153 3008 coinquinat
3207 2938 3376 2996 hami;

1787 3025 1923 3073 nem,
1961 3018 2079 3061 tunc
2107 3007 2401 3062 accedentes
2431 3007 2677 3077 discipuli
2713 3008 2956 3061 dixerunt
2984 3007 3030 3062 ei
3059 3027 3078 3063 :
3109 3010 3225 3066 Scis
3255 3015 3380 3077 quia

1787 3077 2047 3133 Pharistci
2089 3082 2268 3133 audito
2305 3077 2402 3131 hoc
2440 3080 2588 3131 verba
2634 3079 2979 3133 scandalizati
3015 3083 3170 3135 sunt?
3196 3083 3258 3136 At
3291 3085 3381 3141 ille

105 3138 200 3222 18$
232 3170 247 3207 :
287 3155 580 3219 prmsertim
610 3151 676 3205 de
697 3165 776 3223 eo
805 3150 943 3223 quod
979 3138 1162 3223 pietati
1209 3138 1292 3202 vel
1324 3138 1571 3223 religioni
1598 3138 1686 3204 re-
1711 3138 1757 3201 C
1791 3153 2108 3223 respondens
2145 3152 2217 3204 ait
2260 3166 2278 3223 ς
2322 3149 2501 3223 οιιιηίδ
2531 3149 2784 3223 plantaria
2820 3167 2972 3223 quam
3003 3169 3109 3223 non
3131 3138 3382 3223 plantavit

103 3219 322 3294 pugnat;
354 3220 980 3294 quemadmodumenim
1006 3219 1205 3294 veritas
1236 3221 1506 3288 pra-cipue
1536 3220 1689 3294 inve-

107 3290 240 3349 nitur
283 3295 334 3348 in
373 3290 626 3349 ’doctrina
669 3291 968 3363 religionis,
1008 3290 1086 3363 ita
1131 3305 1224 3357 per
1255 3293 1684 3363 antonomasiam

109 3364 156 3418 id
187 3376 411 3421 voeatur
456 3361 829 3426 mendacium,
879 3361 1022 3432 quod
1070 3363 1282 3415 veritati
1324 3362 1602 3432 religionis
1634 3371 1691 3419 et

111 3439 272 3491 verbo
318 3435 408 3490 Dei
448 3435 830 3489 contrariatur.

207 3507 233 3545 ι)
281 3507 390 3561 lloc
419 3515 577 3574 caput
604 3515 722 3559 cum
757 3503 926 3558 tribus
952 3503 1298 3574 sequentibus
1347 3506 1692 3570 prmtermisit

119 3575 399 3648 Dionysius
423 3573 802 3648 paraphrastes
829 3574 1022 3648 (quem
1048 3583 1100 3628 ct
1118 3573 1450 3648 Lavardinns
1475 3587 1690 3633 secutus

119 3645 324 3715 estliet
356 3645 452 3716 βτί)
480 3645 728 3704 dOL‘lI'itta
758 3645 917 3718 hujus
950 3661 1095 3712 cap.,
1123 3661 1243 3718 qua:
1271 3647 1552 3700 videbatur
1593 3647 1689 3701 ali-

121 3721 232 3785 quid
267 3721 627 3786 ambiguitatis
653 3716 958 3779 continere,
987 3727 1038 3769 et
1070 3716 1135 3769 ad
1166 3725 1479 3784 sequvntcm
1505 3718 1691 3784 dis‘pu-

123 3793 360 3845 tationem
399 3802 452 3845 et
480 3790 849 3845 defensionem
894 3788 1162 3841 mendacii
1193 3789 1394 3839 aditum
1429 3789 1642 3853 aperire
1669 3829 1684 3854 ,

125 3855 246 3929 hanc
287 3863 573 3916 clariorem
606 3860 835 3929 subjecit
867 3860 915 3912 in
950 3873 1178 3928 persnna
1221 3856 1448 3929 Josrphi
1480 3859 1689 3913 abbatis

127 3928 183 3983 ad
211 3933 562 4002 objectionem
595 3927 716 3984 sibi
745 3933 932 3984 tactam
957 3927 1374 3996 'resttoudentis,
1419 3927 1692 4002 dect-rptis

129 3998 445 4070 aulum-modo
475 4001 788 4070 quihusdam
819 4002 1126 4064 sententiis,
1157 4015 1224 4052 ex
1253 4013 1375 4068 cap.
1401 3998 1645 4070 sequenti
1674 4017 1686 4050 :

133 4065 230 4126 Nos
263 4075 360 4127 ista
408 4065 742 4142 prtediximus
787 4071 850 4124 de
887 4072 1168 4124 mutatione
1216 4065 1581 4142 promissionis
1612 4068 1692 4124 in-

133 4153 297 4207 cautrc,
327 4140 429 4197 non
470 4153 521 4194 ut
563 4143 740 4194 demus
769 4150 853 4194 aut
893 4157 1172 4195 reseremus
1210 4143 1341 4193 viam
1373 4157 1458 4193 seu
1498 4140 1692 4193 aditum

135 4215 384 4282 prohibitis
421 4213 691 4279 noxiisque
720 4212 1031 4277 mendaciis;
1064 4210 1242 4264 utilius
1277 4213 1608 4282 judicantes.
1640 4219 1693 4263 ut

137 4281 176 4332 si
203 4281 320 4349 forte
341 4287 636 4351 praeuenerit
657 4299 748 4335 nos
769 4283 1063 4337 inconsultu
1089 4285 1356 4347 sententia,
1389 4294 1694 4346 temperetur

139 4355 496 4420 superveniente
555 4353 904 4407 moderatione
958 4353 1257 4406 salubrioris
1311 4352 1549 4418 consilii;
1604 4368 1695 4406 nec

143 4434 319 4489 Oportet
348 4442 439 4480 nos
464 4426 657 4495 rigidos
683 4425 1136 4489 irrevocabilesque
1165 4440 1369 4476 manere
1397 4425 1448 4476 in
1481 4423 1560 4476 his
1582 4439 1696 4486 quae

143 4498 278 4548 semel
301 4499 597 4561 statuimus,
635 4497 678 4548 si
708 4507 908 4547 ntatura
936 4511 995 4546 ac
1024 4495 1246 4561 prudens
1279 4496 1515 4547 discretio
1560 4497 1610 4546 in
1645 4511 1697 4548 e-

142 4565 252 4635 ﬂtt’it
277 4579 440 4632 postea
467 4570 656 4620 rectius
678 4565 897 4635 aliquid.
931 4564 1090 4617 Aliud
1117 4581 1334 4634 namque
1363 4575 1436 4617 est
1465 4566 1690 4629 mentiri,

144 4633 265 4686 aliud
293 4647 479 4690 statuta
513 4654 600 4690 seu
640 4633 894 4708 promissa
927 4647 1143 4708 mature,
1192 4633 1295 4689 etc.
1334 4636 1535 4708 Deinde
1566 4653 1691 4702 pro-

144 4708 356 4778 S_eqttittir
379 4708 602 4778 Dionys.
630 4705 690 4759 ea
715 4723 832 4776 qua:
860 4707 1123 4760 habemur
1151 4721 1270 4774 cap.
1308 4708 1394 4760 19.
1423 4705 1690 4778 Caeterum

145 4767 358 4846 doctrina
389 4767 548 4846 hujus
570 4793 714 4846 cap.,
734 4767 798 4830 ἰιι
834 4778 900 4830 ab
935 4777 1170 4832 Auctore
1204 4767 1403 4846 prolata
1433 4788 1533 4842 est,
1564 4775 1692 4829 nihil

147 4840 350 4900 alienum
389 4863 418 4901 a
456 4840 990 4911 veritaie’continet,
1037 4861 1086 4902 et
1131 4840 1253 4901 vere
1285 4850 1441 4902 docet
1479 4840 1692 4917 quando

148 4919 428 4973 scandalum
461 4920 532 4973 sit
560 4918 833 4972 vitandum
867 4928 960 4972 aut
985 4919 1464 4973 contemnendum.
1490 4919 1586 4972 Cui
1619 4917 1693 4971 ai-

150 4985 269 5058 milis
291 4991 431 5044 locus
461 5000 545 5044 est
585 4993 724 5058 apud
752 4990 810 5045 S.
835 4991 1151 5057 Gregorium
1180 4990 1393 5043 ιιυιιιίιίι
1421 4991 1450 5042 7
1478 4991 1528 5040 in
1556 4989 1690 5042 Eze-

152 5051 344 5114 chieletn
383 5061 437 5114 in
479 5061 595 5115 ilfl‘C
621 5051 794 5114 'vcrba
845 5077 859 5114 :
910 5051 976 5113 In
1012 5076 1189 5115 nostro
1230 5060 1361 5114 bona
1405 5075 1553 5124 apere
1591 5060 1692 5112 ali-

152 5133 320 5187 quando
347 5131 626 5184 cavendum
663 5141 736 5183 est
766 5131 1074 5184 scandalum
1119 5132 1371 5200 proximi.
1414 5131 1692 5200 aliquando

154 5150 320 5187 ιμιαηαο
347 5150 626 5184 cavenaum
663 5150 736 5183 cst
766 5150 1074 5184 scanaatum
1157 5150 1371 5188 roxtmt.
1414 5150 1692 5200 atiquanao

154 5205 248 5272 "fro
272 5218 352 5269 pro
391 5204 554 5255 nihilo
597 5212 1041 5255 contemnendum.
1095 5150 1338 5268 ἆιυάὶη
1369 5203 1480 5272 ipso
1518 5212 1692 5254 nostra

154 5262 340 5323 Auctore
366 5273 661 5338 didicimus,
693 5273 780 5340 qtti
811 5272 934 5324 dum
970 5262 1216 5326 ινὶὁιὶἶιιηι
1249 5262 1402 5325 Petro
1449 5271 1693 5340 inquisito

157 5346 389 5414 peteretur,
421 5345 564 5413 prius
588 5343 890 5412 paradigma
910 5345 1192 5414 proposuit,
1224 5360 1312 5412 per
1333 5344 1469 5414 quod
1490 5360 1542 5394 se
1563 5343 1696 5396 nihil

160 5400 305 5484 debere
329 5400 607 5485 respondit:
640 5400 812 5466 dicer
839 5429 854 5464 .·
887 5400 1046 5485 [leges
1083 5400 1236 5466 terra;
1271 5429 1304 5464 a
1335 5400 1520 5485 quibus
1552 5416 1693 5466 acci-

159 5483 276 5554 aluttt
300 5484 560 5546 tributum,
584 5485 660 5537 rel
690 5500 917 5541 censum.
946 5483 976 5537 ti
1005 5484 1128 5554 ﬁliis
1148 5486 1276 5540 suis.
1305 5500 1369 5534 an
1399 5483 1462 5534 ab
1490 5485 1701 5554 alienis?

160 5538 240 5624 Qui
261 5567 362 5624 cum
387 5538 664 5614 diceretur,
698 5556 760 5606 ab
801 5538 986 5608 alienis
1005 5538 1026 5616 ’,
1055 5553 1195 5607 illico
1224 5538 1485 5622 respondit
1510 5570 1527 5607 :
1559 5552 1700 5624 Ergo

162 5609 279 5693 “beri
313 5638 421 5678 sunt
436 5626 570 5694 ﬁlii?
592 5609 698 5678 Sed
725 5637 990 5693 postquam
1015 5609 1227 5677 liberum
1249 5609 1428 5677 se'esse
1450 5609 1702 5677 monstri:-

163 5695 305 5751 "huc
331 5698 539 5760 fortasse
562 5695 863 5748 scandalum
895 5700 1132 5765 cuiquam
1165 5703 1371 5764 faceret,
1398 5698 1563 5749 subdit
1597 5712 1614 5748 :
1638 5695 1706 5749 Ut

163 5765 302 5814 autem
325 5781 422 5820 non
446 5767 864 5822 scandalizemus
890 5784 1003 5838 eos,
1040 5767 1172 5822 vade
1198 5769 1267 5822 ad
1297 5785 1460 5834 mare,
1487 5779 1535 5822 et
1565 5769 1708 5820 mitte

1794 3219 1955 3275 Pater
2005 3239 2144 3278 meus
2179 3219 2396 3275 caelestis
2445 3219 2805 3274 eradicabitur.
2854 3219 3020 3277 Sinite
3050 3219 3170 3277 illos
3213 3227 3382 3282 :creci

1791 3303 1933 3369 sunt,
1967 3302 2012 3346 et
2053 3298 2204 3369 duces
2242 3308 2494 3369 crccorum
2536 3289 2765 3369 (Matth.
2789 3291 2911 3363 xv).
2955 3291 3090 3347 Ecce
3130 3298 3384 3369 magistra

1799 3362 2004 3418 Veritas
2042 3381 2117 3440 ne
2134 3367 2185 3418 in
2224 3362 3177 3440 quorumdamcordibusscandalum
3209 3362 3386 3440 [gigne-

1791 3442 1952 3494 retur.
1978 3437 2117 3502 quod
2143 3452 2244 3489 non
2265 3436 2460 3509 debuit,
2492 3434 2740 3509 tributum
2761 3436 2919 3489 dedit.
2948 3435 3013 3509 Et
3037 3454 3241 3492 rursum
3261 3434 3384 3509 quia

1792 3509 2028 3576 generari
2055 3508 2357 3560 scandalum
2384 3507 2437 3557 in
2465 3507 2807 3572 quorumdam
2834 3507 3071 3560 cordibus
3099 3507 3282 3564 contra
3303 3528 3386 3566 ve-

1792 3579 1993 3650 r_itatem
2029 3579 2153 3630 vidit
2177 3617 2192 3650 ε
2214 3577 2282 3650 _in
2322 3591 2420 3650 suo
2445 3591 2528 3650 eos
2557 3580 2806 3650 scandala
2838 3593 3098 3650 remanere
3126 3583 3380 3650 permisit.

1792 3643 1878 3701 Ex
1906 3665 2006 3715 qua
2029 3665 2082 3700 re
2104 3647 2248 3700 nobis
2277 3646 2705 3698 considerandum
2729 3656 2831 3709 est,
2861 3648 3010 3715 quia,
3044 3649 3096 3700 in
3126 3643 3386 3712 quantum

1793 3719 1904 3769 sine
1930 3725 2141 3787 peccato
2174 3731 2462 3782 possumus,
2499 3718 2658 3768 vitare
2683 3717 3036 3787 proximorum
3077 3721 3384 3776 scandalum

1794 3785 2055 3840 debemus.
2086 3788 2146 3844 Si
2170 3797 2340 3837 autem
2368 3786 2430 3837 de
2451 3787 2659 3840 veritate
2682 3785 2984 3838 scandalum
3008 3788 3249 3852 sumitur,
3281 3792 3387 3844 uti-

1795 3857 1896 3911 lius
1929 3857 2237 3922 permittitur
2276 3855 2418 3906 nasci
2456 3857 2791 3918 scandalum,
2823 3871 2976 3922 quam
3008 3857 3194 3912 veritas
3220 3861 3382 3915 relin-

1793 3936 2000 3999 quatur.
2047 3926 2186 3999 llaec
2215 3924 2542 3999 Gregorius,
2588 3942 2711 3999 quae
2762 3926 2946 3999 videre
2994 3927 3124 3982 licet
3173 3931 3384 3999 plenius

1795 3993 2064 4068 exiilirata
2097 4013 2124 4049 a
2157 3998 2214 4054 S.
2249 3993 2645 4068 Thomalﬁ-Q,
2675 4015 2726 4067 q.
2756 3995 2848 4068 45,
2878 4006 2979 4068 art.
3004 3999 3033 4049 ’ἱ
3054 4000 3094 4065 ).

1873 4078 1895 4106 ε
1941 4067 2141 4122 Ponant
2177 4069 2261 4122 hic
2291 4067 2524 4137 primum
2550 4069 2713 4122 verba
2745 4067 2887 4122 Petri
2919 4067 3113 4123 Muturi
3142 4069 3206 4124 ad
3239 4071 3384 4132 hunc

1796 4139 2001 4204 locum,
2041 4156 2108 4194 ne
2133 4140 2258 4212 quid
2287 4140 2469 4212 lectori
2497 4140 2735 4212 excidat.
2760 4139 3207 4212 EademLinquir,
3242 4159 3380 4212 pene

1799 4226 1928 4268 usus
1972 4222 2053 4265 est
2098 4209 2451 4266 similitudine
2496 4209 2643 4264 Plato
2675 4213 2725 4264 ιιι
2772 4225 2826 4266 ιιι
2866 4209 2934 4265 de
2965 4209 3282 4280 Republica,
3329 4227 3386 4273 et

1796 4282 2059 4352 Origenes
2093 4284 2191 4354 lib,
2213 4282 2647 4354 v|_StrOlllillttm.
2681 4281 2948 4336 Cmterutn
2981 4286 3224 4354 quamvis
3257 4303 3386 4344 nou-

1802 4351 1932 4408 nulli
1963 4370 2026 4406 es
2057 4353 2229 4406 sacris
2259 4351 2585 4405 Doctoribus
2614 4362 2868 4417 ethlanl,
2900 4351 3012 4423 qui'
3034 4357 3250 4413 mentiri
3287 4361 3386 4414 ali-

1798 4425 2017 4490 quando
2049 4427 2164 4478 viro
2191 4423 2499 4478 Christiano
2528 4427 2858 4490 permittant,
2894 4429 3068 4493 potior
3093 4439 3176 4483 est
3205 4440 3383 4489 tamen

1723 4519 1776 4579 D
1801 4495 2084 4579 éUgtISIilli
2130 4512 2180 4549 tu
2222 4496 2336 4579 |ib._
2360 4494 2427 4574 de
2459 4493 2740 4579 Mendaciti
2775 4498 2840 4579 ad
2879 4498 3237 4579 consentiunt
3260 4518 3381 4579 cap.

1801 4565 1855 4636 ξ,
1883 4575 1935 4618 et
1958 4575 2143 4617 eontra
2181 4565 2517 4636 mendacium
2549 4581 2667 4630 cap.
2697 4568 2752 4631 2,
2786 4577 2839 4620 et
2868 4569 3077 4636 epistol.
3115 4574 3148 4628 8
3174 4572 3238 4625 ad
3270 4565 3382 4630 div.

1801 4635 2210 4713 llierouyntum,
2235 4648 2297 4713 et
2329 4635 2440 4690 div.
2474 4635 2696 4713 [bonne
2726 4642 2777 4692 in
2802 4635 2922 4713 Μ
2952 4655 3004 4709 q.
3039 4641 3160 4702 ΗΟ,
3191 4653 3294 4700 art.
3325 4646 3380 4713 5,

1799 4709 1935 4760 etin
1978 4704 2028 4778 5’.
2069 4707 2194 4760 dist.
2233 4708 2324 4768 58.
2355 4704 2545 4778 ιιινιτδ,
2584 4709 2872 4775 sententia,
2910 4704 3066 4778 quam
3100 4715 3259 4768 etiam
3289 4704 3378 4773 se;

1799 4777 1980 4854 quitur
2003 4777 2606 4854 div:littlttllittusﬁitti'l‘tt
2629 4779 2728 4854 hoc
2753 4777 2942 4834 eodem
2975 4780 3092 4852 §.et
3123 4786 3172 4836 in
3205 4803 3236 4838 ιι
3267 4803 3380 4854 par.

1798 4846 2315 4924 Srutn.-_tnt._ltl_cap.
2349 4850 2399 4910 1,
2432 4848 2521 4913 9|,
2557 4851 2805 4924 nimirum
2828 4846 2999 4904 omne
3020 4846 3382 4924 mendacium,

1798 4923 1912 4971 sive
1961 4917 2088 4994 illud
2137 4920 2434 4994 olliciosuut
2483 4929 2576 4994 sit,
2623 4921 2736 4994 sive
2776 4921 3043 4994 joc0sutn,
3089 4941 3209 4980 es:-e
3255 4917 3383 4994 pec;

1801 4996 2002 5063 catum.
2036 4990 2168 5063 Pio
2192 4991 2387 5063 quibus
2435 4989 2600 5063 etiam
2634 4990 2757 5044 facit
2784 4989 2787 4990 ⁷
2810 4992 3156 5046 Innocentius
3202 4989 3296 5063 lli,
3330 5001 3383 5053 in

1799 5057 2071 5113 Detzretal.
2117 5057 2223 5114 lib;
2255 5075 2285 5113 v
2326 5062 2406 5114 tit.
2465 5061 2528 5115 19
2573 5061 2639 5117 de
2683 5063 2862 5120 usuris
2893 5077 2941 5115 c.
2965 5063 3021 5125 4,
3056 5065 3140 5117 ubi
3175 5057 3383 5124 dicitiu

1799 5129 2076 5202 Scriptura
2119 5146 2267 5202 supra
2309 5131 2582 5199 prohiberi
2618 5147 2685 5186 ne
2727 5135 2851 5200 quis
2881 5147 2978 5202 pro
3007 5135 3233 5188 alterius
3275 5142 3384 5196 vita

1802 5201 2118 5254 mentiatur.
2173 5201 2304 5256 Vide
2347 5213 2540 5269 praeter
2591 5203 2896 5257 nominatos
2940 5215 3191 5258 auctores
3222 5211 3384 5267 etiam

1800 5270 2134 5338 Alphonsum
2175 5287 2203 5323 a
2235 5272 2427 5326 Castto
2464 5275 2532 5326 de
2565 5273 2899 5341 lla-resibus,
2927 5273 2981 5339 in
3021 5275 3183 5330 verbo
3228 5279 3383 5340 Men-

1801 5341 2007 5395 dacium
2033 5382 2046 5402 .
2073 5353 2129 5395 et
2159 5342 2369 5398 Sixtum
2403 5345 2630 5398 Senens.
2668 5345 2760 5397 lih.
2789 5361 2817 5395 v
2851 5344 3105 5403 Biblimh.
3140 5363 3382 5412 attnotat,

1805 5413 1926 5468 107.
1980 5412 2104 5467 llaec
2148 5414 2341 5468 Petrus
2388 5415 2647 5468 Maturus.
2699 5415 2802 5470 Sed
2840 5416 2950 5483 jam
2999 5418 3064 5468 ad
3099 5427 3300 5472 textum
3334 5432 3390 5478 et

1801 5488 2098 5554 priscipuas
2121 5485 2469 5538 diliicultates
2490 5484 2838 5540 excutiendas
2861 5492 3211 5542 accedamus:
3239 5491 3389 5546 Men-

1802 5556 1953 5608 dacio
1987 5556 2234 5608 utendum
2268 5570 2365 5618 est,
2415 5558 2563 5624 quasi
2615 5567 2801 5608 natura
2831 5559 2874 5610 ei
2905 5559 3027 5608 insit
3057 5558 3289 5616 ellebori.
3333 5563 3387 5617 Id

1805 5637 1909 5688 est,
1943 5629 2226 5679 mt‘lltitlt'ltl
2257 5626 2508 5679 utendum
2539 5627 2848 5692 aliquando,
2884 5642 2935 5678 Ut
2972 5630 3234 5683 elleboto.
3273 5634 3389 5686 Pri-

1807 5714 1950 5751 lttuttt
1997 5701 2348 5764 paradoxuttt,
2392 5712 2485 5747 Sr‘ll
2521 5713 2687 5761 prima
2736 5702 2995 5752 smtcntia
3048 5701 3172 5753 falsa
3216 5717 3269 5754 et
3299 5721 3386 5758 er-

1806 5783 1972 5823 rones
2017 5768 2159 5823 inter
2206 5786 2300 5824 eas
2348 5769 2543 5838 quibus
2584 5770 2879 5823 mentiendi
2928 5771 3147 5824 licentia
3193 5775 3245 5826 iu
3287 5773 3388 5840 hat:
