  <div class='ocr_page' id='page_1' title='image "/cluster/home/n/w/nwhite01/storage/ocr_20150623/49/uva.x000827093/539.png"; bbox 0 0 4014 6200; ppageno 0'>
   <div class='ocr_carea' id='block_1_1' title="bbox 582 325 722 397">
    <p class='ocr_par' dir='ltr' id='par_1_1' title="bbox 582 325 722 397">
     <span class='ocr_line' id='line_1_1' title="bbox 582 325 722 397; baseline -0.036 0"><span class='ocrx_word' id='word_1_1' title='bbox 582 325 722 397; x_wconf 70' lang='grc'><strong>1063</strong></span> 
     </span>
    </p>
   </div>
   <div class='ocr_carea' id='block_1_2' title="bbox 584 435 2178 516">
    <p class='ocr_par' dir='ltr' id='par_1_2' title="bbox 584 435 2178 516">
     <span class='ocr_line' id='line_1_2' title="bbox 584 435 2178 516; baseline -0.008 -11"><span class='ocrx_word' id='word_1_2' title='bbox 584 449 741 516; x_wconf 86' lang='lat' dir='ltr'><strong>Quod</strong></span> <span class='ocrx_word' id='word_1_3' title='bbox 775 447 823 503; x_wconf 89' lang='lat' dir='ltr'><strong>si</strong></span> <span class='ocrx_word' id='word_1_4' title='bbox 852 444 1170 501; x_wconf 88' lang='lat' dir='ltr'><strong>imminente</strong></span> <span class='ocrx_word' id='word_1_5' title='bbox 1210 438 1419 497; x_wconf 74' lang='lat' dir='ltr'><strong>exitiali</strong></span> <span class='ocrx_word' id='word_1_6' title='bbox 1459 435 1652 494; x_wconf 89' lang='lat' dir='ltr'><strong>morbo</strong></span> <span class='ocrx_word' id='word_1_7' title='bbox 1692 446 1962 508; x_wconf 89' lang='lat' dir='ltr'><strong>sumptum</strong></span> <span class='ocrx_word' id='word_1_8' title='bbox 1994 437 2178 506; x_wconf 90' lang='lat' dir='ltr'><strong>fuerit,</strong></span> 
     </span>
    </p>
   </div>
   <div class='ocr_carea' id='block_1_3' title="bbox 586 529 2181 604">
    <p class='ocr_par' dir='ltr' id='par_1_3' title="bbox 586 529 2181 604">
     <span class='ocr_line' id='line_1_3' title="bbox 586 529 2181 604; baseline -0.009 -6"><span class='ocrx_word' id='word_1_9' title='bbox 586 542 648 598; x_wconf 85' lang='lat' dir='ltr'><strong>lit</strong></span> <span class='ocrx_word' id='word_1_10' title='bbox 677 538 910 604; x_wconf 83' lang='lat' dir='ltr'><strong>salubre,</strong></span> <span class='ocrx_word' id='word_1_11' title='bbox 946 544 1205 591; x_wconf 79' lang='lat' dir='ltr'><strong>czeterum</strong></span> <span class='ocrx_word' id='word_1_12' title='bbox 1246 531 1451 600; x_wconf 84' lang='lat' dir='ltr'><strong>absque</strong></span> <span class='ocrx_word' id='word_1_13' title='bbox 1489 529 1685 585; x_wconf 89' lang='lat' dir='ltr'><strong>summi</strong></span> <span class='ocrx_word' id='word_1_14' title='bbox 1731 529 2058 585; x_wconf 85' lang='lat' dir='ltr'><strong>discriminis</strong></span> <span class='ocrx_word' id='word_1_15' title='bbox 2084 544 2181 585; x_wconf 91' lang='lat' dir='ltr'><strong>ne-</strong></span> 
     </span>
    </p>
   </div>
   <div class='ocr_carea' id='block_1_4' title="bbox 588 621 2181 700">
    <p class='ocr_par' dir='ltr' id='par_1_4' title="bbox 588 621 2181 700">
     <span class='ocr_line' id='line_1_4' title="bbox 588 621 2181 700; baseline -0.008 -10"><span class='ocrx_word' id='word_1_16' title='bbox 588 636 845 690; x_wconf 72' lang='lat' dir='ltr'><strong>cessitate</strong></span> <span class='ocrx_word' id='word_1_17' title='bbox 874 637 1194 700; x_wconf 91' lang='lat' dir='ltr'><strong>perceptum</strong></span> <span class='ocrx_word' id='word_1_18' title='bbox 1219 625 1505 694; x_wconf 61' lang='lat' dir='ltr'><strong>praesentis</strong></span> <span class='ocrx_word' id='word_1_19' title='bbox 1527 622 1682 678; x_wconf 80' lang='lat' dir='ltr'><strong>exitii</strong></span> <span class='ocrx_word' id='word_1_20' title='bbox 1708 630 1811 677; x_wconf 92' lang='lat' dir='ltr'><strong>est.</strong></span> <span class='ocrx_word' id='word_1_21' title='bbox 1844 621 1924 677; x_wconf 91' lang='lat' dir='ltr'><strong>lta</strong></span> <span class='ocrx_word' id='word_1_22' title='bbox 1950 636 2181 693; x_wconf 89' lang='lat' dir='ltr'><strong>namque</strong></span> 
     </span>
    </p>
   </div>
   <div class='ocr_carea' id='block_1_5' title="bbox 590 715 2183 787">
    <p class='ocr_par' dir='ltr' id='par_1_5' title="bbox 590 715 2183 787">
     <span class='ocr_line' id='line_1_5' title="bbox 590 715 2183 787; baseline -0.008 -5"><span class='ocrx_word' id='word_1_23' title='bbox 590 728 753 782; x_wconf 84' lang='lat' dir='ltr'><strong>etiam</strong></span> <span class='ocrx_word' id='word_1_24' title='bbox 776 733 993 779; x_wconf 87' lang='lat' dir='ltr'><strong>sanctos</strong></span> <span class='ocrx_word' id='word_1_25' title='bbox 1018 734 1081 774; x_wconf 89' lang='lat' dir='ltr'><strong>ac</strong></span> <span class='ocrx_word' id='word_1_26' title='bbox 1108 717 1520 787; x_wconf 80' lang='lat' dir='ltr'><strong>probatissimos</strong></span> <span class='ocrx_word' id='word_1_27' title='bbox 1539 715 1655 770; x_wconf 90' lang='lat' dir='ltr'><strong>Deo</strong></span> <span class='ocrx_word' id='word_1_28' title='bbox 1671 715 1820 771; x_wconf 91' lang='lat' dir='ltr'><strong>viros</strong></span> <span class='ocrx_word' id='word_1_29' title='bbox 1840 715 2183 770; x_wconf 87' lang='lat' dir='ltr'><strong>veniabiliter</strong></span> 
     </span>
    </p>
   </div>
   <div class='ocr_carea' id='block_1_6' title="bbox 590 806 2182 888">
    <p class='ocr_par' dir='ltr' id='par_1_6' title="bbox 590 806 2182 888">
     <span class='ocr_line' id='line_1_6' title="bbox 590 806 2182 888; baseline -0.008 -16"><span class='ocrx_word' id='word_1_30' title='bbox 590 817 819 888; x_wconf 76' lang='lat' dir='ltr'><strong>legimus</strong></span> <span class='ocrx_word' id='word_1_31' title='bbox 851 827 977 868; x_wconf 90' lang='lat' dir='ltr'><strong>usos</strong></span> <span class='ocrx_word' id='word_1_32' title='bbox 1019 811 1184 866; x_wconf 89' lang='lat' dir='ltr'><strong>fuisse</strong></span> <span class='ocrx_word' id='word_1_33' title='bbox 1226 808 1536 874; x_wconf 87' lang='lat' dir='ltr'><strong>mendacio,</strong></span> <span class='ocrx_word' id='word_1_34' title='bbox 1576 809 1718 863; x_wconf 83' lang='lat' dir='ltr'><strong>sicut</strong></span> <span class='ocrx_word' id='word_1_35' title='bbox 1746 817 1773 845; x_wconf 75' lang='grc' dir='ltr'><strong>ει</strong></span> <span class='ocrx_word' id='word_1_36' title='bbox 1808 807 1959 863; x_wconf 82' lang='lat' dir='ltr'><strong>Raab</strong></span> <span class='ocrx_word' id='word_1_37' title='bbox 1992 806 2182 876; x_wconf 92' lang='lat' dir='ltr'><strong>(Iosue</strong></span> 
     </span>
    </p>
   </div>
   <div class='ocr_carea' id='block_1_7' title="bbox 591 900 2180 982">
    <p class='ocr_par' dir='ltr' id='par_1_7' title="bbox 591 900 2180 982">
     <span class='ocr_line' id='line_1_7' title="bbox 591 900 2180 982; baseline -0.007 -17"><span class='ocrx_word' id='word_1_38' title='bbox 591 911 686 982; x_wconf 87' lang='grc' dir='ltr'><strong>ιι),</strong></span> <span class='ocrx_word' id='word_1_39' title='bbox 717 908 875 977; x_wconf 86' lang='lat' dir='ltr'><strong>cujus</strong></span> <span class='ocrx_word' id='word_1_40' title='bbox 906 920 1028 961; x_wconf 92' lang='lat' dir='ltr'><strong>cum</strong></span> <span class='ocrx_word' id='word_1_41' title='bbox 1059 919 1168 960; x_wconf 92' lang='lat' dir='ltr'><strong>non</strong></span> <span class='ocrx_word' id='word_1_42' title='bbox 1195 904 1371 960; x_wconf 91' lang='lat' dir='ltr'><strong>solum</strong></span> <span class='ocrx_word' id='word_1_43' title='bbox 1397 902 1542 957; x_wconf 89' lang='lat' dir='ltr'><strong>nulla</strong></span> <span class='ocrx_word' id='word_1_44' title='bbox 1568 904 1863 966; x_wconf 90' lang='lat' dir='ltr'><strong>virtutum,</strong></span> <span class='ocrx_word' id='word_1_45' title='bbox 1894 900 1989 956; x_wconf 90' lang='lat' dir='ltr'><strong>sed</strong></span> <span class='ocrx_word' id='word_1_46' title='bbox 2019 902 2180 955; x_wconf 91' lang='lat' dir='ltr'><strong>etiam</strong></span> 
     </span>
    </p>
   </div>
   <div class='ocr_carea' id='block_1_8' title="bbox 590 997 2182 1074">
    <p class='ocr_par' dir='ltr' id='par_1_8' title="bbox 590 997 2182 1074">
     <span class='ocr_line' id='line_1_8' title="bbox 590 997 2182 1074; baseline -0.007 -15"><span class='ocrx_word' id='word_1_47' title='bbox 590 1004 618 1045; x_wconf 70' lang='grc' dir='ltr'>δ</span> <span class='ocrx_word' id='word_1_48' title='bbox 633 1002 982 1074; x_wconf 73' lang='lat' dir='ltr'><strong>impudicitiae</strong></span> <span class='ocrx_word' id='word_1_49' title='bbox 998 1007 1348 1055; x_wconf 89' lang='lat' dir='ltr'><strong>monumenta</strong></span> <span class='ocrx_word' id='word_1_50' title='bbox 1362 1006 1754 1053; x_wconf 81' lang='lat' dir='ltr'><strong>commemoret</strong></span> <span class='ocrx_word' id='word_1_51' title='bbox 1768 997 2043 1066; x_wconf 84' lang='lat' dir='ltr'><strong>Scriptura</strong></span> <span class='ocrx_word' id='word_1_52' title='bbox 2054 1036 2068 1060; x_wconf 88' lang='lat'><strong>,</strong></span> <span class='ocrx_word' id='word_1_53' title='bbox 2085 1009 2182 1064; x_wconf 92' lang='lat' dir='ltr'><strong>pro</strong></span> 
     </span>
    </p>
   </div>
   <div class='ocr_carea' id='block_1_9' title="bbox 592 1086 2184 1161">
    <p class='ocr_par' dir='ltr' id='par_1_9' title="bbox 592 1086 2184 1161">
     <span class='ocr_line' id='line_1_9' title="bbox 592 1086 2184 1161; baseline -0.007 -9"><span class='ocrx_word' id='word_1_54' title='bbox 592 1096 687 1152; x_wconf 90' lang='lat' dir='ltr'><strong>tali</strong></span> <span class='ocrx_word' id='word_1_55' title='bbox 734 1093 1050 1158; x_wconf 88' lang='lat' dir='ltr'><strong>mendacio,</strong></span> <span class='ocrx_word' id='word_1_56' title='bbox 1100 1108 1208 1161; x_wconf 88' lang='lat' dir='ltr'><strong>quo</strong></span> <span class='ocrx_word' id='word_1_57' title='bbox 1252 1091 1631 1158; x_wconf 80' lang='lat' dir='ltr'><strong>exploratores</strong></span> <span class='ocrx_word' id='word_1_58' title='bbox 1678 1089 1865 1144; x_wconf 90' lang='lat' dir='ltr'><strong>maluit</strong></span> <span class='ocrx_word' id='word_1_59' title='bbox 1908 1086 2184 1143; x_wconf 91' lang='lat' dir='ltr'><strong>occultare</strong></span> 
     </span>
    </p>
   </div>
   <div class='ocr_carea' id='block_1_10' title="bbox 590 1179 2185 1261">
    <p class='ocr_par' dir='ltr' id='par_1_10' title="bbox 590 1179 2185 1261">
     <span class='ocr_line' id='line_1_10' title="bbox 590 1179 2185 1261; baseline -0.007 -17"><span class='ocrx_word' id='word_1_60' title='bbox 590 1206 749 1261; x_wconf 90' lang='lat' dir='ltr'><strong>quam</strong></span> <span class='ocrx_word' id='word_1_61' title='bbox 782 1188 1036 1259; x_wconf 86' lang='lat' dir='ltr'><strong>prodere,</strong></span> <span class='ocrx_word' id='word_1_62' title='bbox 1086 1186 1377 1241; x_wconf 87' lang='lat' dir='ltr'><strong>admisceri</strong></span> <span class='ocrx_word' id='word_1_63' title='bbox 1416 1184 1615 1254; x_wconf 89' lang='lat' dir='ltr'><strong>p0pulo</strong></span> <span class='ocrx_word' id='word_1_64' title='bbox 1644 1182 1741 1238; x_wconf 85' lang='lat' dir='ltr'><strong>Dei</strong></span> <span class='ocrx_word' id='word_1_65' title='bbox 1772 1188 1976 1236; x_wconf 53' lang='lat' dir='ltr'><strong>aeterna</strong></span> <span class='ocrx_word' id='word_1_66' title='bbox 2019 1179 2185 1234; x_wconf 86' lang='lat' dir='ltr'><strong>bene-</strong></span> 
     </span>
    </p>
   </div>
   <div class='ocr_carea' id='block_1_11' title="bbox 591 1273 2182 1351">
    <p class='ocr_par' dir='ltr' id='par_1_11' title="bbox 591 1273 2182 1351">
     <span class='ocr_line' id='line_1_11' title="bbox 591 1273 2182 1351; baseline -0.008 -12"><span class='ocrx_word' id='word_1_67' title='bbox 591 1284 825 1339; x_wconf 90' lang='lat' dir='ltr'><strong>dictione</strong></span> <span class='ocrx_word' id='word_1_68' title='bbox 850 1281 1173 1351; x_wconf 90' lang='lat' dir='ltr'><strong>promeruit.</strong></span> <span class='ocrx_word' id='word_1_69' title='bbox 1194 1282 1325 1347; x_wconf 65' lang='lat' dir='ltr'><strong>Quaa</strong></span> <span class='ocrx_word' id='word_1_70' title='bbox 1347 1279 1391 1334; x_wconf 90' lang='lat' dir='ltr'><strong>si</strong></span> <span class='ocrx_word' id='word_1_71' title='bbox 1413 1277 1697 1333; x_wconf 87' lang='lat' dir='ltr'><strong>veritatem</strong></span> <span class='ocrx_word' id='word_1_72' title='bbox 1719 1276 1890 1346; x_wconf 88' lang='lat' dir='ltr'><strong>loqui,</strong></span> <span class='ocrx_word' id='word_1_73' title='bbox 1912 1282 2005 1329; x_wconf 86' lang='lat' dir='ltr'><strong>aut</strong></span> <span class='ocrx_word' id='word_1_74' title='bbox 2025 1273 2182 1328; x_wconf 88' lang='lat' dir='ltr'><strong>saluti</strong></span> 
     </span>
    </p>
   </div>
   <div class='ocr_carea' id='block_1_12' title="bbox 592 1367 2185 1438">
    <p class='ocr_par' dir='ltr' id='par_1_12' title="bbox 592 1367 2185 1438">
     <span class='ocr_line' id='line_1_12' title="bbox 592 1367 2185 1438; baseline -0.005 -8"><span class='ocrx_word' id='word_1_75' title='bbox 592 1376 786 1430; x_wconf 89' lang='lat' dir='ltr'><strong>civium</strong></span> <span class='ocrx_word' id='word_1_76' title='bbox 816 1373 1106 1429; x_wconf 84' lang='lat' dir='ltr'><strong>consulere</strong></span> <span class='ocrx_word' id='word_1_77' title='bbox 1138 1371 1456 1436; x_wconf 89' lang='lat' dir='ltr'><strong>maluisset,</strong></span> <span class='ocrx_word' id='word_1_78' title='bbox 1486 1369 1623 1424; x_wconf 91' lang='lat' dir='ltr'><strong>nulli</strong></span> <span class='ocrx_word' id='word_1_79' title='bbox 1655 1368 1877 1424; x_wconf 90' lang='lat' dir='ltr'><strong>dubium</strong></span> <span class='ocrx_word' id='word_1_80' title='bbox 1909 1367 2049 1438; x_wconf 90' lang='lat' dir='ltr'><strong>quod</strong></span> <span class='ocrx_word' id='word_1_81' title='bbox 2086 1382 2185 1422; x_wconf 91' lang='lat' dir='ltr'><strong>nec</strong></span> 
     </span>
    </p>
   </div>
   <div class='ocr_carea' id='block_1_13' title="bbox 593 1462 2185 1533">
    <p class='ocr_par' dir='ltr' id='par_1_13' title="bbox 593 1462 2185 1533">
     <span class='ocr_line' id='line_1_13' title="bbox 593 1462 2185 1533; baseline -0.005 -8"><span class='ocrx_word' id='word_1_82' title='bbox 593 1469 966 1525; x_wconf 87' lang='lat' dir='ltr'><strong>imminentem</strong></span> <span class='ocrx_word' id='word_1_83' title='bbox 1013 1483 1135 1523; x_wconf 87' lang='lat' dir='ltr'><strong>cum</strong></span> <span class='ocrx_word' id='word_1_84' title='bbox 1178 1468 1425 1520; x_wconf 78' lang='lat' dir='ltr'><strong>universa</strong></span> <span class='ocrx_word' id='word_1_85' title='bbox 1467 1464 1631 1519; x_wconf 92' lang='lat' dir='ltr'><strong>domo</strong></span> <span class='ocrx_word' id='word_1_86' title='bbox 1660 1479 1757 1518; x_wconf 88' lang='lat' dir='ltr'><strong>sua</strong></span> <span class='ocrx_word' id='word_1_87' title='bbox 1790 1462 2016 1533; x_wconf 77' lang='lat' dir='ltr'><strong>fugisset</strong></span> <span class='ocrx_word' id='word_1_88' title='bbox 2047 1464 2185 1518; x_wconf 90' lang='lat' dir='ltr'><strong>inte-</strong></span> 
     </span>
    </p>
   </div>
   <div class='ocr_carea' id='block_1_14' title="bbox 593 1555 2179 1625">
    <p class='ocr_par' dir='ltr' id='par_1_14' title="bbox 593 1555 2179 1625">
     <span class='ocr_line' id='line_1_14' title="bbox 593 1555 2179 1625; baseline -0.007 -7"><span class='ocrx_word' id='word_1_89' title='bbox 593 1563 779 1625; x_wconf 90' lang='lat' dir='ltr'><strong>ritum,</strong></span> <span class='ocrx_word' id='word_1_90' title='bbox 813 1576 915 1616; x_wconf 91' lang='lat' dir='ltr'><strong>nec</strong></span> <span class='ocrx_word' id='word_1_91' title='bbox 942 1558 1255 1615; x_wconf 83' lang='lat' dir='ltr'><strong>auctoribus</strong></span> <span class='ocrx_word' id='word_1_92' title='bbox 1289 1557 1585 1613; x_wconf 73' lang='lat' dir='ltr'><strong>Dominica:</strong></span> <span class='ocrx_word' id='word_1_93' title='bbox 1624 1555 1931 1611; x_wconf 80' lang='lat' dir='ltr'><strong>Nativitatis</strong></span> <span class='ocrx_word' id='word_1_94' title='bbox 1957 1556 2179 1622; x_wconf 87' lang='lat' dir='ltr'><strong>inserta,</strong></span> 
     </span>
    </p>
   </div>
   <div class='ocr_carea' id='block_1_15' title="bbox 595 1651 2184 1726">
    <p class='ocr_par' dir='ltr' id='par_1_15' title="bbox 595 1651 2184 1726">
     <span class='ocr_line' id='line_1_15' title="bbox 595 1651 2184 1726; baseline -0.008 -12"><span class='ocrx_word' id='word_1_95' title='bbox 595 1668 649 1714; x_wconf 89' lang='lat' dir='ltr'><strong>et</strong></span> <span class='ocrx_word' id='word_1_96' title='bbox 676 1658 729 1711; x_wconf 92' lang='lat' dir='ltr'><strong>in</strong></span> <span class='ocrx_word' id='word_1_97' title='bbox 761 1654 1192 1726; x_wconf 73' lang='lat' dir='ltr'><strong>patriarcharum</strong></span> <span class='ocrx_word' id='word_1_98' title='bbox 1234 1661 1589 1707; x_wconf 89' lang='lat' dir='ltr'><strong>annumerata</strong></span> <span class='ocrx_word' id='word_1_99' title='bbox 1622 1651 1891 1719; x_wconf 82' lang='lat' dir='ltr'><strong>catalogo,</strong></span> <span class='ocrx_word' id='word_1_100' title='bbox 1921 1664 2018 1719; x_wconf 90' lang='lat' dir='ltr'><strong>per</strong></span> <span class='ocrx_word' id='word_1_101' title='bbox 2059 1662 2184 1702; x_wconf 57' lang='lat' dir='ltr'><strong>suc.</strong></span> 
     </span>
    </p>
   </div>
   <div class='ocr_carea' id='block_1_16' title="bbox 594 1740 2185 1815">
    <p class='ocr_par' dir='ltr' id='par_1_16' title="bbox 594 1740 2185 1815">
     <span class='ocr_line' id='line_1_16' title="bbox 594 1740 2185 1815; baseline -0.008 -10"><span class='ocrx_word' id='word_1_102' title='bbox 594 1749 895 1806; x_wconf 83' lang='lat' dir='ltr'><strong>cessionem</strong></span> <span class='ocrx_word' id='word_1_103' title='bbox 937 1762 1049 1801; x_wconf 73' lang='lat' dir='ltr'><strong>sua:</strong></span> <span class='ocrx_word' id='word_1_104' title='bbox 1081 1745 1253 1815; x_wconf 87' lang='lat' dir='ltr'><strong>prolis</strong></span> <span class='ocrx_word' id='word_1_105' title='bbox 1278 1744 1442 1799; x_wconf 91' lang='lat' dir='ltr'><strong>edere</strong></span> <span class='ocrx_word' id='word_1_106' title='bbox 1469 1745 1758 1799; x_wconf 88' lang='lat' dir='ltr'><strong>meruisset</strong></span> <span class='ocrx_word' id='word_1_107' title='bbox 1785 1744 2028 1797; x_wconf 91' lang='lat' dir='ltr'><strong>omnium</strong></span> <span class='ocrx_word' id='word_1_108' title='bbox 2060 1740 2185 1795; x_wconf 86' lang='lat' dir='ltr'><strong>Sal-</strong></span> 
     </span>
    </p>
   </div>
   <div class='ocr_carea' id='block_1_17' title="bbox 595 1833 2188 1907">
    <p class='ocr_par' dir='ltr' id='par_1_17' title="bbox 595 1833 2188 1907">
     <span class='ocr_line' id='line_1_17' title="bbox 595 1833 2188 1907; baseline -0.005 -12"><span class='ocrx_word' id='word_1_109' title='bbox 595 1849 859 1896; x_wconf 86' lang='lat' dir='ltr'><strong>vatorem.</strong></span> <span class='ocrx_word' id='word_1_110' title='bbox 905 1840 1143 1907; x_wconf 84' lang='lat' dir='ltr'><strong>Denique</strong></span> <span class='ocrx_word' id='word_1_111' title='bbox 1180 1836 1351 1891; x_wconf 88' lang='lat' dir='ltr'><strong>Dalila</strong></span> <span class='ocrx_word' id='word_1_112' title='bbox 1399 1833 1607 1903; x_wconf 88' lang='lat' dir='ltr'><strong>(Iudic.</strong></span> <span class='ocrx_word' id='word_1_113' title='bbox 1640 1833 1787 1907; x_wconf 78' lang='lat' dir='ltr'><strong>xvt).</strong></span> <span class='ocrx_word' id='word_1_114' title='bbox 1822 1849 1943 1904; x_wconf 63' lang='lat' dir='ltr'><strong>(luce</strong></span> <span class='ocrx_word' id='word_1_115' title='bbox 1972 1833 2188 1888; x_wconf 72' lang='lat' dir='ltr'><strong>utilitati</strong></span> 
     </span>
    </p>
   </div>
   <div class='ocr_carea' id='block_1_18' title="bbox 598 1928 2184 1998">
    <p class='ocr_par' dir='ltr' id='par_1_18' title="bbox 598 1928 2184 1998">
     <span class='ocr_line' id='line_1_18' title="bbox 598 1928 2184 1998; baseline -0.005 -11"><span class='ocrx_word' id='word_1_116' title='bbox 598 1934 796 1989; x_wconf 82' lang='lat' dir='ltr'><strong>civium</strong></span> <span class='ocrx_word' id='word_1_117' title='bbox 835 1933 1156 1994; x_wconf 88' lang='lat' dir='ltr'><strong>consulens,</strong></span> <span class='ocrx_word' id='word_1_118' title='bbox 1206 1929 1539 1997; x_wconf 74' lang='lat' dir='ltr'><strong>esploratam</strong></span> <span class='ocrx_word' id='word_1_119' title='bbox 1589 1928 1826 1998; x_wconf 88' lang='lat' dir='ltr'><strong>prodidit</strong></span> <span class='ocrx_word' id='word_1_120' title='bbox 1873 1928 2184 1992; x_wconf 88' lang='lat' dir='ltr'><strong>veritatem,</strong></span> 
     </span>
    </p>
   </div>
   <div class='ocr_carea' id='block_1_19' title="bbox 597 2019 2186 2096">
    <p class='ocr_par' dir='ltr' id='par_1_19' title="bbox 597 2019 2186 2096">
     <span class='ocr_line' id='line_1_19' title="bbox 597 2019 2186 2096; baseline -0.005 -15"><span class='ocrx_word' id='word_1_121' title='bbox 597 2037 875 2096; x_wconf 56' lang='lat' dir='ltr'><strong>perpetuas</strong></span> <span class='ocrx_word' id='word_1_122' title='bbox 896 2022 1214 2095; x_wconf 87' lang='lat' dir='ltr'><strong>perditionis</strong></span> <span class='ocrx_word' id='word_1_123' title='bbox 1234 2021 1662 2076; x_wconf 87' lang='lat' dir='ltr'><strong>vicissitudinem</strong></span> <span class='ocrx_word' id='word_1_124' title='bbox 1686 2030 1995 2083; x_wconf 83' lang='lat' dir='ltr'><strong>consecuta,</strong></span> <span class='ocrx_word' id='word_1_125' title='bbox 2016 2019 2186 2073; x_wconf 88' lang='lat' dir='ltr'><strong>solam</strong></span> 
     </span>
    </p>
   </div>
   <div class='ocr_carea' id='block_1_20' title="bbox 599 2110 2187 2181">
    <p class='ocr_par' dir='ltr' id='par_1_20' title="bbox 599 2110 2187 2181">
     <span class='ocr_line' id='line_1_20' title="bbox 599 2110 2187 2181; baseline -0.006 -8"><span class='ocrx_word' id='word_1_126' title='bbox 599 2118 843 2173; x_wconf 90' lang='lat' dir='ltr'><strong>criminis</strong></span> <span class='ocrx_word' id='word_1_127' title='bbox 874 2117 955 2172; x_wconf 89' lang='lat' dir='ltr'><strong>sui</strong></span> <span class='ocrx_word' id='word_1_128' title='bbox 985 2115 1198 2170; x_wconf 87' lang='lat' dir='ltr'><strong>cunctis</strong></span> <span class='ocrx_word' id='word_1_129' title='bbox 1244 2113 1564 2169; x_wconf 84' lang='lat' dir='ltr'><strong>memoriam</strong></span> <span class='ocrx_word' id='word_1_130' title='bbox 1620 2111 1928 2181; x_wconf 87' lang='lat' dir='ltr'><strong>dereliquit.</strong></span> <span class='ocrx_word' id='word_1_131' title='bbox 1964 2110 2187 2178; x_wconf 84' lang='lat' dir='ltr'><strong>Quando</strong></span> 
     </span>
    </p>
   </div>
   <div class='ocr_carea' id='block_1_21' title="bbox 601 2204 2186 2282">
    <p class='ocr_par' dir='ltr' id='par_1_21' title="bbox 601 2204 2186 2282">
     <span class='ocr_line' id='line_1_21' title="bbox 601 2204 2186 2282; baseline -0.006 -14"><span class='ocrx_word' id='word_1_132' title='bbox 601 2212 765 2282; x_wconf 77' lang='lat' dir='ltr'><strong>igitur</strong></span> <span class='ocrx_word' id='word_1_133' title='bbox 784 2226 952 2282; x_wconf 90' lang='lat' dir='ltr'><strong>grave</strong></span> <span class='ocrx_word' id='word_1_134' title='bbox 970 2208 1185 2280; x_wconf 85' lang='lat' dir='ltr'><strong>aliquod</strong></span> <span class='ocrx_word' id='word_1_135' title='bbox 1207 2208 1454 2262; x_wconf 90' lang='lat' dir='ltr'><strong>imminet</strong></span> <span class='ocrx_word' id='word_1_136' title='bbox 1474 2208 1543 2262; x_wconf 91' lang='lat' dir='ltr'><strong>de</strong></span> <span class='ocrx_word' id='word_1_137' title='bbox 1573 2205 1824 2261; x_wconf 88' lang='lat' dir='ltr'><strong>veritatis</strong></span> <span class='ocrx_word' id='word_1_138' title='bbox 1847 2204 2186 2260; x_wconf 80' lang='lat' dir='ltr'><strong>confessione</strong></span> 
     </span>
    </p>
   </div>
   <div class='ocr_carea' id='block_1_22' title="bbox 599 2296 2189 2365">
    <p class='ocr_par' dir='ltr' id='par_1_22' title="bbox 599 2296 2189 2365">
     <span class='ocr_line' id='line_1_22' title="bbox 599 2296 2189 2365; baseline -0.006 -6"><span class='ocrx_word' id='word_1_139' title='bbox 599 2305 912 2365; x_wconf 80' lang='lat' dir='ltr'><strong>discrimen,</strong></span> <span class='ocrx_word' id='word_1_140' title='bbox 959 2310 1091 2356; x_wconf 91' lang='lat' dir='ltr'><strong>tunc</strong></span> <span class='ocrx_word' id='word_1_141' title='bbox 1130 2300 1535 2354; x_wconf 85' lang='lat' dir='ltr'><strong>mendaciorum</strong></span> <span class='ocrx_word' id='word_1_142' title='bbox 1574 2307 1701 2353; x_wconf 89' lang='lat' dir='ltr'><strong>sunt</strong></span> <span class='ocrx_word' id='word_1_143' title='bbox 1728 2296 2040 2365; x_wconf 88' lang='lat' dir='ltr'><strong>recipienda</strong></span> <span class='ocrx_word' id='word_1_144' title='bbox 2067 2311 2189 2365; x_wconf 78' lang='lat' dir='ltr'><strong>per-</strong></span> 
     </span>
    </p>
   </div>
   <div class='ocr_carea' id='block_1_23' title="bbox 598 2386 2190 2465">
    <p class='ocr_par' dir='ltr' id='par_1_23' title="bbox 598 2386 2190 2465">
     <span class='ocr_line' id='line_1_23' title="bbox 598 2386 2190 2465; baseline -0.006 -15"><span class='ocrx_word' id='word_1_145' title='bbox 598 2394 745 2465; x_wconf 82' lang='lat' dir='ltr'><strong>fugia</strong></span> <span class='ocrx_word' id='word_1_146' title='bbox 779 2404 826 2459; x_wconf 74' lang='grc' dir='ltr'><strong>ο,</strong></span> <span class='ocrx_word' id='word_1_147' title='bbox 855 2395 924 2447; x_wconf 91' lang='lat' dir='ltr'><strong>ita</strong></span> <span class='ocrx_word' id='word_1_148' title='bbox 948 2400 1127 2446; x_wconf 85' lang='lat' dir='ltr'><strong>tamen</strong></span> <span class='ocrx_word' id='word_1_149' title='bbox 1154 2399 1214 2445; x_wconf 88' lang='lat' dir='ltr'><strong>ut</strong></span> <span class='ocrx_word' id='word_1_150' title='bbox 1236 2400 1387 2445; x_wconf 90' lang='lat' dir='ltr'><strong>reatu</strong></span> <span class='ocrx_word' id='word_1_151' title='bbox 1421 2388 1640 2443; x_wconf 85' lang='lat' dir='ltr'><strong>humilis</strong></span> <span class='ocrx_word' id='word_1_152' title='bbox 1667 2388 2015 2442; x_wconf 75' lang='lat' dir='ltr'><strong>conscientia:</strong></span> <span class='ocrx_word' id='word_1_153' title='bbox 2046 2386 2190 2441; x_wconf 86' lang='lat' dir='ltr'><strong>salu-</strong></span> 
     </span>
    </p>
   </div>
   <div class='ocr_carea' id='block_1_24' title="bbox 598 2481 2187 2543">
    <p class='ocr_par' dir='ltr' id='par_1_24' title="bbox 598 2481 2187 2543">
     <span class='ocr_line' id='line_1_24' title="bbox 598 2481 2187 2543; baseline -0.006 0"><span class='ocrx_word' id='word_1_154' title='bbox 598 2488 770 2543; x_wconf 87' lang='lat' dir='ltr'><strong>briter</strong></span> <span class='ocrx_word' id='word_1_155' title='bbox 801 2487 1165 2542; x_wconf 89' lang='lat' dir='ltr'><strong>mordeamttr.</strong></span> <span class='ocrx_word' id='word_1_156' title='bbox 1193 2483 1293 2539; x_wconf 91' lang='lat' dir='ltr'><strong>Ubi</strong></span> <span class='ocrx_word' id='word_1_157' title='bbox 1317 2491 1494 2538; x_wconf 83' lang='lat' dir='ltr'><strong>autent</strong></span> <span class='ocrx_word' id='word_1_158' title='bbox 1524 2481 1668 2536; x_wconf 86' lang='lat' dir='ltr'><strong>nulla</strong></span> <span class='ocrx_word' id='word_1_159' title='bbox 1693 2481 1934 2536; x_wconf 87' lang='lat' dir='ltr'><strong>conditio</strong></span> <span class='ocrx_word' id='word_1_160' title='bbox 1965 2495 2187 2534; x_wconf 62' lang='lat' dir='ltr'><strong>summai</strong></span> 
     </span>
    </p>
   </div>
   <div class='ocr_carea' id='block_1_25' title="bbox 599 2570 2186 2640">
    <p class='ocr_par' dir='ltr' id='par_1_25' title="bbox 599 2570 2186 2640">
     <span class='ocr_line' id='line_1_25' title="bbox 599 2570 2186 2640; baseline -0.008 -3"><span class='ocrx_word' id='word_1_161' title='bbox 599 2578 939 2637; x_wconf 82' lang='lat' dir='ltr'><strong>necessitatis</strong></span> <span class='ocrx_word' id='word_1_162' title='bbox 984 2577 1275 2640; x_wconf 91' lang='lat' dir='ltr'><strong>incumbit,</strong></span> <span class='ocrx_word' id='word_1_163' title='bbox 1337 2575 1482 2628; x_wconf 91' lang='lat' dir='ltr'><strong>omni</strong></span> <span class='ocrx_word' id='word_1_164' title='bbox 1536 2573 1787 2627; x_wconf 86' lang='lat' dir='ltr'><strong>cautione</strong></span> <span class='ocrx_word' id='word_1_165' title='bbox 1846 2570 2186 2626; x_wconf 86' lang='lat' dir='ltr'><strong>mendacium</strong></span> 
     </span>
    </p>
   </div>
   <div class='ocr_carea' id='block_1_26' title="bbox 598 2661 2186 2733">
    <p class='ocr_par' dir='ltr' id='par_1_26' title="bbox 598 2661 2186 2733">
     <span class='ocr_line' id='line_1_26' title="bbox 598 2661 2186 2733; baseline -0.008 -5"><span class='ocrx_word' id='word_1_166' title='bbox 598 2674 748 2728; x_wconf 82' lang='lat' dir='ltr'><strong>velut</strong></span> <span class='ocrx_word' id='word_1_167' title='bbox 790 2668 1128 2724; x_wconf 89' lang='lat' dir='ltr'><strong>mortiferum</strong></span> <span class='ocrx_word' id='word_1_168' title='bbox 1167 2665 1515 2721; x_wconf 85' lang='lat' dir='ltr'><strong>devitandum</strong></span> <span class='ocrx_word' id='word_1_169' title='bbox 1562 2674 1646 2720; x_wconf 91' lang='lat' dir='ltr'><strong>est</strong></span> <span class='ocrx_word' id='word_1_170' title='bbox 1681 2683 1693 2717; x_wconf 93' lang='lat'>:</span> <span class='ocrx_word' id='word_1_171' title='bbox 1733 2661 2186 2733; x_wconf 85' lang='lat' dir='ltr'><strong>quemadmodum</strong></span> 
     </span>
    </p>
   </div>
   <div class='ocr_carea' id='block_1_27' title="bbox 599 2754 2188 2827">
    <p class='ocr_par' dir='ltr' id='par_1_27' title="bbox 599 2754 2188 2827">
     <span class='ocr_line' id='line_1_27' title="bbox 599 2754 2188 2827; baseline -0.006 -8"><span class='ocrx_word' id='word_1_172' title='bbox 599 2763 669 2819; x_wconf 93' lang='lat' dir='ltr'><strong>de</strong></span> <span class='ocrx_word' id='word_1_173' title='bbox 696 2759 919 2816; x_wconf 87' lang='lat' dir='ltr'><strong>ellebori</strong></span> <span class='ocrx_word' id='word_1_174' title='bbox 950 2758 1185 2814; x_wconf 82' lang='lat' dir='ltr'><strong>diximus</strong></span> <span class='ocrx_word' id='word_1_175' title='bbox 1214 2767 1374 2827; x_wconf 89' lang='lat' dir='ltr'><strong>potu,</strong></span> <span class='ocrx_word' id='word_1_176' title='bbox 1408 2756 1551 2827; x_wconf 91' lang='lat' dir='ltr'><strong>quod</strong></span> <span class='ocrx_word' id='word_1_177' title='bbox 1595 2754 1812 2810; x_wconf 84' lang='lat' dir='ltr'><strong>salubre</strong></span> <span class='ocrx_word' id='word_1_178' title='bbox 1851 2763 1933 2809; x_wconf 91' lang='lat' dir='ltr'><strong>est</strong></span> <span class='ocrx_word' id='word_1_179' title='bbox 1970 2754 2188 2823; x_wconf 84' lang='lat' dir='ltr'><strong>quidem</strong></span> 
     </span>
    </p>
   </div>
   <div class='ocr_carea' id='block_1_28' title="bbox 599 2847 2189 2917">
    <p class='ocr_par' dir='ltr' id='par_1_28' title="bbox 599 2847 2189 2917">
     <span class='ocr_line' id='line_1_28' title="bbox 599 2847 2189 2917; baseline -0.005 -8"><span class='ocrx_word' id='word_1_180' title='bbox 599 2854 646 2909; x_wconf 85' lang='lat' dir='ltr'><strong>si</strong></span> <span class='ocrx_word' id='word_1_181' title='bbox 668 2861 793 2909; x_wconf 90' lang='lat' dir='ltr'><strong>tunc</strong></span> <span class='ocrx_word' id='word_1_182' title='bbox 818 2851 1040 2907; x_wconf 87' lang='lat' dir='ltr'><strong>demum</strong></span> <span class='ocrx_word' id='word_1_183' title='bbox 1067 2859 1311 2905; x_wconf 90' lang='lat' dir='ltr'><strong>sumatur</strong></span> <span class='ocrx_word' id='word_1_184' title='bbox 1336 2863 1458 2904; x_wconf 91' lang='lat' dir='ltr'><strong>cum</strong></span> <span class='ocrx_word' id='word_1_185' title='bbox 1488 2847 1822 2904; x_wconf 87' lang='lat' dir='ltr'><strong>inevitabilis</strong></span> <span class='ocrx_word' id='word_1_186' title='bbox 1852 2856 2012 2917; x_wconf 88' lang='lat' dir='ltr'><strong>atque</strong></span> <span class='ocrx_word' id='word_1_187' title='bbox 2044 2862 2189 2902; x_wconf 89' lang='lat' dir='ltr'><strong>mor-</strong></span> 
     </span>
    </p>
   </div>
   <div class='ocr_carea' id='block_1_29' title="bbox 1646 313 2802 381">
    <p class='ocr_par' dir='ltr' id='par_1_29' title="bbox 1646 313 2802 381">
     <span class='ocr_line' id='line_1_29' title="bbox 1646 313 2802 381; baseline 0 -2"><span class='ocrx_word' id='word_1_188' title='bbox 1646 313 1927 380; x_wconf 77' lang='lat' dir='ltr'><strong>IOANNlS</strong></span> <span class='ocrx_word' id='word_1_189' title='bbox 1967 321 2277 381; x_wconf 74' lang='lat' dir='ltr'><strong>CASSIANI</strong></span> <span class='ocrx_word' id='word_1_190' title='bbox 2314 316 2802 380; x_wconf 84' lang='lat' dir='ltr'><strong>COLLATIONES.</strong></span> 
     </span>
    </p>
   </div>
   <div class='ocr_carea' id='block_1_30' title="bbox 3768 314 3975 389">
    <p class='ocr_par' dir='ltr' id='par_1_30' title="bbox 3768 314 3975 389">
     <span class='ocr_line' id='line_1_30' title="bbox 3768 314 3975 389; baseline 0.024 -4"><span class='ocrx_word' id='word_1_191' title='bbox 3768 326 3914 389; x_wconf 69' lang='lat' dir='ltr'><strong>ron</strong></span> 
     </span>
    </p>
   </div>
   <div class='ocr_carea' id='block_1_31' title="bbox 2206 434 3975 514">
    <p class='ocr_par' dir='ltr' id='par_1_31' title="bbox 2206 434 3975 514">
     <span class='ocr_line' id='line_1_31' title="bbox 2206 434 3975 514; baseline 0.007 -23"><span class='ocrx_word' id='word_1_192' title='bbox 2206 447 2261 504; x_wconf 76' lang='grc' dir='ltr'><strong>Α</strong></span> <span class='ocrx_word' id='word_1_193' title='bbox 2286 438 2434 494; x_wconf 89' lang='lat' dir='ltr'><strong>tifera</strong></span> <span class='ocrx_word' id='word_1_194' title='bbox 2475 438 2722 495; x_wconf 91' lang='lat' dir='ltr'><strong>imminet</strong></span> <span class='ocrx_word' id='word_1_195' title='bbox 2753 439 3051 510; x_wconf 64' lang='lat' dir='ltr'><strong>aegritudo;</strong></span> <span class='ocrx_word' id='word_1_196' title='bbox 3085 434 3169 496; x_wconf 86' lang='lat' dir='ltr'><strong>sin</strong></span> <span class='ocrx_word' id='word_1_197' title='bbox 3198 454 3328 497; x_wconf 90' lang='lat' dir='ltr'><strong>vero</strong></span> <span class='ocrx_word' id='word_1_198' title='bbox 3359 438 3571 512; x_wconf 86' lang='lat' dir='ltr'><strong>integra</strong></span> <span class='ocrx_word' id='word_1_199' title='bbox 3604 450 3671 498; x_wconf 83' lang='lat' dir='ltr'><strong>et</strong></span> <span class='ocrx_word' id='word_1_200' title='bbox 3705 441 3915 514; x_wconf 84' lang='lat' dir='ltr'><strong>imper-</strong></span> <span class='ocrx_word' id='word_1_201' title='bbox 3974 436 3975 514; x_wconf 56' lang='grc' dir='ltr'>ζ</span> 
     </span>
    </p>
   </div>
   <div class='ocr_carea' id='block_1_32' title="bbox 2283 530 3910 603">
    <p class='ocr_par' dir='ltr' id='par_1_32' title="bbox 2283 530 3910 603">
     <span class='ocr_line' id='line_1_32' title="bbox 2283 530 3910 603; baseline 0.003 -18"><span class='ocrx_word' id='word_1_202' title='bbox 2283 530 2498 585; x_wconf 89' lang='lat' dir='ltr'><strong>turbata</strong></span> <span class='ocrx_word' id='word_1_203' title='bbox 2525 530 2771 600; x_wconf 90' lang='lat' dir='ltr'><strong>corporis</strong></span> <span class='ocrx_word' id='word_1_204' title='bbox 2797 533 3031 586; x_wconf 85' lang='lat' dir='ltr'><strong>sanitate</strong></span> <span class='ocrx_word' id='word_1_205' title='bbox 3057 541 3322 599; x_wconf 89' lang='lat' dir='ltr'><strong>sumatur,</strong></span> <span class='ocrx_word' id='word_1_206' title='bbox 3356 532 3543 586; x_wconf 87' lang='lat' dir='ltr'><strong>statim</strong></span> <span class='ocrx_word' id='word_1_207' title='bbox 3576 532 3651 587; x_wconf 87' lang='lat' dir='ltr'><strong>ad</strong></span> <span class='ocrx_word' id='word_1_208' title='bbox 3700 550 3910 603; x_wconf 71' lang='lat' dir='ltr'><strong>preac-</strong></span> 
     </span>
    </p>
   </div>
   <div class='ocr_carea' id='block_1_33' title="bbox 2281 624 3912 696">
    <p class='ocr_par' dir='ltr' id='par_1_33' title="bbox 2281 624 3912 696">
     <span class='ocr_line' id='line_1_33' title="bbox 2281 624 3912 696; baseline 0.003 -16"><span class='ocrx_word' id='word_1_209' title='bbox 2281 625 2528 694; x_wconf 92' lang='lat' dir='ltr'><strong>cupanda</strong></span> <span class='ocrx_word' id='word_1_210' title='bbox 2580 624 2763 678; x_wconf 84' lang='lat' dir='ltr'><strong>vitalia</strong></span> <span class='ocrx_word' id='word_1_211' title='bbox 2808 624 2891 680; x_wconf 90' lang='lat' dir='ltr'><strong>vis</strong></span> <span class='ocrx_word' id='word_1_212' title='bbox 2935 625 3242 695; x_wconf 90' lang='lat' dir='ltr'><strong>perniciosa</strong></span> <span class='ocrx_word' id='word_1_213' title='bbox 3287 625 3585 696; x_wconf 88' lang='lat' dir='ltr'><strong>pertendit.</strong></span> <span class='ocrx_word' id='word_1_214' title='bbox 3640 627 3822 695; x_wconf 83' lang='lat' dir='ltr'><strong>Quod</strong></span> <span class='ocrx_word' id='word_1_215' title='bbox 3850 631 3912 686; x_wconf 82' lang='lat' dir='ltr'><strong>de</strong></span> 
     </span>
    </p>
   </div>
   <div class='ocr_carea' id='block_1_34' title="bbox 2282 714 3907 789">
    <p class='ocr_par' dir='ltr' id='par_1_34' title="bbox 2282 714 3907 789">
     <span class='ocr_line' id='line_1_34' title="bbox 2282 714 3907 789; baseline 0.002 -18"><span class='ocrx_word' id='word_1_216' title='bbox 2282 716 2433 771; x_wconf 80' lang='lat' dir='ltr'><strong>Raab</strong></span> <span class='ocrx_word' id='word_1_217' title='bbox 2466 714 2871 770; x_wconf 87' lang='lat' dir='ltr'><strong>Hiericbontina</strong></span> <span class='ocrx_word' id='word_1_218' title='bbox 2900 714 3112 789; x_wconf 87' lang='lat' dir='ltr'><strong>(Iosue,</strong></span> <span class='ocrx_word' id='word_1_219' title='bbox 3143 717 3219 787; x_wconf 87' lang='grc' dir='ltr'><strong>ιι)</strong></span> <span class='ocrx_word' id='word_1_220' title='bbox 3246 721 3303 772; x_wconf 94' lang='lat' dir='ltr'><strong>et</strong></span> <span class='ocrx_word' id='word_1_221' title='bbox 3345 716 3414 773; x_wconf 93' lang='lat' dir='ltr'><strong>de</strong></span> <span class='ocrx_word' id='word_1_222' title='bbox 3443 716 3625 773; x_wconf 80' lang='lat' dir='ltr'><strong>Iacob</strong></span> <span class='ocrx_word' id='word_1_223' title='bbox 3658 721 3907 787; x_wconf 82' lang='lat' dir='ltr'><strong>patriar-</strong></span> 
     </span>
    </p>
   </div>
   <div class='ocr_carea' id='block_1_35' title="bbox 2283 806 3907 882">
    <p class='ocr_par' dir='ltr' id='par_1_35' title="bbox 2283 806 3907 882">
     <span class='ocr_line' id='line_1_35' title="bbox 2283 806 3907 882; baseline 0.001 -17"><span class='ocrx_word' id='word_1_224' title='bbox 2283 809 2387 865; x_wconf 85' lang='lat' dir='ltr'><strong>cha</strong></span> <span class='ocrx_word' id='word_1_225' title='bbox 2409 807 2628 879; x_wconf 85' lang='lat' dir='ltr'><strong>(Genes.</strong></span> <span class='ocrx_word' id='word_1_226' title='bbox 2656 806 2835 878; x_wconf 84' lang='lat' dir='ltr'><strong>xxvu)</strong></span> <span class='ocrx_word' id='word_1_227' title='bbox 2868 808 3160 864; x_wconf 87' lang='lat' dir='ltr'><strong>evidenter</strong></span> <span class='ocrx_word' id='word_1_228' title='bbox 3188 817 3467 864; x_wconf 91' lang='lat' dir='ltr'><strong>ostensum</strong></span> <span class='ocrx_word' id='word_1_229' title='bbox 3494 818 3623 876; x_wconf 84' lang='lat' dir='ltr'><strong>est,</strong></span> <span class='ocrx_word' id='word_1_230' title='bbox 3650 826 3690 865; x_wconf 86' lang='lat' dir='ltr'><strong>e</strong></span> <span class='ocrx_word' id='word_1_231' title='bbox 3713 815 3907 882; x_wconf 79' lang='lat' dir='ltr'><strong>quibus</strong></span> 
     </span>
    </p>
   </div>
   <div class='ocr_carea' id='block_1_36' title="bbox 2284 904 3910 976">
    <p class='ocr_par' dir='ltr' id='par_1_36' title="bbox 2284 904 3910 976">
     <span class='ocr_line' id='line_1_36' title="bbox 2284 904 3910 976; baseline 0 -16"><span class='ocrx_word' id='word_1_232' title='bbox 2284 917 2387 960; x_wconf 90' lang='lat' dir='ltr'><strong>nec</strong></span> <span class='ocrx_word' id='word_1_233' title='bbox 2415 904 2508 959; x_wconf 86' lang='lat' dir='ltr'><strong>illa</strong></span> <span class='ocrx_word' id='word_1_234' title='bbox 2552 912 2784 959; x_wconf 88' lang='lat' dir='ltr'><strong>mortem</strong></span> <span class='ocrx_word' id='word_1_235' title='bbox 2825 905 2960 958; x_wconf 88' lang='lat' dir='ltr'><strong>alias</strong></span> <span class='ocrx_word' id='word_1_236' title='bbox 2996 919 3157 974; x_wconf 90' lang='lat' dir='ltr'><strong>quam</strong></span> <span class='ocrx_word' id='word_1_237' title='bbox 3193 904 3297 959; x_wconf 90' lang='lat' dir='ltr'><strong>hoc</strong></span> <span class='ocrx_word' id='word_1_238' title='bbox 3340 905 3594 961; x_wconf 90' lang='lat' dir='ltr'><strong>remedio</strong></span> <span class='ocrx_word' id='word_1_239' title='bbox 3626 908 3910 976; x_wconf 82' lang='lat' dir='ltr'><strong>potuisset</strong></span> 
     </span>
    </p>
   </div>
   <div class='ocr_carea' id='block_1_37' title="bbox 2284 996 3911 1069">
    <p class='ocr_par' dir='ltr' id='par_1_37' title="bbox 2284 996 3911 1069">
     <span class='ocr_line' id='line_1_37' title="bbox 2284 996 3911 1069; baseline 0 -18"><span class='ocrx_word' id='word_1_240' title='bbox 2284 996 2539 1059; x_wconf 84' lang='lat' dir='ltr'><strong>evadere,</strong></span> <span class='ocrx_word' id='word_1_241' title='bbox 2570 1010 2669 1052; x_wconf 88' lang='lat' dir='ltr'><strong>nec</strong></span> <span class='ocrx_word' id='word_1_242' title='bbox 2689 998 2792 1050; x_wconf 89' lang='lat' dir='ltr'><strong>iste</strong></span> <span class='ocrx_word' id='word_1_243' title='bbox 2820 997 2888 1052; x_wconf 89' lang='lat' dir='ltr'><strong>ad</strong></span> <span class='ocrx_word' id='word_1_244' title='bbox 2918 996 3351 1053; x_wconf 89' lang='lat' dir='ltr'><strong>benedictionem</strong></span> <span class='ocrx_word' id='word_1_245' title='bbox 3381 998 3763 1068; x_wconf 87' lang='lat' dir='ltr'><strong>primogeniti</strong></span> <span class='ocrx_word' id='word_1_246' title='bbox 3798 1016 3911 1069; x_wconf 65' lang='lat' dir='ltr'><strong>per-</strong></span> 
     </span>
    </p>
   </div>
   <div class='ocr_carea' id='block_1_38' title="bbox 2289 1088 3911 1161">
    <p class='ocr_par' dir='ltr' id='par_1_38' title="bbox 2289 1088 3911 1161">
     <span class='ocr_line' id='line_1_38' title="bbox 2289 1088 3911 1161; baseline 0.002 -19"><span class='ocrx_word' id='word_1_247' title='bbox 2289 1092 2497 1144; x_wconf 90' lang='lat' dir='ltr'><strong>venire.</strong></span> <span class='ocrx_word' id='word_1_248' title='bbox 2520 1088 2640 1144; x_wconf 86' lang='lat' dir='ltr'><strong>Non</strong></span> <span class='ocrx_word' id='word_1_249' title='bbox 2666 1090 2812 1145; x_wconf 91' lang='lat' dir='ltr'><strong>enim</strong></span> <span class='ocrx_word' id='word_1_250' title='bbox 2841 1090 2979 1144; x_wconf 88' lang='lat' dir='ltr'><strong>Deus</strong></span> <span class='ocrx_word' id='word_1_251' title='bbox 2999 1088 3291 1144; x_wconf 88' lang='lat' dir='ltr'><strong>verborum</strong></span> <span class='ocrx_word' id='word_1_252' title='bbox 3316 1098 3529 1144; x_wconf 88' lang='lat' dir='ltr'><strong>tantum</strong></span> <span class='ocrx_word' id='word_1_253' title='bbox 3563 1100 3911 1161; x_wconf 78' lang='lat' dir='ltr'><strong>actuumqne</strong></span> 
     </span>
    </p>
   </div>
   <div class='ocr_carea' id='block_1_39' title="bbox 2287 1179 3911 1253">
    <p class='ocr_par' dir='ltr' id='par_1_39' title="bbox 2287 1179 3911 1253">
     <span class='ocr_line' id='line_1_39' title="bbox 2287 1179 3911 1253; baseline 0.001 -18"><span class='ocrx_word' id='word_1_254' title='bbox 2287 1190 2597 1236; x_wconf 86' lang='lat' dir='ltr'><strong>nostrorum</strong></span> <span class='ocrx_word' id='word_1_255' title='bbox 2642 1182 2922 1236; x_wconf 81' lang='lat' dir='ltr'><strong>discussor</strong></span> <span class='ocrx_word' id='word_1_256' title='bbox 2954 1188 3011 1236; x_wconf 89' lang='lat' dir='ltr'><strong>et</strong></span> <span class='ocrx_word' id='word_1_257' title='bbox 3048 1179 3241 1251; x_wconf 81' lang='lat' dir='ltr'><strong>judex,</strong></span> <span class='ocrx_word' id='word_1_258' title='bbox 3283 1181 3377 1236; x_wconf 89' lang='lat' dir='ltr'><strong>sed</strong></span> <span class='ocrx_word' id='word_1_259' title='bbox 3422 1184 3597 1237; x_wconf 88' lang='lat' dir='ltr'><strong>etiam</strong></span> <span class='ocrx_word' id='word_1_260' title='bbox 3632 1185 3911 1253; x_wconf 78' lang='lat' dir='ltr'><strong>propositi</strong></span> 
     </span>
    </p>
   </div>
   <div class='ocr_carea' id='block_1_40' title="bbox 2287 1274 3913 1345">
    <p class='ocr_par' dir='ltr' id='par_1_40' title="bbox 2287 1274 3913 1345">
     <span class='ocr_line' id='line_1_40' title="bbox 2287 1274 3913 1345; baseline 0.001 -15"><span class='ocrx_word' id='word_1_261' title='bbox 2287 1289 2349 1330; x_wconf 89' lang='lat' dir='ltr'><strong>ac</strong></span> <span class='ocrx_word' id='word_1_262' title='bbox 2375 1275 2752 1331; x_wconf 80' lang='lat' dir='ltr'><strong>desunationis</strong></span> <span class='ocrx_word' id='word_1_263' title='bbox 2797 1276 3069 1345; x_wconf 71' lang='lat' dir='ltr'><strong>inspector</strong></span> <span class='ocrx_word' id='word_1_264' title='bbox 3102 1284 3205 1330; x_wconf 89' lang='lat' dir='ltr'><strong>est.</strong></span> <span class='ocrx_word' id='word_1_265' title='bbox 3241 1274 3342 1342; x_wconf 84' lang='lat' dir='ltr'><strong>Qui</strong></span> <span class='ocrx_word' id='word_1_266' title='bbox 3378 1275 3423 1329; x_wconf 92' lang='lat' dir='ltr'><strong>si</strong></span> <span class='ocrx_word' id='word_1_267' title='bbox 3467 1275 3695 1345; x_wconf 88' lang='lat' dir='ltr'><strong>aliquid</strong></span> <span class='ocrx_word' id='word_1_268' title='bbox 3747 1292 3913 1332; x_wconf 85' lang='lat' dir='ltr'><strong>causa</strong></span> 
     </span>
    </p>
   </div>
   <div class='ocr_carea' id='block_1_41' title="bbox 2288 1367 3911 1438">
    <p class='ocr_par' dir='ltr' id='par_1_41' title="bbox 2288 1367 3911 1438">
     <span class='ocr_line' id='line_1_41' title="bbox 2288 1367 3911 1438; baseline 0.001 -14"><span class='ocrx_word' id='word_1_269' title='bbox 2288 1369 2482 1424; x_wconf 89' lang='lat' dir='ltr'><strong>salutis</strong></span> <span class='ocrx_word' id='word_1_270' title='bbox 2519 1378 2736 1423; x_wconf 67' lang='lat' dir='ltr'><strong>aeterna:</strong></span> <span class='ocrx_word' id='word_1_271' title='bbox 2776 1382 2838 1423; x_wconf 87' lang='lat' dir='ltr'><strong>ac</strong></span> <span class='ocrx_word' id='word_1_272' title='bbox 2866 1367 3064 1423; x_wconf 65' lang='lat' dir='ltr'><strong>divinae</strong></span> <span class='ocrx_word' id='word_1_273' title='bbox 3090 1369 3568 1438; x_wconf 83' lang='lat' dir='ltr'><strong>contemplationis</strong></span> <span class='ocrx_word' id='word_1_274' title='bbox 3604 1371 3821 1425; x_wconf 88' lang='lat' dir='ltr'><strong>intuitu</strong></span> <span class='ocrx_word' id='word_1_275' title='bbox 3850 1372 3911 1425; x_wconf 86' lang='lat' dir='ltr'><strong>ab</strong></span> 
     </span>
    </p>
   </div>
   <div class='ocr_carea' id='block_1_42' title="bbox 2290 1461 3914 1533">
    <p class='ocr_par' dir='ltr' id='par_1_42' title="bbox 2290 1461 3914 1533">
     <span class='ocr_line' id='line_1_42' title="bbox 2290 1461 3914 1533; baseline 0 -16"><span class='ocrx_word' id='word_1_276' title='bbox 2290 1477 2619 1533; x_wconf 89' lang='lat' dir='ltr'><strong>unoquoque</strong></span> <span class='ocrx_word' id='word_1_277' title='bbox 2648 1462 2738 1516; x_wconf 89' lang='lat' dir='ltr'><strong>vel</strong></span> <span class='ocrx_word' id='word_1_278' title='bbox 2766 1461 2968 1516; x_wconf 90' lang='lat' dir='ltr'><strong>factum</strong></span> <span class='ocrx_word' id='word_1_279' title='bbox 3008 1462 3206 1516; x_wconf 87' lang='lat' dir='ltr'><strong>viderit</strong></span> <span class='ocrx_word' id='word_1_280' title='bbox 3253 1462 3336 1516; x_wconf 85' lang='lat' dir='ltr'><strong>vel</strong></span> <span class='ocrx_word' id='word_1_281' title='bbox 3368 1464 3745 1531; x_wconf 87' lang='lat' dir='ltr'><strong>promissum,</strong></span> <span class='ocrx_word' id='word_1_282' title='bbox 3779 1475 3914 1518; x_wconf 85' lang='lat' dir='ltr'><strong>tam-</strong></span> 
     </span>
    </p>
   </div>
   <div class='ocr_carea' id='block_1_43' title="bbox 2291 1553 3906 1623">
    <p class='ocr_par' dir='ltr' id='par_1_43' title="bbox 2291 1553 3906 1623">
     <span class='ocr_line' id='line_1_43' title="bbox 2291 1553 3906 1623; baseline -0.001 -13"><span class='ocrx_word' id='word_1_283' title='bbox 2291 1556 2393 1611; x_wconf 85' lang='lat' dir='ltr'><strong>etsi</strong></span> <span class='ocrx_word' id='word_1_284' title='bbox 2436 1554 2748 1609; x_wconf 83' lang='lat' dir='ltr'><strong>hominibus</strong></span> <span class='ocrx_word' id='word_1_285' title='bbox 2779 1554 2973 1608; x_wconf 86' lang='lat' dir='ltr'><strong>durum</strong></span> <span class='ocrx_word' id='word_1_286' title='bbox 3002 1563 3166 1622; x_wconf 87' lang='lat' dir='ltr'><strong>atque</strong></span> <span class='ocrx_word' id='word_1_287' title='bbox 3192 1553 3432 1623; x_wconf 88' lang='lat' dir='ltr'><strong>iniquunt</strong></span> <span class='ocrx_word' id='word_1_288' title='bbox 3461 1568 3593 1609; x_wconf 81' lang='lat' dir='ltr'><strong>esse</strong></span> <span class='ocrx_word' id='word_1_289' title='bbox 3627 1554 3906 1619; x_wconf 83' lang='lat' dir='ltr'><strong>videatur,</strong></span> 
     </span>
    </p>
   </div>
   <div class='ocr_carea' id='block_1_44' title="bbox 2290 1643 3905 1713">
    <p class='ocr_par' dir='ltr' id='par_1_44' title="bbox 2290 1643 3905 1713">
     <span class='ocr_line' id='line_1_44' title="bbox 2290 1643 3905 1713; baseline -0.002 -13"><span class='ocrx_word' id='word_1_290' title='bbox 2290 1647 2382 1700; x_wconf 87' lang='lat' dir='ltr'><strong>ille</strong></span> <span class='ocrx_word' id='word_1_291' title='bbox 2418 1656 2600 1700; x_wconf 92' lang='lat' dir='ltr'><strong>tamen</strong></span> <span class='ocrx_word' id='word_1_292' title='bbox 2633 1644 2877 1698; x_wconf 86' lang='lat' dir='ltr'><strong>intimam</strong></span> <span class='ocrx_word' id='word_1_293' title='bbox 2905 1643 3087 1697; x_wconf 87' lang='lat' dir='ltr'><strong>cordis</strong></span> <span class='ocrx_word' id='word_1_294' title='bbox 3116 1643 3418 1711; x_wconf 46' lang='lat' dir='ltr'><strong>inspiciens</strong></span> <span class='ocrx_word' id='word_1_295' title='bbox 3452 1644 3766 1713; x_wconf 84' lang='lat' dir='ltr'><strong>pietatem,</strong></span> <span class='ocrx_word' id='word_1_296' title='bbox 3804 1660 3905 1696; x_wconf 86' lang='lat' dir='ltr'><strong>non</strong></span> 
     </span>
    </p>
   </div>
   <div class='ocr_carea' id='block_1_45' title="bbox 2290 1734 3906 1804">
    <p class='ocr_par' dir='ltr' id='par_1_45' title="bbox 2290 1734 3906 1804">
     <span class='ocr_line' id='line_1_45' title="bbox 2290 1734 3906 1804; baseline -0.002 -11"><span class='ocrx_word' id='word_1_297' title='bbox 2290 1737 2580 1793; x_wconf 89' lang='lat' dir='ltr'><strong>verborum</strong></span> <span class='ocrx_word' id='word_1_298' title='bbox 2627 1750 2845 1802; x_wconf 90' lang='lat' dir='ltr'><strong>sonum,</strong></span> <span class='ocrx_word' id='word_1_299' title='bbox 2892 1735 2985 1789; x_wconf 88' lang='lat' dir='ltr'><strong>sed</strong></span> <span class='ocrx_word' id='word_1_300' title='bbox 3033 1744 3217 1788; x_wconf 90' lang='lat' dir='ltr'><strong>votum</strong></span> <span class='ocrx_word' id='word_1_301' title='bbox 3259 1734 3523 1804; x_wconf 86' lang='lat' dir='ltr'><strong>dijudicat</strong></span> <span class='ocrx_word' id='word_1_302' title='bbox 3576 1735 3906 1799; x_wconf 76' lang='lat' dir='ltr'><strong>voluntatis,</strong></span> 
     </span>
    </p>
   </div>
   <div class='ocr_carea' id='block_1_46' title="bbox 2220 1827 3907 1901">
    <p class='ocr_par' dir='ltr' id='par_1_46' title="bbox 2220 1827 3907 1901">
     <span class='ocr_line' id='line_1_46' title="bbox 2220 1827 3907 1901; baseline -0.001 -17"><span class='ocrx_word' id='word_1_303' title='bbox 2220 1838 2268 1898; x_wconf 84' lang='grc' dir='ltr'><strong>Β</strong></span> <span class='ocrx_word' id='word_1_304' title='bbox 2294 1831 2421 1901; x_wconf 89' lang='lat' dir='ltr'><strong>quia</strong></span> <span class='ocrx_word' id='word_1_305' title='bbox 2454 1830 2573 1886; x_wconf 82' lang='lat' dir='ltr'><strong>linis</strong></span> <span class='ocrx_word' id='word_1_306' title='bbox 2597 1830 2779 1900; x_wconf 89' lang='lat' dir='ltr'><strong>operis</strong></span> <span class='ocrx_word' id='word_1_307' title='bbox 2806 1838 2863 1885; x_wconf 90' lang='lat' dir='ltr'><strong>et</strong></span> <span class='ocrx_word' id='word_1_308' title='bbox 2892 1827 3116 1884; x_wconf 73' lang='lat' dir='ltr'><strong>allectus</strong></span> <span class='ocrx_word' id='word_1_309' title='bbox 3158 1828 3595 1883; x_wconf 77' lang='lat' dir='ltr'><strong>considerandus</strong></span> <span class='ocrx_word' id='word_1_310' title='bbox 3650 1839 3744 1885; x_wconf 88' lang='lat' dir='ltr'><strong>est</strong></span> <span class='ocrx_word' id='word_1_311' title='bbox 3786 1846 3907 1900; x_wconf 82' lang='lat' dir='ltr'><strong>per-</strong></span> 
     </span>
    </p>
   </div>
   <div class='ocr_carea' id='block_1_47' title="bbox 2296 1921 3903 1994">
    <p class='ocr_par' dir='ltr' id='par_1_47' title="bbox 2296 1921 3903 1994">
     <span class='ocr_line' id='line_1_47' title="bbox 2296 1921 3903 1994; baseline -0.002 -15"><span class='ocrx_word' id='word_1_312' title='bbox 2296 1925 2580 1994; x_wconf 88' lang='lat' dir='ltr'><strong>petrantis,</strong></span> <span class='ocrx_word' id='word_1_313' title='bbox 2611 1921 2637 1960; x_wconf 72' lang='grc' dir='ltr'><em>ά</em></span> <span class='ocrx_word' id='word_1_314' title='bbox 2664 1939 2772 1994; x_wconf 94' lang='lat' dir='ltr'><strong>quo</strong></span> <span class='ocrx_word' id='word_1_315' title='bbox 2798 1931 3092 1993; x_wconf 91' lang='lat' dir='ltr'><strong>potuerunt</strong></span> <span class='ocrx_word' id='word_1_316' title='bbox 3122 1922 3368 1992; x_wconf 89' lang='lat' dir='ltr'><strong>quidam,</strong></span> <span class='ocrx_word' id='word_1_317' title='bbox 3404 1932 3463 1977; x_wconf 91' lang='lat' dir='ltr'><strong>ut</strong></span> <span class='ocrx_word' id='word_1_318' title='bbox 3490 1938 3661 1991; x_wconf 86' lang='lat' dir='ltr'><strong>supra</strong></span> <span class='ocrx_word' id='word_1_319' title='bbox 3696 1923 3903 1977; x_wconf 83' lang='lat' dir='ltr'><strong>dictum</strong></span> 
     </span>
    </p>
   </div>
   <div class='ocr_carea' id='block_1_48' title="bbox 2295 2016 3904 2086">
    <p class='ocr_par' dir='ltr' id='par_1_48' title="bbox 2295 2016 3904 2086">
     <span class='ocr_line' id='line_1_48' title="bbox 2295 2016 3904 2086; baseline -0.001 -13"><span class='ocrx_word' id='word_1_320' title='bbox 2295 2026 2402 2081; x_wconf 90' lang='lat' dir='ltr'><strong>est,</strong></span> <span class='ocrx_word' id='word_1_321' title='bbox 2435 2019 2600 2073; x_wconf 91' lang='lat' dir='ltr'><strong>etiam</strong></span> <span class='ocrx_word' id='word_1_322' title='bbox 2634 2032 2729 2086; x_wconf 89' lang='lat' dir='ltr'><strong>per</strong></span> <span class='ocrx_word' id='word_1_323' title='bbox 2756 2016 3099 2071; x_wconf 86' lang='lat' dir='ltr'><strong>mendacium</strong></span> <span class='ocrx_word' id='word_1_324' title='bbox 3124 2016 3439 2085; x_wconf 86' lang='lat' dir='ltr'><strong>justillcari,</strong></span> <span class='ocrx_word' id='word_1_325' title='bbox 3471 2029 3526 2071; x_wconf 91' lang='lat' dir='ltr'><strong>et</strong></span> <span class='ocrx_word' id='word_1_326' title='bbox 3558 2019 3651 2070; x_wconf 82' lang='lat' dir='ltr'><strong>alii</strong></span> <span class='ocrx_word' id='word_1_327' title='bbox 3684 2034 3791 2086; x_wconf 88' lang='lat' dir='ltr'><strong>per</strong></span> <span class='ocrx_word' id='word_1_328' title='bbox 3816 2033 3904 2072; x_wconf 84' lang='lat' dir='ltr'><strong>ve-</strong></span> 
     </span>
    </p>
   </div>
   <div class='ocr_carea' id='block_1_49' title="bbox 2294 2111 3902 2181">
    <p class='ocr_par' dir='ltr' id='par_1_49' title="bbox 2294 2111 3902 2181">
     <span class='ocr_line' id='line_1_49' title="bbox 2294 2111 3902 2181; baseline -0.002 -16"><span class='ocrx_word' id='word_1_329' title='bbox 2294 2111 2470 2166; x_wconf 87' lang='lat' dir='ltr'><strong>ritatis</strong></span> <span class='ocrx_word' id='word_1_330' title='bbox 2496 2113 2850 2167; x_wconf 88' lang='lat' dir='ltr'><strong>assertionem</strong></span> <span class='ocrx_word' id='word_1_331' title='bbox 2884 2122 3163 2179; x_wconf 91' lang='lat' dir='ltr'><strong>peccatum</strong></span> <span class='ocrx_word' id='word_1_332' title='bbox 3195 2121 3472 2181; x_wconf 64' lang='lat' dir='ltr'><strong>perpetual:</strong></span> <span class='ocrx_word' id='word_1_333' title='bbox 3502 2112 3695 2165; x_wconf 70' lang='lat' dir='ltr'><strong>montis</strong></span> <span class='ocrx_word' id='word_1_334' title='bbox 3718 2116 3902 2164; x_wconf 81' lang='lat' dir='ltr'><strong>incur-</strong></span> 
     </span>
    </p>
   </div>
   <div class='ocr_carea' id='block_1_50' title="bbox 2293 2202 3899 2274">
    <p class='ocr_par' dir='ltr' id='par_1_50' title="bbox 2293 2202 3899 2274">
     <span class='ocr_line' id='line_1_50' title="bbox 2293 2202 3899 2274; baseline -0.002 -17"><span class='ocrx_word' id='word_1_335' title='bbox 2293 2218 2435 2259; x_wconf 88' lang='lat' dir='ltr'><strong>rere.</strong></span> <span class='ocrx_word' id='word_1_336' title='bbox 2462 2204 2543 2257; x_wconf 86' lang='lat' dir='ltr'><strong>Ad</strong></span> <span class='ocrx_word' id='word_1_337' title='bbox 2582 2218 2740 2273; x_wconf 88' lang='lat' dir='ltr'><strong>quem</strong></span> <span class='ocrx_word' id='word_1_338' title='bbox 2769 2202 2930 2257; x_wconf 89' lang='lat' dir='ltr'><strong>linem</strong></span> <span class='ocrx_word' id='word_1_339' title='bbox 2958 2202 3120 2258; x_wconf 89' lang='lat' dir='ltr'><strong>etiam</strong></span> <span class='ocrx_word' id='word_1_340' title='bbox 3153 2203 3321 2257; x_wconf 77' lang='lat' dir='ltr'><strong>Jacob</strong></span> <span class='ocrx_word' id='word_1_341' title='bbox 3351 2204 3665 2272; x_wconf 72' lang='lat' dir='ltr'><strong>patriarcha</strong></span> <span class='ocrx_word' id='word_1_342' title='bbox 3694 2202 3899 2274; x_wconf 61' lang='lat' dir='ltr'><strong>(ibid)</strong></span> 
     </span>
    </p>
   </div>
   <div class='ocr_carea' id='block_1_51' title="bbox 2294 2296 3895 2369">
    <p class='ocr_par' dir='ltr' id='par_1_51' title="bbox 2294 2296 3895 2369">
     <span class='ocr_line' id='line_1_51' title="bbox 2294 2296 3895 2369; baseline 0.002 -19"><span class='ocrx_word' id='word_1_343' title='bbox 2294 2297 2618 2364; x_wconf 86' lang='lat' dir='ltr'><strong>respiciens,</strong></span> <span class='ocrx_word' id='word_1_344' title='bbox 2652 2297 2920 2367; x_wconf 78' lang='lat' dir='ltr'><strong>hispidam</strong></span> <span class='ocrx_word' id='word_1_345' title='bbox 2962 2296 3193 2352; x_wconf 86' lang='lat' dir='ltr'><strong>fraterni</strong></span> <span class='ocrx_word' id='word_1_346' title='bbox 3225 2299 3474 2367; x_wconf 87' lang='lat' dir='ltr'><strong>corporis</strong></span> <span class='ocrx_word' id='word_1_347' title='bbox 3519 2300 3770 2369; x_wconf 84' lang='lat' dir='ltr'><strong>speciem</strong></span> <span class='ocrx_word' id='word_1_348' title='bbox 3800 2302 3895 2353; x_wconf 82' lang='lat' dir='ltr'><strong>nb-</strong></span> 
     </span>
    </p>
   </div>
   <div class='ocr_carea' id='block_1_52' title="bbox 2293 2387 3892 2461">
    <p class='ocr_par' dir='ltr' id='par_1_52' title="bbox 2293 2387 3892 2461">
     <span class='ocr_line' id='line_1_52' title="bbox 2293 2387 3892 2461; baseline 0.003 -21"><span class='ocrx_word' id='word_1_349' title='bbox 2293 2387 2568 2443; x_wconf 86' lang='lat' dir='ltr'><strong>volutiune</strong></span> <span class='ocrx_word' id='word_1_350' title='bbox 2600 2388 2817 2457; x_wconf 85' lang='lat' dir='ltr'><strong>pellium</strong></span> <span class='ocrx_word' id='word_1_351' title='bbox 2849 2388 3108 2443; x_wconf 84' lang='lat' dir='ltr'><strong>simulare</strong></span> <span class='ocrx_word' id='word_1_352' title='bbox 3140 2405 3247 2443; x_wconf 90' lang='lat' dir='ltr'><strong>non</strong></span> <span class='ocrx_word' id='word_1_353' title='bbox 3276 2390 3485 2457; x_wconf 83' lang='lat' dir='ltr'><strong>timuit,</strong></span> <span class='ocrx_word' id='word_1_354' title='bbox 3516 2400 3573 2443; x_wconf 91' lang='lat' dir='ltr'><strong>et</strong></span> <span class='ocrx_word' id='word_1_355' title='bbox 3615 2392 3892 2461; x_wconf 85' lang='lat' dir='ltr'><strong>iustiganti</strong></span> 
     </span>
    </p>
   </div>
   <div class='ocr_carea' id='block_1_53' title="bbox 2293 2480 3891 2552">
    <p class='ocr_par' dir='ltr' id='par_1_53' title="bbox 2293 2480 3891 2552">
     <span class='ocr_line' id='line_1_53' title="bbox 2293 2480 3891 2552; baseline 0.002 -18"><span class='ocrx_word' id='word_1_356' title='bbox 2293 2481 2359 2534; x_wconf 89' lang='lat' dir='ltr'><strong>ad</strong></span> <span class='ocrx_word' id='word_1_357' title='bbox 2413 2480 2514 2537; x_wconf 92' lang='lat' dir='ltr'><strong>hoc</strong></span> <span class='ocrx_word' id='word_1_358' title='bbox 2568 2484 2913 2537; x_wconf 88' lang='lat' dir='ltr'><strong>mendacium</strong></span> <span class='ocrx_word' id='word_1_359' title='bbox 2972 2483 3132 2537; x_wconf 76' lang='lat' dir='ltr'><strong>ma‘ri</strong></span> <span class='ocrx_word' id='word_1_360' title='bbox 3192 2483 3528 2537; x_wconf 79' lang='lat' dir='ltr'><strong>laudabiliter</strong></span> <span class='ocrx_word' id='word_1_361' title='bbox 3590 2488 3891 2552; x_wconf 74' lang='lat' dir='ltr'><strong>acquievit.</strong></span> 
     </span>
    </p>
   </div>
   <div class='ocr_carea' id='block_1_54' title="bbox 2299 2572 3896 2643">
    <p class='ocr_par' dir='ltr' id='par_1_54' title="bbox 2299 2572 3896 2643">
     <span class='ocr_line' id='line_1_54' title="bbox 2299 2572 3896 2643; baseline 0.001 -16"><span class='ocrx_word' id='word_1_362' title='bbox 2299 2572 2523 2629; x_wconf 81' lang='lat' dir='ltr'><strong>Videbat</strong></span> <span class='ocrx_word' id='word_1_363' title='bbox 2548 2576 2691 2629; x_wconf 90' lang='lat' dir='ltr'><strong>enim</strong></span> <span class='ocrx_word' id='word_1_364' title='bbox 2721 2590 2785 2630; x_wconf 83' lang='lat' dir='ltr'><strong>ex</strong></span> <span class='ocrx_word' id='word_1_365' title='bbox 2818 2575 2918 2629; x_wconf 91' lang='lat' dir='ltr'><strong>hoc</strong></span> <span class='ocrx_word' id='word_1_366' title='bbox 2945 2576 3153 2643; x_wconf 80' lang='lat' dir='ltr'><strong>majora</strong></span> <span class='ocrx_word' id='word_1_367' title='bbox 3182 2576 3282 2629; x_wconf 88' lang='lat' dir='ltr'><strong>sibi</strong></span> <span class='ocrx_word' id='word_1_368' title='bbox 3310 2576 3443 2629; x_wconf 76' lang='lat' dir='ltr'><strong>lucra</strong></span> <span class='ocrx_word' id='word_1_369' title='bbox 3482 2576 3896 2631; x_wconf 72' lang='lat' dir='ltr'><strong>bettedictinnis</strong></span> 
     </span>
    </p>
   </div>
   <div class='ocr_carea' id='block_1_55' title="bbox 2296 2667 3893 2739">
    <p class='ocr_par' dir='ltr' id='par_1_55' title="bbox 2296 2667 3893 2739">
     <span class='ocr_line' id='line_1_55' title="bbox 2296 2667 3893 2739; baseline 0.002 -19"><span class='ocrx_word' id='word_1_370' title='bbox 2296 2676 2455 2735; x_wconf 87' lang='lat' dir='ltr'><strong>atque</strong></span> <span class='ocrx_word' id='word_1_371' title='bbox 2480 2668 2701 2737; x_wconf 68' lang='lat' dir='ltr'><strong>justitim</strong></span> <span class='ocrx_word' id='word_1_372' title='bbox 2730 2682 2893 2737; x_wconf 87' lang='lat' dir='ltr'><strong>quam</strong></span> <span class='ocrx_word' id='word_1_373' title='bbox 2937 2683 3035 2739; x_wconf 87' lang='lat' dir='ltr'><strong>per</strong></span> <span class='ocrx_word' id='word_1_374' title='bbox 3074 2668 3431 2737; x_wconf 87' lang='lat' dir='ltr'><strong>simplicitatis</strong></span> <span class='ocrx_word' id='word_1_375' title='bbox 3468 2667 3893 2723; x_wconf 69' lang='lat' dir='ltr'><strong>observantiam</strong></span> 
     </span>
    </p>
   </div>
   <div class='ocr_carea' id='block_1_56' title="bbox 2295 2760 3892 2832">
    <p class='ocr_par' dir='ltr' id='par_1_56' title="bbox 2295 2760 3892 2832">
     <span class='ocr_line' id='line_1_56' title="bbox 2295 2760 3892 2832; baseline 0.002 -18"><span class='ocrx_word' id='word_1_376' title='bbox 2295 2761 2655 2825; x_wconf 75' lang='lat' dir='ltr'><strong>conferenda;</strong></span> <span class='ocrx_word' id='word_1_377' title='bbox 2705 2777 2811 2815; x_wconf 91' lang='lat' dir='ltr'><strong>non</strong></span> <span class='ocrx_word' id='word_1_378' title='bbox 2862 2764 3007 2816; x_wconf 88' lang='lat' dir='ltr'><strong>enim</strong></span> <span class='ocrx_word' id='word_1_379' title='bbox 3066 2761 3346 2816; x_wconf 84' lang='lat' dir='ltr'><strong>dubitabat</strong></span> <span class='ocrx_word' id='word_1_380' title='bbox 3402 2760 3674 2816; x_wconf 83' lang='lat' dir='ltr'><strong>mendacii</strong></span> <span class='ocrx_word' id='word_1_381' title='bbox 3736 2762 3892 2832; x_wconf 84' lang='lat' dir='ltr'><strong>hujus</strong></span> 
     </span>
    </p>
   </div>
   <div class='ocr_carea' id='block_1_57' title="bbox 2297 2853 3891 2925">
    <p class='ocr_par' dir='ltr' id='par_1_57' title="bbox 2297 2853 3891 2925">
     <span class='ocr_line' id='line_1_57' title="bbox 2297 2853 3891 2925; baseline 0.003 -20"><span class='ocrx_word' id='word_1_382' title='bbox 2297 2853 2563 2907; x_wconf 86' lang='lat' dir='ltr'><strong>maculam</strong></span> <span class='ocrx_word' id='word_1_383' title='bbox 2586 2853 2940 2909; x_wconf 88' lang='lat' dir='ltr'><strong>inundatione</strong></span> <span class='ocrx_word' id='word_1_384' title='bbox 2964 2863 3200 2924; x_wconf 74' lang='lat' dir='ltr'><strong>paterna:</strong></span> <span class='ocrx_word' id='word_1_385' title='bbox 3224 2853 3617 2911; x_wconf 89' lang='lat' dir='ltr'><strong>benedictionis</strong></span> <span class='ocrx_word' id='word_1_386' title='bbox 3642 2858 3891 2925; x_wconf 86' lang='lat' dir='ltr'><strong>protinus</strong></span> 
     </span>
    </p>
   </div>
   <div class='ocr_carea' id='block_1_58' title="bbox 1673 3007 2802 3069">
    <p class='ocr_par' dir='ltr' id='par_1_58' title="bbox 1673 3007 2802 3069">
     <span class='ocr_line' id='line_1_58' title="bbox 1673 3007 2802 3069; baseline -0.001 -1"><span class='ocrx_word' id='word_1_387' title='bbox 1673 3009 1930 3068; x_wconf 81' lang='lat' dir='ltr'><strong>ALARDI</strong></span> <span class='ocrx_word' id='word_1_388' title='bbox 1968 3007 2206 3067; x_wconf 66' lang='lat' dir='ltr'><strong>GAZ/El</strong></span> <span class='ocrx_word' id='word_1_389' title='bbox 2243 3009 2802 3069; x_wconf 76' lang='lat' dir='ltr'><strong>COMMENTARIUS.</strong></span> 
     </span>
    </p>
   </div>
   <div class='ocr_carea' id='block_1_59' title="bbox 601 3127 2185 3197">
    <p class='ocr_par' dir='ltr' id='par_1_59' title="bbox 601 3127 2185 3197">
     <span class='ocr_line' id='line_1_59' title="bbox 601 3127 2185 3197; baseline -0.006 -7"><span class='ocrx_word' id='word_1_390' title='bbox 601 3131 889 3191; x_wconf 90' lang='lat' dir='ltr'><strong>collatione</strong></span> <span class='ocrx_word' id='word_1_391' title='bbox 942 3129 1201 3185; x_wconf 89' lang='lat' dir='ltr'><strong>astruitur</strong></span> <span class='ocrx_word' id='word_1_392' title='bbox 1257 3138 1313 3186; x_wconf 90' lang='lat' dir='ltr'><strong>et</strong></span> <span class='ocrx_word' id='word_1_393' title='bbox 1360 3127 1686 3191; x_wconf 78' lang='lat' dir='ltr'><strong>defenditur,</strong></span> <span class='ocrx_word' id='word_1_394' title='bbox 1747 3142 1881 3197; x_wconf 89' lang='lat' dir='ltr'><strong>quas</strong></span> <span class='ocrx_word' id='word_1_395' title='bbox 1935 3127 2185 3181; x_wconf 85' lang='lat' dir='ltr'><strong>dominus</strong></span> 
     </span>
    </p>
   </div>
   <div class='ocr_carea' id='block_1_60' title="bbox 606 3200 2189 3278">
    <p class='ocr_par' dir='ltr' id='par_1_60' title="bbox 606 3200 2189 3278">
     <span class='ocr_line' id='line_1_60' title="bbox 606 3200 2189 3278; baseline -0.006 -17"><span class='ocrx_word' id='word_1_396' title='bbox 606 3204 878 3278; x_wconf 76' lang='lat' dir='ltr'><strong>Guychius</strong></span> <span class='ocrx_word' id='word_1_397' title='bbox 897 3202 1135 3278; x_wconf 78' lang='lat' dir='ltr'><strong>collegit,</strong></span> <span class='ocrx_word' id='word_1_398' title='bbox 1168 3212 1220 3256; x_wconf 89' lang='lat' dir='ltr'><strong>et</strong></span> <span class='ocrx_word' id='word_1_399' title='bbox 1251 3202 1302 3254; x_wconf 89' lang='lat' dir='ltr'><strong>in</strong></span> <span class='ocrx_word' id='word_1_400' title='bbox 1332 3200 1576 3278; x_wconf 86' lang='lat' dir='ltr'><strong>ordinem</strong></span> <span class='ocrx_word' id='word_1_401' title='bbox 1607 3200 1992 3278; x_wconf 35' lang='lat' dir='ltr'><strong>digessitkqun</strong></span> <span class='ocrx_word' id='word_1_402' title='bbox 2021 3200 2189 3278; x_wconf 71' lang='lat' dir='ltr'><strong>lecto-</strong></span> 
     </span>
    </p>
   </div>
   <div class='ocr_carea' id='block_1_61' title="bbox 600 3268 2191 3343">
    <p class='ocr_par' dir='ltr' id='par_1_61' title="bbox 600 3268 2191 3343">
     <span class='ocr_line' id='line_1_61' title="bbox 600 3268 2191 3343; baseline -0.006 -11"><span class='ocrx_word' id='word_1_403' title='bbox 600 3268 757 3334; x_wconf 72' lang='lat' dir='ltr'><strong>ribus</strong></span> <span class='ocrx_word' id='word_1_404' title='bbox 785 3275 955 3343; x_wconf 89' lang='lat' dir='ltr'><strong>magis</strong></span> <span class='ocrx_word' id='word_1_405' title='bbox 989 3281 1208 3343; x_wconf 82' lang='lat' dir='ltr'><strong>pateant</strong></span> <span class='ocrx_word' id='word_1_406' title='bbox 1236 3280 1290 3325; x_wconf 85' lang='lat' dir='ltr'><strong>et</strong></span> <span class='ocrx_word' id='word_1_407' title='bbox 1317 3272 1479 3324; x_wconf 91' lang='lat' dir='ltr'><strong>tutius</strong></span> <span class='ocrx_word' id='word_1_408' title='bbox 1502 3279 1820 3343; x_wconf 73' lang='lat' dir='ltr'><strong>caveantur.</strong></span> <span class='ocrx_word' id='word_1_409' title='bbox 1853 3268 2024 3343; x_wconf 81' lang='lat' dir='ltr'><strong>Porro</strong></span> <span class='ocrx_word' id='word_1_410' title='bbox 2054 3270 2191 3323; x_wconf 88' lang='lat' dir='ltr'><strong>elle-</strong></span> 
     </span>
    </p>
   </div>
   <div class='ocr_carea' id='block_1_62' title="bbox 602 3340 2195 3408">
    <p class='ocr_par' dir='ltr' id='par_1_62' title="bbox 602 3340 2195 3408">
     <span class='ocr_line' id='line_1_62' title="bbox 602 3340 2195 3408; baseline -0.008 -4"><span class='ocrx_word' id='word_1_411' title='bbox 602 3349 818 3407; x_wconf 85' lang='lat' dir='ltr'><strong>borum,</strong></span> <span class='ocrx_word' id='word_1_412' title='bbox 863 3340 971 3408; x_wconf 66' lang='lat' dir='ltr'><strong>vel,</strong></span> <span class='ocrx_word' id='word_1_413' title='bbox 1002 3354 1057 3396; x_wconf 91' lang='lat' dir='ltr'><strong>ut</strong></span> <span class='ocrx_word' id='word_1_414' title='bbox 1087 3342 1180 3396; x_wconf 89' lang='lat' dir='ltr'><strong>alii</strong></span> <span class='ocrx_word' id='word_1_415' title='bbox 1214 3343 1452 3408; x_wconf 89' lang='lat' dir='ltr'><strong>malunt,</strong></span> <span class='ocrx_word' id='word_1_416' title='bbox 1501 3340 1858 3399; x_wconf 84' lang='lat' dir='ltr'><strong>helleborum.</strong></span> <span class='ocrx_word' id='word_1_417' title='bbox 1892 3340 2057 3393; x_wconf 80' lang='lat' dir='ltr'><strong>herba</strong></span> <span class='ocrx_word' id='word_1_418' title='bbox 2089 3351 2195 3406; x_wconf 88' lang='lat' dir='ltr'><strong>est,</strong></span> 
     </span>
    </p>
   </div>
   <div class='ocr_carea' id='block_1_63' title="bbox 600 3408 2195 3487">
    <p class='ocr_par' dir='ltr' id='par_1_63' title="bbox 600 3408 2195 3487">
     <span class='ocr_line' id='line_1_63' title="bbox 600 3408 2195 3487; baseline -0.005 -14"><span class='ocrx_word' id='word_1_419' title='bbox 600 3419 867 3487; x_wconf 85' lang='lat' dir='ltr'><strong>insignem</strong></span> <span class='ocrx_word' id='word_1_420' title='bbox 889 3413 1151 3487; x_wconf 75' lang='lat' dir='ltr'><strong>purgandi</strong></span> <span class='ocrx_word' id='word_1_421' title='bbox 1166 3413 1271 3487; x_wconf 88' lang='lat' dir='ltr'><strong>vim</strong></span> <span class='ocrx_word' id='word_1_422' title='bbox 1293 3413 1517 3487; x_wconf 85' lang='lat' dir='ltr'><strong>habens,</strong></span> <span class='ocrx_word' id='word_1_423' title='bbox 1542 3425 1702 3487; x_wconf 83' lang='lat' dir='ltr'><strong>quam</strong></span> <span class='ocrx_word' id='word_1_424' title='bbox 1724 3408 1897 3487; x_wconf 79' lang='lat' dir='ltr'><strong>Latini</strong></span> <span class='ocrx_word' id='word_1_425' title='bbox 1922 3418 2195 3487; x_wconf 76' lang='lat' dir='ltr'><strong>veratrum</strong></span> 
     </span>
    </p>
   </div>
   <div class='ocr_carea' id='block_1_64' title="bbox 601 3481 2194 3559">
    <p class='ocr_par' dir='ltr' id='par_1_64' title="bbox 601 3481 2194 3559">
     <span class='ocr_line' id='line_1_64' title="bbox 601 3481 2194 3559; baseline -0.006 -14"><span class='ocrx_word' id='word_1_426' title='bbox 601 3481 930 3559; x_wconf 34' lang='lat' dir='ltr'><strong>appellant;</strong></span> <span class='ocrx_word' id='word_1_427' title='bbox 956 3481 1465 3559; x_wconf 69' lang='lat' dir='ltr'><strong>Praestantissimum</strong></span> <span class='ocrx_word' id='word_1_428' title='bbox 1496 3481 1772 3559; x_wconf 85' lang='lat' dir='ltr'><strong>_nascitur</strong></span> <span class='ocrx_word' id='word_1_429' title='bbox 1826 3481 1881 3534; x_wconf 89' lang='lat' dir='ltr'><strong>in</strong></span> <span class='ocrx_word' id='word_1_430' title='bbox 1908 3482 2194 3559; x_wconf 38' lang='lat' dir='ltr'><strong>ﬁnticyra</strong></span> 
     </span>
    </p>
   </div>
   <div class='ocr_carea' id='block_1_65' title="bbox 600 3550 2195 3624">
    <p class='ocr_par' dir='ltr' id='par_1_65' title="bbox 600 3550 2195 3624">
     <span class='ocr_line' id='line_1_65' title="bbox 600 3550 2195 3624; baseline -0.006 -8"><span class='ocrx_word' id='word_1_431' title='bbox 600 3550 777 3616; x_wconf 76' lang='lat' dir='ltr'><strong>insula</strong></span> <span class='ocrx_word' id='word_1_432' title='bbox 796 3600 812 3624; x_wconf 89' lang='lat'><strong>,</strong></span> <span class='ocrx_word' id='word_1_433' title='bbox 844 3557 933 3610; x_wconf 92' lang='lat' dir='ltr'><strong>ubi</strong></span> <span class='ocrx_word' id='word_1_434' title='bbox 964 3565 1019 3612; x_wconf 91' lang='lat' dir='ltr'><strong>et</strong></span> <span class='ocrx_word' id='word_1_435' title='bbox 1046 3554 1323 3624; x_wconf 80' lang='lat' dir='ltr'><strong>tutissime</strong></span> <span class='ocrx_word' id='word_1_436' title='bbox 1339 3552 1652 3607; x_wconf 89' lang='lat' dir='ltr'><strong>sumebatur</strong></span> <span class='ocrx_word' id='word_1_437' title='bbox 1681 3550 1947 3624; x_wconf 75' lang='lat' dir='ltr'><strong>purgandi</strong></span> <span class='ocrx_word' id='word_1_438' title='bbox 1975 3550 2195 3606; x_wconf 89' lang='lat' dir='ltr'><strong>cerebri</strong></span> 
     </span>
    </p>
   </div>
   <div class='ocr_carea' id='block_1_66' title="bbox 601 3622 2195 3697">
    <p class='ocr_par' dir='ltr' id='par_1_66' title="bbox 601 3622 2195 3697">
     <span class='ocr_line' id='line_1_66' title="bbox 601 3622 2195 3697; baseline -0.008 -10"><span class='ocrx_word' id='word_1_439' title='bbox 601 3622 1037 3696; x_wconf 27' lang='lat' dir='ltr'><strong>causa,_au0tore</strong></span> <span class='ocrx_word' id='word_1_440' title='bbox 1061 3625 1235 3697; x_wconf 86' lang='lat' dir='ltr'><strong>Plinio</strong></span> <span class='ocrx_word' id='word_1_441' title='bbox 1264 3622 1413 3697; x_wconf 85' lang='lat' dir='ltr'><strong>(Lib.</strong></span> <span class='ocrx_word' id='word_1_442' title='bbox 1437 3638 1543 3677; x_wconf 80' lang='lat' dir='ltr'><strong>xxv</strong></span> <span class='ocrx_word' id='word_1_443' title='bbox 1565 3622 1785 3697; x_wconf 92' lang='lat' dir='ltr'><strong>cap.</strong></span> <span class='ocrx_word' id='word_1_444' title='bbox 1819 3622 1970 3678; x_wconf 91' lang='lat' dir='ltr'><strong>Unde</strong></span> <span class='ocrx_word' id='word_1_445' title='bbox 2001 3624 2195 3697; x_wconf 83' lang='lat' dir='ltr'><strong>factum</strong></span> 
     </span>
    </p>
   </div>
   <div class='ocr_carea' id='block_1_67' title="bbox 603 3694 2195 3769">
    <p class='ocr_par' dir='ltr' id='par_1_67' title="bbox 603 3694 2195 3769">
     <span class='ocr_line' id='line_1_67' title="bbox 603 3694 2195 3769; baseline -0.006 -13"><span class='ocrx_word' id='word_1_446' title='bbox 603 3712 684 3757; x_wconf 91' lang='lat' dir='ltr'><strong>est</strong></span> <span class='ocrx_word' id='word_1_447' title='bbox 708 3694 878 3769; x_wconf 81' lang='lat' dir='ltr'><strong>utqui</strong></span> <span class='ocrx_word' id='word_1_448' title='bbox 902 3697 1127 3753; x_wconf 85' lang='lat' dir='ltr'><strong>cerebro</strong></span> <span class='ocrx_word' id='word_1_449' title='bbox 1159 3694 1337 3769; x_wconf 80' lang='lat' dir='ltr'><strong>minus</strong></span> <span class='ocrx_word' id='word_1_450' title='bbox 1367 3709 1501 3769; x_wconf 82' lang='lat' dir='ltr'><strong>sano</strong></span> <span class='ocrx_word' id='word_1_451' title='bbox 1523 3708 1643 3769; x_wconf 83' lang='lat' dir='ltr'><strong>esse</strong></span> <span class='ocrx_word' id='word_1_452' title='bbox 1657 3694 2008 3769; x_wconf 74' lang='lat' dir='ltr'><strong>viderentur,</strong></span> <span class='ocrx_word' id='word_1_453' title='bbox 2036 3695 2195 3748; x_wconf 80' lang='lat' dir='ltr'><strong>Anti-</strong></span> 
     </span>
    </p>
   </div>
   <div class='ocr_carea' id='block_1_68' title="bbox 601 3765 2193 3839">
    <p class='ocr_par' dir='ltr' id='par_1_68' title="bbox 601 3765 2193 3839">
     <span class='ocr_line' id='line_1_68' title="bbox 601 3765 2193 3839; baseline -0.005 -12"><span class='ocrx_word' id='word_1_454' title='bbox 601 3787 786 3839; x_wconf 83' lang='lat' dir='ltr'><strong>cyram</strong></span> <span class='ocrx_word' id='word_1_455' title='bbox 809 3765 1080 3839; x_wconf 57' lang='lat' dir='ltr'><strong>&#39;navigare</strong></span> <span class='ocrx_word' id='word_1_456' title='bbox 1116 3776 1209 3822; x_wconf 90' lang='lat' dir='ltr'><strong>aut</strong></span> <span class='ocrx_word' id='word_1_457' title='bbox 1240 3766 1580 3821; x_wconf 90' lang='lat' dir='ltr'><strong>helleborum</strong></span> <span class='ocrx_word' id='word_1_458' title='bbox 1620 3765 1809 3839; x_wconf 85' lang='lat' dir='ltr'><strong>bibere</strong></span> <span class='ocrx_word' id='word_1_459' title='bbox 1845 3765 2193 3839; x_wconf 71' lang='lat' dir='ltr'><strong>iuberentur,</strong></span> 
     </span>
    </p>
   </div>
   <div class='ocr_carea' id='block_1_69' title="bbox 601 3788 2193 3912">
    <p class='ocr_par' dir='ltr' id='par_1_69' title="bbox 601 3788 2193 3912">
     <span class='ocr_line' id='line_1_69' title="bbox 601 3788 2193 3839; baseline -0.005 -12"><span class='ocrx_word' id='word_1_460' title='bbox 601 3788 631 3827; x_wconf 70' lang='grc' dir='ltr'><strong>θ</strong></span> <span class='ocrx_word' id='word_1_461' title='bbox 674 3788 786 3826; x_wconf 73' lang='lat' dir='ltr'><strong>ram</strong></span> <span class='ocrx_word' id='word_1_462' title='bbox 825 3788 1080 3839; x_wconf 79' lang='lat' dir='ltr'><strong>naVIgare</strong></span> <span class='ocrx_word' id='word_1_463' title='bbox 1116 3788 1209 3822; x_wconf 82' lang='lat' dir='ltr'><strong>am</strong></span> <span class='ocrx_word' id='word_1_464' title='bbox 1240 3788 1580 3821; x_wconf 73' lang='lat' dir='ltr'><strong>“CIICDUI&#39;UIII</strong></span> <span class='ocrx_word' id='word_1_465' title='bbox 1621 3788 1809 3821; x_wconf 68' lang='lat' dir='ltr'><strong>DIDCTB</strong></span> <span class='ocrx_word' id='word_1_466' title='bbox 1845 3788 2193 3835; x_wconf 63' lang='lat' dir='ltr'><strong>jUUBl‘CIIlUl‘,</strong></span> 
     </span>
     <span class='ocr_line' id='line_1_70' title="bbox 601 3788 2193 3912; baseline -0.004 -15"><span class='ocrx_word' id='word_1_467' title='bbox 601 3788 672 3898; x_wconf 69' lang='lat' dir='ltr'><strong>Eyt</strong></span> <span class='ocrx_word' id='word_1_468' title='bbox 712 3842 851 3912; x_wconf 89' lang='lat' dir='ltr'><strong>apud</strong></span> <span class='ocrx_word' id='word_1_469' title='bbox 885 3841 1108 3912; x_wconf 67' lang='lat' dir='ltr'><strong>Graecos</strong></span> <span class='ocrx_word' id='word_1_470' title='bbox 1150 3838 1478 3910; x_wconf 76' lang='grc' dir='ltr'><strong>ἔλλιϐορὶζειν</strong></span> <span class='ocrx_word' id='word_1_471' title='bbox 1524 3851 1621 3907; x_wconf 89' lang='lat' dir='ltr'><strong>pro</strong></span> <span class='ocrx_word' id='word_1_472' title='bbox 1647 3837 1898 3912; x_wconf 79' lang='lat' dir='ltr'><strong>insanire</strong></span> <span class='ocrx_word' id='word_1_473' title='bbox 1940 3837 2193 3912; x_wconf 76' lang='lat' dir='ltr'><strong>sumitur;</strong></span> 
     </span>
    </p>
   </div>
   <div class='ocr_carea' id='block_1_70' title="bbox 603 3907 2197 3982">
    <p class='ocr_par' dir='ltr' id='par_1_70' title="bbox 603 3907 2197 3982">
     <span class='ocr_line' id='line_1_71' title="bbox 603 3907 2197 3982; baseline -0.005 -14"><span class='ocrx_word' id='word_1_474' title='bbox 603 3923 659 3968; x_wconf 92' lang='lat' dir='ltr'><strong>et</strong></span> <span class='ocrx_word' id='word_1_475' title='bbox 687 3907 778 3982; x_wconf 73' lang='lat' dir='ltr'><strong>qui</strong></span> <span class='ocrx_word' id='word_1_476' title='bbox 808 3927 994 3980; x_wconf 90' lang='lat' dir='ltr'><strong>parum</strong></span> <span class='ocrx_word' id='word_1_477' title='bbox 1026 3911 1206 3964; x_wconf 91' lang='lat' dir='ltr'><strong>animo</strong></span> <span class='ocrx_word' id='word_1_478' title='bbox 1236 3907 1606 3982; x_wconf 79' lang='lat' dir='ltr'><strong>constant,_et</strong></span> <span class='ocrx_word' id='word_1_479' title='bbox 1637 3907 1882 3982; x_wconf 82' lang='lat' dir='ltr'><strong>levitatis</strong></span> <span class='ocrx_word' id='word_1_480' title='bbox 1910 3908 2197 3982; x_wconf 81' lang='lat' dir='ltr'><strong>aut_verti-</strong></span> 
     </span>
    </p>
   </div>
   <div class='ocr_carea' id='block_1_71' title="bbox 601 3977 2199 4055">
    <p class='ocr_par' dir='ltr' id='par_1_71' title="bbox 601 3977 2199 4055">
     <span class='ocr_line' id='line_1_72' title="bbox 601 3977 2199 4055; baseline -0.001 -19"><span class='ocrx_word' id='word_1_481' title='bbox 601 3977 742 4054; x_wconf 83' lang='lat' dir='ltr'><strong>ginis</strong></span> <span class='ocrx_word' id='word_1_482' title='bbox 765 3977 953 4055; x_wconf 85' lang='lat' dir='ltr'><strong>morbo</strong></span> <span class='ocrx_word' id='word_1_483' title='bbox 968 3981 1235 4046; x_wconf 87' lang='lat' dir='ltr'><strong>laborant,</strong></span> <span class='ocrx_word' id='word_1_484' title='bbox 1251 3980 1499 4055; x_wconf 67' lang='grc' dir='ltr'><strong>ἐλλςϐῥρῳ</strong></span> <span class='ocrx_word' id='word_1_485' title='bbox 1515 3977 1730 4055; x_wconf 60' lang='grc' dir='ltr'><strong>δεῖσθαι.</strong></span> <span class='ocrx_word' id='word_1_486' title='bbox 1748 3979 1798 4033; x_wconf 90' lang='lat' dir='ltr'><strong>id</strong></span> <span class='ocrx_word' id='word_1_487' title='bbox 1815 3986 1897 4033; x_wconf 89' lang='lat' dir='ltr'><strong>est</strong></span> <span class='ocrx_word' id='word_1_488' title='bbox 1921 3978 2199 4034; x_wconf 91' lang='lat' dir='ltr'><strong>helleboro</strong></span> 
     </span>
    </p>
   </div>
   <div class='ocr_carea' id='block_1_72' title="bbox 600 4050 2199 4125">
    <p class='ocr_par' dir='ltr' id='par_1_72' title="bbox 600 4050 2199 4125">
     <span class='ocr_line' id='line_1_73' title="bbox 600 4050 2199 4125; baseline -0.004 -15"><span class='ocrx_word' id='word_1_489' title='bbox 600 4050 846 4125; x_wconf 73' lang='lat' dir='ltr'><strong>indigere</strong></span> <span class='ocrx_word' id='word_1_490' title='bbox 889 4054 1162 4116; x_wconf 90' lang='lat' dir='ltr'><strong>dicuntur,</strong></span> <span class='ocrx_word' id='word_1_491' title='bbox 1212 4050 1357 4125; x_wconf 89' lang='lat' dir='ltr'><strong>quod</strong></span> <span class='ocrx_word' id='word_1_492' title='bbox 1396 4050 1733 4125; x_wconf 76' lang='lat' dir='ltr'><strong>helleborum</strong></span> <span class='ocrx_word' id='word_1_493' title='bbox 1762 4064 2005 4125; x_wconf 81' lang='lat' dir='ltr'><strong>purgare</strong></span> <span class='ocrx_word' id='word_1_494' title='bbox 2046 4064 2199 4125; x_wconf 74' lang='lat' dir='ltr'><strong>cere-</strong></span> 
     </span>
    </p>
   </div>
   <div class='ocr_carea' id='block_1_73' title="bbox 602 4120 2198 4192">
    <p class='ocr_par' dir='ltr' id='par_1_73' title="bbox 602 4120 2198 4192">
     <span class='ocr_line' id='line_1_74' title="bbox 602 4120 2198 4192; baseline -0.005 -10"><span class='ocrx_word' id='word_1_495' title='bbox 602 4120 783 4191; x_wconf 77' lang='lat' dir='ltr'><strong>brum,</strong></span> <span class='ocrx_word' id='word_1_496' title='bbox 828 4125 1060 4192; x_wconf 89' lang='lat' dir='ltr'><strong>ideoque</strong></span> <span class='ocrx_word' id='word_1_497' title='bbox 1106 4136 1299 4192; x_wconf 89' lang='lat' dir='ltr'><strong>cura_re</strong></span> <span class='ocrx_word' id='word_1_498' title='bbox 1348 4122 1609 4192; x_wconf 85' lang='lat' dir='ltr'><strong>insaniam</strong></span> <span class='ocrx_word' id='word_1_499' title='bbox 1664 4121 1897 4192; x_wconf 87' lang='lat' dir='ltr'><strong>antiquis</strong></span> <span class='ocrx_word' id='word_1_500' title='bbox 1931 4120 2198 4192; x_wconf 67' lang='lat' dir='ltr'><strong>creditum</strong></span> 
     </span>
    </p>
   </div>
   <div class='ocr_carea' id='block_1_74' title="bbox 603 4187 2196 4262">
    <p class='ocr_par' dir='ltr' id='par_1_74' title="bbox 603 4187 2196 4262">
     <span class='ocr_line' id='line_1_75' title="bbox 603 4187 2196 4262; baseline -0.006 -11"><span class='ocrx_word' id='word_1_501' title='bbox 603 4199 693 4251; x_wconf 86' lang='lat' dir='ltr'><strong>sit.</strong></span> <span class='ocrx_word' id='word_1_502' title='bbox 727 4187 880 4251; x_wconf 90' lang='lat' dir='ltr'><strong>Unde</strong></span> <span class='ocrx_word' id='word_1_503' title='bbox 903 4187 1140 4248; x_wconf 79' lang='lat' dir='ltr'><strong>Isidorus</strong></span> <span class='ocrx_word' id='word_1_504' title='bbox 1181 4190 1392 4262; x_wconf 80' lang='lat' dir='ltr'><strong>(Etym.</strong></span> <span class='ocrx_word' id='word_1_505' title='bbox 1419 4191 1663 4262; x_wconf 8' lang='lat' dir='ltr'><strong>lib.7xv1t,</strong></span> <span class='ocrx_word' id='word_1_506' title='bbox 1691 4187 1809 4258; x_wconf 68' lang='lat' dir='ltr'><strong>cap.</strong></span> <span class='ocrx_word' id='word_1_507' title='bbox 1840 4190 1906 4260; x_wconf 90' lang='lat'><strong>9)</strong></span> <span class='ocrx_word' id='word_1_508' title='bbox 1937 4205 1951 4242; x_wconf 91' lang='lat'>:</span> <span class='ocrx_word' id='word_1_509' title='bbox 1983 4187 2196 4243; x_wconf 85' lang='lat' dir='ltr'><strong>Ellebo-</strong></span> 
     </span>
    </p>
   </div>
   <div class='ocr_carea' id='block_1_75' title="bbox 600 4261 2198 4333">
    <p class='ocr_par' dir='ltr' id='par_1_75' title="bbox 600 4261 2198 4333">
     <span class='ocr_line' id='line_1_76' title="bbox 600 4261 2198 4333; baseline -0.004 -13"><span class='ocrx_word' id='word_1_510' title='bbox 600 4284 737 4329; x_wconf 88' lang='lat' dir='ltr'><strong>rum,</strong></span> <span class='ocrx_word' id='word_1_511' title='bbox 772 4266 974 4333; x_wconf 82' lang='lat' dir='ltr'><strong>inquit,</strong></span> <span class='ocrx_word' id='word_1_512' title='bbox 1007 4263 1230 4317; x_wconf 85' lang='lat' dir='ltr'><strong>Romani</strong></span> <span class='ocrx_word' id='word_1_513' title='bbox 1260 4261 1367 4314; x_wconf 84' lang='lat' dir='ltr'><strong>alio</strong></span> <span class='ocrx_word' id='word_1_514' title='bbox 1394 4261 1596 4333; x_wconf 78' lang='lat' dir='ltr'><strong>nomine</strong></span> <span class='ocrx_word' id='word_1_515' title='bbox 1624 4273 1881 4314; x_wconf 84' lang='lat' dir='ltr'><strong>veratrum</strong></span> <span class='ocrx_word' id='word_1_516' title='bbox 1914 4261 2115 4333; x_wconf 87' lang='lat' dir='ltr'><strong>dicunt,</strong></span> <span class='ocrx_word' id='word_1_517' title='bbox 2140 4277 2198 4314; x_wconf 89' lang='lat' dir='ltr'><strong>eo</strong></span> 
     </span>
    </p>
   </div>
   <div class='ocr_carea' id='block_1_76' title="bbox 601 4331 2153 4407">
    <p class='ocr_par' dir='ltr' id='par_1_76' title="bbox 601 4331 2153 4407">
     <span class='ocr_line' id='line_1_77' title="bbox 601 4331 2153 4407; baseline -0.003 -19"><span class='ocrx_word' id='word_1_518' title='bbox 601 4331 1041 4407; x_wconf 78' lang='lat' dir='ltr'><strong>quod_suntptu_m</strong></span> <span class='ocrx_word' id='word_1_519' title='bbox 1068 4340 1259 4407; x_wconf 80' lang='lat' dir='ltr'><strong>motam</strong></span> <span class='ocrx_word' id='word_1_520' title='bbox 1281 4331 1599 4407; x_wconf 26' lang='lat' dir='ltr'><strong>‘mentemhin</strong></span> <span class='ocrx_word' id='word_1_521' title='bbox 1620 4333 1892 4407; x_wconf 70' lang='lat' dir='ltr'><strong>sanitatem</strong></span> <span class='ocrx_word' id='word_1_522' title='bbox 1920 4332 2153 4385; x_wconf 88' lang='lat' dir='ltr'><strong>reducat.</strong></span> 
     </span>
    </p>
   </div>
   <div class='ocr_carea' id='block_1_77' title="bbox 679 4400 2199 4457">
    <p class='ocr_par' dir='ltr' id='par_1_77' title="bbox 679 4400 2199 4457">
     <span class='ocr_line' id='line_1_78' title="bbox 679 4400 2199 4457; baseline -0.001 0"><span class='ocrx_word' id='word_1_523' title='bbox 679 4416 704 4441; x_wconf 74' lang='grc' dir='ltr'><strong>ι</strong></span> <span class='ocrx_word' id='word_1_524' title='bbox 746 4400 905 4457; x_wconf 44' lang='lat' dir='ltr'><strong>Raab</strong></span> <span class='ocrx_word' id='word_1_525' title='bbox 957 4402 1367 4456; x_wconf 87' lang='lat' dir='ltr'><strong>Hierichontina</strong></span> <span class='ocrx_word' id='word_1_526' title='bbox 1425 4400 1619 4454; x_wconf 90' lang='lat' dir='ltr'><strong>mulier</strong></span> <span class='ocrx_word' id='word_1_527' title='bbox 1678 4402 1922 4456; x_wconf 88' lang='lat' dir='ltr'><strong>ofliciuso</strong></span> <span class='ocrx_word' id='word_1_528' title='bbox 1968 4417 2060 4455; x_wconf 90' lang='lat' dir='ltr'><strong>usa</strong></span> <span class='ocrx_word' id='word_1_529' title='bbox 2114 4410 2199 4456; x_wconf 88' lang='lat' dir='ltr'><strong>est</strong></span> 
     </span>
    </p>
   </div>
   <div class='ocr_carea' id='block_1_78' title="bbox 608 4471 2187 4541">
    <p class='ocr_par' dir='ltr' id='par_1_78' title="bbox 608 4471 2187 4541">
     <span class='ocr_line' id='line_1_79' title="bbox 608 4471 2187 4541; baseline -0.004 -9"><span class='ocrx_word' id='word_1_530' title='bbox 608 4475 912 4539; x_wconf 84' lang='lat' dir='ltr'><strong>mendacio,</strong></span> <span class='ocrx_word' id='word_1_531' title='bbox 942 4473 1068 4526; x_wconf 93' lang='lat' dir='ltr'><strong>dum</strong></span> <span class='ocrx_word' id='word_1_532' title='bbox 1094 4472 1243 4540; x_wconf 80' lang='lat' dir='ltr'><strong>jussa</strong></span> <span class='ocrx_word' id='word_1_533' title='bbox 1273 4471 1499 4541; x_wconf 89' lang='lat' dir='ltr'><strong>prodere</strong></span> <span class='ocrx_word' id='word_1_534' title='bbox 1520 4473 1887 4541; x_wconf 62' lang='lat' dir='ltr'><strong>exploratores</strong></span> <span class='ocrx_word' id='word_1_535' title='bbox 1926 4473 2187 4527; x_wconf 68' lang='lat' dir='ltr'><strong>Hebraeos</strong></span> 
     </span>
    </p>
   </div>
   <div class='ocr_carea' id='block_1_79' title="bbox 603 4540 2184 4619">
    <p class='ocr_par' dir='ltr' id='par_1_79' title="bbox 603 4540 2184 4619">
     <span class='ocr_line' id='line_1_80' title="bbox 603 4540 2184 4619; baseline -0.003 -18"><span class='ocrx_word' id='word_1_536' title='bbox 603 4546 696 4619; x_wconf 90' lang='lat' dir='ltr'><strong>qui</strong></span> <span class='ocrx_word' id='word_1_537' title='bbox 731 4548 796 4600; x_wconf 90' lang='lat' dir='ltr'><strong>ad</strong></span> <span class='ocrx_word' id='word_1_538' title='bbox 826 4540 1287 4619; x_wconf 74' lang='lat' dir='ltr'><strong>sediverterant,</strong></span> <span class='ocrx_word' id='word_1_539' title='bbox 1320 4542 1601 4619; x_wconf 76' lang='lat' dir='ltr'><strong>reSpondit</strong></span> <span class='ocrx_word' id='word_1_540' title='bbox 1622 4561 1652 4619; x_wconf 47' lang='grc' dir='ltr'><em>λ</em></span> <span class='ocrx_word' id='word_1_541' title='bbox 1678 4540 1893 4607; x_wconf 86' lang='lat' dir='ltr'><strong>Fateor,</strong></span> <span class='ocrx_word' id='word_1_542' title='bbox 1937 4554 2184 4619; x_wconf 77' lang='lat' dir='ltr'><strong>venerunt</strong></span> 
     </span>
    </p>
   </div>
   <div class='ocr_carea' id='block_1_80' title="bbox 601 4610 2186 4687">
    <p class='ocr_par' dir='ltr' id='par_1_80' title="bbox 601 4610 2186 4687">
     <span class='ocr_line' id='line_1_81' title="bbox 601 4610 2186 4687; baseline -0.003 -15"><span class='ocrx_word' id='word_1_543' title='bbox 601 4610 669 4672; x_wconf 71' lang='lat' dir='ltr'><strong>ad</strong></span> <span class='ocrx_word' id='word_1_544' title='bbox 694 4634 792 4682; x_wconf 88' lang='lat' dir='ltr'><strong>me,</strong></span> <span class='ocrx_word' id='word_1_545' title='bbox 818 4617 908 4670; x_wconf 84' lang='lat' dir='ltr'><strong>sed</strong></span> <span class='ocrx_word' id='word_1_546' title='bbox 937 4614 1219 4687; x_wconf 70' lang='lat' dir='ltr'><strong>nesciebam</strong></span> <span class='ocrx_word' id='word_1_547' title='bbox 1243 4614 1378 4687; x_wconf 83' lang='lat' dir='ltr'><strong>unde</strong></span> <span class='ocrx_word' id='word_1_548' title='bbox 1398 4623 1579 4687; x_wconf 81' lang='lat' dir='ltr'><strong>essent.</strong></span> <span class='ocrx_word' id='word_1_549' title='bbox 1612 4610 1839 4687; x_wconf 74' lang='lat' dir='ltr'><strong>cumque</strong></span> <span class='ocrx_word' id='word_1_550' title='bbox 1868 4625 2017 4687; x_wconf 78' lang='lat' dir='ltr'><strong>porta</strong></span> <span class='ocrx_word' id='word_1_551' title='bbox 2039 4614 2186 4668; x_wconf 85' lang='lat' dir='ltr'><strong>clau-</strong></span> 
     </span>
    </p>
   </div>
   <div class='ocr_carea' id='block_1_81' title="bbox 601 4685 2186 4756">
    <p class='ocr_par' dir='ltr' id='par_1_81' title="bbox 601 4685 2186 4756">
     <span class='ocr_line' id='line_1_82' title="bbox 601 4685 2186 4756; baseline -0.002 -13"><span class='ocrx_word' id='word_1_552' title='bbox 601 4690 804 4743; x_wconf 88' lang='lat' dir='ltr'><strong>deretur</strong></span> <span class='ocrx_word' id='word_1_553' title='bbox 832 4688 883 4741; x_wconf 90' lang='lat' dir='ltr'><strong>in</strong></span> <span class='ocrx_word' id='word_1_554' title='bbox 928 4685 1167 4756; x_wconf 84' lang='lat' dir='ltr'><strong>tenebris,</strong></span> <span class='ocrx_word' id='word_1_555' title='bbox 1195 4695 1244 4738; x_wconf 89' lang='lat' dir='ltr'><strong>et</strong></span> <span class='ocrx_word' id='word_1_556' title='bbox 1271 4685 1354 4738; x_wconf 89' lang='lat' dir='ltr'><strong>illi</strong></span> <span class='ocrx_word' id='word_1_557' title='bbox 1380 4685 1571 4756; x_wconf 86' lang='lat' dir='ltr'><strong>pariter</strong></span> <span class='ocrx_word' id='word_1_558' title='bbox 1591 4686 1844 4749; x_wconf 75' lang='lat' dir='ltr'><strong>exierunt,</strong></span> <span class='ocrx_word' id='word_1_559' title='bbox 1870 4685 2056 4739; x_wconf 86' lang='lat' dir='ltr'><strong>nescio</strong></span> <span class='ocrx_word' id='word_1_560' title='bbox 2085 4703 2186 4756; x_wconf 84' lang='lat' dir='ltr'><strong>qua</strong></span> 
     </span>
    </p>
   </div>
   <div class='ocr_carea' id='block_1_82' title="bbox 602 4755 2185 4827">
    <p class='ocr_par' dir='ltr' id='par_1_82' title="bbox 602 4755 2185 4827">
     <span class='ocr_line' id='line_1_83' title="bbox 602 4755 2185 4827; baseline -0.003 -12"><span class='ocrx_word' id='word_1_561' title='bbox 602 4762 857 4823; x_wconf 78' lang='lat' dir='ltr'><strong>abierunt,</strong></span> <span class='ocrx_word' id='word_1_562' title='bbox 876 4766 983 4812; x_wconf 90' lang='lat' dir='ltr'><strong>etc.</strong></span> <span class='ocrx_word' id='word_1_563' title='bbox 1002 4755 1207 4827; x_wconf 79' lang='lat' dir='ltr'><strong>(Iosue,</strong></span> <span class='ocrx_word' id='word_1_564' title='bbox 1226 4756 1307 4825; x_wconf 91' lang='grc' dir='ltr'><strong>ιι).</strong></span> <span class='ocrx_word' id='word_1_565' title='bbox 1328 4755 1439 4811; x_wconf 90' lang='lat' dir='ltr'><strong>Hoc</strong></span> <span class='ocrx_word' id='word_1_566' title='bbox 1453 4756 1791 4811; x_wconf 88' lang='lat' dir='ltr'><strong>mendacium</strong></span> <span class='ocrx_word' id='word_1_567' title='bbox 1816 4771 1937 4810; x_wconf 92' lang='lat' dir='ltr'><strong>cum</strong></span> <span class='ocrx_word' id='word_1_568' title='bbox 1966 4755 2185 4811; x_wconf 86' lang='lat' dir='ltr'><strong>menda—</strong></span> 
     </span>
    </p>
   </div>
   <div class='ocr_carea' id='block_1_83' title="bbox 600 4826 2188 4899">
    <p class='ocr_par' dir='ltr' id='par_1_83' title="bbox 600 4826 2188 4899">
     <span class='ocr_line' id='line_1_84' title="bbox 600 4826 2188 4899; baseline -0.003 -12"><span class='ocrx_word' id='word_1_569' title='bbox 600 4834 684 4887; x_wconf 93' lang='lat' dir='ltr'><strong>cio</strong></span> <span class='ocrx_word' id='word_1_570' title='bbox 707 4830 1056 4886; x_wconf 83' lang='lat' dir='ltr'><strong>obstetricum</strong></span> <span class='ocrx_word' id='word_1_571' title='bbox 1076 4826 1479 4899; x_wconf 67' lang='lat' dir='ltr'><strong>Egyptiarum,</strong></span> <span class='ocrx_word' id='word_1_572' title='bbox 1511 4842 1653 4897; x_wconf 68' lang='lat' dir='ltr'><strong>quae,</strong></span> <span class='ocrx_word' id='word_1_573' title='bbox 1684 4837 1740 4882; x_wconf 92' lang='lat' dir='ltr'><strong>ut</strong></span> <span class='ocrx_word' id='word_1_574' title='bbox 1769 4828 1915 4899; x_wconf 90' lang='lat' dir='ltr'><strong>lilios</strong></span> <span class='ocrx_word' id='word_1_575' title='bbox 1934 4828 2188 4882; x_wconf 67' lang='lat' dir='ltr'><strong>&quot;Chril‘o&#39;</strong></span> 
     </span>
    </p>
   </div>
   <div class='ocr_carea' id='block_1_84' title="bbox 602 4898 2182 4968">
    <p class='ocr_par' dir='ltr' id='par_1_84' title="bbox 602 4898 2182 4968">
     <span class='ocr_line' id='line_1_85' title="bbox 602 4898 2182 4968; baseline -0.003 -10"><span class='ocrx_word' id='word_1_576' title='bbox 602 4918 719 4959; x_wconf 90' lang='lat' dir='ltr'><strong>rum</strong></span> <span class='ocrx_word' id='word_1_577' title='bbox 767 4911 939 4956; x_wconf 89' lang='lat' dir='ltr'><strong>morte</strong></span> <span class='ocrx_word' id='word_1_578' title='bbox 991 4898 1293 4967; x_wconf 82' lang='lat' dir='ltr'><strong>eriperent,</strong></span> <span class='ocrx_word' id='word_1_579' title='bbox 1322 4899 1587 4953; x_wconf 87' lang='lat' dir='ltr'><strong>Pharaoni</strong></span> <span class='ocrx_word' id='word_1_580' title='bbox 1622 4900 1859 4954; x_wconf 68' lang='lat' dir='ltr'><strong>mentita:</strong></span> <span class='ocrx_word' id='word_1_581' title='bbox 1909 4898 2182 4968; x_wconf 85' lang='lat' dir='ltr'><strong>leguntur,</strong></span> 
     </span>
    </p>
   </div>
   <div class='ocr_carea' id='block_1_85' title="bbox 600 4968 2188 5040">
    <p class='ocr_par' dir='ltr' id='par_1_85' title="bbox 600 4968 2188 5040">
     <span class='ocr_line' id='line_1_86' title="bbox 600 4968 2188 5040; baseline -0.004 -11"><span class='ocrx_word' id='word_1_582' title='bbox 600 4972 888 5029; x_wconf 87' lang='lat' dir='ltr'><strong>conferens</strong></span> <span class='ocrx_word' id='word_1_583' title='bbox 923 4972 986 5026; x_wconf 93' lang='lat' dir='ltr'><strong>D.</strong></span> <span class='ocrx_word' id='word_1_584' title='bbox 1013 4970 1347 5040; x_wconf 76' lang='lat' dir='ltr'><strong>Augustinus</strong></span> <span class='ocrx_word' id='word_1_585' title='bbox 1395 4984 1547 5023; x_wconf 90' lang='lat' dir='ltr'><strong>suam</strong></span> <span class='ocrx_word' id='word_1_586' title='bbox 1595 4968 1663 5023; x_wconf 87' lang='lat' dir='ltr'><strong>de</strong></span> <span class='ocrx_word' id='word_1_587' title='bbox 1694 4978 1924 5039; x_wconf 89' lang='lat' dir='ltr'><strong>utroque</strong></span> <span class='ocrx_word' id='word_1_588' title='bbox 1969 4980 2188 5040; x_wconf 87' lang='lat' dir='ltr'><strong>senten-</strong></span> 
     </span>
    </p>
   </div>
   <div class='ocr_carea' id='block_1_86' title="bbox 601 5039 2186 5112">
    <p class='ocr_par' dir='ltr' id='par_1_86' title="bbox 601 5039 2186 5112">
     <span class='ocr_line' id='line_1_87' title="bbox 601 5039 2186 5112; baseline -0.003 -13"><span class='ocrx_word' id='word_1_589' title='bbox 601 5046 729 5099; x_wconf 86' lang='lat' dir='ltr'><strong>tiam</strong></span> <span class='ocrx_word' id='word_1_590' title='bbox 773 5046 841 5098; x_wconf 89' lang='lat' dir='ltr'><strong>ita</strong></span> <span class='ocrx_word' id='word_1_591' title='bbox 874 5039 1127 5096; x_wconf 84' lang='lat' dir='ltr'><strong>edisserit</strong></span> <span class='ocrx_word' id='word_1_592' title='bbox 1158 5039 1306 5112; x_wconf 85' lang='lat' dir='ltr'><strong>(Lib.</strong></span> <span class='ocrx_word' id='word_1_593' title='bbox 1340 5050 1517 5112; x_wconf 74' lang='lat' dir='ltr'><strong>contra</strong></span> <span class='ocrx_word' id='word_1_594' title='bbox 1549 5041 1872 5094; x_wconf 83' lang='lat' dir='ltr'><strong>mendacium</strong></span> <span class='ocrx_word' id='word_1_595' title='bbox 1893 5056 2008 5112; x_wconf 57' lang='lat' dir='ltr'><strong>cap.</strong></span> <span class='ocrx_word' id='word_1_596' title='bbox 2044 5039 2141 5112; x_wconf 78' lang='grc'><strong>15)</strong></span> <span class='ocrx_word' id='word_1_597' title='bbox 2169 5057 2186 5094; x_wconf 87' lang='lat'><strong>:</strong></span> 
     </span>
    </p>
   </div>
   <div class='ocr_carea' id='block_1_87' title="bbox 604 5109 2188 5183">
    <p class='ocr_par' dir='ltr' id='par_1_87' title="bbox 604 5109 2188 5183">
     <span class='ocr_line' id='line_1_88' title="bbox 604 5109 2188 5183; baseline -0.001 -16"><span class='ocrx_word' id='word_1_598' title='bbox 604 5114 756 5180; x_wconf 80' lang='lat' dir='ltr'><strong>Quod</strong></span> <span class='ocrx_word' id='word_1_599' title='bbox 800 5118 1054 5183; x_wconf 89' lang='lat' dir='ltr'><strong>scriptum</strong></span> <span class='ocrx_word' id='word_1_600' title='bbox 1094 5109 1176 5167; x_wconf 75' lang='lat' dir='ltr'><strong>est</strong></span> <span class='ocrx_word' id='word_1_601' title='bbox 1212 5114 1334 5183; x_wconf 79' lang='lat' dir='ltr'><strong>bene</strong></span> <span class='ocrx_word' id='word_1_602' title='bbox 1381 5110 1549 5183; x_wconf 67' lang='lat' dir='ltr'><strong>Deum</strong></span> <span class='ocrx_word' id='word_1_603' title='bbox 1590 5112 1776 5183; x_wconf 76' lang='lat' dir='ltr'><strong>fecisse</strong></span> <span class='ocrx_word' id='word_1_604' title='bbox 1800 5126 1915 5164; x_wconf 89' lang='lat' dir='ltr'><strong>cum</strong></span> <span class='ocrx_word' id='word_1_605' title='bbox 1955 5109 2188 5166; x_wconf 78' lang='lat' dir='ltr'><strong>Hebrteis</strong></span> 
     </span>
    </p>
   </div>
   <div class='ocr_carea' id='block_1_88' title="bbox 599 5180 2185 5252">
    <p class='ocr_par' dir='ltr' id='par_1_88' title="bbox 599 5180 2185 5252">
     <span class='ocr_line' id='line_1_89' title="bbox 599 5180 2185 5252; baseline -0.003 -12"><span class='ocrx_word' id='word_1_606' title='bbox 599 5180 974 5252; x_wconf 82' lang='lat' dir='ltr'><strong>obstetricibus,</strong></span> <span class='ocrx_word' id='word_1_607' title='bbox 1009 5193 1056 5238; x_wconf 88' lang='lat' dir='ltr'><strong>et</strong></span> <span class='ocrx_word' id='word_1_608' title='bbox 1096 5200 1216 5238; x_wconf 90' lang='lat' dir='ltr'><strong>cum</strong></span> <span class='ocrx_word' id='word_1_609' title='bbox 1257 5181 1403 5236; x_wconf 86' lang='lat' dir='ltr'><strong>Raab</strong></span> <span class='ocrx_word' id='word_1_610' title='bbox 1444 5180 1849 5235; x_wconf 84' lang='lat' dir='ltr'><strong>Hierichontina</strong></span> <span class='ocrx_word' id='word_1_611' title='bbox 1896 5183 2185 5249; x_wconf 84' lang='lat' dir='ltr'><strong>meretrice,</strong></span> 
     </span>
    </p>
   </div>
   <div class='ocr_carea' id='block_1_89' title="bbox 597 5252 2189 5323">
    <p class='ocr_par' dir='ltr' id='par_1_89' title="bbox 597 5252 2189 5323">
     <span class='ocr_line' id='line_1_90' title="bbox 597 5252 2189 5323; baseline -0.003 -12"><span class='ocrx_word' id='word_1_612' title='bbox 597 5274 703 5311; x_wconf 86' lang='lat' dir='ltr'><strong>non</strong></span> <span class='ocrx_word' id='word_1_613' title='bbox 732 5257 845 5309; x_wconf 90' lang='lat' dir='ltr'><strong>ideo</strong></span> <span class='ocrx_word' id='word_1_614' title='bbox 865 5257 1058 5323; x_wconf 76' lang='lat' dir='ltr'><strong>factum</strong></span> <span class='ocrx_word' id='word_1_615' title='bbox 1090 5266 1163 5308; x_wconf 92' lang='lat' dir='ltr'><strong>est</strong></span> <span class='ocrx_word' id='word_1_616' title='bbox 1192 5255 1313 5322; x_wconf 87' lang='lat' dir='ltr'><strong>quia</strong></span> <span class='ocrx_word' id='word_1_617' title='bbox 1332 5252 1559 5305; x_wconf 76' lang='lat' dir='ltr'><strong>mentita:</strong></span> <span class='ocrx_word' id='word_1_618' title='bbox 1582 5263 1722 5323; x_wconf 82' lang='lat' dir='ltr'><strong>sunt.</strong></span> <span class='ocrx_word' id='word_1_619' title='bbox 1752 5253 1841 5306; x_wconf 88' lang='lat' dir='ltr'><strong>sed</strong></span> <span class='ocrx_word' id='word_1_620' title='bbox 1868 5254 1990 5323; x_wconf 89' lang='lat' dir='ltr'><strong>quia</strong></span> <span class='ocrx_word' id='word_1_621' title='bbox 2018 5255 2071 5306; x_wconf 88' lang='lat' dir='ltr'><strong>in</strong></span> <span class='ocrx_word' id='word_1_622' title='bbox 2095 5256 2189 5307; x_wconf 83' lang='lat' dir='ltr'><strong>Ito-</strong></span> 
     </span>
    </p>
   </div>
   <div class='ocr_carea' id='block_1_90' title="bbox 594 5322 2190 5395">
    <p class='ocr_par' dir='ltr' id='par_1_90' title="bbox 594 5322 2190 5395">
     <span class='ocr_line' id='line_1_91' title="bbox 594 5322 2190 5395; baseline -0.003 -14"><span class='ocrx_word' id='word_1_623' title='bbox 594 5330 760 5381; x_wconf 86' lang='lat' dir='ltr'><strong>mines</strong></span> <span class='ocrx_word' id='word_1_624' title='bbox 817 5322 915 5379; x_wconf 87' lang='lat' dir='ltr'><strong>Dei</strong></span> <span class='ocrx_word' id='word_1_625' title='bbox 961 5325 1307 5379; x_wconf 82' lang='lat' dir='ltr'><strong>misericordes</strong></span> <span class='ocrx_word' id='word_1_626' title='bbox 1358 5324 1589 5395; x_wconf 76' lang='lat' dir='ltr'><strong>fuerunt.</strong></span> <span class='ocrx_word' id='word_1_627' title='bbox 1651 5322 1774 5395; x_wconf 85' lang='lat' dir='ltr'><strong>Non</strong></span> <span class='ocrx_word' id='word_1_628' title='bbox 1807 5322 1886 5377; x_wconf 88' lang='lat' dir='ltr'><strong>est</strong></span> <span class='ocrx_word' id='word_1_629' title='bbox 1914 5324 2099 5395; x_wconf 82' lang='lat' dir='ltr'><strong>itaque</strong></span> <span class='ocrx_word' id='word_1_630' title='bbox 2135 5325 2190 5377; x_wconf 85' lang='lat' dir='ltr'><strong>in</strong></span> 
     </span>
    </p>
   </div>
   <div class='ocr_carea' id='block_1_91' title="bbox 592 5394 2190 5467">
    <p class='ocr_par' dir='ltr' id='par_1_91' title="bbox 592 5394 2190 5467">
     <span class='ocr_line' id='line_1_92' title="bbox 592 5394 2190 5467; baseline -0.003 -14"><span class='ocrx_word' id='word_1_631' title='bbox 592 5400 668 5453; x_wconf 87' lang='lat' dir='ltr'><strong>eis</strong></span> <span class='ocrx_word' id='word_1_632' title='bbox 705 5407 1032 5454; x_wconf 87' lang='lat' dir='ltr'><strong>remunerata</strong></span> <span class='ocrx_word' id='word_1_633' title='bbox 1077 5395 1312 5467; x_wconf 74' lang='lat' dir='ltr'><strong>fallacia,</strong></span> <span class='ocrx_word' id='word_1_634' title='bbox 1354 5395 1445 5467; x_wconf 84' lang='lat' dir='ltr'><strong>sed</strong></span> <span class='ocrx_word' id='word_1_635' title='bbox 1482 5394 1828 5467; x_wconf 73' lang='lat' dir='ltr'><strong>benevolentia</strong></span> <span class='ocrx_word' id='word_1_636' title='bbox 1862 5394 2190 5467; x_wconf 78' lang='lat' dir='ltr'><strong>:benignitas</strong></span> 
     </span>
    </p>
   </div>
   <div class='ocr_carea' id='block_1_92' title="bbox 593 5464 2190 5535">
    <p class='ocr_par' dir='ltr' id='par_1_92' title="bbox 593 5464 2190 5535">
     <span class='ocr_line' id='line_1_93' title="bbox 593 5464 2190 5535; baseline -0.003 -13"><span class='ocrx_word' id='word_1_637' title='bbox 593 5472 799 5535; x_wconf 86' lang='lat' dir='ltr'><strong>mentis,</strong></span> <span class='ocrx_word' id='word_1_638' title='bbox 856 5485 956 5521; x_wconf 88' lang='lat' dir='ltr'><strong>non</strong></span> <span class='ocrx_word' id='word_1_639' title='bbox 1004 5466 1245 5535; x_wconf 85' lang='lat' dir='ltr'><strong>iniquitas</strong></span> <span class='ocrx_word' id='word_1_640' title='bbox 1293 5466 1599 5521; x_wconf 87' lang='lat' dir='ltr'><strong>mentientis.</strong></span> <span class='ocrx_word' id='word_1_641' title='bbox 1644 5464 1792 5521; x_wconf 86' lang='lat' dir='ltr'><strong>Sicut</strong></span> <span class='ocrx_word' id='word_1_642' title='bbox 1830 5467 1965 5520; x_wconf 87' lang='lat' dir='ltr'><strong>enim</strong></span> <span class='ocrx_word' id='word_1_643' title='bbox 2004 5464 2190 5519; x_wconf 81' lang='lat' dir='ltr'><strong>mirum</strong></span> 
     </span>
    </p>
   </div>
   <div class='ocr_carea' id='block_1_93' title="bbox 592 5537 2191 5608">
    <p class='ocr_par' dir='ltr' id='par_1_93' title="bbox 592 5537 2191 5608">
     <span class='ocr_line' id='line_1_94' title="bbox 592 5537 2191 5608; baseline -0.002 -15"><span class='ocrx_word' id='word_1_644' title='bbox 592 5540 977 5608; x_wconf 67' lang='lat' dir='ltr'><strong>absurdumque</strong></span> <span class='ocrx_word' id='word_1_645' title='bbox 995 5553 1098 5590; x_wconf 86' lang='lat' dir='ltr'><strong>non</strong></span> <span class='ocrx_word' id='word_1_646' title='bbox 1124 5544 1278 5608; x_wconf 82' lang='lat' dir='ltr'><strong>esset,</strong></span> <span class='ocrx_word' id='word_1_647' title='bbox 1306 5538 1478 5608; x_wconf 10' lang='lat' dir='ltr'><strong>siralio</strong></span> <span class='ocrx_word' id='word_1_648' title='bbox 1499 5537 1645 5606; x_wconf 89' lang='lat' dir='ltr'><strong>prius</strong></span> <span class='ocrx_word' id='word_1_649' title='bbox 1668 5546 1898 5607; x_wconf 87' lang='lat' dir='ltr'><strong>tempore</strong></span> <span class='ocrx_word' id='word_1_650' title='bbox 1918 5538 2191 5590; x_wconf 87' lang='lat' dir='ltr'><strong>commissa</strong></span> 
     </span>
    </p>
   </div>
   <div class='ocr_carea' id='block_1_94' title="bbox 593 5607 2190 5679">
    <p class='ocr_par' dir='ltr' id='par_1_94' title="bbox 593 5607 2190 5679">
     <span class='ocr_line' id='line_1_95' title="bbox 593 5607 2190 5679; baseline -0.001 -16"><span class='ocrx_word' id='word_1_651' title='bbox 593 5612 659 5663; x_wconf 84' lang='lat' dir='ltr'><strong>ab</strong></span> <span class='ocrx_word' id='word_1_652' title='bbox 686 5612 755 5665; x_wconf 88' lang='lat' dir='ltr'><strong>eis</strong></span> <span class='ocrx_word' id='word_1_653' title='bbox 785 5607 961 5679; x_wconf 81' lang='lat' dir='ltr'><strong>aliqua</strong></span> <span class='ocrx_word' id='word_1_654' title='bbox 990 5624 1147 5677; x_wconf 73' lang='lat' dir='ltr'><strong>spera</strong></span> <span class='ocrx_word' id='word_1_655' title='bbox 1169 5607 1307 5661; x_wconf 88' lang='lat' dir='ltr'><strong>mala</strong></span> <span class='ocrx_word' id='word_1_656' title='bbox 1330 5607 1471 5661; x_wconf 86' lang='lat' dir='ltr'><strong>Deus</strong></span> <span class='ocrx_word' id='word_1_657' title='bbox 1492 5619 1703 5679; x_wconf 83' lang='lat' dir='ltr'><strong>propter</strong></span> <span class='ocrx_word' id='word_1_658' title='bbox 1725 5608 2011 5677; x_wconf 86' lang='lat' dir='ltr'><strong>posteriora</strong></span> <span class='ocrx_word' id='word_1_659' title='bbox 2035 5624 2190 5677; x_wconf 81' lang='lat' dir='ltr'><strong>opera</strong></span> 
     </span>
    </p>
   </div>
   <div class='ocr_carea' id='block_1_95' title="bbox 594 5678 2189 5752">
    <p class='ocr_par' dir='ltr' id='par_1_95' title="bbox 594 5678 2189 5752">
     <span class='ocr_line' id='line_1_96' title="bbox 594 5678 2189 5752; baseline -0.001 -20"><span class='ocrx_word' id='word_1_660' title='bbox 594 5681 730 5734; x_wconf 86' lang='lat' dir='ltr'><strong>bona</strong></span> <span class='ocrx_word' id='word_1_661' title='bbox 756 5678 903 5737; x_wconf 79' lang='lat' dir='ltr'><strong>vellet</strong></span> <span class='ocrx_word' id='word_1_662' title='bbox 931 5683 1191 5752; x_wconf 82' lang='lat' dir='ltr'><strong>ignoscere</strong></span> <span class='ocrx_word' id='word_1_663' title='bbox 1212 5694 1230 5731; x_wconf 88' lang='lat'><strong><em>:</em></strong></span> <span class='ocrx_word' id='word_1_664' title='bbox 1252 5681 1325 5752; x_wconf 72' lang='lat' dir='ltr'><strong>ita</strong></span> <span class='ocrx_word' id='word_1_665' title='bbox 1355 5678 1650 5731; x_wconf 86' lang='lat' dir='ltr'><strong>mirandum</strong></span> <span class='ocrx_word' id='word_1_666' title='bbox 1679 5695 1780 5731; x_wconf 88' lang='lat' dir='ltr'><strong>non</strong></span> <span class='ocrx_word' id='word_1_667' title='bbox 1809 5689 1881 5732; x_wconf 90' lang='lat' dir='ltr'><strong>est</strong></span> <span class='ocrx_word' id='word_1_668' title='bbox 1926 5683 2061 5752; x_wconf 77' lang='lat' dir='ltr'><strong>quod</strong></span> <span class='ocrx_word' id='word_1_669' title='bbox 2087 5694 2189 5752; x_wconf 85' lang='lat' dir='ltr'><strong>uno</strong></span> 
     </span>
    </p>
   </div>
   <div class='ocr_carea' id='block_1_96' title="bbox 595 5749 2185 5817">
    <p class='ocr_par' dir='ltr' id='par_1_96' title="bbox 595 5749 2185 5817">
     <span class='ocr_line' id='line_1_97' title="bbox 595 5749 2185 5817; baseline 0.002 -18"><span class='ocrx_word' id='word_1_670' title='bbox 595 5758 847 5817; x_wconf 87' lang='lat' dir='ltr'><strong>tempore,</strong></span> <span class='ocrx_word' id='word_1_671' title='bbox 878 5752 929 5802; x_wconf 87' lang='lat' dir='ltr'><strong>in</strong></span> <span class='ocrx_word' id='word_1_672' title='bbox 952 5749 1062 5801; x_wconf 74' lang='lat' dir='ltr'><strong>una</strong></span> <span class='ocrx_word' id='word_1_673' title='bbox 1091 5766 1246 5802; x_wconf 85' lang='lat' dir='ltr'><strong>causa</strong></span> <span class='ocrx_word' id='word_1_674' title='bbox 1278 5749 1418 5803; x_wconf 89' lang='lat' dir='ltr'><strong>Deus</strong></span> <span class='ocrx_word' id='word_1_675' title='bbox 1458 5758 1732 5817; x_wconf 88' lang='lat' dir='ltr'><strong>utrumque</strong></span> <span class='ocrx_word' id='word_1_676' title='bbox 1760 5750 2099 5817; x_wconf 84' lang='lat' dir='ltr'><strong>conspiciens,</strong></span> <span class='ocrx_word' id='word_1_677' title='bbox 2131 5750 2185 5803; x_wconf 86' lang='lat' dir='ltr'><strong>id</strong></span> 
     </span>
    </p>
   </div>
   <div class='ocr_carea' id='block_1_97' title="bbox 596 5819 2187 5891">
    <p class='ocr_par' dir='ltr' id='par_1_97' title="bbox 596 5819 2187 5891">
     <span class='ocr_line' id='line_1_98' title="bbox 596 5819 2187 5891; baseline 0.003 -19"><span class='ocrx_word' id='word_1_678' title='bbox 596 5830 706 5878; x_wconf 83' lang='lat' dir='ltr'><strong>est,</strong></span> <span class='ocrx_word' id='word_1_679' title='bbox 763 5820 957 5886; x_wconf 72' lang='lat' dir='ltr'><strong>factum</strong></span> <span class='ocrx_word' id='word_1_680' title='bbox 1000 5820 1421 5886; x_wconf 84' lang='lat' dir='ltr'><strong>misericorditer,</strong></span> <span class='ocrx_word' id='word_1_681' title='bbox 1469 5819 1764 5889; x_wconf 82' lang='lat' dir='ltr'><strong>[actumque</strong></span> <span class='ocrx_word' id='word_1_682' title='bbox 1808 5820 2093 5891; x_wconf 82' lang='lat' dir='ltr'><strong>fallaciter,</strong></span> <span class='ocrx_word' id='word_1_683' title='bbox 2139 5828 2187 5876; x_wconf 87' lang='lat' dir='ltr'><strong>et</strong></span> 
     </span>
    </p>
   </div>
   <div class='ocr_carea' id='block_1_98' title="bbox 2213 3130 3889 3201">
    <p class='ocr_par' dir='ltr' id='par_1_98' title="bbox 2213 3130 3889 3201">
     <span class='ocr_line' id='line_1_99' title="bbox 2213 3130 3889 3201; baseline 0.003 -19"><span class='ocrx_word' id='word_1_684' title='bbox 2213 3131 2259 3193; x_wconf 85' lang='lat' dir='ltr'>C</span> <span class='ocrx_word' id='word_1_685' title='bbox 2294 3130 2481 3201; x_wconf 89' lang='lat' dir='ltr'><strong>bonum</strong></span> <span class='ocrx_word' id='word_1_686' title='bbox 2530 3130 2897 3195; x_wconf 85' lang='lat' dir='ltr'><strong>remuneravit,</strong></span> <span class='ocrx_word' id='word_1_687' title='bbox 2943 3138 3012 3197; x_wconf 90' lang='lat' dir='ltr'><strong>et,</strong></span> <span class='ocrx_word' id='word_1_688' title='bbox 3046 3141 3251 3201; x_wconf 84' lang='lat' dir='ltr'><strong>prapter</strong></span> <span class='ocrx_word' id='word_1_689' title='bbox 3294 3133 3389 3185; x_wconf 87' lang='lat' dir='ltr'><strong>Itoc</strong></span> <span class='ocrx_word' id='word_1_690' title='bbox 3440 3132 3657 3194; x_wconf 84' lang='lat' dir='ltr'><strong>bonum,</strong></span> <span class='ocrx_word' id='word_1_691' title='bbox 3701 3134 3889 3187; x_wconf 79' lang='lat' dir='ltr'><strong>malum</strong></span> 
     </span>
    </p>
   </div>
   <div class='ocr_carea' id='block_1_99' title="bbox 2296 3200 3887 3270">
    <p class='ocr_par' dir='ltr' id='par_1_99' title="bbox 2296 3200 3887 3270">
     <span class='ocr_line' id='line_1_100' title="bbox 2296 3200 3887 3270; baseline 0.006 -18"><span class='ocrx_word' id='word_1_692' title='bbox 2296 3200 2432 3252; x_wconf 87' lang='lat' dir='ltr'><strong>illud</strong></span> <span class='ocrx_word' id='word_1_693' title='bbox 2477 3201 2695 3269; x_wconf 86' lang='lat' dir='ltr'><strong>ignovit.</strong></span> <span class='ocrx_word' id='word_1_694' title='bbox 2732 3201 2796 3254; x_wconf 85' lang='lat' dir='ltr'><strong>Et</strong></span> <span class='ocrx_word' id='word_1_695' title='bbox 2836 3201 2975 3255; x_wconf 89' lang='lat' dir='ltr'><strong>infra</strong></span> <span class='ocrx_word' id='word_1_696' title='bbox 3007 3200 3373 3270; x_wconf 31' lang='lat' dir='ltr'><strong>pust&#39;lnngam</strong></span> <span class='ocrx_word' id='word_1_697' title='bbox 3406 3204 3474 3256; x_wconf 89' lang='lat' dir='ltr'><strong>de</strong></span> <span class='ocrx_word' id='word_1_698' title='bbox 3506 3209 3750 3264; x_wconf 78' lang='lat' dir='ltr'><strong>tttrisrtm-</strong></span> <span class='ocrx_word' id='word_1_699' title='bbox 3781 3209 3887 3261; x_wconf 86' lang='lat' dir='ltr'><strong>dis-</strong></span> 
     </span>
    </p>
   </div>
   <div class='ocr_carea' id='block_1_100' title="bbox 2299 3270 3884 3341">
    <p class='ocr_par' dir='ltr' id='par_1_100' title="bbox 2299 3270 3884 3341">
     <span class='ocr_line' id='line_1_101' title="bbox 2299 3270 3884 3341; baseline 0.003 -17"><span class='ocrx_word' id='word_1_700' title='bbox 2299 3271 2655 3339; x_wconf 80' lang='lat' dir='ltr'><strong>putationem,</strong></span> <span class='ocrx_word' id='word_1_701' title='bbox 2684 3273 2752 3324; x_wconf 89' lang='lat' dir='ltr'><strong>ita</strong></span> <span class='ocrx_word' id='word_1_702' title='bbox 2778 3273 3052 3326; x_wconf 84' lang='lat' dir='ltr'><strong>concludit</strong></span> <span class='ocrx_word' id='word_1_703' title='bbox 3080 3291 3093 3324; x_wconf 89' lang='lat'><strong>:</strong></span> <span class='ocrx_word' id='word_1_704' title='bbox 3122 3270 3351 3325; x_wconf 79' lang='lat' dir='ltr'><strong>Proinde</strong></span> <span class='ocrx_word' id='word_1_705' title='bbox 3378 3273 3523 3328; x_wconf 83' lang='lat' dir='ltr'><strong>Raab</strong></span> <span class='ocrx_word' id='word_1_706' title='bbox 3549 3278 3598 3325; x_wconf 84' lang='lat' dir='ltr'><strong>iu</strong></span> <span class='ocrx_word' id='word_1_707' title='bbox 3629 3276 3884 3341; x_wconf 74' lang='lat' dir='ltr'><strong>llieviclto,</strong></span> 
     </span>
    </p>
   </div>
   <div class='ocr_carea' id='block_1_101' title="bbox 2297 3342 3887 3417">
    <p class='ocr_par' dir='ltr' id='par_1_101' title="bbox 2297 3342 3887 3417">
     <span class='ocr_line' id='line_1_102' title="bbox 2297 3342 3887 3417; baseline 0.004 -23"><span class='ocrx_word' id='word_1_708' title='bbox 2297 3342 2420 3411; x_wconf 88' lang='lat' dir='ltr'><strong>quia</strong></span> <span class='ocrx_word' id='word_1_709' title='bbox 2443 3344 2742 3417; x_wconf 79' lang='lat' dir='ltr'><strong>peregrinos</strong></span> <span class='ocrx_word' id='word_1_710' title='bbox 2780 3344 3009 3397; x_wconf 82' lang='lat' dir='ltr'><strong>homines</strong></span> <span class='ocrx_word' id='word_1_711' title='bbox 3038 3342 3136 3396; x_wconf 69' lang='lat' dir='ltr'><strong>Dei</strong></span> <span class='ocrx_word' id='word_1_712' title='bbox 3164 3346 3389 3415; x_wconf 83' lang='lat' dir='ltr'><strong>suscepit</strong></span> <span class='ocrx_word' id='word_1_713' title='bbox 3418 3345 3669 3415; x_wconf 83' lang='lat' dir='ltr'><strong>hospitio,</strong></span> <span class='ocrx_word' id='word_1_714' title='bbox 3701 3365 3819 3417; x_wconf 73' lang='lat' dir='ltr'><strong>quia</strong></span> <span class='ocrx_word' id='word_1_715' title='bbox 3839 3354 3887 3401; x_wconf 77' lang='lat' dir='ltr'><strong>in</strong></span> 
     </span>
    </p>
   </div>
   <div class='ocr_carea' id='block_1_102' title="bbox 2298 3414 3887 3484">
    <p class='ocr_par' dir='ltr' id='par_1_102' title="bbox 2298 3414 3887 3484">
     <span class='ocr_line' id='line_1_103' title="bbox 2298 3414 3887 3484; baseline 0.006 -20"><span class='ocrx_word' id='word_1_716' title='bbox 2298 3428 2474 3484; x_wconf 87' lang='lat' dir='ltr'><strong>eorum</strong></span> <span class='ocrx_word' id='word_1_717' title='bbox 2504 3414 2822 3483; x_wconf 84' lang='lat' dir='ltr'><strong>susceptione</strong></span> <span class='ocrx_word' id='word_1_718' title='bbox 2854 3416 3143 3480; x_wconf 81' lang='lat' dir='ltr'><strong>periclitata</strong></span> <span class='ocrx_word' id='word_1_719' title='bbox 3164 3426 3261 3479; x_wconf 86' lang='lat' dir='ltr'><strong>est,</strong></span> <span class='ocrx_word' id='word_1_720' title='bbox 3291 3418 3411 3484; x_wconf 84' lang='lat' dir='ltr'><strong>quia</strong></span> <span class='ocrx_word' id='word_1_721' title='bbox 3442 3420 3493 3467; x_wconf 86' lang='lat' dir='ltr'><strong>in</strong></span> <span class='ocrx_word' id='word_1_722' title='bbox 3517 3414 3887 3473; x_wconf 47' lang='lat' dir='ltr'><strong>eorum&#39;Deum</strong></span> 
     </span>
    </p>
   </div>
   <div class='ocr_carea' id='block_1_103' title="bbox 2300 3483 3888 3558">
    <p class='ocr_par' dir='ltr' id='par_1_103' title="bbox 2300 3483 3888 3558">
     <span class='ocr_line' id='line_1_104' title="bbox 2300 3483 3888 3558; baseline 0.005 -24"><span class='ocrx_word' id='word_1_723' title='bbox 2300 3483 2535 3558; x_wconf 80' lang='lat' dir='ltr'><strong>credidit,</strong></span> <span class='ocrx_word' id='word_1_724' title='bbox 2587 3486 2710 3558; x_wconf 83' lang='lat' dir='ltr'><strong>quia</strong></span> <span class='ocrx_word' id='word_1_725' title='bbox 2751 3486 3028 3558; x_wconf 82' lang='lat' dir='ltr'><strong>diligenter</strong></span> <span class='ocrx_word' id='word_1_726' title='bbox 3070 3501 3179 3548; x_wconf 83' lang='lat' dir='ltr'><strong>eos.</strong></span> <span class='ocrx_word' id='word_1_727' title='bbox 3225 3487 3311 3540; x_wconf 87' lang='lat' dir='ltr'><strong>ubi</strong></span> <span class='ocrx_word' id='word_1_728' title='bbox 3357 3490 3550 3558; x_wconf 86' lang='lat' dir='ltr'><strong>potuit.</strong></span> <span class='ocrx_word' id='word_1_729' title='bbox 3600 3490 3888 3554; x_wconf 70' lang='lat' dir='ltr'><strong>occultavit;</strong></span> 
     </span>
    </p>
   </div>
   <div class='ocr_carea' id='block_1_104' title="bbox 2298 3554 3884 3629">
    <p class='ocr_par' dir='ltr' id='par_1_104' title="bbox 2298 3554 3884 3629">
     <span class='ocr_line' id='line_1_105' title="bbox 2298 3554 3884 3629; baseline 0.006 -24"><span class='ocrx_word' id='word_1_730' title='bbox 2298 3554 2419 3629; x_wconf 75' lang='lat' dir='ltr'><strong>quia</strong></span> <span class='ocrx_word' id='word_1_731' title='bbox 2456 3570 2555 3629; x_wconf 74' lang='lat' dir='ltr'><strong>per</strong></span> <span class='ocrx_word' id='word_1_732' title='bbox 2576 3556 2733 3608; x_wconf 87' lang='lat' dir='ltr'><strong>aliam</strong></span> <span class='ocrx_word' id='word_1_733' title='bbox 2768 3554 2905 3609; x_wconf 79' lang='lat' dir='ltr'><strong>viam</strong></span> <span class='ocrx_word' id='word_1_734' title='bbox 2935 3558 3195 3629; x_wconf 62' lang='lat' dir='ltr'><strong>remeandi</strong></span> <span class='ocrx_word' id='word_1_735' title='bbox 3224 3554 3502 3612; x_wconf 80' lang='lat' dir='ltr'><strong>consilium</strong></span> <span class='ocrx_word' id='word_1_736' title='bbox 3536 3561 3884 3629; x_wconf 69' lang='lat' dir='ltr'><strong>ﬁdelissimum</strong></span> 
     </span>
    </p>
   </div>
   <div class='ocr_carea' id='block_1_105' title="bbox 2299 3624 3890 3694">
    <p class='ocr_par' dir='ltr' id='par_1_105' title="bbox 2299 3624 3890 3694">
     <span class='ocr_line' id='line_1_106' title="bbox 2299 3624 3890 3694; baseline 0.006 -18"><span class='ocrx_word' id='word_1_737' title='bbox 2299 3624 2461 3691; x_wconf 87' lang='lat' dir='ltr'><strong>dedit,</strong></span> <span class='ocrx_word' id='word_1_738' title='bbox 2489 3627 2644 3679; x_wconf 90' lang='lat' dir='ltr'><strong>etiam</strong></span> <span class='ocrx_word' id='word_1_739' title='bbox 2673 3643 2912 3694; x_wconf 77' lang='lat' dir='ltr'><strong>superna:</strong></span> <span class='ocrx_word' id='word_1_740' title='bbox 2939 3626 3268 3682; x_wconf 84' lang='lat' dir='ltr'><strong>Hierusalem</strong></span> <span class='ocrx_word' id='word_1_741' title='bbox 3294 3630 3490 3684; x_wconf 84' lang='lat' dir='ltr'><strong>civibus</strong></span> <span class='ocrx_word' id='word_1_742' title='bbox 3520 3624 3763 3683; x_wconf 72' lang='lat' dir='ltr'><strong>imitanda</strong></span> <span class='ocrx_word' id='word_1_743' title='bbox 3782 3633 3890 3684; x_wconf 82' lang='lat' dir='ltr'><strong>lau-</strong></span> 
     </span>
    </p>
   </div>
   <div class='ocr_carea' id='block_1_106' title="bbox 2299 3696 3889 3775">
    <p class='ocr_par' dir='ltr' id='par_1_106' title="bbox 2299 3696 3889 3775">
     <span class='ocr_line' id='line_1_107' title="bbox 2299 3696 3889 3775; baseline 0.006 -27"><span class='ocrx_word' id='word_1_744' title='bbox 2299 3696 2472 3775; x_wconf 75' lang='lat' dir='ltr'><strong>datur.</strong></span> <span class='ocrx_word' id='word_1_745' title='bbox 2505 3697 2656 3775; x_wconf 71' lang='lat' dir='ltr'><strong>Quod</strong></span> <span class='ocrx_word' id='word_1_746' title='bbox 2678 3710 2843 3775; x_wconf 72' lang='lat' dir='ltr'><strong>autem</strong></span> <span class='ocrx_word' id='word_1_747' title='bbox 2874 3701 3085 3752; x_wconf 88' lang='lat' dir='ltr'><strong>mentita</strong></span> <span class='ocrx_word' id='word_1_748' title='bbox 3107 3709 3205 3775; x_wconf 76' lang='lat' dir='ltr'><strong>est,</strong></span> <span class='ocrx_word' id='word_1_749' title='bbox 3229 3700 3437 3755; x_wconf 84' lang='lat' dir='ltr'><strong>etiamsi</strong></span> <span class='ocrx_word' id='word_1_750' title='bbox 3460 3702 3750 3775; x_wconf 8' lang='lat' dir='ltr'><strong>aliquidgibi</strong></span> <span class='ocrx_word' id='word_1_751' title='bbox 3779 3722 3889 3775; x_wconf 82' lang='lat' dir='ltr'><strong>pro-</strong></span> 
     </span>
    </p>
   </div>
   <div class='ocr_carea' id='block_1_107' title="bbox 2300 3766 3886 3840">
    <p class='ocr_par' dir='ltr' id='par_1_107' title="bbox 2300 3766 3886 3840">
     <span class='ocr_line' id='line_1_108' title="bbox 2300 3766 3886 3840; baseline 0.006 -22"><span class='ocrx_word' id='word_1_752' title='bbox 2300 3766 2555 3840; x_wconf 86' lang='lat' dir='ltr'><strong>pheticum</strong></span> <span class='ocrx_word' id='word_1_753' title='bbox 2578 3768 2921 3839; x_wconf 87' lang='lat' dir='ltr'><strong>intelligenter</strong></span> <span class='ocrx_word' id='word_1_754' title='bbox 2943 3771 3239 3840; x_wconf 73' lang='lat' dir='ltr'><strong>exponitur,</strong></span> <span class='ocrx_word' id='word_1_755' title='bbox 3264 3788 3366 3824; x_wconf 86' lang='lat' dir='ltr'><strong>non</strong></span> <span class='ocrx_word' id='word_1_756' title='bbox 3390 3766 3559 3826; x_wconf 78' lang='lat' dir='ltr'><strong>tamen</strong></span> <span class='ocrx_word' id='word_1_757' title='bbox 3589 3766 3886 3827; x_wconf 76' lang='lat' dir='ltr'><strong>imitandum</strong></span> 
     </span>
    </p>
   </div>
   <div class='ocr_carea' id='block_1_108' title="bbox 2298 3839 3889 3911">
    <p class='ocr_par' dir='ltr' id='par_1_108' title="bbox 2298 3839 3889 3911">
     <span class='ocr_line' id='line_1_109' title="bbox 2298 3839 3889 3911; baseline 0.006 -22"><span class='ocrx_word' id='word_1_758' title='bbox 2298 3839 2559 3911; x_wconf 78' lang='lat' dir='ltr'><strong>sapienter</strong></span> <span class='ocrx_word' id='word_1_759' title='bbox 2587 3842 2928 3911; x_wconf 84' lang='lat' dir='ltr'><strong>pr0ponitur;</strong></span> <span class='ocrx_word' id='word_1_760' title='bbox 2958 3842 3186 3911; x_wconf 81' lang='lat' dir='ltr'><strong>quamvis</strong></span> <span class='ocrx_word' id='word_1_761' title='bbox 3214 3841 3349 3895; x_wconf 85' lang='lat' dir='ltr'><strong>Deus</strong></span> <span class='ocrx_word' id='word_1_762' title='bbox 3380 3843 3478 3896; x_wconf 85' lang='lat' dir='ltr'><strong>illa</strong></span> <span class='ocrx_word' id='word_1_763' title='bbox 3503 3843 3635 3897; x_wconf 88' lang='lat' dir='ltr'><strong>bona</strong></span> <span class='ocrx_word' id='word_1_764' title='bbox 3653 3863 3889 3899; x_wconf 84' lang='lat' dir='ltr'><strong>memora-</strong></span> 
     </span>
    </p>
   </div>
   <div class='ocr_carea' id='block_1_109' title="bbox 2302 3907 3887 3983">
    <p class='ocr_par' dir='ltr' id='par_1_109' title="bbox 2302 3907 3887 3983">
     <span class='ocr_line' id='line_1_110' title="bbox 2302 3907 3887 3983; baseline 0.006 -22"><span class='ocrx_word' id='word_1_765' title='bbox 2302 3907 2466 3983; x_wconf 73' lang='lat' dir='ltr'><strong>biliter</strong></span> <span class='ocrx_word' id='word_1_766' title='bbox 2488 3907 2832 3983; x_wconf 73' lang='lat' dir='ltr'><strong>honoraiierit,</strong></span> <span class='ocrx_word' id='word_1_767' title='bbox 2857 3910 2952 3964; x_wconf 83' lang='lat' dir='ltr'><strong>hoc</strong></span> <span class='ocrx_word' id='word_1_768' title='bbox 2969 3907 3161 3983; x_wconf 67' lang='lat' dir='ltr'><strong>malum</strong></span> <span class='ocrx_word' id='word_1_769' title='bbox 3180 3911 3454 3967; x_wconf 87' lang='lat' dir='ltr'><strong>clementer</strong></span> <span class='ocrx_word' id='word_1_770' title='bbox 3477 3916 3749 3983; x_wconf 80' lang='lat' dir='ltr'><strong>ignoverit.</strong></span> <span class='ocrx_word' id='word_1_771' title='bbox 3775 3918 3887 3971; x_wconf 66' lang='lat' dir='ltr'><strong>llaec</strong></span> 
     </span>
    </p>
   </div>
   <div class='ocr_carea' id='block_1_110' title="bbox 2301 3976 3889 4053">
    <p class='ocr_par' dir='ltr' id='par_1_110' title="bbox 2301 3976 3889 4053">
     <span class='ocr_line' id='line_1_111' title="bbox 2301 3976 3889 4053; baseline 0.006 -22"><span class='ocrx_word' id='word_1_772' title='bbox 2301 3976 2365 4032; x_wconf 93' lang='lat' dir='ltr'><strong>D.</strong></span> <span class='ocrx_word' id='word_1_773' title='bbox 2384 3981 2711 4053; x_wconf 60' lang='lat' dir='ltr'><strong>Augustinus</strong></span> <span class='ocrx_word' id='word_1_774' title='bbox 2736 3976 3111 4053; x_wconf 83' lang='lat' dir='ltr'><strong>demendacio</strong></span> <span class='ocrx_word' id='word_1_775' title='bbox 3133 3982 3307 4043; x_wconf 82' lang='lat' dir='ltr'><strong>Raab.</strong></span> <span class='ocrx_word' id='word_1_776' title='bbox 3336 3985 3403 4038; x_wconf 89' lang='lat' dir='ltr'><strong>ad</strong></span> <span class='ocrx_word' id='word_1_777' title='bbox 3425 3976 3705 4053; x_wconf 64' lang='lat' dir='ltr'><strong>huiusloci</strong></span> <span class='ocrx_word' id='word_1_778' title='bbox 3730 3989 3889 4053; x_wconf 79' lang='lat' dir='ltr'><strong>expli-</strong></span> 
     </span>
    </p>
   </div>
   <div class='ocr_carea' id='block_1_111' title="bbox 2300 4050 3888 4113">
    <p class='ocr_par' dir='ltr' id='par_1_111' title="bbox 2300 4050 3888 4113">
     <span class='ocr_line' id='line_1_112' title="bbox 2300 4050 3888 4113; baseline 0.005 -10"><span class='ocrx_word' id='word_1_779' title='bbox 2300 4050 2591 4113; x_wconf 82' lang='lat' dir='ltr'><strong>cationem,</strong></span> <span class='ocrx_word' id='word_1_780' title='bbox 2633 4062 2686 4105; x_wconf 89' lang='lat' dir='ltr'><strong>et</strong></span> <span class='ocrx_word' id='word_1_781' title='bbox 2728 4051 2873 4106; x_wconf 84' lang='lat' dir='ltr'><strong>falsae</strong></span> <span class='ocrx_word' id='word_1_782' title='bbox 2909 4056 3225 4108; x_wconf 88' lang='lat' dir='ltr'><strong>assertiouis</strong></span> <span class='ocrx_word' id='word_1_783' title='bbox 3272 4054 3340 4109; x_wconf 90' lang='lat' dir='ltr'><strong>de</strong></span> <span class='ocrx_word' id='word_1_784' title='bbox 3373 4050 3655 4111; x_wconf 79' lang='lat' dir='ltr'><strong>mendacio</strong></span> <span class='ocrx_word' id='word_1_785' title='bbox 3692 4050 3888 4113; x_wconf 77' lang='lat' dir='ltr'><strong>utiliter</strong></span> 
     </span>
    </p>
   </div>
   <div class='ocr_carea' id='block_1_112' title="bbox 2301 4122 3887 4199">
    <p class='ocr_par' dir='ltr' id='par_1_112' title="bbox 2301 4122 3887 4199">
     <span class='ocr_line' id='line_1_113' title="bbox 2301 4122 3887 4199; baseline 0.006 -25"><span class='ocrx_word' id='word_1_786' title='bbox 2301 4129 2355 4174; x_wconf 89' lang='lat' dir='ltr'><strong>ct</strong></span> <span class='ocrx_word' id='word_1_787' title='bbox 2414 4122 2758 4199; x_wconf 77' lang='lat' dir='ltr'><strong>laudabiliter</strong></span> <span class='ocrx_word' id='word_1_788' title='bbox 2814 4132 3073 4194; x_wconf 88' lang='lat' dir='ltr'><strong>usurpato</strong></span> <span class='ocrx_word' id='word_1_789' title='bbox 3120 4124 3589 4193; x_wconf 88' lang='lat' dir='ltr'><strong>conlutationem,</strong></span> <span class='ocrx_word' id='word_1_790' title='bbox 3634 4144 3887 4199; x_wconf 86' lang='lat' dir='ltr'><strong>perquam</strong></span> 
     </span>
    </p>
   </div>
   <div class='ocr_carea' id='block_1_113' title="bbox 2300 4193 2728 4247">
    <p class='ocr_par' dir='ltr' id='par_1_113' title="bbox 2300 4193 2728 4247">
     <span class='ocr_line' id='line_1_114' title="bbox 2300 4193 2728 4247; baseline 0.007 -3"><span class='ocrx_word' id='word_1_791' title='bbox 2300 4193 2728 4247; x_wconf 88' lang='lat' dir='ltr'><strong>accommodata.</strong></span> 
     </span>
    </p>
   </div>
   <div class='ocr_carea' id='block_1_114' title="bbox 2374 4260 3884 4337">
    <p class='ocr_par' dir='ltr' id='par_1_114' title="bbox 2374 4260 3884 4337">
     <span class='ocr_line' id='line_1_115' title="bbox 2374 4260 3884 4337; baseline 0.007 -20"><span class='ocrx_word' id='word_1_792' title='bbox 2374 4260 2401 4299; x_wconf 70' lang='grc' dir='ltr'>δ</span> <span class='ocrx_word' id='word_1_793' title='bbox 2435 4264 2513 4318; x_wconf 90' lang='lat' dir='ltr'><strong>De</strong></span> <span class='ocrx_word' id='word_1_794' title='bbox 2545 4265 2691 4319; x_wconf 74' lang='lat' dir='ltr'><strong>Raab</strong></span> <span class='ocrx_word' id='word_1_795' title='bbox 2719 4280 2825 4319; x_wconf 87' lang='lat' dir='ltr'><strong>non</strong></span> <span class='ocrx_word' id='word_1_796' title='bbox 2855 4266 2959 4320; x_wconf 89' lang='lat' dir='ltr'><strong>alia</strong></span> <span class='ocrx_word' id='word_1_797' title='bbox 2994 4267 3347 4337; x_wconf 81' lang='lat' dir='ltr'><strong>impudicitiae</strong></span> <span class='ocrx_word' id='word_1_798' title='bbox 3378 4270 3709 4324; x_wconf 80' lang='lat' dir='ltr'><strong>monimenta</strong></span> <span class='ocrx_word' id='word_1_799' title='bbox 3742 4272 3884 4327; x_wconf 80' lang='lat' dir='ltr'><strong>Scri-</strong></span> 
     </span>
    </p>
   </div>
   <div class='ocr_carea' id='block_1_115' title="bbox 2301 4339 3887 4407">
    <p class='ocr_par' dir='ltr' id='par_1_115' title="bbox 2301 4339 3887 4407">
     <span class='ocr_line' id='line_1_116' title="bbox 2301 4339 3887 4407; baseline 0.008 -23"><span class='ocrx_word' id='word_1_800' title='bbox 2301 4340 2455 4407; x_wconf 83' lang='lat' dir='ltr'><strong>plura</strong></span> <span class='ocrx_word' id='word_1_801' title='bbox 2482 4346 2901 4402; x_wconf 89' lang='lat' dir='ltr'><strong>commemorat,</strong></span> <span class='ocrx_word' id='word_1_802' title='bbox 2941 4339 3044 4392; x_wconf 89' lang='lat' dir='ltr'><strong>nisi</strong></span> <span class='ocrx_word' id='word_1_803' title='bbox 3077 4341 3218 4407; x_wconf 88' lang='lat' dir='ltr'><strong>quod</strong></span> <span class='ocrx_word' id='word_1_804' title='bbox 3257 4354 3374 4392; x_wconf 82' lang='lat' dir='ltr'><strong>eam</strong></span> <span class='ocrx_word' id='word_1_805' title='bbox 3410 4345 3754 4396; x_wconf 77' lang='lat' dir='ltr'><strong>meretricem</strong></span> <span class='ocrx_word' id='word_1_806' title='bbox 3789 4360 3887 4397; x_wconf 84' lang='lat' dir='ltr'><strong>non</strong></span> 
     </span>
    </p>
   </div>
   <div class='ocr_carea' id='block_1_116' title="bbox 2302 4405 3887 4479">
    <p class='ocr_par' dir='ltr' id='par_1_116' title="bbox 2302 4405 3887 4479">
     <span class='ocr_line' id='line_1_117' title="bbox 2302 4405 3887 4479; baseline 0.007 -22"><span class='ocrx_word' id='word_1_807' title='bbox 2302 4405 2957 4479; x_wconf 25' lang='lat' dir='ltr'><strong>solumhistoriaulosue,</strong></span> <span class='ocrx_word' id='word_1_808' title='bbox 2990 4405 3179 4464; x_wconf 78' lang='lat' dir='ltr'><strong>sedet</strong></span> <span class='ocrx_word' id='word_1_809' title='bbox 3212 4413 3500 4479; x_wconf 81' lang='lat' dir='ltr'><strong>Apostolus</strong></span> <span class='ocrx_word' id='word_1_810' title='bbox 3534 4413 3601 4462; x_wconf 83' lang='lat' dir='ltr'><strong>ad</strong></span> <span class='ocrx_word' id='word_1_811' title='bbox 3634 4414 3887 4468; x_wconf 65' lang='grc' dir='ltr'><strong>Ηυιικιξοο</strong></span> 
     </span>
    </p>
   </div>
   <div class='ocr_carea' id='block_1_117' title="bbox 2214 4477 3885 4570">
    <p class='ocr_par' dir='ltr' id='par_1_117' title="bbox 2214 4477 3885 4570">
     <span class='ocr_line' id='line_1_118' title="bbox 2214 4477 3885 4570; baseline 0.005 -42"><span class='ocrx_word' id='word_1_812' title='bbox 2214 4508 2268 4570; x_wconf 80' lang='lat' dir='ltr'><strong>D</strong></span> <span class='ocrx_word' id='word_1_813' title='bbox 2297 4477 2621 4570; x_wconf 63' lang='lat' dir='ltr'><strong>undecimo,</strong></span> <span class='ocrx_word' id='word_1_814' title='bbox 2653 4488 2707 4531; x_wconf 92' lang='lat' dir='ltr'><strong>et</strong></span> <span class='ocrx_word' id='word_1_815' title='bbox 2736 4477 2983 4562; x_wconf 45' lang='lat' dir='ltr'><strong>Iacobus.</strong></span> <span class='ocrx_word' id='word_1_816' title='bbox 3003 4494 3124 4549; x_wconf 85' lang='lat' dir='ltr'><strong>cap.</strong></span> <span class='ocrx_word' id='word_1_817' title='bbox 3159 4477 3392 4565; x_wconf 79' lang='lat' dir='ltr'><strong>secundo</strong></span> <span class='ocrx_word' id='word_1_818' title='bbox 3422 4480 3679 4570; x_wconf 67' lang='lat' dir='ltr'><strong>nominet.</strong></span> <span class='ocrx_word' id='word_1_819' title='bbox 3717 4484 3885 4552; x_wconf 79' lang='lat' dir='ltr'><strong>Lyra-</strong></span> 
     </span>
    </p>
   </div>
   <div class='ocr_carea' id='block_1_118' title="bbox 2294 4550 3882 4619">
    <p class='ocr_par' dir='ltr' id='par_1_118' title="bbox 2294 4550 3882 4619">
     <span class='ocr_line' id='line_1_119' title="bbox 2294 4550 3882 4619; baseline 0.007 -22"><span class='ocrx_word' id='word_1_820' title='bbox 2294 4560 2396 4600; x_wconf 88' lang='lat' dir='ltr'><strong>nus</strong></span> <span class='ocrx_word' id='word_1_821' title='bbox 2436 4557 2611 4619; x_wconf 88' lang='lat' dir='ltr'><strong>tamen</strong></span> <span class='ocrx_word' id='word_1_822' title='bbox 2645 4564 2752 4602; x_wconf 93' lang='lat' dir='ltr'><strong>non</strong></span> <span class='ocrx_word' id='word_1_823' title='bbox 2803 4550 3019 4619; x_wconf 89' lang='lat' dir='ltr'><strong>proprie</strong></span> <span class='ocrx_word' id='word_1_824' title='bbox 3061 4556 3416 4607; x_wconf 88' lang='lat' dir='ltr'><strong>meretricem.</strong></span> <span class='ocrx_word' id='word_1_825' title='bbox 3446 4551 3538 4603; x_wconf 89' lang='lat' dir='ltr'><strong>sed</strong></span> <span class='ocrx_word' id='word_1_826' title='bbox 3576 4550 3882 4619; x_wconf 75' lang='lat' dir='ltr'><strong>cauponam</strong></span> 
     </span>
    </p>
   </div>
   <div class='ocr_carea' id='block_1_119' title="bbox 2290 4618 3883 4696">
    <p class='ocr_par' dir='ltr' id='par_1_119' title="bbox 2290 4618 3883 4696">
     <span class='ocr_line' id='line_1_120' title="bbox 2290 4618 3883 4696; baseline 0.006 -26"><span class='ocrx_word' id='word_1_827' title='bbox 2290 4630 2386 4696; x_wconf 77' lang='lat' dir='ltr'><strong>seu</strong></span> <span class='ocrx_word' id='word_1_828' title='bbox 2444 4618 2711 4696; x_wconf 77' lang='lat' dir='ltr'><strong>ltu5pi_tam</strong></span> <span class='ocrx_word' id='word_1_829' title='bbox 2773 4618 2937 4696; x_wconf 81' lang='lat' dir='ltr'><strong>fuisse</strong></span> <span class='ocrx_word' id='word_1_830' title='bbox 2981 4623 3283 4678; x_wconf 87' lang='lat' dir='ltr'><strong>contendit.</strong></span> <span class='ocrx_word' id='word_1_831' title='bbox 3325 4622 3451 4676; x_wconf 80' lang='lat' dir='ltr'><strong>V&#39;ide</strong></span> <span class='ocrx_word' id='word_1_832' title='bbox 3509 4622 3883 4679; x_wconf 73' lang='lat' dir='ltr'><strong>Malduuatum</strong></span> 
     </span>
    </p>
   </div>
   <div class='ocr_carea' id='block_1_120' title="bbox 2289 4691 2817 4758">
    <p class='ocr_par' dir='ltr' id='par_1_120' title="bbox 2289 4691 2817 4758">
     <span class='ocr_line' id='line_1_121' title="bbox 2289 4691 2817 4758; baseline 0.011 -19"><span class='ocrx_word' id='word_1_833' title='bbox 2289 4691 2342 4740; x_wconf 88' lang='lat' dir='ltr'><strong>in</strong></span> <span class='ocrx_word' id='word_1_834' title='bbox 2378 4702 2498 4758; x_wconf 90' lang='lat' dir='ltr'><strong>cap.</strong></span> <span class='ocrx_word' id='word_1_835' title='bbox 2524 4705 2539 4743; x_wconf 92' lang='grc' dir='ltr'><strong>ι</strong></span> <span class='ocrx_word' id='word_1_836' title='bbox 2563 4691 2817 4745; x_wconf 77' lang='lat' dir='ltr'><strong>Matthtei.</strong></span> 
     </span>
    </p>
   </div>
   <div class='ocr_carea' id='block_1_121' title="bbox 2368 4762 3884 4835">
    <p class='ocr_par' dir='ltr' id='par_1_121' title="bbox 2368 4762 3884 4835">
     <span class='ocr_line' id='line_1_122' title="bbox 2368 4762 3884 4835; baseline 0.003 -21"><span class='ocrx_word' id='word_1_837' title='bbox 2368 4769 2394 4835; x_wconf 73' lang='lat'><strong>¢_</strong></span> <span class='ocrx_word' id='word_1_838' title='bbox 2421 4765 2491 4814; x_wconf 87' lang='lat' dir='ltr'><strong>At</strong></span> <span class='ocrx_word' id='word_1_839' title='bbox 2518 4772 2708 4835; x_wconf 83' lang='lat' dir='ltr'><strong>contra</strong></span> <span class='ocrx_word' id='word_1_840' title='bbox 2736 4762 2994 4835; x_wconf 82' lang='lat' dir='ltr'><strong>reclamat</strong></span> <span class='ocrx_word' id='word_1_841' title='bbox 3024 4763 3345 4832; x_wconf 80' lang='lat' dir='ltr'><strong>Apostolus,</strong></span> <span class='ocrx_word' id='word_1_842' title='bbox 3375 4781 3481 4817; x_wconf 81' lang='lat' dir='ltr'><strong>non</strong></span> <span class='ocrx_word' id='word_1_843' title='bbox 3508 4779 3615 4835; x_wconf 85' lang='lat' dir='ltr'><strong>esse</strong></span> <span class='ocrx_word' id='word_1_844' title='bbox 3650 4765 3884 4835; x_wconf 81' lang='lat' dir='ltr'><strong>facienda</strong></span> 
     </span>
    </p>
   </div>
   <div class='ocr_carea' id='block_1_122' title="bbox 2289 4830 3883 4904">
    <p class='ocr_par' dir='ltr' id='par_1_122' title="bbox 2289 4830 3883 4904">
     <span class='ocr_line' id='line_1_123' title="bbox 2289 4830 3883 4904; baseline 0.006 -23"><span class='ocrx_word' id='word_1_845' title='bbox 2289 4830 2752 4904; x_wconf 64' lang='lat' dir='ltr'><strong>niala,ut_eueniant</strong></span> <span class='ocrx_word' id='word_1_846' title='bbox 2766 4830 3176 4904; x_wconf 70' lang='lat' dir='ltr'><strong>bona(Rom.5).</strong></span> <span class='ocrx_word' id='word_1_847' title='bbox 3194 4836 3470 4889; x_wconf 79' lang='lat' dir='ltr'><strong>Reclamat</strong></span> <span class='ocrx_word' id='word_1_848' title='bbox 3485 4836 3542 4904; x_wconf 80' lang='grc' dir='ltr'><strong>Β.</strong></span> <span class='ocrx_word' id='word_1_849' title='bbox 3557 4830 3661 4889; x_wconf 76' lang='lat' dir='ltr'><strong>Job</strong></span> <span class='ocrx_word' id='word_1_850' title='bbox 3676 4838 3852 4894; x_wconf 80' lang='lat' dir='ltr'><strong>dicens</strong></span> <span class='ocrx_word' id='word_1_851' title='bbox 3871 4856 3883 4891; x_wconf 75' lang='grc' dir='ltr'><strong>ι</strong></span> 
     </span>
    </p>
   </div>
   <div class='ocr_carea' id='block_1_123' title="bbox 2291 4898 3883 4975">
    <p class='ocr_par' dir='ltr' id='par_1_123' title="bbox 2291 4898 3883 4975">
     <span class='ocr_line' id='line_1_124' title="bbox 2291 4898 3883 4975; baseline 0.004 -23"><span class='ocrx_word' id='word_1_852' title='bbox 2291 4898 2565 4975; x_wconf 67' lang='lat' dir='ltr'><strong>Numquid</strong></span> <span class='ocrx_word' id='word_1_853' title='bbox 2582 4901 2721 4975; x_wconf 71' lang='lat' dir='ltr'><strong>Deus</strong></span> <span class='ocrx_word' id='word_1_854' title='bbox 2743 4898 2937 4975; x_wconf 78' lang='lat' dir='ltr'><strong>indiget</strong></span> <span class='ocrx_word' id='word_1_855' title='bbox 2962 4898 3224 4960; x_wconf 81' lang='lat' dir='ltr'><strong>mendacio</strong></span> <span class='ocrx_word' id='word_1_856' title='bbox 3252 4916 3427 4960; x_wconf 86' lang='lat' dir='ltr'><strong>nostra</strong></span> <span class='ocrx_word' id='word_1_857' title='bbox 3451 4903 3596 4971; x_wconf 85' lang='lat' dir='ltr'><strong>(Iob.</strong></span> <span class='ocrx_word' id='word_1_858' title='bbox 3622 4910 3770 4973; x_wconf 81' lang='lat' dir='ltr'><strong>xm)?</strong></span> <span class='ocrx_word' id='word_1_859' title='bbox 3788 4908 3883 4961; x_wconf 77' lang='lat' dir='ltr'><strong>Re-</strong></span> 
     </span>
    </p>
   </div>
   <div class='ocr_carea' id='block_1_124' title="bbox 2291 4970 3880 5049">
    <p class='ocr_par' dir='ltr' id='par_1_124' title="bbox 2291 4970 3880 5049">
     <span class='ocr_line' id='line_1_125' title="bbox 2291 4970 3880 5049; baseline 0.004 -24"><span class='ocrx_word' id='word_1_860' title='bbox 2291 4970 2529 5049; x_wconf 55' lang='lat' dir='ltr'><strong>clamant</strong></span> <span class='ocrx_word' id='word_1_861' title='bbox 2565 4976 2661 5049; x_wconf 63' lang='grc' dir='ltr'><strong>βξ.</strong></span> <span class='ocrx_word' id='word_1_862' title='bbox 2696 4970 2927 5049; x_wconf 70' lang='lat' dir='ltr'><strong>Patres,</strong></span> <span class='ocrx_word' id='word_1_863' title='bbox 2958 4990 3092 5049; x_wconf 77' lang='lat' dir='ltr'><strong>quos</strong></span> <span class='ocrx_word' id='word_1_864' title='bbox 3123 4992 3279 5049; x_wconf 74' lang='lat' dir='ltr'><strong>supra</strong></span> <span class='ocrx_word' id='word_1_865' title='bbox 3312 4970 3598 5031; x_wconf 83' lang='lat' dir='ltr'><strong>citavimus</strong></span> <span class='ocrx_word' id='word_1_866' title='bbox 3632 4970 3787 5047; x_wconf 81' lang='lat' dir='ltr'><strong>(Cap.</strong></span> <span class='ocrx_word' id='word_1_867' title='bbox 3809 4980 3880 5049; x_wconf 85' lang='lat'><strong>8).</strong></span> 
     </span>
    </p>
   </div>
   <div class='ocr_carea' id='block_1_125' title="bbox 2362 5039 3879 5116">
    <p class='ocr_par' dir='ltr' id='par_1_125' title="bbox 2362 5039 3879 5116">
     <span class='ocr_line' id='line_1_126' title="bbox 2362 5039 3879 5116; baseline 0.007 -21"><span class='ocrx_word' id='word_1_868' title='bbox 2362 5039 2389 5079; x_wconf 76' lang='grc' dir='ltr'>ἀ</span> <span class='ocrx_word' id='word_1_869' title='bbox 2417 5042 2657 5116; x_wconf 80' lang='lat' dir='ltr'><strong>Respicit</strong></span> <span class='ocrx_word' id='word_1_870' title='bbox 2686 5046 2929 5113; x_wconf 70' lang='lat' dir='ltr'><strong>exempla</strong></span> <span class='ocrx_word' id='word_1_871' title='bbox 2963 5039 3112 5100; x_wconf 77' lang='lat' dir='ltr'><strong>Raab</strong></span> <span class='ocrx_word' id='word_1_872' title='bbox 3139 5039 3204 5101; x_wconf 59' lang='lat' dir='ltr'><strong>et&#39;</strong></span> <span class='ocrx_word' id='word_1_873' title='bbox 3229 5048 3436 5111; x_wconf 65' lang='lat' dir='ltr'><strong>Dalilae,</strong></span> <span class='ocrx_word' id='word_1_874' title='bbox 3472 5039 3879 5116; x_wconf 58' lang='lat' dir='ltr'><strong>super&#39;ius&#39;alle-</strong></span> 
     </span>
    </p>
   </div>
   <div class='ocr_carea' id='block_1_126' title="bbox 2291 5115 3879 5188">
    <p class='ocr_par' dir='ltr' id='par_1_126' title="bbox 2291 5115 3879 5188">
     <span class='ocr_line' id='line_1_127' title="bbox 2291 5115 3879 5188; baseline 0.003 -21"><span class='ocrx_word' id='word_1_875' title='bbox 2291 5122 2434 5188; x_wconf 77' lang='lat' dir='ltr'><strong>gata.</strong></span> <span class='ocrx_word' id='word_1_876' title='bbox 2487 5115 2557 5169; x_wconf 87' lang='lat' dir='ltr'><strong>At</strong></span> <span class='ocrx_word' id='word_1_877' title='bbox 2580 5116 2679 5188; x_wconf 91' lang='lat' dir='ltr'><strong>_de</strong></span> <span class='ocrx_word' id='word_1_878' title='bbox 2732 5116 2879 5188; x_wconf 75' lang='lat' dir='ltr'><strong>llaab</strong></span> <span class='ocrx_word' id='word_1_879' title='bbox 2912 5118 3069 5186; x_wconf 88' lang='lat' dir='ltr'><strong>longe</strong></span> <span class='ocrx_word' id='word_1_880' title='bbox 3116 5117 3274 5172; x_wconf 89' lang='lat' dir='ltr'><strong>aliter</strong></span> <span class='ocrx_word' id='word_1_881' title='bbox 3318 5118 3577 5186; x_wconf 69' lang='lat' dir='ltr'><strong>praedicat</strong></span> <span class='ocrx_word' id='word_1_882' title='bbox 3618 5124 3879 5188; x_wconf 79' lang='lat' dir='ltr'><strong>apustulus</strong></span> 
     </span>
    </p>
   </div>
   <div class='ocr_carea' id='block_1_127' title="bbox 2292 5183 3879 5257">
    <p class='ocr_par' dir='ltr' id='par_1_127' title="bbox 2292 5183 3879 5257">
     <span class='ocr_line' id='line_1_128' title="bbox 2292 5183 3879 5257; baseline 0.004 -19"><span class='ocrx_word' id='word_1_883' title='bbox 2292 5184 2492 5257; x_wconf 78' lang='lat' dir='ltr'><strong>Paulus</strong></span> <span class='ocrx_word' id='word_1_884' title='bbox 2524 5204 2536 5240; x_wconf 91' lang='lat'><strong>:</strong></span> <span class='ocrx_word' id='word_1_885' title='bbox 2570 5183 2705 5240; x_wconf 84' lang='lat' dir='ltr'><strong>Fide</strong></span> <span class='ocrx_word' id='word_1_886' title='bbox 2733 5186 2883 5240; x_wconf 82' lang='lat' dir='ltr'><strong>Raab</strong></span> <span class='ocrx_word' id='word_1_887' title='bbox 2904 5183 3144 5241; x_wconf 74' lang='lat' dir='ltr'><strong>meretrix</strong></span> <span class='ocrx_word' id='word_1_888' title='bbox 3174 5205 3275 5241; x_wconf 85' lang='lat' dir='ltr'><strong>non</strong></span> <span class='ocrx_word' id='word_1_889' title='bbox 3316 5183 3471 5257; x_wconf 78' lang='lat' dir='ltr'><strong>periit</strong></span> <span class='ocrx_word' id='word_1_890' title='bbox 3503 5207 3620 5241; x_wconf 88' lang='lat' dir='ltr'><strong>cum</strong></span> <span class='ocrx_word' id='word_1_891' title='bbox 3652 5183 3879 5244; x_wconf 78' lang='lat' dir='ltr'><strong>incredu-</strong></span> 
     </span>
    </p>
   </div>
   <div class='ocr_carea' id='block_1_128' title="bbox 2293 5255 3878 5329">
    <p class='ocr_par' dir='ltr' id='par_1_128' title="bbox 2293 5255 3878 5329">
     <span class='ocr_line' id='line_1_129' title="bbox 2293 5255 3878 5329; baseline 0.006 -22"><span class='ocrx_word' id='word_1_892' title='bbox 2293 5255 2375 5329; x_wconf 80' lang='lat' dir='ltr'><strong>lis,</strong></span> <span class='ocrx_word' id='word_1_893' title='bbox 2412 5257 2670 5329; x_wconf 68' lang='lat' dir='ltr'><strong>excipiens</strong></span> <span class='ocrx_word' id='word_1_894' title='bbox 2698 5258 3048 5329; x_wconf 71' lang='lat' dir='ltr'><strong>exploratores</strong></span> <span class='ocrx_word' id='word_1_895' title='bbox 3078 5275 3191 5310; x_wconf 90' lang='lat' dir='ltr'><strong>cum</strong></span> <span class='ocrx_word' id='word_1_896' title='bbox 3220 5255 3345 5329; x_wconf 83' lang='lat' dir='ltr'><strong>pace</strong></span> <span class='ocrx_word' id='word_1_897' title='bbox 3374 5258 3564 5321; x_wconf 85' lang='lat' dir='ltr'><strong>(Ilebr.</strong></span> <span class='ocrx_word' id='word_1_898' title='bbox 3601 5263 3703 5328; x_wconf 73' lang='grc' dir='ltr'><strong>ιι).</strong></span> <span class='ocrx_word' id='word_1_899' title='bbox 3736 5261 3878 5325; x_wconf 65' lang='lat' dir='ltr'><strong>Fide,</strong></span> 
     </span>
    </p>
   </div>
   <div class='ocr_carea' id='block_1_129' title="bbox 2293 5327 3877 5395">
    <p class='ocr_par' dir='ltr' id='par_1_129' title="bbox 2293 5327 3877 5395">
     <span class='ocr_line' id='line_1_130' title="bbox 2293 5327 3877 5395; baseline 0.002 -16"><span class='ocrx_word' id='word_1_900' title='bbox 2293 5327 2486 5395; x_wconf 88' lang='lat' dir='ltr'><strong>inquit,</strong></span> <span class='ocrx_word' id='word_1_901' title='bbox 2519 5343 2625 5381; x_wconf 91' lang='lat' dir='ltr'><strong>non</strong></span> <span class='ocrx_word' id='word_1_902' title='bbox 2657 5327 2937 5385; x_wconf 82' lang='lat' dir='ltr'><strong>mendacio</strong></span> <span class='ocrx_word' id='word_1_903' title='bbox 2971 5346 2985 5384; x_wconf 89' lang='lat'>:</span> <span class='ocrx_word' id='word_1_904' title='bbox 3018 5338 3072 5384; x_wconf 88' lang='lat' dir='ltr'><strong>et</strong></span> <span class='ocrx_word' id='word_1_905' title='bbox 3104 5327 3347 5383; x_wconf 54' lang='lat' dir='ltr'><strong>lide&#39;nou</strong></span> <span class='ocrx_word' id='word_1_906' title='bbox 3378 5329 3499 5384; x_wconf 82' lang='lat' dir='ltr'><strong>ﬁcta</strong></span> <span class='ocrx_word' id='word_1_907' title='bbox 3531 5345 3619 5384; x_wconf 90' lang='lat' dir='ltr'><strong>aut</strong></span> <span class='ocrx_word' id='word_1_908' title='bbox 3654 5327 3877 5394; x_wconf 71' lang='lat' dir='ltr'><strong>mortua,</strong></span> 
     </span>
    </p>
   </div>
   <div class='ocr_carea' id='block_1_130' title="bbox 2294 5400 3877 5470">
    <p class='ocr_par' dir='ltr' id='par_1_130' title="bbox 2294 5400 3877 5470">
     <span class='ocr_line' id='line_1_131' title="bbox 2294 5400 3877 5470; baseline 0.004 -19"><span class='ocrx_word' id='word_1_909' title='bbox 2294 5400 2388 5451; x_wconf 87' lang='lat' dir='ltr'><strong>sed</strong></span> <span class='ocrx_word' id='word_1_910' title='bbox 2430 5414 2546 5470; x_wconf 75' lang='lat' dir='ltr'><strong>viva</strong></span> <span class='ocrx_word' id='word_1_911' title='bbox 2578 5409 2634 5452; x_wconf 93' lang='lat' dir='ltr'><strong>et</strong></span> <span class='ocrx_word' id='word_1_912' title='bbox 2664 5414 2759 5468; x_wconf 92' lang='lat' dir='ltr'><strong>per</strong></span> <span class='ocrx_word' id='word_1_913' title='bbox 2790 5403 3106 5454; x_wconf 77' lang='lat' dir='ltr'><strong>charitatem</strong></span> <span class='ocrx_word' id='word_1_914' title='bbox 3144 5410 3439 5470; x_wconf 82' lang='lat' dir='ltr'><strong>operante,</strong></span> <span class='ocrx_word' id='word_1_915' title='bbox 3473 5411 3529 5454; x_wconf 83' lang='grc' dir='ltr'><strong>ιιι</strong></span> <span class='ocrx_word' id='word_1_916' title='bbox 3564 5402 3795 5470; x_wconf 79' lang='lat' dir='ltr'><strong>explicat</strong></span> <span class='ocrx_word' id='word_1_917' title='bbox 3826 5404 3877 5457; x_wconf 84' lang='grc' dir='ltr'><strong>Β.</strong></span> 
     </span>
    </p>
   </div>
   <div class='ocr_carea' id='block_1_131' title="bbox 2293 5469 3880 5536">
    <p class='ocr_par' dir='ltr' id='par_1_131' title="bbox 2293 5469 3880 5536">
     <span class='ocr_line' id='line_1_132' title="bbox 2293 5469 3880 5536; baseline 0.003 -15"><span class='ocrx_word' id='word_1_918' title='bbox 2293 5469 2526 5523; x_wconf 67' lang='lat' dir='ltr'><strong>Iacobus</strong></span> <span class='ocrx_word' id='word_1_919' title='bbox 2555 5470 2740 5524; x_wconf 87' lang='lat' dir='ltr'><strong>dicens</strong></span> <span class='ocrx_word' id='word_1_920' title='bbox 2765 5489 2777 5522; x_wconf 92' lang='lat'>:</span> <span class='ocrx_word' id='word_1_921' title='bbox 2812 5471 3061 5525; x_wconf 84' lang='lat' dir='ltr'><strong>Similiter</strong></span> <span class='ocrx_word' id='word_1_922' title='bbox 3083 5482 3127 5525; x_wconf 91' lang='lat' dir='ltr'><strong>et</strong></span> <span class='ocrx_word' id='word_1_923' title='bbox 3152 5469 3297 5523; x_wconf 83' lang='lat' dir='ltr'><strong>Raab</strong></span> <span class='ocrx_word' id='word_1_924' title='bbox 3324 5474 3596 5536; x_wconf 67' lang='lat' dir='ltr'><strong>meretrix,</strong></span> <span class='ocrx_word' id='word_1_925' title='bbox 3637 5469 3804 5529; x_wconf 81' lang='lat' dir='ltr'><strong>nonne</strong></span> <span class='ocrx_word' id='word_1_926' title='bbox 3830 5490 3880 5527; x_wconf 76' lang='lat' dir='ltr'><strong>es</strong></span> 
     </span>
    </p>
   </div>
   <div class='ocr_carea' id='block_1_132' title="bbox 2295 5540 3878 5611">
    <p class='ocr_par' dir='ltr' id='par_1_132' title="bbox 2295 5540 3878 5611">
     <span class='ocr_line' id='line_1_133' title="bbox 2295 5540 3878 5611; baseline 0.002 -18"><span class='ocrx_word' id='word_1_927' title='bbox 2295 5540 2534 5604; x_wconf 82' lang='lat' dir='ltr'><strong>aperibus</strong></span> <span class='ocrx_word' id='word_1_928' title='bbox 2566 5541 2852 5611; x_wconf 60' lang='lat' dir='ltr'><strong>iustiﬁcata</strong></span> <span class='ocrx_word' id='word_1_929' title='bbox 2888 5554 2960 5595; x_wconf 89' lang='lat' dir='ltr'><strong>est</strong></span> <span class='ocrx_word' id='word_1_930' title='bbox 2999 5542 3279 5611; x_wconf 86' lang='lat' dir='ltr'><strong>suscipiens</strong></span> <span class='ocrx_word' id='word_1_931' title='bbox 3328 5544 3539 5595; x_wconf 85' lang='lat' dir='ltr'><strong>nuntios</strong></span> <span class='ocrx_word' id='word_1_932' title='bbox 3566 5555 3614 5597; x_wconf 87' lang='lat' dir='ltr'><strong>et</strong></span> <span class='ocrx_word' id='word_1_933' title='bbox 3661 5547 3767 5597; x_wconf 80' lang='lat' dir='ltr'><strong>alia</strong></span> <span class='ocrx_word' id='word_1_934' title='bbox 3811 5546 3878 5599; x_wconf 73' lang='lat' dir='ltr'><strong>ria</strong></span> 
     </span>
    </p>
   </div>
   <div class='ocr_carea' id='block_1_133' title="bbox 2295 5609 3877 5681">
    <p class='ocr_par' dir='ltr' id='par_1_133' title="bbox 2295 5609 3877 5681">
     <span class='ocr_line' id='line_1_134' title="bbox 2295 5609 3877 5681; baseline 0.003 -18"><span class='ocrx_word' id='word_1_935' title='bbox 2295 5612 2500 5681; x_wconf 85' lang='lat' dir='ltr'><strong>ejiciens</strong></span> <span class='ocrx_word' id='word_1_936' title='bbox 2531 5609 2734 5680; x_wconf 84' lang='lat' dir='ltr'><strong>(Iacob.</strong></span> <span class='ocrx_word' id='word_1_937' title='bbox 2766 5614 2838 5678; x_wconf 88' lang='lat' dir='ltr'><strong>tt)</strong></span> <span class='ocrx_word' id='word_1_938' title='bbox 2870 5613 2893 5665; x_wconf 87' lang='lat'><strong>?</strong></span> <span class='ocrx_word' id='word_1_939' title='bbox 2931 5613 3101 5667; x_wconf 86' lang='lat' dir='ltr'><strong>Dalila</strong></span> <span class='ocrx_word' id='word_1_940' title='bbox 3131 5609 3261 5666; x_wconf 83' lang='lat' dir='ltr'><strong>vero</strong></span> <span class='ocrx_word' id='word_1_941' title='bbox 3303 5612 3585 5667; x_wconf 83' lang='lat' dir='ltr'><strong>Satnsouis</strong></span> <span class='ocrx_word' id='word_1_942' title='bbox 3621 5631 3759 5668; x_wconf 75' lang='lat' dir='ltr'><strong>uxor</strong></span> <span class='ocrx_word' id='word_1_943' title='bbox 3786 5632 3877 5670; x_wconf 88' lang='lat' dir='ltr'><strong>non</strong></span> 
     </span>
    </p>
   </div>
   <div class='ocr_carea' id='block_1_134' title="bbox 2295 5682 3869 5753">
    <p class='ocr_par' dir='ltr' id='par_1_134' title="bbox 2295 5682 3869 5753">
     <span class='ocr_line' id='line_1_135' title="bbox 2295 5682 3869 5753; baseline 0.003 -19"><span class='ocrx_word' id='word_1_944' title='bbox 2295 5683 2365 5753; x_wconf 88' lang='lat' dir='ltr'><strong>ob</strong></span> <span class='ocrx_word' id='word_1_945' title='bbox 2394 5684 2641 5735; x_wconf 83' lang='lat' dir='ltr'><strong>veritatis</strong></span> <span class='ocrx_word' id='word_1_946' title='bbox 2683 5684 3103 5749; x_wconf 87' lang='lat' dir='ltr'><strong>confessionem,</strong></span> <span class='ocrx_word' id='word_1_947' title='bbox 3133 5682 3225 5737; x_wconf 88' lang='lat' dir='ltr'><strong>sed</strong></span> <span class='ocrx_word' id='word_1_948' title='bbox 3259 5684 3331 5735; x_wconf 91' lang='lat' dir='ltr'><strong>ob</strong></span> <span class='ocrx_word' id='word_1_949' title='bbox 3370 5685 3716 5753; x_wconf 71' lang='lat' dir='ltr'><strong>perfidiosum</strong></span> <span class='ocrx_word' id='word_1_950' title='bbox 3759 5702 3869 5741; x_wconf 65' lang='lat' dir='ltr'><strong>cun-</strong></span> 
     </span>
    </p>
   </div>
   <div class='ocr_carea' id='block_1_135' title="bbox 2291 5752 3880 5828">
    <p class='ocr_par' dir='ltr' id='par_1_135' title="bbox 2291 5752 3880 5828">
     <span class='ocr_line' id='line_1_136' title="bbox 2291 5752 3880 5828; baseline 0.008 -26"><span class='ocrx_word' id='word_1_951' title='bbox 2291 5752 2433 5821; x_wconf 89' lang='lat' dir='ltr'><strong>jugis</strong></span> <span class='ocrx_word' id='word_1_952' title='bbox 2465 5754 2821 5828; x_wconf 82' lang='lat' dir='ltr'><strong>proditionem</strong></span> <span class='ocrx_word' id='word_1_953' title='bbox 2855 5757 2914 5828; x_wconf 92' lang='lat' dir='ltr'><strong>in_</strong></span> <span class='ocrx_word' id='word_1_954' title='bbox 2940 5768 3129 5828; x_wconf 70' lang='lat' dir='ltr'><strong>manus</strong></span> <span class='ocrx_word' id='word_1_955' title='bbox 3164 5754 3424 5828; x_wconf 86' lang='lat' dir='ltr'><strong>hostium,</strong></span> <span class='ocrx_word' id='word_1_956' title='bbox 3460 5767 3743 5825; x_wconf 83' lang='lat' dir='ltr'><strong>peccatum</strong></span> <span class='ocrx_word' id='word_1_957' title='bbox 3771 5773 3880 5828; x_wconf 66' lang='lat' dir='ltr'><strong>perc</strong></span> 
     </span>
    </p>
   </div>
   <div class='ocr_carea' id='block_1_136' title="bbox 2295 5822 3353 5901">
    <p class='ocr_par' dir='ltr' id='par_1_136' title="bbox 2295 5822 3353 5901">
     <span class='ocr_line' id='line_1_137' title="bbox 2295 5822 3353 5901; baseline 0 -24"><span class='ocrx_word' id='word_1_958' title='bbox 2295 5834 2471 5895; x_wconf 77' lang='lat' dir='ltr'><strong>petua:</strong></span> <span class='ocrx_word' id='word_1_959' title='bbox 2498 5826 2685 5880; x_wconf 86' lang='lat' dir='ltr'><strong>mortis</strong></span> <span class='ocrx_word' id='word_1_960' title='bbox 2718 5826 2945 5881; x_wconf 89' lang='lat' dir='ltr'><strong>incurrit</strong></span> <span class='ocrx_word' id='word_1_961' title='bbox 2974 5822 3173 5898; x_wconf 84' lang='lat' dir='ltr'><strong>(Iudic.</strong></span> <span class='ocrx_word' id='word_1_962' title='bbox 3210 5823 3353 5901; x_wconf 79' lang='lat' dir='ltr'><strong>xvi).</strong></span> 
     </span>
    </p>
   </div>
  </div>
