4014 6200
180 255 313 314 I065

1205 246 1545 305 COLLATIO
1583 247 1751 305 XVII.
1783 274 1852 294 --
1884 248 1972 305 DE
2011 246 2445 309 DEFINIENDO.

3331 265 3360 324 ί
3368 264 3472 323 066

174 368 525 435 abluendam,
559 373 617 423 et
648 366 795 423 velut
822 363 1145 422 nubeculam
1176 363 1460 436 quamdam
1488 362 1618 419 ﬂatu
1649 363 1772 433 Spi-
1800 366 1846 426 A
1876 364 2131 435 pingebat
2162 365 2214 420 in
2252 367 2450 421 ostium
2480 372 2676 436 portae,
2707 364 3124 438 dctluebantque
3147 373 3331 431 salivae
3353 379 3471 448 ejus

175 466 314 520 ritus
328 462 503 519 sancti
520 461 786 517 velociter
799 458 1213 524 absumendam,
1231 466 1391 529 atque
1405 456 1655 512 uberiora
1672 454 1775 510 sibi

178 572 275 625 per
300 558 438 611 hanc
474 553 856 609 afl'ectaticiam
885 551 1287 609 simulationem
1310 566 1470 621 quam
1501 564 1597 620 per
1625 549 1773 604 illam

176 650 475 717 ingenitam
494 646 802 709 veritatem,
827 645 1146 699 meritorum
1177 644 1399 714 praemia
1424 640 1773 699 conferenda.

748 735 981 792 CAPUT
1021 735 1203 791 XVIII.

178 832 436 904 Objectio,
464 832 604 902 quod
646 831 970 904 illiitantum
1002 829 1215 904 impune
1249 830 1517 884 mendacio
1546 829 1627 883 usi
1653 829 1778 893 sint,

665 901 755 972 qui
778 900 871 954 sub
897 899 1008 970 lege
1037 901 1294 953 vixerunt.

254 1018 554 1073 Germanus
586 1030 601 1068 :
633 1012 753 1069 Non
786 1012 982 1067 mirum
1011 1020 1099 1067 est
1130 1011 1226 1067 has
1248 1011 1681 1083 dispensationes
1726 1012 1779 1066 in

181 1114 354 1168 veteri
393 1112 776 1175 Testamento,
827 1107 1083 1163 licentius
1119 1115 1435 1175 usurpatas,
1478 1122 1541 1162 ac
1572 1116 1598 1145 η
1647 1121 1783 1161 non-

184 1220 477 1275 numquam
501 1205 647 1259 viros
677 1209 897 1258 sanctos
926 1200 1270 1256 veniabiliter
1300 1200 1470 1256 fuisse
1500 1199 1779 1263 mentitos,

185 1294 217 1336 ι)
265 1312 388 1353 cum
420 1296 588 1351 multo
620 1294 825 1365 majora
857 1293 935 1348 eis
976 1308 1078 1363 pro
1118 1300 1421 1363 temporum
1460 1292 1783 1348 rudimentis

187 1391 408 1445 licuisse
434 1389 733 1443 videamus.
765 1386 876 1442 Cur
902 1386 1046 1441 enim
1075 1385 1273 1439 mirum
1306 1385 1396 1448 sit,
1427 1385 1569 1455 quod
1598 1385 1785 1438 beatus

176 1481 358 1536 David
390 1481 605 1551 fugiens
654 1478 894 1545 Saulem,
929 1476 1269 1549 percontanti
1299 1476 1648 1530 Achimelech
1700 1489 1786 1527 sa-

185 1572 394 1629 cerdOti
440 1582 603 1641 atque
646 1570 886 1625 dicenti:
933 1568 1108 1635 Quare
1137 1576 1191 1621 tu
1219 1567 1382 1634 solus,
1429 1576 1475 1621 et
1506 1566 1685 1620 nullus
1712 1573 1787 1619 est

187 1666 393 1719 tecum?
421 1664 495 1717 ita
524 1660 839 1731 respondit:
873 1658 1005 1726 Rex,
1040 1659 1234 1728 inquit,
1266 1658 1510 1729 praecepit
1528 1658 1657 1711 mihi
1684 1674 1790 1712 ser-

1879 457 1931 511 in
1979 457 2203 513 barbam
2254 476 2266 510 :
2309 474 2433 513 cum
2473 459 2633 513 etiam
2670 472 2900 513 uxorum
2946 461 3475 538 concubinarumque

1878 551 2133 621 gregibus
2167 551 2323 607 licito
2353 552 2667 607 fruerentur
2688 592 2703 618 ,
2744 566 2847 607 nec
2871 552 3035 607 ullum
3065 554 3146 609 eis
3184 556 3481 626 imputare-

1881 648 1967 694 tur
1993 656 2063 697 ex
2090 640 2191 696 hac
2214 648 2370 711 parte
2391 649 2705 711 peccatum;
2737 642 2957 713 insuper
2982 655 3004 683 ε
3030 646 3194 701 etiam
3228 648 3477 703 inimico-

1880 746 2001 786 rum
2032 734 2353 801 sanguinem
2408 734 2625 803 propria
2676 750 2838 789 manu
2880 735 3193 807 frequenter
3232 740 3477 797 eﬂ'unde-

1881 835 2026 891 rent,
2058 825 2219 896 idque
2267 841 2372 881 non
2401 828 2577 881 solum
2628 843 2736 884 non
2782 833 3234 902 reprehensibile,
3287 851 3475 891 verum

1883 922 2046 976 etiam
2075 919 2348 977 laudabile
2376 920 2710 977 crederetur.
2740 923 2871 989 Qua:
2892 925 2964 979 ita
2987 940 3149 991 nunc,
3182 927 3479 998 Evangelia

1885 1024 2225 1082 coruscante,
2272 1014 2519 1073 videmus
2549 1016 2875 1072 omnimodis
2920 1019 3240 1086 interdicta,
3272 1030 3332 1074 ut
3358 1022 3477 1076 sine

1883 1109 2087 1179 ingenti
2133 1110 2361 1165 crimine
2385 1125 2447 1165 ac
2488 1111 2772 1180 sacrilegio
2822 1113 3013 1168 horum
3046 1114 3334 1184 quidquam
3370 1130 3479 1171 non

1886 1201 2061 1272 possit
2091 1200 2323 1259 admitti.
2376 1202 2843 1268 Quemadmodum
2877 1221 2979 1261 nec
3016 1206 3357 1262 mendacium
3390 1209 3478 1263 ul-

1888 1292 2021 1357 lum,
2069 1292 2368 1362 quamlibet
2415 1294 2503 1363 pio
2542 1296 2723 1351 colore
2772 1306 3107 1363 contectum,
3140 1314 3245 1355 non
3304 1300 3480 1355 dicam

1888 1384 2274 1455 probabiliter,
2311 1386 2405 1441 sed
2439 1403 2539 1442 nec
2566 1388 2914 1443 veniabiliter
2942 1407 2971 1445 a
3003 1406 3275 1461 qUnqttam
3304 1393 3485 1448 credi-

1890 1492 2011 1531 mus
2043 1479 2315 1547 usurpari,
2339 1478 2554 1534 dicente
2590 1480 2854 1534 Domino:
2891 1482 2972 1535 Sit
3004 1499 3167 1537 sermo
3198 1493 3383 1554 vester,
3408 1495 3485 1540 est

1891 1578 1987 1637 est,
2026 1587 2126 1624 non
2151 1588 2284 1637 non;
2307 1573 2444 1641 quod
2473 1582 2647 1627 autent
2674 1575 2751 1628 his
2772 1575 3121 1631 abundantius
3149 1589 3253 1645 est,
3287 1597 3317 1633 a
3342 1579 3481 1635 malo

1891 1671 1963 1716 est
2016 1662 2234 1734 (Matth.
2289 1666 2344 1733 v)
2392 1680 2404 1722 :
2452 1665 2712 1737 Apostolo
2753 1683 2968 1737 quoque
3020 1670 3072 1723 in
3107 1671 3297 1727 eadem
3345 1688 3483 1730 con-

187 1772 388 1811 monem
407 1796 422 1821 ,
450 1764 496 1809 et
528 1754 658 1808 dixit
690 1768 710 1807 :
742 1751 909 1807 Nemo
937 1753 1065 1807 sciat
1095 1768 1203 1806 rem
1235 1760 1445 1820 propter
1482 1767 1636 1822 quam
1664 1750 1787 1804 mis-
1813 1754 1862 1816 B
1889 1767 2138 1827 gruente,
2174 1757 2349 1813 Nolite
2380 1761 2586 1813 mentiri
2614 1761 2833 1813 invicem
2855 1760 3055 1832 (Calas.
3083 1764 3181 1834 ut).

188 1867 277 1903 sus
302 1866 355 1903 es
389 1864 405 1903 :
439 1864 563 1902 nam
592 1855 638 1903 et
660 1847 838 1913 pueris
868 1846 1074 1901 condixi
1100 1847 1152 1899 in
1176 1846 1350 1911 illum,
1380 1853 1427 1899 et
1455 1846 1508 1899 in
1529 1845 1679 1899 illum
1710 1843 1788 1897 lo-

190 1959 308 1997 cum
332 1942 374 2011 (I
405 1940 536 2014 Reg.
570 1939 709 2010 nl).
738 1939 805 1994 Et
835 1939 1027 1994 iterum
1056 1956 1067 1991 :
1098 1938 1159 1993 Si
1190 1939 1343 1993 habes
1372 1938 1458 1991 hic
1480 1939 1548 1991 ad
1578 1954 1787 1991 manum

190 2037 391 2089 hastam
420 2043 509 2087 aut
537 2033 794 2104 gladium,
826 2032 947 2101 quia
975 2031 1205 2102 gladium
1230 2046 1399 2084 meum
1427 2038 1475 2084 et
1504 2041 1647 2085 arma
1675 2047 1787 2085 mea

191 2145 294 2181 non
332 2128 429 2181 tuli
469 2142 668 2180 mecum
712 2124 932 2196 (Ibid.);
964 2137 1144 2179 sermo
1182 2122 1327 2179 cnim
1366 2122 1510 2193 regis
1539 2124 1782 2192 urgebat.

194 2221 291 2276 Vel
325 2219 458 2274 illud
491 2238 502 2271 :
529 2219 662 2274 Cum
695 2217 983 2288 perductus
1012 2215 1078 2272 ad
1109 2217 1275 2273 Achis
1304 2231 1485 2287 regem
1509 2215 1671 2285 Geth,
1703 2220 1785 2271 in-

192 2329 388 2369 sanum
413 2329 471 2368 se
494 2313 862 2382 furiosumque
886 2310 1178 2376 simulavit.
1204 2325 1267 2366 ac
1293 2310 1519 2365 mutavit
1542 2325 1605 2365 os
1628 2326 1783 2366 suum

190 2421 377 2462 coram
408 2405 517 2472 eis,
548 2414 603 2461 et
631 2404 1004 2460 collabebatur
1050 2404 1102 2459 in
1144 2419 1335 2458 manus
1365 2418 1552 2458 eorum
1584 2410 1639 2459 et
1669 2402 1785 2458 im-

2478 1873 2704 1930 CAPUT
2744 1874 2888 1930 XIX.

1892 1964 2177 2034 Responsio
2201 1964 2431 2037 ecquod
2462 1964 2669 2037 licentia
2695 1968 2981 2031 mendacii,
3006 1985 3123 2037 qure
3152 1986 3216 2023 ne
3248 1972 3299 2025 in
3328 1975 3485 2028 veteri

1998 2037 2168 2091 uidem
2194 2035 2399 2090 indulta
2428 2044 2501 2091 est
2530 2035 2879 2105 Testamento,
2907 2035 3225 2095 veniabiliter
3249 2061 3280 2096 a
3308 2046 3485 2099 multis

1998 2053 2168 2091 uiaem
2194 2053 2399 2090 mautm

1961 2053 2119 2177 luerit
2143 2117 2419 2177 usurpata.

1962 2219 2165 2290 Joseph
2214 2238 2229 2273 :
2284 2217 2310 2257 ἀ
2379 2219 2615 2276 Uxorum
2671 2223 2889 2293 quidem
2954 2226 3483 2299 concubinarumque

1891 2312 2181 2367 multarum
2212 2312 2302 2366 illa
2335 2312 2581 2379 libertas,
2609 2314 2844 2368 instante
2882 2316 2992 2383 jam
3040 2326 3341 2385 temporum
3376 2322 3485 2377 line

1891 2410 1946 2459 et
1967 2402 2420 2475 multiplicatione
2442 2404 2690 2460 humana:
2715 2408 3083 2476 generationis
3104 2410 3337 2480 expleta,
3372 2428 3481 2470 non

1271 2533 1532 2591 ALARDI
1571 2533 1802 2590 GAZIEI
1839 2532 2401 2593 COMMENTARIUS.

263 2643 291 2672 ι
323 2632 476 2689 Circa
509 2633 653 2687 hunc
680 2630 855 2686 locum
898 2629 1131 2684 notanda
1160 2628 1311 2684 venit
1341 2628 1555 2698 vulgata
1594 2626 1787 2682 distin-

189 2706 301 2761 ctio
316 2705 581 2760 mendacii
600 2702 667 2757 ab
684 2701 987 2771 Augustino
1007 2700 1223 2766 tradita,
1238 2700 1291 2754 in
1309 2698 1645 2771 mendacium
1660 2698 1719 2753 of
1721 2700 1751 2771 ll
1769 2731 1785 2741 -

188 2776 425 2844 ciosum,
452 2777 697 2847 jocosum
727 2768 795 2828 et'
809 2771 1178 2847 perniciosum
1197 2811 1212 2835 ,
1245 2770 1398 2847 cujus
1425 2768 1787 2847 distinctionis

189 2849 242 2903 in
279 2848 379 2902 hac
401 2840 764 2917 disputatione
794 2840 1065 2917 praecipua
1096 2841 1350 2917 habenda
1369 2850 1452 2917 est
1475 2841 1632 2917 ratio.
1658 2840 1789 2896 Olfi-

188 2921 399 2975 ciosum
435 2911 664 2981 dicitur,
697 2911 839 2985 quod
880 2912 1008 2985 sine
1066 2913 1289 2985 alterius
1338 2911 1536 2981 injuria
1586 2911 1645 2985 fit
1690 2926 1786 2985 pro

187 2992 369 3048 salute
398 2991 479 3044 vel
510 2982 796 3043 commodo
842 2984 1088 3053 alicujus.
1133 2984 1387 3038 Jocosum
1417 3026 1430 3049 ,
1474 2982 1617 3053 quod
1669 2983 1785 3037 sola

190 3040 607 3131 placendi'sivei
632 3040 935 3113 delectandi
966 3040 1245 3131 voluntate
1273 3040 1564 3131 profertur.
1596 3052 1788 3131 Perni-
1809 3040 1861 3109 C

186 3122 424 3195 "ciosum,
449 3146 558 3201 quo
579 3144 743 3200 grave
766 3136 1146 3201 nocumentum
1174 3122 1334 3179 alicui
1358 3122 1612 3201 infertur.
1640 3124 1789 3201 Inter

187 3204 315 3259 hsce
353 3196 536 3257 autem
565 3196 667 3255 {ria
698 3197 1103 3254 mendaciorum
1131 3211 1352 3265 genera,
1400 3196 1572 3250 solum
1608 3197 1791 3265 perui-

185 3278 402 3330 ciosum
430 3287 633 3341 genere
659 3286 758 3326 suo
788 3269 1129 3341 mortiferum
1161 3282 1306 3330 esse,
1331 3266 1423 3341 vel_
1445 3281 1511 3320 ex
1544 3267 1658 3341 ipsa
1686 3282 1785 3321 no-

188 3346 360 3401 minis
390 3337 512 3399 nota
541 3349 752 3398 constat
780 3359 791 3394 :
822 3339 1068 3408 jocosum
1101 3352 1250 3407 vero,
1283 3337 1426 3408 quod
1459 3338 1663 3392 nemini
1690 3352 1789 3393 no-

188 3427 312 3480 cet;
355 3425 411 3471 et
442 3415 760 3475 officiosum,
801 3411 943 3477 quod
987 3411 1150 3465 etiam
1185 3411 1403 3480 prodest
1447 3408 1626 3475 alicui,
1680 3424 1785 3464 non

190 3488 302 3543 nisi
333 3486 583 3541 venialia.
616 3485 753 3540 Hinc
794 3481 857 3536 D.
900 3481 1235 3550 Augustinus
1269 3479 1510 3550 (Enchiﬁr.
1552 3497 1599 3534 c.
1650 3482 1785 3550 χχιι)

189 3561 243 3614 in
284 3560 621 3626 expositione
652 3552 844 3625 psalmi
874 3548 1045 3626 quinti
1090 3569 1103 3606 :
1135 3548 1255 3626 Quo
1280 3548 1425 3616 sunt,
1456 3549 1651 3621 inquit,
1685 3548 1789 3626 om-

186 3633 316 3683 nino
338 3621 723 3682 mendaciorum
753 3640 965 3696 genera,
995 3624 1046 3675 in
1076 3621 1257 3696 quibus
1286 3639 1386 3675 non
1414 3637 1602 3696 magna
1630 3622 1787 3691 culpa

188 3712 260 3755 est
283 3718 302 3765 ;
328 3701 415 3753 sed
442 3709 613 3753 tamen
641 3694 885 3751 non—sunt
914 3700 1024 3747 sine
1044 3694 1195 3764 culpa
1228 3708 1245 3744 :
1274 3708 1391 3765 cum
1418 3694 1783 3765 aut‘jocamur,

188 3761 293 3827 aut
327 3780 381 3825 ut
414 3771 669 3832 prosimus
711 3765 981 3832 proximis,
1025 3761 1321 3817 mentimur.
1356 3764 1421 3816 Et
1468 3762 1597 3816 alibi
1645 3761 1785 3832 (Lib.

189 3851 333 3897 cont.
380 3832 562 3895 Mend.
596 3856 642 3892 c.
673 3832 749 3902 93,
784 3837 852 3891 de
880 3834 1121 3889 officioso
1158 3832 1440 3888 mendacio
1469 3832 1789 3901 disputatio-

191 3930 316 3969 nem
358 3911 689 3967 concludens
710 3902 733 3961 ":
778 3905 1054 3961 Peccatum
1084 3922 1204 3975 ergo
1233 3912 1327 3967 est,
1361 3902 1563 3975 inquit,
1588 3904 1676 3956 sed
1706 3919 1787 3975 ve-

192 3986 352 4047 niale,
376 3982 518 4053 quod
546 3972 1157 4053 benevolentiafxcusat.‘
1179 3975 1347 4053 Porro
1374 3974 1443 4053 de
1476 3972 1785 4053 huiusmodi

190 4044 515 4118 mendaciis,
562 4066 681 4119 qua:
727 4046 951 4103 subinde
979 4047 1111 4101 viris
1158 4048 1359 4100 sanctis
1406 4047 1479 4119 Il_I_
1507 4044 1785 4112 Scriptura

191 4115 913 4191 ascribunturfgencratim
936 4119 1005 4171 ita
1041 4121 1390 4191 pronuntiat:
1426 4115 1555 4191 ch
1578 4119 1787 4185 quando

190 4197 247 4248 in
274 4194 563 4264 Scripturis
592 4188 778 4264 sanctis
815 4189 1049 4264 legimus,
1082 4205 1183 4243 non
1212 4188 1331 4241 ideo
1357 4188 1479 4264 quia
1510 4189 1651 4257 facta
1679 4203 1788 4240 cre-

194 4258 408 4328 dimus,
455 4265 606 4316 etiam
632 4258 882 4331 facienda'
914 4261 1204 4323 credamus,
1251 4275 1315 4331 ne
1346 4258 1603 4331 violemus
1647 4274 1785 4331 pra:-

191 4344 372 4404 cepta,
396 4326 527 4387 dum
557 4326 749 4403 passim
774 4338 1028 4385 sectamur
1056 4329 1313 4404 exempla.
1344 4329 1420 4404 Et
1443 4328 1621 4404 infra:
1649 4326 1785 4404 Cou-

190 4400 297 4461 stat
348 4406 486 4475 quod
532 4400 633 4459 non
672 4404 843 4457 omnia
885 4417 1061 4475 qute‘a
1108 4402 1297 4475 sanctis
1344 4400 1421 4453 υρι
1465 4400 1624 4475 justis
1664 4400 1784 4475 viris

191 4470 410 4548 legimus
436 4477 604 4545 facta,
630 4470 911 4548 transferre
940 4470 1175 4525 debemus
1198 4472 1252 4524 in
1282 4486 1449 4548 mores
1468 4470 1491 4524 ξ
1517 4470 1605 4524 sed
1627 4470 1781 4522 etiam

190 4542 313 4600 hinc
335 4542 550 4614 discere,
593 4562 761 4616 quam
777 4546 882 4598 late
910 4552 1101 4616 pateat,
1148 4551 1198 4597 et
1223 4542 1291 4594 ad
1321 4558 1447 4616 quos
1476 4557 1635 4603 usque
1667 4557 1783 4609 per-

190 4618 365 4669 veniat
389 4618 525 4685 quod
538 4610 826 4684 'Apostolus
853 4610 925 4667 ait
958 4629 976 4667 :
1007 4610 1243 4685 ratres,
1272 4610 1401 4667 et'si
1452 4626 1783 4685 praeoccupa-

191 4696 277 4739 tus
306 4681 461 4754 fuerit
504 4681 653 4741 homo
701 4687 756 4739 in
795 4686 969 4753 aliqua
1010 4684 1240 4748 delicto,
1281 4700 1365 4736 vos
1412 4681 1783 4754 quispiritales

190 4752 335 4827 estis,
360 4758 595 4811 instruitc
614 4752 912 4827 huiusmodi
935 4755 987 4808 in
1007 4752 1438 4827 spiritu‘lenitatis
1462 4752 1659 4827 (Galat.
1676 4754 1781 4827 Δγι).

265 4826 293 4865 δ
328 4828 552 4883 Videtur
582 4824 1012 4883 hic'Germanus
1036 4824 1399 4879 existimasse
1443 4824 1781 4879 mendacium

187 4898 244 4954 in
279 4900 447 4955 veteri
481 4899 597 4969 lege
625 4898 795 4953 fuisse
825 4897 1169 4969 permissum,
1201 4895 1435 4969 perinde
1462 4910 1529 4969 ac
1559 4896 1781 4969 polyga-

186 4970 385 5037 miam;
434 4964 577 5040 quod
621 4964 870 5039 sequenti
913 4982 1034 5035 cap.
1074 4965 1376 5040 refellitur,
1424 4964 1514 5019 ubi
1545 4964 1780 5040 dicitur,

186 5041 331 5110 quod
362 5035 666 5112 pol'ygamia
698 5035 823 5112 iuno
856 5036 1118 5112 iemporis
1149 5038 1320 5112 potuit
1350 5050 1485 5112 esse
1514 5035 1631 5112 sine
1658 5051 1785 5112 pec-

186 5105 330 5177 cato,
360 5105 697 5167 mendacium
726 5107 831 5165 non
859 5105 1010 5163 item.
1037 5107 1206 5161 Porro
1228 5106 1296 5161 de
1327 5105 1607 5177 mendacio
1634 5119 1686 5160 et
1708 5106 1784 5161 si-

184 5176 484 5238 mulatione
510 5182 729 5236 Davidis
757 5196 863 5235 non
898 5178 1110 5234 videtur
1142 5178 1228 5232 hic
1256 5176 1636 5242 laborandum,
1660 5191 1783 5232 cum

185 5254 333 5307 nulla
368 5256 507 5308 ratio
542 5260 800 5323 appareat
822 5266 943 5306 eum
971 5265 1000 5323 a
1034 5247 1313 5303 mendacio
1340 5247 1584 5323 officioso
1614 5256 1665 5301 et
1690 5263 1783 5323 v_e-

182 5324 316 5378 niali
361 5317 656 5380 excusandi
710 5341 721 5375 :
758 5320 1056 5391 praesertim
1088 5319 1506 5391 cum__sequenti
1538 5332 1656 5387 cap.
1702 5317 1783 5373 fa-

182 5403 367 5449 teatur
396 5396 483 5450 hic
506 5394 676 5450 abbas
721 5387 981 5448 D'avidem
1012 5387 1359 5445 veniabiliter
1394 5389 1560 5443 fuisse
1592 5391 1788 5444 menti-

183 5472 327 5527 tum.
357 5477 415 5521 ut
464 5480 525 5520 se
554 5465 621 5520 ab
662 5465 861 5532 injusta
899 5462 1077 5517 Saulis
1110 5458 1784 5532 persecutionesalvaret.

180 5535 419 5591 Excusat
443 5537 662 5608 quidem
692 5528 1031 5608 aliquatenus
1064 5528 1127 5608 DL
1153 5529 1388 5608 Thomas
1418 5528 1627 5608 (Ξτῖηᾳ.
1659 5530 1783 5608 Hi,

180 5617 289 5659 art.
323 5608 350 5660 1
382 5600 505 5662 αα]
539 5607 593 5677 ),
642 5600 797 5677 quod
826 5605 929 5677 illa
972 5603 1117 5677 [lotio
1169 5603 1283 5656 sive
1332 5600 1604 5677 simulatio
1647 5602 1787 5677 apud

182 5689 371 5743 regem
420 5671 586 5732 Achis
636 5671 877 5745 figurans
908 5674 1098 5739 fuerit;
1150 5686 1309 5741 quam
1354 5671 1787 5745 figurameXpli-

182 5742 275 5805 eat
301 5746 365 5802 D.
392 5742 728 5815 Augustinus
756 5746 811 5799 in
840 5746 1107 5812 psalmum
1138 5758 1301 5811 uxr;
1334 5742 1560 5801 atcertc
1591 5742 1788 5811 ﬁgura-

466 5842 751 5913 Ρλνιζιοι.
791 5827 1026 5899 XLIX.

1894 2628 2346 2708 ti_va_significatio
2382 2630 2649 2687 mendacii
2680 2642 2862 2689 notam
2892 2650 3000 2691 non
3034 2594 3299 2708 excludit,
3335 2652 3390 2698 ut
3416 2659 3484 2700 ex

1891 2701 2049 2755 dictis
2080 2710 2243 2769 patet.

1966 2783 1987 2810 ο
2016 2773 2169 2857 Quod
2201 2772 2287 2857 hic
2316 2772 2417 2828 sibi
2446 2774 2577 2829 velit
2610 2776 2941 2857 Germanus,
2989 2794 3111 2857 non
3130 2783 3262 2857 satis
3305 2788 3481 2857 capio.

1891 2841 2023 2916 Nam
2069 2852 2123 2916 et
2157 2843 2530 2916 bellaugercre
2570 2855 2625 2901 et
2669 2841 2983 2916 sanguinem
3040 2841 3387 2911 inimicoruni
3427 2841 3482 2915 in

1890 2911 2034 3000 bello
2084 2915 2229 3000 justo
2265 2911 2543 3000 effundere
2590 2931 2699 3000 non
2746 2911 2925 3000 minus
2974 2919 3178 3000 licitum
3220 2928 3321 2982 sub
3366 2911 3485 3000 lege

1892 2983 2405 3067 Evangelica‘quam
2458 2987 2704 3067 sub‘lege
2736 2991 2921 3067 veteri.
2977 2993 3124 3048 Alias
3167 3012 3297 3052 vero
3325 3040 3338 3063 ,
3370 2983 3482 3056 viai

1891 3056 2098 3179 Rrivala
2119 3056 2462 3121 auctoritate,
2486 3056 2573 3139 vel
2596 3056 2812 3129 propria
2838 3066 3142 3120 temeritate
3163 3056 3481 3139 sanguinem

1934 3141 2184 3179 untanum
2218 3126 2463 3179 fundere.
2495 3139 2654 3179 etiam
2683 3140 2806 3179 ante
2836 3132 3008 3179 lenem
3034 3147 3272 3179 vrum-nm
3303 3150 3352 3179 ..ι
3384 3143 3481 3179 ιι..-

1934 3141 2184 3203 unianum
2218 3126 2463 3193 fundere,
2495 3132 2654 3203 etiam
2683 3126 2806 3203 ante
2836 3132 3008 3203 legem
3034 3126 3292 3194 veterem”
3303 3150 3358 3195 et
3384 3143 3483 3198 de-

1893 3198 2432 3277 calogumespresse
2458 3201 2686 3277 vetitum
2716 3202 2816 3257 fuit
2844 3198 3070 3261 Genesis
3098 3223 3152 3261 rx
3187 3228 3197 3261 :
3233 3210 3484 3277 Quicum-

1891 3284 1989 3356 q'ue
2014 3268 2257 3356 effuderit
2285 3272 2586 3354 sanguinem
2621 3273 2898 3356 hum‘annm
2926 3317 2940 3338 ,
2991 3268 3483 3356 fundeturwsangnis

1890 3338 2169 3422 illius._Ad
2196 3338 2472 3422 imaginem
2499 3344 2687 3422 quippe
2711 3343 2811 3398 Dei
2832 3338 3001 3422 factus
3030 3359 3103 3402 est
3125 3350 3297 3422 homo.
3325 3338 3483 3422 Quod

1892 3411 1937 3491 ei
1966 3410 2035 3464 ad
2066 3410 2237 3480 legem
2262 3410 2412 3491 illam
2457 3410 2674 3469 talionis
2700 3410 2940 3491 respicit,
2972 3436 3090 3488 quac
3111 3410 3484 3491 jubebatwocu;

1892 3482 2129 3562 lumine
2155 3485 2327 3562 oculo,
2354 3485 2557 3562 dentem
2591 3502 2684 3552 pro
2711 3482 2881 3562 dente,
2920 3482 3129 3562 vulnus'
3148 3509 3243 3562 pro
3273 3498 3484 3553 vulnere

1890 3553 2039 3635 reddi
2060 3552 2390 3635 (Exedunt,
2415 3553 2576 3635 Leuit.
2594 3571 2744 3635 xstv,
2768 3557 2961 3635 filatt/r.
2985 3559 3039 3629 v)
3056 3604 3069 3625 ,
3102 3552 3313 3619 constat
3335 3552 3481 3623 illam

1890 3621 2363 3695 legem‘judicibus
2392 3631 2447 3695 et
2488 3626 2885 3695 magistratibus
2923 3621 3101 3683 datam
3130 3648 3270 3695 esse,
3301 3646 3360 3690 ut
3405 3621 3483 3692 re;

1889 3693 2070 3772 gulam
2118 3708 2277 3761 quam
2310 3694 2364 3747 in
2407 3692 2625 3760 judiciis
2665 3699 2989 3772 exercendis
3033 3708 3087 3772 e_t
3133 3692 3344 3772 delictis
3385 3723 3483 3772 pn-

1891 3763 2104 3836 niendis
2127 3772 2511 3836 sequerentur,
2541 3777 2649 3817 non
2680 3776 2856 3836 autem
2890 3768 3105 3836 privatis
3135 3763 3445 3833 hominibus

1889 3834 2082 3914 quibus
2112 3824 2299 3887 contra
2347 3824 2547 3886 dictum
2590 3845 2685 3914 est
2716 3824 3011 3914 [devitfsls
3058 3857 3069 3892 :
3114 3824 3481 3914 Nonquia};

1891 3904 2135 3975 ultionem
2154 3943 2170 3967 ,
2203 3919 2294 3975 nec
2320 3918 2516 3956 memor
2539 3904 2640 3957 eris
2668 3906 2874 3975 injuria:
2895 3911 3081 3963 civium
3110 3904 3332 3968 tuorum.

1958 3970 1985 4009 ἀ
2034 3972 2615 4055 Piuraliiasmxorum
2666 3970 2823 4031 simul
2880 3988 2935 4032 et
2990 3981 3180 4036 eodem
3235 3994 3478 4055 tempore

1888 4059 2046 4113 quam
2073 4044 2254 4125 _Graeci
2282 4045 2639 4125 polygamiam
2666 4058 2881 4125 voeant,
2904 4054 3147 4125 quamvis
3177 4070 3276 4109 nec
3299 4044 3393 4125 per
3418 4044 3478 4116 se

1887 4116 2140 4184 Optanda.
2160 4132 2262 4173 nec
2276 4116 2857 4188 perl‘ectionietprimzc
2871 4116 3190 4178 institutioni
3209 4116 3479 4187 mairimo-

1889 4188 1964 4241 nii
1992 4198 2352 4261 consentanea
2376 4197 2522 4261 esset
2540 4190 2704 4258 (unde
2724 4190 2916 4245 merito
2935 4194 3347 4261 reprehenditur
3372 4200 3477 4257 La-

1890 4258 2046 4313 mech
2066 4259 2343 4336 (αρνιμ),
2362 4260 2451 4336 qui
2481 4264 2684 4327 primus
2709 4276 2826 4314 eam
2845 4258 3080 4336 invenit,
3100 4270 3315 4336 quando
3341 4272 3475 4329 duas

1890 4344 2090 4383 uxores
2116 4330 2293 4394 duxit,
2321 4333 2405 4383 vel
2433 4346 2589 4383 unam
2612 4347 2814 4386 carnem
2836 4335 2886 4387 in
2911 4334 3038 4389 duas
3064 4330 3235 4393 divisit
3264 4359 3448 4399 uxores

1894 4400 1966 4453 ait
1994 4400 2064 4482 D._
2085 4387 2489 4482 I_Iieru_nymus),
2513 4403 2922 4482 postdiluvium

1890 4480 2071 4525 essent
2102 4472 2379 4538 homines,
2409 4481 2461 4524 et
2490 4473 2597 4526 vita
2630 4472 2861 4527 humana
2892 4478 3113 4533 multum
3138 4472 3447 4540 abbre'l'iata

1886 4556 1950 4622 ex
2006 4529 2407 4622 dispensatione
2455 4541 2635 4597 divina
2689 4546 2787 4622 fuit
2840 4529 3473 4622 iusisfiﬁaﬁbgsiiiiéé

1884 4611 2139 4679 abrogata
2165 4620 2257 4668 aut
2279 4614 2547 4693 ielax_a_ta_;_
2590 4616 2971 4693 etpolygamia
3007 4611 3316 4693 hominibus
3344 4643 3476 4682 con-

1885 4696 2059 4759 cessa,
2093 4695 2201 4738 tum
2229 4684 2294 4759 ad
2320 4683 2822 4759 multiplicationem
2840 4690 3057 4756 generis
3084 4693 3325 4759 humani,
3362 4708 3474 4752 tum

1886 4753 1952 4835 ad
1982 4755 2423 4836 propagationeni
2466 4755 2645 4836 populi
2676 4753 2927 4836 fidelis'et
2954 4763 3131 4836 cultus
3161 4753 3350 4831 divini,
3380 4771 3471 4836 qui

1886 4825 1940 4905 in
1976 4825 2088 4878 sola
2108 4826 2327 4905 ⁸[ίξιυίιὶῳ
2346 4826 2611 4905 ¹Αῐιξειιιξιε,
2632 4842 2705 4905 _a_c
2728 4828 2922 4905 deinde
2951 4830 3003 4884 in
3037 4837 3235 4901 pOpulo
3260 4825 3473 4894 Israeli-

1886 4894 1995 4948 tico
2018 4894 2264 4969 residuus
2288 4896 2402 4969 fuit.
2436 4894 2590 4969 [inde
2610 4897 2886 4969 Abraham
2921 4894 3274 4969 tres'ux'ores,
3303 4907 3473 4964 Jacob

1887 4974 2154 5042 quatuor.
2175 4967 2339 5042 David
2371 4967 2540 5021 multo
2570 4968 2751 5035 plures
2780 4968 3034 5042 habuisse
3064 4967 3279 5041 legitur.
3314 4977 3469 5042 Quod

1887 5045 2066 5090 autem
2102 5035 2191 5091 hic
2223 5038 2421 5093 dicitur
2450 5053 2677 5092 uxorum
2708 5048 2763 5094 et
2791 5035 3217 5097 concubinar'um
3250 5035 3471 5103 lihérlas

1888 5106 2184 5185 antiquitus
2200 5110 2508 5185 permissi},
2556 5110 3168 5185 non_sic_accipiendnm
3209 5125 3290 5169 est
3318 5123 3473 5185 quasi

1889 5178 2021 5253 viris
2040 5178 2242 5253 sanctis
2255 5193 2309 5235 et
2326 5178 2649 5249 patriarchis
2664 5181 2837 5253 fuerin
2844 5188 2863 5232 t
2889 5178 3107 5249 pellices
3122 5193 3175 5237 et
3192 5178 3392 5253 scorta,
3415 5201 3474 5245 nt

1888 5248 2125 5327 lueretiei
2148 5248 2572 5327 calumniantur,
2593 5251 2685 5304 sed
2706 5251 2758 5303 in
2778 5249 2869 5303 illa
2892 5248 3197 5327 pluralitate
3218 5248 3469 5327 uxorum,

1888 5328 2009 5393 post
2027 5320 2333 5388 primariam
2348 5336 2594 5393 uxorem,
2611 5336 2769 5375 unam
2784 5322 3129 5387 autalteram,
3144 5340 3266 5393 qua:
3282 5342 3387 5383 non
3401 5320 3471 5387 ad

1890 5390 1992 5443 tori
2011 5398 2245 5457 tantum,
2269 5392 2363 5447 sed
2388 5390 2455 5444 ad
2481 5392 2741 5445 bonorum
2771 5394 3010 5445 omnium
3031 5390 3473 5457 communionem

1889 5459 2295 5529 admittebatur,
2342 5460 2654 5518 concubina:
2697 5461 3016 5517 dicebantur
3056 5467 3389 5523 secundariae
3417 5484 3473 5527 et

1890 5531 2192 5609 inferiores,
2214 5546 2535 5609 quamquam
2558 5540 2768 5609 ver:e_e_t
2788 5531 3036 5599 legitimae
3055 5537 3333 5606 conjuges,
3351 5556 3473 5609 qua:

1891 5602 2196 5677 promiscue
2214 5600 2411 5677 uxores
2432 5602 2516 5677 vel
2534 5600 3246 5677 concubina:nuncupantur
3258 5626 3270 5661 :
3287 5600 3473 5677 quem-

1890 5671 2177 5744 admedum
2197 5674 2340 5744 Agar
2360 5682 2415 5728 et
2433 5671 2666 5744 Cethura
2685 5673 3002 5729 concubina:
3025 5671 3255 5733 Abrahm
3279 5671 3474 5738 vocan-

1892 5751 1981 5798 tur
2004 5741 2197 5799 Gcnes.
2224 5741 2348 5814 xiv,
2377 5753 2430 5801 et
2454 5741 2674 5801 Davidis
2695 5745 3025 5801 concubinas
3050 5748 3278 5818 legimus
3297 5751 3317 5808 l
3338 5751 3471 5828 Reg.

2873 5840 2952 5902 35
