4014 6200
583 324 721 387 1067
1627 312 1912 375 JUANNIS
1949 311 2260 371 CASSIANI
2296 309 2565 369 COLLAT
2574 308 2681 364 lON
2690 304 2791 363 ES.
3768 296 3911 357 1008

580 438 857 499 immerito
892 435 1043 494 velut
1074 432 1253 489 minus
1278 432 1390 502 jam
1421 430 1731 486 necessaria
1756 444 1852 499 per
1883 426 2174 498 Evangeli-
2200 430 2256 491 Α
2278 425 2479 479 tionem
2512 418 2835 491 spiritalium
2868 423 3354 481 sacramentorum,
3398 413 3490 470 vel
3518 414 3595 470 ob
3617 428 3905 483 quorum-

575 549 699 588 cam
741 529 1130 601 perfectionem
1179 524 1366 581 debuit
1396 522 1688 592 amputari.
1730 521 1862 576 Nam
1902 534 2072 590 usque
2106 518 2176 573 ad
2276 517 2400 573 dam
2431 516 2655 571 salutem
2688 521 2905 568 sanctos
2935 511 3082 566 viros
3114 511 3165 564 in
3196 509 3367 565 veteri
3397 509 3784 564 Testamento
3825 510 3901 562 le-

579 624 875 680 adventum
928 619 1125 675 Christi
1166 617 1406 687 oportuit
1458 614 1889 671 benedictionem
1944 612 2177 683 primor-
2276 610 2452 680 gimus
2488 616 2808 670 exsecutos,
2840 604 2893 659 in
2926 611 3133 658 tantum
3164 617 3263 657 nos
3291 616 3510 672 quoque
3535 615 3669 655 cum
3702 615 3902 655 neces-

581 717 741 771 dialis
791 714 933 770 illius
984 710 1167 781 vigere
1206 709 1489 764 sententiae
1520 722 1623 778 qua
1655 706 1858 761 dictum
1898 714 2001 773 est,
2044 702 2174 781 Cre-
2276 702 2408 756 sitas
2460 697 2822 754 coarctavcrit
2878 710 2989 750 non
3045 708 3333 764 possumus
3389 692 3679 758 abdicare,
3721 701 3789 746 ut
3840 710 3900 746 De

582 811 706 863 scite
741 820 789 861 et
815 802 1239 877 multiplicamini
1268 811 1314 856 et
1336 799 1527 872 replete
1558 809 1744 853 terram
1773 795 1980 869 (Cenes.
2013 792 2076 863 1).
2109 794 2176 849 Et
2278 796 2423 864 ipsos
2464 792 2679 863 quidem
2730 790 3039 862 apostolos,
3072 790 3165 845 ubi
3220 787 3593 843 consideratio
3651 786 3898 854 alicujus

582 900 789 968 idcirco
828 896 1191 968 iustissimum
1227 894 1354 959 fuit,
1385 902 1441 947 ut
1468 908 1533 947 ex
1572 891 1664 945 illa
1697 890 1877 945 radice
1924 887 2174 944 fecundi-
2278 886 2525 942 utilitatis
2568 886 2777 955 exegit,
2813 885 2881 939 ab
2923 884 3005 939 eis
3033 881 3336 939 declinasse
3377 895 3701 938 cernamus.
3763 880 3897 948 Quae

586 966 1016 1055 tatishumanve,
1046 1003 1165 1058 qua:
1211 990 1265 1041 in
1312 999 1585 1056 synagoga
1635 998 1730 1053 pro
1775 981 2176 1051 dispensatione
2280 982 2553 1052 paulisper
2584 980 2801 1033 interim
2831 976 3421 1046 diﬂ‘erentes,digcstis
3452 974 3725 1044 primitus
3777 990 3895 1042 quae

585 1082 850 1153 temporis
882 1080 1088 1135 utiliter
1108 1076 1575 1148 viguit,ange|icm
1606 1075 1928 1144 virginitatis
1967 1071 2176 1126 ﬂosculi
2277 1074 2453 1128 adhuc
2492 1072 2560 1127 de
2608 1070 2775 1127 veteri
2824 1071 3175 1125 Testamento
3225 1070 3468 1139 proferre
3508 1068 3891 1136 disponimus,

586 1176 957 1248 germinarent
1006 1188 1071 1228 ac
1121 1171 1506 1227 suaveolentes
1565 1168 1911 1224 continentiae
1969 1165 2177 1220 fructus
2277 1172 2398 1236 post
2436 1168 2549 1219 haec
2577 1163 2965 1233 congruentius
2994 1161 3307 1227 inferemus,
3338 1169 3397 1215 ut
3428 1160 3647 1215 facilius
3684 1175 3893 1230 appro-

583 1272 638 1326 in
676 1269 914 1325 Ecclesia
953 1268 1323 1339 gignerentur.
1360 1264 1636 1319 Mendacia
1669 1277 1802 1317 vero
1846 1261 2009 1316 etiam
2052 1268 2178 1315 tunc

581 1360 753 1415 fuisse
774 1361 1048 1425 damnata,
1078 1358 1240 1411 totius
1259 1356 1459 1410 veteris
1482 1353 1829 1408 lnstrumenti
1858 1361 2038 1406 textus
2065 1350 2177 1404 evi-

584 1454 778 1508 denter
800 1450 1060 1509 ostendit.
1087 1449 1273 1503 dicens
1302 1465 1315 1501 :
1352 1446 1548 1499 Perdes
1573 1460 1746 1499 omnes
1778 1444 1867 1513 qui
1897 1441 2177 1510 loquuntur

582 1547 909 1600 mendacium
943 1541 1117 1616 (Psal.
1151 1542 1228 1611 ν).
1265 1540 1331 1593 Et
1353 1540 1545 1593 iterum
1584 1556 1595 1590 :
1639 1537 1825 1593 Suavis
1863 1547 1935 1591 est
1981 1535 2178 1588 homini

582 1642 732 1711 panis
772 1638 1060 1701 mendacii,
1113 1644 1157 1687 et
1187 1644 1364 1703 postea
1410 1632 1691 1701 replebitur
1736 1648 1793 1685 os
1832 1632 1942 1701 ejus
1972 1629 2177 1682 calculo

584 1732 770 1802 (Prov.
800 1729 919 1800 xx).
968 1729 1037 1783 Et
1067 1728 1186 1797 ipse
1223 1726 1533 1795 legislator,
1569 1723 1929 1789 Mendacium,
1963 1721 2173 1791 inquit,

2279 1260 2433 1314 betur
2479 1258 2622 1313 viros
2645 1257 2824 1327 justos
2859 1268 2911 1311 et
2953 1264 3204 1319 sanctos,
3239 1262 3345 1307 tam
3375 1253 3428 1306 in
3458 1267 3602 1307 novo
3633 1268 3807 1323 quam
3840 1254 3890 1306 in

2277 1351 2445 1406 veteri
2478 1350 2825 1403 Testamento
2860 1349 2912 1401 in
2956 1347 3039 1400 his
3068 1344 3387 1400 mconomiis
3424 1344 3528 1399 sibi
3558 1359 3664 1413 per
3702 1349 3887 1399 omnia

2278 1442 2667 1497 concordasse.
2720 1439 2860 1507 Quid
2896 1438 3041 1493 enim
3073 1437 3140 1492 de
3172 1438 3263 1492 illa
3312 1436 3476 1492 Chusi
3527 1437 3597 1491 ad
3636 1437 3887 1492 Absalon

2280 1548 2377 1603 pro
2428 1534 2602 1587 salute
2643 1531 2783 1600 regis
2829 1529 2993 1584 David
3031 1528 3060 1567 δ
3092 1530 3179 1599 pia
3224 1528 3571 1583 simulatione
3612 1528 3884 1589 dicimus.

2278 1640 2397 1695 qum
2425 1639 2545 1679 cum
2578 1633 2687 1677 toto
2716 1622 2949 1675 fallentis
2984 1631 3041 1676 et
3081 1620 3563 1675 circumvenientis
3598 1634 3886 1690 promatur

2278 1717 2506 1781 atl'ectu,
2548 1724 2603 1771 et
2640 1715 2920 1769 utilitatem
2968 1712 3305 1769 consulentis
3348 1714 3665 1783 impugnet,
3728 1716 3881 1769 Scri-

584 1827 751 1895 fugies
787 1822 987 1894 (Exod.
1022 1818 1205 1891 xxut).
1240 1818 1348 1874 Sed
1382 1826 1408 1854 ι
1452 1827 1576 1872 tunc
1606 1816 1823 1871 demum
1854 1814 1906 1869 id
1937 1812 2177 1868 veniabi—
2206 1811 2254 1870 B
2280 1818 2454 1879 pturm
2484 1809 2681 1861 divina:
2711 1806 3027 1861 testimonio
3056 1804 3459 1874 comprobatur,
3495 1807 3566 1859 ita
3598 1806 3838 1861 dicentis
3866 1826 3877 1857 :

582 1918 707 1971 liter
737 1915 973 1969 diximus
1025 1920 1344 1979 usurpatum
1385 1925 1505 1964 cum
1558 1908 1607 1962 ei
1665 1908 1959 1961 necessitas
1998 1904 2175 1973 aliqua

582 2023 676 2063 seu
705 2004 1037 2074 dispensatio
1063 2003 1317 2057 salutaris
1351 2001 1601 2070 adjuncta
1633 2008 1738 2061 est,
1771 1998 1842 2052 ob
1868 2012 2027 2067 quam
2067 2010 2175 2049 non

583 2098 833 2156 debuerit
860 2094 1242 2158 condemnari;
1272 2095 1431 2163 quale
1474 2100 1556 2146 est
1593 2090 1723 2145 illud
1762 2088 1903 2158 quod
1940 2103 2176 2143 comme-

582 2190 835 2247 morastis
863 2188 930 2243 de
964 2186 1131 2243 David
1161 2201 1287 2255 rege
1316 2185 1360 2255 (l
1394 2185 1518 2254 Reg.
1552 2181 1685 2253 xxi),
1715 2197 1835 2235 cum
1856 2182 2073 2251 fugiens
2097 2181 2178 2235 in-

583 2282 933 2338 sectationem
959 2278 1134 2335 Saulis
1165 2277 1420 2347 injustam
1453 2275 1519 2329 ad
1549 2275 1893 2330 Acbimelecb
1925 2274 2177 2329 sacerdo-

587 2383 718 2439 tem,
753 2386 856 2426 non
890 2369 1169 2439 proposito
1196 2368 1511 2437 cujusquam
1544 2367 1699 2433 lucri,
1736 2380 1833 2421 nec
1867 2366 2047 2421 studio
2087 2365 2177 2421 ιω-

582 2467 745 2523 dendi
792 2465 1132 2536 quempiam,
1172 2462 1266 2517 sed
1310 2475 1365 2515 ut
1397 2461 1777 2516 tantummodo
1825 2460 2177 2529 semetipsum

583 2564 651 2617 ab
694 2560 1011 2630 impiissima
1052 2558 1175 2626 ejus
1214 2557 1575 2610 insectatione
1618 2554 1871 2619 salvaret,
1905 2553 2182 2609 mendaci-

582 2654 686 2708 bus
725 2654 893 2705 utitur
937 2632 1118 2703 νει-ωε
1143 2688 1159 2713 ,
1199 2646 1397 2717 quippe
1448 2646 1540 2716 qui
1582 2660 1772 2700 manus
1810 2660 1935 2700 suas
1975 2644 2177 2699 inimici

582 2742 726 2811 regis
771 2740 1031 2808 sanguine
1059 2748 1115 2793 et
1162 2736 1379 2807 quidem
1410 2752 1439 2790 a
1482 2738 1593 2791 Deo
1624 2737 1726 2791 sibi
1766 2737 1923 2791 toties
1961 2736 2176 2804 traditi,

583 2832 958 2888 contaminare
1001 2829 1272 2896 noluerit,
1326 2828 1515 2884 dicens
1557 2846 1571 2882 ε
1616 2827 1886 2897 Pr0pitius
1942 2828 2069 2881 mihi
2114 2830 2183 2883 sit

587 2922 749 2988 Deus,
789 2938 853 2975 ne
878 2923 1073 2993 faciam
1104 2938 1216 2975 rem
1244 2921 1382 2975 hanc
1411 2920 1636 2974 Domino
1667 2937 1798 2989 meo,
1835 2919 2036 2976 Christo
2069 2905 2180 2977 D0-

586 3017 735 3081 mini,
770 3026 821 3069 ut
850 3017 1049 3069 mittam
1080 3031 1290 3068 manum
1320 3030 1487 3067 meam
1522 3015 1576 3067 in
1609 3030 1758 3078 eum,
1791 3015 1911 3083 quia
1946 3012 2182 3067 Christus

589 3111 800 3164 Domini
834 3120 909 3163 est
940 3109 984 3178 (Ι
1018 3107 1147 3177 Reg.
1183 3106 1359 3177 xxiv).
1396 3108 1460 3160 Et
1504 3107 1706 3160 idcirco
1745 3106 2184 3174 dispensationes

2281 1901 2489 1957 Domini
2530 1910 2702 1955 autem
2737 1910 2862 1954 nutu
2900 1902 3211 1971 dissipatum
3248 1909 3326 1953 est
3350 1900 3628 1954 consilium
3666 1901 3879 1954 Achito-

2278 1995 2425 2068 phel,
2478 2004 2533 2049 ut
2581 1996 2844 2049 induceret
2894 1992 3147 2047 Dominus
3198 2009 3355 2063 super
3402 1993 3635 2048 Absalon
3684 1996 3878 2047 malm

2282 2098 2346 2171 (Il
2380 2099 2508 2168 Reg.
2534 2096 2702 2167 xvn)?
2726 2096 2835 2151 Nec
2865 2097 3007 2151 enim
3036 2095 3365 2166 reprehendi
3398 2105 3613 2166 poterat
3641 2097 3692 2151 id
3724 2097 3874 2167 quod

2280 2212 2427 2259 recto
2462 2201 2741 2272 proiiosiio
2771 2214 2831 2254 ac
2870 2199 2958 2269 pio
2980 2198 3184 2269 judicio
3208 2213 3303 2267 pro
3331 2197 3493 2267 justis
3522 2199 3769 2269 partibus
3791 2214 3875 2268 ge-

2282 2304 2524 2366 rebatur,
2560 2318 2623 2357 ac
2661 2316 2758 2372 pro
2786 2300 2931 2355 illius
2966 2300 3118 2369 cujus
3149 2299 3326 2368 pietas
3358 2300 3467 2353 Deo
3498 2300 3747 2367 placebat
3786 2315 3871 2354 sa-

2280 2404 2389 2460 lute
2419 2415 2580 2473 atque
2611 2402 2834 2457 victoria
2876 2401 3127 2470 religiosa
3164 2398 3340 2454 fuerat
3369 2399 3713 2454 simulatione
3746 2416 3873 2455 con-

2281 2515 2518 2575 ceptum.
2544 2503 2681 2571 Quid
2710 2502 2870 2557 etiam
2895 2500 2961 2555 de
2991 2499 3139 2554 illius
3172 2498 3378 2554 feminae
3398 2500 3873 2567 pronuntiabimus

2282 2606 2451 2674 facto,
2500 2621 2620 2677 qua:
2669 2604 2969 2671 suscipiens
3005 2602 3125 2656 illos
3146 2642 3161 2666 ,
3193 2602 3281 2671 qui
3314 2600 3374 2654 ad
3402 2614 3578 2666 regem
3611 2599 3790 2653 David
3842 2617 3873 2654 a

2283 2699 2541 2771 priedicto
2592 2695 2758 2751 Chusi
2824 2694 3033 2749 fuerant
3097 2692 3398 2759 destinati,
3458 2690 3751 2745 abscondit
3820 2693 3873 2745 in

2283 2804 2447 2864 puteo
2482 2834 2496 2857 ,
2562 2798 2617 2845 et
2682 2787 2997 2859 expandens
3058 2786 3303 2841 velamen
3370 2798 3531 2855 super
3591 2799 3655 2838 os
3715 2785 3863 2853 ejus,

2286 2904 2310 2935 ο
2351 2910 2471 2949 cum
2501 2893 2739 2963 ptisanas
2780 2905 2842 2946 se
2871 2898 3081 2944 torrere
3126 2887 3473 2952 simulasset,
3503 2884 3867 2947 Transierunt,

2285 2996 2493 3066 inquit,
2526 3001 2733 3063 gustata
2770 2990 3044 3059 paululum
3090 3005 3225 3057 aqua
3258 3031 3273 3057 ,
3318 2997 3472 3059 atque
3512 2988 3609 3041 hoc
3646 2966 3739 3041 eos
3776 2987 3867 3058 ﬁg-

2287 3108 2457 3152 mento
2510 3096 2573 3149 ab
2631 3094 3014 3164 insequentium
3067 3090 3308 3144 manibus
3362 3088 3599 3144 liberavit
3659 3086 3867 3159 (Ibid.)'!

584 3203 680 3257 bas
712 3215 845 3272 quas
870 3200 953 3256 vel
986 3198 1055 3255 ob
1095 3199 1436 3254 voluntatem
1474 3197 1591 3265 Dei,
1642 3198 1721 3252 vel
1758 3198 1827 3252 ob
1860 3197 2175 3268 praﬁgura-
2205 3192 2250 3255 C
2282 3199 2619 3270 Quapropter
2641 3194 2668 3233 ἀ
2698 3194 3043 3267 respondete,
3076 3208 3282 3263 quaso,
3304 3191 3458 3257 mihi,
3484 3192 3614 3262 quid
3643 3191 3864 3247 fuissetis

1674 3350 1934 3406 ALARDI
1972 3349 2204 3408 GAZEI
2241 3350 2805 3409 COMMENTARIUS.

585 3492 695 3542 χιι,
726 3483 779 3529 et
809 3472 896 3526 illa
943 3470 1143 3525 Levita
1171 3467 1602 3542 contubernalis,
1635 3465 1795 3542 modo
1824 3481 1980 3542 uxor,
2010 3467 2171 3542 modo

586 3536 881 3625 concubina
912 3537 1443 3625 appellaturhgludic.
1477 3538 1611 3607 xix).
1645 3536 1821 3625 Porrq
1853 3539 1991 3625 banc
2023 3540 2173 3619 poly-

588 3620 782 3688 gamia:
813 3608 1087 3669 licentiam
1118 3622 1179 3688 et
1211 3608 1767 3688 l_ibertatein,_genet'e
1800 3608 2036 3688 humano
2058 3608 2168 3688 jain

589 3680 719 3745 satis
758 3692 1072 3757 propagato,
1110 3682 1359 3736 Christus
1406 3681 1664 3757 Dominus
1696 3680 2165 3757 planeabolevit,

588 3751 1102 3829 priina'mque'illam
1140 3752 1490 3829 monogamia
1518 3752 1688 3829 legem
1722 3751 2171 3829 primisparenti-

590 3822 691 3886 bus
725 3822 1039 3897 inspiratam
1088 3822 1321 3897 restituit
1350 3832 1402 3877 et
1430 3823 1741 3897 renovavit,
1780 3822 2029 3897 blattbzei
2058 3840 2165 3897 xix,

586 3901 788 3970 triplici
815 3892 1133 3962 argumento
1158 3912 1223 3949 cx
1242 3894 1615 3970 primaevailla
1647 3892 1977 3970 matrimonii
2018 3895 2171 3970 insti-

588 3965 798 4026 tutione
829 3970 1089 4031 adducto;
1115 3968 1255 4036 quod
1282 3974 1335 4021 et
1361 3967 1418 4018 D.
1455 3965 1809 4035 Hieronymus
1838 3965 2166 4036 observavit,

588 4043 646 4097 1⁸
673 4042 797 4112 quia
823 4042 873 4094 in
905 4034 1431 4112 exordio—Geneseos
1472 4034 1672 4112 dictum
1721 4045 1804 4112 es_t
1832 4053 1845 4087 :
1876 4034 2171 4112 Masculum

585 4124 633 4168 et
662 4104 904 4181 feminam
930 4111 1048 4181 fecit
1076 4124 1194 4181 eos;
1222 4122 1325 4161 non
1356 4107 1649 4181 masculum
1683 4104 2013 4181 ct_feminas,
2049 4107 2167 4181 sed.

590 4176 875 4236 masculum
929 4176 976 4233 et
1026 4179 1300 4246 feminam,
1344 4188 1397 4230 ut
1437 4176 1872 4247 unius_c0itjugis
1911 4178 2171 4247 consortia

588 4260 929 4313 necterentur,
964 4244 1036 4301 ait
1060 4250 1441 4315 Hieronymus.
1471 4247 1529 4298 2°
1564 4244 1770 4298 Dictum
1794 4244 1874 4299 est
1904 4262 1917 4297 :
1951 4244 2171 4315 Pr0pter

591 4324 688 4375 hoc
738 4321 953 4373 dimittet
982 4318 1132 4369 homo
1166 4314 1363 4384 patrem
1408 4327 1456 4368 et
1506 4323 1755 4379 matrem,
1789 4324 1837 4369 et
1888 4314 2171 4370 adhaerebit

586 4393 737 4445 uxori
768 4406 907 4453 sure,
946 4403 1049 4441 non
1081 4387 1357 4440 uxoribus.
1390 4386 1445 4441 ὅθ
1474 4385 1682 4439 Dictum
1716 4395 1799 4439 est
1827 4404 1839 4438 :
1868 4385 2039 4439 Erunt
2068 4388 2170 4442 duo

588 4465 642 4515 in
674 4477 826 4515 carne
855 4476 988 4520 una,
1022 4459 1072 4511 id
1101 4466 1203 4521 est,
1252 4466 1408 4511 erunt
1440 4456 1548 4511 duo
1579 4471 1678 4509 una
1722 4471 1852 4511 caro
1884 4475 1896 4510 :
1932 4458 2056 4523 duo,
2085 4460 2171 4513 in-

588 4534 723 4601 quit,
773 4547 873 4583 non
922 4530 1115 4601 plures.
1163 4528 1311 4582 Hanc
1361 4530 1539 4601 itaque
1596 4527 1768 4593 legem
1818 4532 2172 4601 monogamite

586 4600 839 4671 primitus
864 4600 1179 4671 institutam,
1208 4609 1401 4671 postea
1425 4600 1733 4667 abrogatum
1764 4608 1853 4653 aut
1877 4600 2170 4654 relaxatam

589 4672 836 4727 Christus
866 4670 1029 4724 veluti
1059 4670 1393 4739 postliminio
1448 4684 1709 4723 revocans
1734 4681 1788 4724 et
1820 4670 1869 4723 in
1906 4672 2171 4740 integrum

585 4751 898 4837 restauraus
924 4741 1160 4796 subdidit
1190 4758 1203 4794 :
1234 4740 1363 4823 Dico
1389 4741 1715 4837 gobisuqnia
1757 4742 2059 4837 quicumque
2092 4742 2172 4795 di—
2200 4776 2255 4837 Β

502 4866 509 4872 ,
583 4816 781 4868 miserit
804 4828 1013 4867 uxorem
1038 4828 1203 4877 suam,
1235 4814 1333 4865 nisi
1359 4812 1418 4865 ob
1443 4812 1851 4882 fornicationem,
1877 4812 2172 4866 moechatur.

506 4892 509 4895 '
586 4885 795 4951 Quibus
820 4884 997 4937 verbis
1029 4883 1384 4953 polygaminm
1420 4886 1639 4937 omnino
1670 4884 1941 4938 exclusam
1988 4884 2174 4939 Patres

587 4957 1019 5011 intellexerunt:
1071 4971 1190 5007 nam
1226 4965 1283 5009 ut
1327 4956 1668 5009 [innocentius
1714 4971 1800 5017 tu,
1843 4954 1896 5008 in
1939 4955 2170 5024 quadam

506 5050 515 5097 ἢ
584 5028 847 5082 decretali
880 5025 1118 5097 (Extrav.
1152 5027 1214 5078 de
1240 5027 1424 5079 divort.
1460 5042 1575 5093 cup.
1615 5024 1967 5095 Gaudemus);
2008 5027 2175 5080 ratio-

584 5099 798 5153 cinatur
832 5118 844 5151 :
882 5096 941 5151 Si
980 5112 1141 5150 uaore
1168 5097 1380 5150 dimissa
1422 5098 1541 5168 duci
1574 5098 1679 5149 alia
1715 5098 1778 5149 de
1796 5097 1916 5165 jure
1946 5113 2049 5149 non
2082 5115 2175 5168 pa-

583 5179 709 5235 test,
744 5170 926 5238 fortius
958 5177 1008 5223 et
1038 5170 1150 5238 ipsa
1181 5178 1395 5221 retenta.
1432 5167 1533 5219 Per
1561 5168 1701 5237 quod
1728 5168 1980 5220 evidenter
2008 5185 2173 5237 appa-

580 5250 658 5294 ret
696 5240 1045 5306 pluralitatem
1081 5240 1132 5291 in
1164 5249 1378 5305 utroque
1404 5253 1548 5300 sexu,
1579 5254 1695 5290 cum
1723 5254 1823 5290 non
1853 5239 1917 5291 ad
1954 5239 2174 5309 imparia

576 5313 899 5384 judicentur,
930 5311 1068 5384 circa
1096 5310 1480 5384 matrimonium
1506 5308 1908 5384 reprobandum.
1940 5310 2008 5362 lta
2026 5308 2173 5378 pon-

577 5378 712 5437 tifex
736 5384 757 5504 ἕ
778 5381 901 5435 Vide
924 5382 1076 5433 etiam
1104 5378 1310 5433 Sixtum
1340 5379 1555 5434 Senens.
1573 5379 1663 5432 lib.
1692 5394 1764 5443 vt,
1797 5390 2029 5434 annotat.
2053 5382 2170 5505 8'22.

654 5462 681 5490 ι
710 5453 737 5505 b
764 5451 1049 5505 endacium
1097 5452 1176 5503 sic
1224 5461 1306 5504 est
1339 5451 1629 5505 intrinsece
1662 5451 1886 5505 malum.
1937 5461 1993 5505 ut
2023 5454 2113 5505 nul
2143 5468 2170 5505 a

654 5462 681 5490 ι
710 5451 1049 5506 Mendacium
1097 5452 1176 5503 sic
1224 5461 1306 5504 est
1339 5451 1629 5505 intrinsece
1662 5451 1886 5518 malum,
1937 5461 1993 5505 ut
2023 5451 2174 5506 nulla

574 5526 917 5579 necessitate
966 5530 1058 5575 aut
1097 5522 1502 5591 dispensatione
1550 5522 1718 5590 possit
1774 5522 1890 5578 fieri
1949 5524 2171 5577 bonum.

579 5593 735 5662 Quod
767 5601 821 5646 et
851 5594 1172 5649 Aristoteles
1198 5595 1422 5662 agnovit
1451 5609 1502 5645 tv
1529 5594 1841 5647 Etliicorum
1872 5608 1990 5663 cap.
2029 5594 2063 5646 7
2091 5595 2173 5648 di-

576 5680 713 5721 cens
742 5664 1064 5716 mendacium
1089 5680 1179 5736 per
1214 5680 1267 5716 se
1288 5665 1716 5736 improbumesse
1735 5674 1780 5736 et
1808 5664 2162 5736 vituperabile,

576 5749 753 5809 gerum
792 5742 957 5809 autem
989 5735 1268 5809 pulchrum
1289 5746 1336 5786 et
1367 5734 1923 5809 laudabile._b_j_fflcitur
1947 5737 2164 5809 quidem

579 5797 639 5853 in
679 5797 1009 5854 necessitate
1042 5802 1306 5856 veniabile
1334 5818 1429 5858 seu
1459 5804 1768 5859 excusabile
1819 5797 2163 5860 mendacium

2276 3469 2417 3533 quod
2465 3478 2690 3521 vocatur
2718 3466 3043 3528 ofﬁciosum,
3077 3472 3134 3518 ut
3179 3465 3234 3517 in
3266 3462 3522 3531 exemplo
3571 3464 3790 3519 Davidis
3818 3476 3864 3519 et

2276 3539 2529 3592 aliorum.
2567 3538 2765 3592 Verum
2792 3536 2934 3591 aliud
2966 3545 3049 3589 est
3075 3535 3341 3601 excusari,
3366 3535 3511 3589 aliud
3548 3537 3858 3606 approbari;

2277 3625 2399 3663 nam
2422 3613 2620 3663 bonum
2639 3617 2787 3663 certe
2810 3617 2867 3661 et
2896 3607 3192 3676 perfectum
3219 3608 3573 3661 excusatione
3595 3623 3700 3661 non
3723 3616 3858 3676 eget,

2274 3681 2368 3736 sed
2398 3679 2776 3748 imperfectum
2801 3690 2856 3733 et
2878 3692 3150 3731 mancum.

2346 3751 2371 3790 δ
2402 3747 2519 3805 Non
2556 3763 2661 3804 tam
2706 3751 3051 3804 simulatione
3077 3762 3235 3814 quam
3269 3747 3539 3815 probabili
3572 3757 3625 3803 et
3673 3747 3864 3817 plausi—

2274 3823 2367 3877 bili
2400 3824 2630 3876 consilio
2660 3837 2792 3874 usus
2821 3829 2903 3875 est
2928 3820 3129 3873 Chusai
3161 3832 3259 3888 pro
3290 3820 3469 3873 salute
3497 3822 3642 3889 regis
3678 3819 3858 3883 David,

2274 3894 2415 3963 quod
2447 3892 2705 3947 Absaloni
2728 3893 2901 3946 visum
2924 3900 3006 3945 est
3038 3890 3429 3963 prudentiuset
3451 3891 3861 3963 tutiust‘onsilia

2274 3961 2588 4034 Acbitopel;
2624 3978 2728 4034 qua
2772 3972 2953 4017 tamen
2987 3961 3271 4031 prudentia
3310 3961 3558 4016 Absalon
3610 3962 3862 4030 deceptus

2272 4044 2377 4090 εει.
2962 4046 2969 4051 “

2347 4116 2369 4143 ο
2408 4105 2578 4160 Verba
2612 4111 2789 4159 textus
2823 4121 2836 4156 :
2874 4103 3037 4170 Quasi
3068 4105 3269 4157 siccans
3309 4103 3570 4171 ptisanas.
3616 4101 3716 4157 Ubi
3758 4102 3859 4170 pti-

2274 4175 2696 4230 sanasnonnulli
2729 4176 3158 4243 interpretantur
3178 4183 3464 4228 contusum
3488 4173 3742 4236 triticum,
3772 4173 3860 4226 alii

2275 4248 2537 4301 hordeum
2593 4248 3008 4300 decorticatum.
3062 4245 3139 4298 De
3190 4259 3297 4301 auo
3352 4244 3556 4298 Plinius
3589 4245 3681 4298 lib.
3737 4258 3860 4297 xvm

2273 4333 2392 4388 cap.
2427 4320 2481 4382 7,
2504 4327 2557 4371 et
2588 4318 2681 4371 lib.
2714 4333 2822 4371 xxii
2852 4331 2970 4385 cap.
3002 4314 3090 4388 25.
3116 4314 3173 4370 ln
3204 4314 3304 4369 hac
3332 4330 3494 4388 porro
3515 4314 3862 4388 simulatione

2276 4386 2507 4457 aliisque
2544 4389 2806 4443 similibus
2857 4387 3123 4456 exemplis
3172 4386 3586 4457 commendatur
3619 4387 3863 4439 humani-

2275 4458 2720 4581 tatisloflicium,
2775 4472 2881 4513 non
2926 4459 3316 4528 qualecumque
3365 4456 3519 4509 fuerit
3558 4457 3858 4509 admissum

2275 4545 2417 4581 ment
2441 4546 2636 4581 aClum.

2274 4545 2611 4584 menuacmm
2624 4571 2636 4583 .

2345 4600 2373 4637 ά
2406 4600 2523 4653 Tali
2547 4601 2827 4670 quaestioni
2854 4599 3146 4670 respondet
3172 4595 3612 4670 div.Augustinus
3634 4592 3859 4665 (Contra

2276 4668 2602 4743 mendacium
2629 4688 2743 4743 cap.
2774 4673 2867 4743 17)
2893 4689 2905 4723 :
2940 4668 3126 4723 Faciat
3158 4670 3321 4743 homo
3335 4668 3485 4721 etiam
3532 4681 3627 4735 pro
3658 4676 3859 4743 tempo-

2278 4744 2379 4795 rali
2402 4742 2669 4795 hominum
2691 4735 2868 4795 'salute
2901 4743 3039 4811 quod
3068 4750 3250 4811 potest.
3284 4739 3409 4794 Cum
3431 4748 3601 4792 autem
3630 4738 3699 4790 ad
3731 4735 3865 4811 hunc

2280 4813 2555 4866 articulum
2601 4824 2802 4866 ventum
2841 4810 3016 4884 fuerit,
3065 4810 3118 4866 ut
3163 4813 3257 4865 tali
3286 4812 3444 4864 saluti
3476 4811 3746 4884 consulere
3771 4810 3863 4884 nisi

2276 4884 2535 4953 peccando
2564 4900 2664 4937 non
2694 4880 2869 4951 possit,
2897 4887 3012 4955 jam
3038 4899 3090 4937 se
3119 4884 3372 4937 existimet
3402 4880 3862 4955 nonhaberequod

2277 4952 2454 5022 faciat,
2484 4955 2693 5024 quando
2721 4956 2777 5008 id
2804 4952 3056 5021 reliquum
3085 4968 3193 5007 esse
3224 4952 3562 5021 perspexerit,
3594 4952 3732 5024 quod
3773 4965 3862 5003 non

2277 5034 2412 5079 recte
2435 5023 2612 5094 faciat.
2654 5026 2720 5079 Et
2764 5026 2903 5079 infra
2934 5026 3087 5093 (Cap.
3115 5024 3251 5093 xix),
3284 5037 3475 5076 rursus
3503 5023 3751 5076 eamdem
3782 5032 3861 5072 aut

2277 5097 2509 5152 similem
2541 5096 2897 5166 quaestionem
2950 5110 3257 5165 proponens
3284 5094 3352 5166 in
3398 5106 3633 5159 persona
3685 5105 3859 5166 eorum

2278 5168 2367 5236 qui
2401 5162 2738 5222 mendacium
2788 5162 3235 5236 propugnabant:
3266 5164 3541 5230 Quomodo
3593 5162 3733 5232 apud
3779 5162 3861 5213 ho.

2279 5239 2459 5303 mines,
2492 5242 2578 5308 qui
2611 5240 2789 5308 procul
2816 5239 2973 5291 dubio
2998 5240 3042 5289 si
3072 5236 3352 5308 falluntur,
3378 5243 3689 5308 avertuntur
3719 5249 3860 5308 aper-

2274 5310 2406 5362 nicie
2438 5304 2513 5363 vel
2557 5304 2749 5374 aliena,
2801 5309 2880 5363 vel
2920 5325 3045 5372 sua,
3074 5304 3508 5377 periclitantibus
3548 5306 3862 5377 subveniatur

2277 5381 2585 5445 hominibus,
2620 5384 2661 5433 si
2692 5396 2783 5434 nos
2815 5383 3071 5433 humanus
3096 5374 3163 5431 ad
3190 5376 3544 5429 mentiendum
3593 5392 3698 5428 non
3727 5374 3861 5427 incli-

2276 5460 2361 5505 net
2390 5451 2644 5519 a/Iectus?
2665 5451 2726 5507 Si
2759 5451 3010 5522 patienter
3029 5465 3118 5522 me
3138 5447 3323 5522 audiat
3336 5448 3489 5522 turba
3515 5447 3859 5522 mortalitatis,

2278 5518 3127 5591 turba’in/irmitatis,respondebo
3156 5518 3360 5585 aliquid
3391 5534 3489 5585 pro
3510 5519 3719 5590 negotio
3747 5521 3850 5591 ceri

2279 5594 2418 5645 tatis.
2450 5589 2595 5648 Certe
2617 5594 2723 5665 pia,
2768 5589 2916 5665 vera,
2951 5601 3130 5665 sancta
3155 5590 3373 5665 castitas
3405 5604 3508 5643 non
3539 5589 3643 5644 nisi
3672 5605 3740 5644 ea:
3774 5589 3859 5665 vir-

2275 5665 2520 5737 tutej‘Al.
2550 5660 2801 5734 veritate]
2830 5674 2924 5725 est,
2956 5672 3001 5716 et
3043 5662 3276 5737 quisquis
3293 5661 3553 5737 gdversus
3583 5677 3697 5715 eam
3726 5660 3857 5737 facit,

2276 5730 2505 5807 profecto
2535 5730 3075 5807 adversus—veritatem
3100 5734 3249 5807 facit.
3281 5730 3388 5807 Cur
3426 5747 3550 5802 ergo
3592 5741 3642 5786 et
3691 5730 3733 5785 si
3775 5745 3859 5807 non

2274 5802 2436 5876 potest
2485 5809 2637 5862 aliter
2668 5804 3079 5868 periclitantibus
3108 5802 3369 5856 subveniri
3400 5842 3412 5861 .
3463 5819 3573 5857 non
3611 5804 3863 5857 committe
