4014 6200
573 228 711 293 1071

1639 225 1922 284 JOANNIS
1957 223 2274 284 CASSIANI
2309 224 2784 282 COLLATIONES

3764 222 3902 283 ibi}

571 347 825 417 ﬁgmenta
852 341 1205 407 descendere,
1237 354 1336 412 pro
1373 338 1745 399 imbecillitate
1776 344 2161 400 infirmantium
2190 348 2239 409 Α
2269 343 2517 409 debatur;
2555 343 2650 399 sed
2676 341 2806 397 illud
2828 339 3001 411 magis
3031 339 3401 411 prmposuisse
3430 339 3586 412 quod
3616 339 3903 398 inﬁt-matr

571 443 951 506 cohortantur,
984 452 1219 509 eumque
1249 437 1519 506 puriticari
1546 439 1840 494 secundum
1868 440 2170 496 observan-

571 534 705 588 tiam
761 533 914 601 legis,
971 538 1131 600 caput
1175 529 1387 596 radere,
1443 538 1563 585 vota
1595 531 1791 587 oll‘erre
1816 534 2168 602 compellunt,

568 642 814 697 praesens
863 625 993 679 illud
1039 623 1411 693 dispendium,
1464 624 1607 695 quod
1654 640 1719 679 ex
1761 624 1863 681 hac
1893 625 2167 697 hypocrisi

569 722 914 793 gignebatur,
945 718 1097 772 nihili
1125 726 1465 788 reputantes,
1496 716 1592 773 sed
1616 720 2047 789 contemplantes
2073 733 2169 789 po-

571 816 681 870 tius
709 816 855 867 lucra
886 826 1006 881 quae
1053 820 1212 866 erant
1253 826 1325 866 ex
1367 810 1508 865 illius
1545 810 1748 865 diutina
1782 811 2168 881 praedicatione

569 906 833 978 parienda
882 904 1081 976 (Actor.
1133 904 1267 975 xxi).
1317 903 1433 958 Non
1483 904 1623 958 enim
1657 912 1866 959 tantum
1916 904 2167 975 apostolo

569 1000 739 1056 Paulo
783 1000 993 1053 lucrum
1038 1014 1103 1053 ex
1155 998 1253 1052 hac
1278 998 1397 1066 ejus
1428 996 1603 1053 fuerat
1628 997 1969 1053 districtione
1999 998 2167 1053 colla-

570 1101 709 1159 tum,
742 1100 1000 1161 quantum
1031 1088 1194 1143 celeri
1240 1089 1360 1158 ejus
1410 1089 1578 1145 exitio
1610 1091 1878 1145 universis
1912 1091 2166 1161 gentibus

570 1184 980 1239 detrimentum.
1013 1180 1166 1247 Quod
1211 1181 1328 1236 sine
1374 1181 1537 1236 dubio
1582 1182 1852 1239 universae
1884 1192 2012 1239 tunc
2038 1199 2168 1240 eve-

568 1277 747 1330 nisset
778 1274 1057 1341 Ecclesiat,
1082 1272 1182 1327 nisi
1209 1272 1359 1327 illum
1391 1274 1505 1329 haec
1536 1274 1684 1329 utilis
1711 1290 1775 1329 ac
1807 1275 2037 1331 salubris
2068 1276 2168 1348 by-

569 1366 806 1438 pocrisis
831 1365 1204 1436 praedicationi
1232 1366 1560 1437 evangelicae
1581 1379 1937 1424 reservasset.
1965 1378 1989 1405 ιι
2014 1368 2165 1424 Tunc

571 1462 718 1517 enim
772 1461 1081 1515 necessario
1114 1476 1176 1515 ac
1224 1461 1570 1518 veniabiliter
1619 1463 1983 1534 acquiescitur
2014 1479 2167 1520 men-

571 1554 713 1610 dacii
742 1554 1098 1623 detrimento,
1133 1555 1352 1625 quando
1386 1557 1584 1627 majus,
1614 1566 1673 1613 ut
1700 1559 1957 1626 diximus,
1988 1559 2165 1614 immi—

570 1661 665 1706 net
694 1650 761 1706 de
790 1650 1038 1705 veritatis
1090 1650 1435 1707 confessione
1484 1653 1848 1723 dispendium,
1879 1662 1933 1711 et
1961 1655 2165 1709 utilitas

568 1760 691 1814 quae
738 1743 897 1798 nobis
951 1742 1019 1798 de
1066 1743 1301 1799 veritate
1346 1744 1628 1801 confertur
1684 1760 2038 1816 compensare
2070 1746 2165 1800 illa

2264 436 2409 494 tium
2458 439 2662 493 utilitas
2711 435 2994 505 exigebat?
3038 434 3107 490 Et
3136 444 3193 490 ut
3233 434 3349 491 haec
3392 434 3594 491 eadem
3626 437 3901 493 attentius

2274 530 2591 602 indagantes
2622 528 2895 601 sigillatim
2936 526 3377 597 Apostolicarum
3409 529 3695 584 virtutum
3765 529 3894 585 insi-

2273 626 2400 696 gnia
2430 624 2784 695 replicemus,
2824 631 3033 694 quaerat
3061 621 3257 693 aliquis
3300 623 3583 695 quomodo
3641 624 3899 681 omnibus

2272 734 2370 790 per
2398 718 2581 774 omnia
2613 718 2805 773 beatus
2837 716 3135 785 Apostolus
3177 730 3329 771 suam
3373 717 3655 787 probetur
3679 726 3896 787 aptasse

2272 810 2597 881 personam?
2624 810 2715 865 ubi
2739 809 2913 864 factus
2939 810 3012 863 sit
3049 808 3255 864 ludatis
3281 809 3427 865 sicut
3460 808 3738 866 Judaaus!
3771 810 3897 867 Pro-

2272 904 2416 960 fecto
2464 904 2560 970 ibi,
2590 902 2679 959 ubi
2715 903 2859 957 illam
2893 903 3222 957 sententiam
3254 902 3448 959 intimo
3479 902 3665 959 corde
3714 915 3896 959 custo-

2272 995 2450 1062 diens,
2492 1010 2653 1066 quam
2714 994 2922 1050 Calatis
2964 994 3423 1062 denuntiaverat,
3478 995 3688 1052 dicens
3727 996 3895 1051 :Ecce

2270 1106 2365 1161 ego
2386 1089 2586 1144 Paulus
2608 1088 2725 1143 dico
2748 1088 2908 1153 vobis,
2926 1090 3048 1158 quia
3073 1089 3117 1142 si
3142 1088 3621 1155 circumcidamini,
3650 1089 3893 1145 Christus

2271 1184 2409 1237 vobis
2462 1182 2593 1236 nihil
2640 1182 2872 1251 proderit
2905 1179 3108 1253 (Galat.
3139 1181 3218 1252 ν).
3274 1182 3330 1236 In
3361 1182 3645 1237 Timothei
3707 1192 3891 1238 tamen

2272 1276 2684 1333 circumcisione
2718 1276 3011 1345 imaginem
3059 1274 3465 1345 quodammodo
3516 1274 3782 1330 Judaicae
3804 1290 3890 1329 su-

2270 1370 2607 1442 perstitionis
2656 1371 2974 1440 assumpsit.
3008 1370 3075 1424 Et
3106 1384 3317 1435 rursus,
3351 1370 3441 1425 ubi
3480 1368 3671 1425 tactus
3695 1379 3787 1427 est
3814 1373 3888 1426 eis

2269 1466 2359 1535 qui
2382 1463 2482 1519 sub
2512 1464 2627 1535 lege
2654 1472 2810 1519 erant
2838 1472 3115 1530 tamquam
3159 1463 3263 1517 sub
3294 1462 3411 1534 lege
3449 1463 3646 1519 esset?
3676 1462 3887 1533 Nempe

2267 1555 2473 1623 ibi,ubi
2505 1555 2740 1612 Jacobus
2762 1569 3060 1625 omnesque
3090 1554 3342 1611 seniores
3369 1554 3667 1622 Ecclesiae,
3694 1557 3885 1611 tormi-

2268 1650 2461 1706 dantes
2518 1665 2587 1705 ne
2632 1650 2687 1705 in
2732 1664 2858 1706 eum
2890 1649 2979 1705 illa
3011 1649 3246 1706 irrueret
3292 1648 3616 1706 Iudaeorum
3648 1650 3884 1707 creden-

2270 1744 2429 1810 tium,
2455 1743 2620 1798 immo
2642 1742 3077 1798 Christianorum
3105 1742 3525 1813 judaizantium,
3556 1743 3879 1811 multitudo,

568 1852 691 1907 quae
754 1834 1062 1905 generanda
1113 1844 1239 1890 sunt
1284 1835 1481 1890 damna
1526 1851 1630 1892 non
1682 1838 1957 1906 praevalet.
2007 1837 2165 1905 Quod
2198 1817 2248 1879 Β
2274 1852 2393 1907 quae
2423 1837 2497 1890 ita
2525 1835 2686 1891 [idem
2711 1834 2915 1891 Christi
2949 1843 3233 1905 receperat
3260 1845 3319 1890 ut
3348 1834 3528 1891 adhuc
3562 1836 3682 1891 ritu
3709 1852 3878 1892 care-

568 1940 1062 2002 temperamentum
1130 1932 1295 1987 etiam
1365 1930 1487 1985 aliis
1541 1931 1720 1987 verbis
1778 1932 1920 1987 idem
1972 1932 2164 1989 beatus

568 2026 866 2095 Apostolus
950 2025 1151 2096 ultique
1225 2039 1284 2079 se
1339 2038 1557 2093 semper
1614 2024 1854 2080 tenuisse
1909 2032 2160 2080 testatur.

564 2116 699 2174 Nam
749 2134 874 2174 cum
933 2118 1106 2183 dicit,
1147 2115 1176 2155 δ
1232 2116 1435 2171 Factus
1480 2133 1592 2171 sum
1642 2115 1844 2171 Iudaeis
1900 2128 2163 2187 tamquam

565 2209 813 2275 Juda'us,
864 2218 919 2265 ut
962 2209 1177 2265 ludteos
1220 2209 1613 2282 lucrifacerem;
1671 2210 1749 2263 his
1793 2211 1883 2281 qui
1911 2212 2007 2264 sub
2054 2210 2164 2281 lege

567 2314 735 2373 erant,
794 2306 943 2375 quasi
995 2304 1087 2359 sub
1137 2303 1249 2376 lege
1294 2320 1455 2359 essent
1488 2304 1625 2374 (cum
1660 2302 1772 2375 ipse
1802 2302 1894 2357 sub
1924 2303 2032 2374 lege
2055 2320 2162 2358 non

564 2400 772 2468 essem),
807 2407 864 2451 ut
894 2414 981 2453 eos
1000 2401 1087 2466 qui
1120 2398 1213 2451 sub
1240 2397 1351 2469 lege
1379 2407 1525 2451 erant
1550 2396 1913 2468 lucrifacerem
1930 2395 2046 2462 ;his
2073 2397 2161 2466 qui

564 2490 675 2543 sine
712 2491 823 2561 lege
853 2500 1021 2555 erant,
1054 2496 1319 2558 tamquam
1372 2490 1483 2541 sine
1513 2489 1620 2557 lege
1663 2503 1826 2541 essem
1857 2487 2001 2554 (cum
2051 2488 2163 2541 sine

565 2578 677 2647 lege
706 2576 805 2631 Dei
843 2594 946 2632 non
974 2593 1163 2641 essem,
1194 2576 1284 2630 sed
1316 2576 1371 2629 in
1393 2575 1505 2646 lege
1533 2593 1695 2631 essent
1726 2576 1964 2646 Christi),
1991 2587 2045 2630 ut
2074 2594 2161 2633 eos

564 2669 654 2738 qui
680 2669 792 2721 sine
841 2666 952 2737 lege
997 2676 1144 2720 erant
1174 2665 1567 2737 lucrifacerem;
1610 2671 1775 2736 factus
1801 2684 1914 2721 sum
1938 2668 2161 2736 inﬁrmis

563 2760 823 2829 inﬁrmus,
872 2768 929 2813 ut
976 2759 1211 2828 in/irmos
1257 2759 1652 2830 lucrifacerem;
1698 2760 1933 2815 omnibus
1988 2762 2161 2817 omnia

564 2856 733 2923 factus
759 2868 898 2917 sum,
922 2861 979 2906 ut
1001 2867 1174 2906 omnes
1204 2853 1427 2922 facerem
1456 2850 1626 2905 salvos
1655 2850 1701 2923 (l
1730 2849 1853 2906 Cor.
1887 2850 1995 2923 lx);
2027 2852 2159 2922 quid

564 2944 715 3000 aliud
762 2945 1020 3010 ostendit,
1079 2959 1239 3014 quam
1272 2943 1567 3000 secundum
1598 2943 1969 2999 inﬁrmitatem
1997 2952 2159 3015 atque

566 3050 876 3094 mensuram
910 3052 1100 3093 eorum
1132 3036 1225 3107 qui
1247 3036 1673 3091 instituebantur
1700 3036 2158 3093 condescendisse

564 3146 626 3187 se
655 3146 893 3201 semper,
915 3138 972 3185 et
997 3146 1027 3183 a
1057 3128 1409 3199 perfectionis
1432 3130 1612 3199 rigore
1635 3130 1838 3199 aliquid
1858 3131 2154 3197 relaxasse,

2267 1931 2582 1984 moniarum
2611 1928 2866 2000 legalium
2915 1938 3212 1997 teneretur,
3247 1928 3555 1983 discrimini
3609 1928 3737 1998 ejus
3784 1931 3879 1985 hoc

2270 2022 2499 2078 consilio
2550 2037 2614 2077 ac
2680 2022 3039 2091 persuasione
3094 2030 3523 2087 succurrerunt,
3575 2022 3877 2079 dicentes:

2277 2113 2451 2181 Vides,
2485 2115 2672 2184 frater,
2703 2124 2827 2184 quot
2857 2114 3025 2169 millia
3055 2114 3159 2169 sint
3193 2116 3248 2169 in
3290 2113 3497 2170 Iudaeis
3520 2115 3614 2185 qui
3644 2116 3880 2170 credide-

2266 2218 2408 2275 runt,
2441 2220 2488 2263 et
2530 2208 2583 2262 hi
2638 2224 2811 2262 omnes
2860 2209 3193 2263 wmulatores
3227 2207 3354 2279 legis
3384 2216 3525 2261 sunt.
3579 2208 3878 2263 Audierint

2267 2309 2440 2355 autem
2465 2299 2529 2353 de
2559 2310 2607 2353 te
2628 2299 2754 2368 quia
2782 2299 3147 2355 discessionem
3191 2298 3379 2354 doceas
3409 2316 3442 2353 a
3473 2298 3663 2371 Moyse
3690 2317 3871 2355 eorum

2265 2392 2352 2461 qui
2380 2408 2471 2463 per
2494 2398 2665 2461 gentes
2708 2402 2827 2446 sunt
2872 2390 3199 2457 Judworum,
3234 2392 3408 2446 dicens
3433 2408 3539 2446 non
3566 2392 3762 2448 debere
3793 2411 3875 2449 eos

2265 2484 2637 2540 circumcidere
2683 2485 2822 2553 ﬁlios
2850 2502 2973 2540 suos
3003 2485 3208 2559 (Actor.
3242 2485 3378 2559 xxi).
3408 2486 3477 2542 Et
3516 2486 3654 2541 infra
3688 2505 3707 2543 :
3735 2488 3864 2543 Hoc

2265 2595 2387 2651 ergo
2418 2580 2501 2649 fac
2522 2578 2659 2649 quod
2681 2578 2773 2631 tibi
2794 2580 3033 2635 dicimus.
3067 2579 3202 2636 Sunt
3228 2580 3378 2635 nobis
3408 2581 3496 2633 viri
3510 2590 3743 2647 quatuor
3783 2600 3875 2636 ro-

2265 2684 2372 2729 tum
2418 2676 2665 2733 habentes
2710 2692 2865 2748 super
2906 2692 2983 2730 se.
3036 2674 3138 2730 His
3163 2676 3465 2744 assumptis,
3503 2674 3790 2743 sanctifica
3826 2688 3874 2731 te

2264 2783 2381 2820 cum
2412 2768 2542 2835 illis,
2570 2779 2621 2823 et
2650 2770 2893 2839 impende
2919 2770 2977 2823 in
2994 2767 3102 2822 illis
3129 2776 3185 2821 ut
3212 2768 3611 2838 radantcapita,
3634 2775 3685 2823 et
3704 2770 3871 2823 scient

2265 2876 2440 2915 omnes
2469 2862 2719 2933 quoniam
2747 2879 2809 2915 ea
2836 2878 2953 2929 quae
2974 2861 3038 2915 de
3067 2870 3115 2916 te
3144 2861 3417 2915 audierunt
3442 2862 3577 2932 falsa
3600 2872 3747 2927 sunt,
3778 2863 3869 2915 sed

2263 2953 2499 3008 ambulas
2525 2963 2573 3010 et
2611 2955 2725 3025 ipse
2773 2955 3070 3009 custodiens
3118 2955 3280 3025 legem
3312 2952 3533 3026 (Ibid.).
3567 2954 3638 3009 Et
3665 2956 3741 3009 ita
3770 2970 3865 3023 pro

2262 3042 2480 3100 illorum
2533 3047 2624 3116 qui
2672 3046 2777 3101 sub
2814 3046 2934 3117 lege
2959 3056 3119 3103 erant
3144 3046 3339 3113 salute,
3376 3046 3529 3101 illam
3582 3047 3866 3118 paulisper

2261 3133 2659 3194 districtionem
2708 3138 2996 3193 sententiae
3028 3152 3141 3193 suae
3188 3139 3434 3206 calcans,
3470 3153 3579 3209 qua
3627 3140 3859 3203 dixerat,

562 3239 665 3281 nec
691 3224 935 3281 tenuisse
964 3237 1023 3279 se
1049 3223 1103 3277 id
1132 3222 1278 3291 quod
1307 3222 1577 3278 districtio
1604 3223 1774 3293 rigida
1823 3240 2050 3294 poscere
2079 3226 2160 3281 vi-
2187 3210 2234 3274 C
2265 3225 2379 3301 Ego
2408 3230 2543 3283 enim
2576 3247 2666 3300 per
2692 3230 2856 3303 legem
2878 3231 2980 3302 legi
3006 3241 3244 3288 mortuus
3273 3249 3406 3301 sum,
3458 3243 3517 3287 ut
3558 3233 3671 3289 Deo
3700 3236 3861 3289 eiram

1633 3337 1892 3392 ALABDI
1931 3338 2167 3395 GAZIEI
2204 3337 2774 3401 COMMENTARIUS.

558 3433 971 3491 conversionem
1000 3428 1348 3500 impedirent.
1382 3427 1449 3481 Et
1470 3427 1573 3482 hoc
1593 3428 1810 3498 quidem
1840 3429 2002 3484 modo
2025 3429 2153 3487 dicit

558 3507 847 3561 simulasse
876 3499 1099 3559 Paulum
1126 3499 1343 3571 quando
1373 3500 1633 3569 persolvit
1663 3508 1845 3571 votum
1872 3501 1927 3555 in
1952 3505 2152 3569 templo

560 3576 1073 3647 Hierosolymitano,
1113 3570 1241 3647 flet.
1288 3586 1407 3647 xu,
1450 3580 1505 3626 et
1543 3570 1758 3640 quando
1803 3572 2153 3647 circumcidit

556 3640 928 3713 Timotheum,
954 3655 1015 3699 ut
1041 3642 1270 3698 habetur
1292 3640 1411 3697 Act.
1438 3658 1547 3707 xvi,
1574 3642 1860 3711 etquando
1886 3658 1914 3695 a
1945 3643 2151 3701 Jacobo

558 3720 797 3774 monitus
826 3716 1071 3785 quaedam
1118 3714 1310 3783 legalia
1352 3715 1611 3783 suscepit,
1638 3723 1720 3785 (ut
1762 3713 1991 3785 habetur
2023 3720 2147 3773 Act.

555 3806 651 3845 xv.
683 3790 813 3856 Quae
843 3784 1061 3858 quidem
1103 3784 1378 3858 simulatio
1406 3784 1869 3858 sic'intelligenda
1900 3794 2005 3851 est,
2035 3804 2144 3844 non

554 3860 696 3928 quod
730 3856 1038 3915 illos'actus
1082 3856 1377 3928 secundum
1410 3857 1485 3909 rei
1532 3858 1814 3911 veritatem
1849 3872 1956 3911 non
2006 3858 2147 3916 face-

554 3927 693 3995 rent,
726 3931 820 3985 sed
851 3930 970 4000 quia
996 3942 1103 3982 non
1127 3927 1399 4000 iaciebant
1428 3936 1697 4000 tamquam
1728 3928 1860 3997 legis
1888 3944 2147 3985 caeremo-

555 4004 673 4057 uias
702 3998 1081 4063 observantes,
1113 3998 1210 4053 sed
1241 4008 1461 4067 propter
1490 3998 1624 4051 alias
1653 4013 1864 4053 causas.
1891 4002 2145 4067 Augusti-

552 4089 655 4127 nus
683 4088 812 4127 vero
844 4072 987 4141 dicit
1012 4069 1155 4141 quod
1185 4068 1413 4136 apostoli
1440 4069 1733 4141 servabant
1776 4069 1889 4137 ipsa
1927 4071 2137 4141 legalia,

552 4160 659 4197 non
693 4142 834 4211 quod
866 4144 917 4194 in
948 4138 1162 4211 eis’vim
1194 4148 1290 4192 aut
1318 4152 1468 4211 spem
1501 4138 1688 4191 salutis
1716 4138 2014 4211 ponerent;
2045 4138 2140 4199 sed

549 4215 691 4281 quod
712 4207 797 4266 ita
828 4210 1109 4281 expediret
1140 4219 1251 4262 tum
1275 4207 1341 4261 ad
1369 4212 1779 4281 conversionem
1804 4210 2136 4279 Judteorum,

549 4280 662 4336 tum
692 4283 757 4335 ad
788 4280 1155 4348 sepeliendam
1189 4294 1311 4332 cum
1351 4281 1558 4349 honore
1598 4280 1955 4349 Syuagogam,
1994 4298 2062 4337 ne
2092 4286 2139 4340 si

546 4363 730 4406 statim
784 4352 1133 4422 abolerentur
1180 4358 1236 4403 et
1275 4348 1694 4422 prohiberentur
1751 4348 1971 4418 legalia,
2023 4356 2138 4422 pari

546 4424 713 4489 gradu
754 4431 809 4477 et
836 4422 969 4493 loco
1008 4420 1192 4493 haberi
1238 4420 1548 4493 viderentur
1577 4434 1697 4473 cum
1742 4422 1931 4476 ritibus
1961 4420 2137 4493 genti-

546 4495 679 4547 lium
710 4504 765 4549 et
797 4491 1119 4555 idololatria,
1155 4490 1305 4559 quasi
1357 4504 1463 4543 non
1510 4492 1741 4545 fuissent
1770 4509 1797 4545 a
1842 4493 1951 4548 Deo
1968 4490 2137 4550 insti-

549 4575 660 4619 tuta
692 4574 744 4618 et
789 4565 946 4617 bona.
998 4561 1204 4627 Tertio,
1247 4561 1654 4616 discordautde
1686 4574 1905 4631 peccato
1955 4564 2132 4621 Petri.

544 4635 677 4689 Nam
714 4636 1073 4703 Hieronymus
1101 4634 1232 4686 dicit
1259 4632 1310 4685 in
1355 4633 1703 4687 simulatione
1747 4636 2001 4703 prmtlicta
2033 4637 2132 4694 Pe-

2259 3432 2474 3514 tnodum
2506 3446 2561 3491 et
2587 3447 2842 3514 accurate
2870 3438 3230 3514 disserentem
3261 3447 3418 3514 tonio
3445 3441 3632 3510 primo
3680 3444 3858 3501 Anna-

2436 3520 2537 3561 nec
2563 3522 2672 3562 non
2699 3510 3086 3566 Bellarminum
3115 3512 3215 3567 lib.
3245 3527 3263 3565 ι
3292 3512 3361 3569 de
3390 3504 3555 3569 Rom.
3590 3515 3858 3574 Pontiﬁce

2254 3589 2304 3629 C.
2336 3589 2429 3629 28.

2255 3716 2266 3728 ⁹
2327 3656 2352 3683 κ
2396 3649 2819 3728 D.__Augus_tin_us
2847 3652 3080 3728 (Contra
3110 3652 3447 3728 Mendacium
3472 3675 3585 3727 cap.
3612 3657 3713 3728 10)
3746 3659 3856 3715 ltu-

2247 3719 2487 3785 jusmodi
2519 3719 2823 3787 mendacia,
2851 3719 2919 3778 de
2946 3724 3140 3793 quibus
3165 3724 3252 3781 hic
3273 3728 3473 3796 agitur,
3506 3719 3647 3783 sicut
3674 3719 3728 3786 et
3750 3734 3855 3787 alia

2252 3800 2496 3870 peccata,
2526 3808 2650 3870 quae
2679 3804 2864 3870 secuta
2893 3796 3073 3865 aliqua
3116 3797 3355 3853 utilitate
3386 3814 3811 3870 compensantur
3835 3846 3851 3869 ,

2250 3860 2483 3942 ideoque
2509 3860 2929 3942 apudbomines
2954 3860 3314 3942 excusantur,
3339 3860 3853 3942 vocat-comprensa;

2249 3932 2355 3985 tiva
2394 3932 2499 3986 ειη
2533 3936 2788 3999 omnibus,
2830 3937 2924 4001 ait,
2974 3937 3170 3992 actibus
3211 3932 3402 3994 nostris
3447 3932 3671 3997 maxime
3697 3948 3853 3998 etiam

2249 4003 2407 4085 bonos
2437 4005 2641 4059 turbant
2668 4009 3050 4085 contpensatitta
3078 4020 3307 4085 peccata,
3341 4014 3419 4065 ita
3440 4024 3494 4065 ut
3522 4031 3614 4066 nec
3638 4028 3854 4085 peccata

2246 4076 2633 4156 existimentur,
2676 4078 2721 4131 si
2758 4079 2973 4156 habeant
3019 4078 3150 4156 tales
3207 4098 3431 4156 causas,
3468 4076 3679 4155 prapter
3716 4104 3854 4156 quas

2246 4144 2401 4223 ﬁant,
2425 4147 2480 4198 in
2509 4148 2693 4223 quibus
2721 4149 2920 4223 videtur
2949 4152 3150 4221 peccari
3175 4154 3350 4220 potius
3383 4144 3431 4207 si
3453 4144 3742 4223 non'ﬁant:
3781 4159 3854 4212 Et

2244 4217 2502 4295 praecipue
2530 4220 2593 4270 de
2621 4221 2903 4274 mendaciis
2933 4217 3027 4275 hoc
3057 4223 3110 4275 in
3142 4217 3410 4277 hominum
3441 4217 3683 4295 opinione
3712 4246 3851 4294 pra:-

2241 4284 2420 4365 t'aluit,
2470 4298 2523 4340 ut
2570 4301 2779 4368 peccata
2828 4308 2930 4345 non
2975 4302 3221 4368 putentur
3259 4295 3354 4347 illa
3393 4284 3686 4368 mendacia,
3712 4284 3845 4368 quin

2239 4362 2395 4440 immo
2423 4368 2471 4411 et
2492 4362 2788 4440 recte-facta
2808 4380 2915 4440 esse
2937 4367 3237 4440 credantur,
3262 4366 3470 4440 quando
3494 4362 3845 4440 quisque'pro

2238 4430 2371 4497 ejus,
2417 4432 2501 4483 cui
2528 4430 2901 4502 falliexpedit,
2941 4436 3164 4489 utilitate
3204 4430 3479 4498 mentitur;
3505 4430 3598 4487 aut
3624 4430 3691 4490 ne
3718 4430 3847 4496 aliis

2238 4510 2436 4573 noceat,
2468 4504 2556 4571 qui
2584 4505 2845 4556 nociturus
2874 4506 3098 4573 videtur,
3127 4508 3222 4561 nisi
3248 4506 3519 4558 mendaciis
3544 4508 3797 4564 evitetur.

2309 4568 2335 4606 δ
2378 4571 2431 4625 Id
2475 4568 2744 4641 quomodo
2774 4577 2905 4629 citra
2929 4568 3315 4633 simulationem
3360 4586 3449 4629 aut
3477 4578 3844 4639 mendacium

2235 4640 2302 4716 ab
2332 4640 2912 4716 Apostoloiprtestitum
2940 4650 3029 4716 sit,
3064 4648 3303 4704 declarat
3323 4647 3460 4702 idem
3492 4645 3844 4716 Augustinus

543 4717 685 4761 trum
712 4718 1128 4790 noereccasse,
1159 4704 1281 4773 quia
1315 4706 1415 4790 hoc
1441 4719 1509 4757 ex
1547 4706 1822 4790 Acharitate
1869 4709 2022 4775 fecit,
2066 4718 2130 4790 et
2158 4730 2208 4790 υ
2238 4711 2317 4765 his
2349 4704 2528 4790 verbis
2550 4716 2567 4785 (
2589 4704 2727 4770 Ibid.
2747 4733 2861 4786 cap.
2889 4717 2987 4787 1‘2)
3011 4704 3029 4770 ;’
3052 4722 3204 4785 Quod
3227 4719 3417 4774 Paulus
3441 4719 3510 4773 ait
3536 4736 3553 4773 :
3578 4704 3843 4779 Omnibus

542 4795 652 4833 non
685 4794 748 4833 ex
773 4778 953 4846 aliquo
986 4775 1181 4830 timore
1210 4774 1502 4828 mundano.
1534 4777 1865 4845 Augustinus
1895 4774 2024 4834 vero
2047 4782 2129 4836 di-

537 4855 612 4905 cit
643 4866 764 4905 eum
798 4861 1070 4918 peccasse,
1104 4847 1387 4901 venialiter
1416 4856 1591 4901 tamen
1614 4890 1629 4913 ,
1672 4864 1766 4915 per
1797 4850 2130 4907 iudiscretio-

540 4938 687 4988 nam,
719 4936 825 4991 qua
871 4918 1153 4974 videbatur
1192 4919 1418 4972 nimium
1465 4919 1728 4991 inha~rere
1776 4920 2009 4986 Juda-is,
2057 4925 2125 4978 ad

537 4990 818 5049 vitandum
851 5006 1037 5045 eorum
1070 4991 1408 5044 scandalum.
1460 4990 1682 5057 Quarto,
1712 4991 2025 5047 (Ιίεοωτᾱειηι
2071 4996 2124 5048 in

466 5056 480 5096 ἦ

468 5100 477 5127 l

536 5063 967 5133 reprehensione
1000 5060 1186 5129 Pauli;
1222 5060 1760 5133 ruantllieronymus
1808 5064 1934 5117 dicit
1979 5066 2123 5132 quod

444 5132 473 5190 ,⁸
537 5130 734 5189 Paulus
762 5150 868 5189 nou
899 5148 1025 5187 vere
1054 5131 1410 5201 reprehendit
1440 5130 1679 5194 Petrum,
1711 5134 1803 5187 sed
1836 5130 2121 5189 simulato-

536 5206 635 5269 tie,
671 5210 809 5261 sicut
835 5214 890 5259 et
915 5204 1109 5257 Petrus
1140 5204 1473 5257 simulatorie
1502 5205 1689 5269 legalia
1721 5206 1987 5261 servabat.
2015 5206 2121 5261 Au-

532 5279 780 5341 gustinus
807 5291 937 5330 vero
964 5274 1069 5327 hoc
1094 5275 1380 5344 improbat,
1400 5274 1520 5342 quia
1552 5274 1750 5329 Paulus
1780 5277 1832 5331 in
1859 5279 2115 5333 canonica

531 5347 777 5417 Epistola
811 5346 877 5399 ad
904 5344 1134 5417 Galatas
1154 5360 1213 5414 ιι,
1244 5346 1297 5398 in
1325 5360 1427 5417 qua
1460 5346 1611 5417 nefas
1639 5355 1722 5400 est
1758 5349 1981 5404 credere
2018 5351 2115 5404 ali-

532 5415 677 5485 quod
714 5418 907 5471 l‘alsum
933 5430 1076 5481 esse,
1105 5415 1237 5471 dicit
1278 5415 1421 5485 quod
1453 5416 1642 5471 Petrus
1674 5419 2114 5487 reprchensibilis

528 5499 645 5542 erat
672 5507 685 5543 :
711 5488 852 5543 unde
879 5502 1061 5541 verum
1091 5496 1177 5542 est
1205 5489 1343 5557 quod
1372 5486 1567 5541 Petrus
1596 5486 1857 5555 peccavit,
1888 5500 1943 5543 et
1975 5489 2116 5544 Pau-

524 5558 608 5611 1ης
640 5575 768 5615 vere
797 5573 942 5623 eum,
974 5572 1078 5611 non
1108 5558 1460 5623 simulatoric,
1488 5559 1856 5627 reprehendit.
1890 5560 2016 5615 llaec
2045 5563 2106 5617 S.

526 5628 785 5694 Thomas,
822 5630 1094 5682 nonnullis
1122 5630 1417 5683 contractis
1448 5639 1540 5682 aut
1576 5632 1902 5685 intermissis
1928 5632 1999 5686 ob
2032 5633 2114 5687 ni-

526 5701 688 5752 miam
718 5698 1101 5762 prolixitatem.
1134 5699 1187 5753 Si
1223 5702 1371 5767 plura
1420 5699 1717 5763 desideras,
1766 5702 1953 5763 lector.
1988 5719 2115 5759 con-

515 5814 519 5819 .
546 5768 663 5821 sule
692 5767 981 5821 Baronium
1005 5768 1074 5823 de
1104 5776 1211 5824 tota
1244 5769 1343 5825 bac
1370 5774 1738 5828 controversia
1782 5774 1995 5832 erudite
2021 5777 2117 5832 ad-

2233 4785 2403 4866 omnia
2426 4789 2594 4866 [actus
2611 4804 2747 4853 sum,
2774 4785 2830 4841 ut
2854 4785 3029 4866 omnes
3055 4790 3416 4866 lucrifacerem
3433 4835 3448 4855 ,
3473 4801 3599 4858 etc.,
3627 4810 3843 4866 compa-

2232 4856 2475 4932 tiendoid
2499 4857 2639 4932 fecit,
2682 4875 2783 4932 non
2814 4861 3123 4915 mentiendo.
3168 4856 3261 4916 Fit
3308 4864 3443 4917 enim
3460 4856 3672 4932 quisque
3702 4856 3839 4921 uim-

2229 4941 2383 5001 quam
2406 4928 2491 5001 ille
2520 4929 2601 4980 cui
2620 4930 2725 4983 vult
2746 4931 3031 4997 subvenire,
3063 4934 3270 5001 quando
3308 4944 3455 4987 tanta
3473 4928 3835 4991 misericordia

2228 4996 2705 5073 subveniuquanta
2745 5004 2841 5055 sibi
2870 4996 3135 5056 subvenire
3175 5003 3349 5071 vellet,
3393 5006 3439 5057 si
3467 5015 3597 5059 esset
3639 5006 3833 5073 ipsein

2230 5068 2404 5143 eadem
2434 5072 2636 5143 miseria
2657 5074 2979 5135 constitutus.
3010 5073 3195 5141 Itaque
3217 5075 3278 5143 ﬁt
3306 5068 3570 5141 tamquam
3592 5068 3703 5143 ille,
3728 5096 3831 5133 non

2227 5137 2347 5201 quia
2372 5140 2506 5205 fallit
2527 5141 2693 5216 illum,
2710 5146 2800 5216 sed
2817 5144 2939 5216 qu_ia
2957 5160 3014 5197 se
3035 5137 3244 5216 cogitat
3258 5146 3388 5199 sicut
3420 5137 3595 5201 illum.
3626 5137 3765 5202 Nam
3788 5154 3834 5203 si

2230 5214 2797 5289 praptereaquiadiait
2818 5231 2835 5289 ς
2857 5213 3051 5268 Factus
3072 5213 3187 5269 sum
3214 5214 3418 5271 luditis
3441 5227 3704 5289 tamquam
3732 5220 3832 5273 Ju-

2227 5279 2471 5361 dafuspct
2496 5282 2557 5334 iis
2577 5285 2662 5351 qui
2684 5286 2776 5361 sub
2807 5286 2917 5361 lege
2942 5295 3108 5349 erant,
3125 5299 3391 5361 tamquam
3415 5290 3510 5342 sub
3544 5279 3655 5361 lege
3675 5308 3693 5345 :
3713 5291 3828 5345 ideo

2223 5352 2577 5431 putandus_e_st
2605 5352 2923 5431 mendaciter
2963 5352 3254 5431 suscepisse
3292 5360 3419 5431 legis
3441 5352 3622 5415 veteris
3651 5380 3828 5416 sacra-

2223 5432 2423 5499 menta;
2466 5424 2637 5499 debuit
2668 5437 2726 5499 (et
2766 5428 2995 5499 gentium
3046 5424 3406 5484 idololatridm
3453 5433 3630 5486 eodem
3674 5437 3823 5489 modo

2220 5495 2509 5575 mentiendo
2538 5495 2814 5575 suscipere,
2835 5500 2969 5575 quia
2998 5499 3129 5575 dixit
3163 5502 3321 5554 etiam
3351 5502 3416 5555 iis
3457 5503 3549 5573 qui
3577 5505 3691 5558 sine
3717 5507 3823 5575 lege

2222 5572 2386 5644 erant,
2419 5576 2675 5644 tamquam
2697 5570 2806 5622 sine
2826 5569 2937 5644 lege
2955 5586 3011 5644 se
3035 5570 3255 5639 factum,
3282 5580 3339 5644 ut
3363 5588 3447 5644 eos
3471 5569 3822 5644 lucri/“atteret.

2229 5634 2381 5713 Quod
2426 5634 2609 5713 utique
2625 5655 2723 5692 non
2746 5712 2751 5713 ν
2764 5634 2907 5713 fecit:
2942 5634 3066 5713 Non
3105 5634 3251 5695 enim,
3276 5641 3475 5696 alicubi
3510 5634 3828 5713 sacriﬁcarit

2224 5705 2400 5769 idolis,
2428 5705 2521 5761 aut
2542 5705 2775 5783 adorauit
2796 5712 2896 5783 illa
2925 5711 3197 5783 ﬁgmenta;
3222 5730 3283 5767 ac
3301 5714 3475 5782 potius
3496 5705 3679 5782 libere,
3700 5726 3829 5771 tast-

2226 5794 2375 5847 quant
2391 5792 2587 5853 martyr
2616 5782 2827 5848 Christi,
2851 5782 3153 5839 detestanda
3181 5792 3227 5840 et
3255 5785 3470 5839 vitanda
3501 5789 3830 5847 monstravit.
