4044 6190
226 344 376 403 1075

1282 345 1627 403 COLLATIO
1662 346 1831 404 XVII.
1862 375 1934 391 -
1964 349 2055 403 DE
2096 348 2540 406 DEFINIENDO.

3415 354 3555 412 1074

221 461 445 531 (Galat.
468 464 559 533 ιι),
588 472 749 533 caput
776 464 990 532 radere,
1021 465 1299 534 purificari
1325 468 1621 522 secundum
1648 470 1844 538 legem,
1872 470 1928 534 Α
1952 470 2097 523 sione
2121 477 2281 524 estote
2304 468 2508 522 Judwis
2539 478 2586 521 et
2616 467 2809 522 Graecis
2832 474 2880 522 et
2907 466 3154 531 Ecclesia:
3178 470 3392 539 Christi,
3422 477 3556 529 sicut

221 564 403 624 atque
436 556 494 609 in
529 556 738 625 templo
781 557 1017 612 Mosaico
1056 559 1163 613 ritu
1191 568 1316 613 vota
1343 559 1542 616 oll'erre
1568 561 1853 631 compelli-

222 656 346 702 tur.
399 649 630 717 Quaeris
682 650 845 706 etiam
872 653 964 707 ubi
994 668 1091 722 pro
1119 653 1294 708 salute
1330 668 1516 708 eorum
1558 656 1649 724 qui
1679 655 1855 724 legem

225 740 464 796 Domini
502 743 723 811 penitus
756 745 1103 814 ignorabant,
1136 753 1413 816 tamquam
1440 746 1484 800 si
1512 754 1567 800 et
1597 748 1711 815 ipse
1737 748 1858 803 sine

228 832 364 901 lege
393 845 578 901 esset,
610 835 833 891 eﬂ‘ectus
865 837 934 891 sit
964 837 1081 892 sine
1109 837 1264 906 lege?
1294 836 1436 906 Lege
1466 838 1518 892 in
1540 839 1858 895 Atheniensi

230 924 380 979 urbe
414 927 713 996 gentilium
738 971 752 995 ,
787 930 876 983 ubi
928 929 1139 999 vigebat
1167 930 1440 999 impietas,
1475 945 1582 1000 quo
1612 945 1741 986 usus
1786 932 1857 987 sit

227 1016 664 1085 prtedicationis
693 1019 919 1076 exordio
946 1038 958 1073 :
985 1020 1316 1090 Prceteriens,
1355 1023 1549 1093 inquit,
1574 1024 1680 1077 vidi
1705 1025 1856 1079 simu-

227 1111 391 1164 lacra
423 1121 605 1166 vestra
633 1122 679 1166 et
706 1129 855 1166 aram
882 1114 935 1167 in
961 1130 1066 1184 qua
1094 1122 1205 1169 erat
1229 1116 1497 1186 scriptum,
1527 1113 1718 1185 Ignoto
1747 1116 1856 1171 Deo

226 1202 453 1272 (Actor.
499 1206 659 1276 xvn).
708 1205 956 1277 Cumque
987 1207 1054 1263 de
1084 1222 1274 1263 eorum
1306 1210 1697 1281 superstitione
1741 1226 1856 1267 ser-

234 1312 475 1352 monem
513 1297 704 1354 fuisset
725 1299 954 1366 orditus,
989 1309 1265 1372 tamquam
1291 1303 1337 1357 si
1364 1316 1420 1359 et
1448 1304 1566 1373 ipse
1592 1305 1708 1360 sine
1737 1306 1855 1376 lege

229 1399 414 1455 esset,
443 1389 554 1445 sub
582 1391 872 1446 occasione
902 1392 1117 1462 profani
1133 1393 1277 1448 illius
1300 1394 1441 1449 tituli
1464 1395 1623 1451 fidem
1655 1395 1853 1452 Christi

229 1482 452 1550 intulit,
490 1483 683 1538 dicens
708 1500 722 1536 :
751 1484 904 1550 Quod
932 1502 1052 1555 ergo
1082 1500 1171 1540 vos
1199 1488 1501 1558 ignorantes
1530 1488 1723 1554 colitis,
1757 1489 1854 1543 hoc

225 1591 327 1645 ego
361 1578 629 1631 annuntio
670 1579 815 1632 vobis
865 1577 1090 1649 (Ibid).
1124 1578 1192 1634 Et
1239 1589 1363 1651 post
1408 1596 1600 1651 pauca,
1632 1582 1779 1638 velut
1807 1581 1853 1638 si

226 1666 449 1723 divina:
504 1670 637 1740 legis
681 1671 898 1739 penitus
945 1677 1093 1725 esset
1120 1671 1362 1741 ignarus,
1405 1674 1625 1743 gentilis
1652 1683 1852 1745 'poeta:

223 1775 471 1815 versum
508 1763 691 1831 potius
717 1778 877 1832 quam
908 1763 1110 1833 Moysis
1139 1772 1232 1819 aut
1269 1762 1471 1820 Christi
1502 1766 1695 1822 maluit
1720 1783 1851 1840 pro-

1963 569 2010 615 et
2048 575 2142 630 ego
2181 576 2273 630 per
2302 560 2477 613 omnia
2507 558 2739 613 omnibus
2770 559 2973 631 placeo,
3007 576 3111 613 non
3151 576 3386 630 quaerens
3415 566 3556 632 quod

1961 655 2091 709 mihi
2119 655 2244 709 utile
2260 662 2357 719 est,
2380 654 2619 725 sedquod
2640 654 2840 719 multis,
2871 662 2927 706 ut
2955 654 3087 707 salvi
3111 653 3239 723 fiant
3259 652 3302 723 (Ι
3329 652 3449 707 Cor.
3474 653 3554 724 ι).

1962 746 2106 803 Utile
2132 747 2279 802 enim
2296 747 2414 801 sine
2437 745 2601 801 dubio
2629 745 2807 801 fuerat
2823 745 3167 801 Timotheum
3191 760 3301 800 non
3325 744 3558 799 circum-

1960 842 2162 907 cidere,
2194 852 2355 912 eaput
2386 858 2493 896 non
2539 842 2755 907 radere,
2791 839 3224 911 puriﬁcationem
3266 837 3554 895 Judaieam

1960 949 2070 990 non
2098 948 2405 1000 assumere,
2437 943 2463 971 α
2495 932 2837 1003 nudipedalia
2864 947 2972 988 non
3004 946 3283 999 exercere,
3316 938 3441 985 vota
3478 929 3557 984 le-

1958 1028 2097 1099 galia
2130 1042 2237 1082 non
2268 1026 2493 1095 oﬂ‘erre,
2528 1026 2622 1081 sed
2655 1024 2787 1080 facit
2812 1024 2929 1079 haec
2957 1025 3136 1079 omnia
3172 1023 3302 1078 dum
3333 1023 3551 1078 illorum

1959 1121 2125 1177 saluti
2154 1122 2273 1191 plus
2301 1121 2573 1186 consulit;
2604 1121 2727 1189 quia
2751 1133 2859 1174 non
2888 1118 3084 1188 quaerit
3110 1117 3257 1188 quod
3287 1116 3389 1173 sibi
3421 1115 3554 1170 utile

1958 1221 2062 1282 est,
2107 1215 2205 1270 sed
2254 1216 2401 1283 quod
2442 1215 2648 1284 multis,
2695 1223 2753 1268 ut
2780 1212 2913 1268 salvi
2943 1213 3094 1268 fiant.
3125 1212 3279 1280 Quod
3305 1210 3554 1282 quamvis

1957 1308 2421 1379 contemplatione
2459 1307 2555 1363 Dei
2582 1307 2650 1361 sit
2686 1305 2912 1371 factum,
2943 1302 2973 1342 ι)
3002 1312 3181 1358 tamen
3206 1302 3554 1358 simulatione

1956 1415 2065 1456 non
2095 1403 2289 1455 caruit.
2326 1400 2432 1468 Qui
2462 1400 2608 1454 enim
2643 1413 2739 1469 per
2781 1398 2957 1467 legem
3007 1393 3208 1450 Christi
3254 1394 3358 1464 legi
3407 1407 3554 1447 mor-

1959 1504 2082 1551 tuus
2112 1498 2289 1550 fuerat
2316 1504 2373 1549 ut
2404 1495 2515 1548 Deo
2545 1494 2752 1547 viveret
2798 1489 2998 1563 (Galat.
3041 1487 3129 1559 ιι),
3171 1487 3369 1557 quique
3399 1485 3551 1539 illam

1948 1588 2213 1660 justitiam
2235 1586 2369 1657 legis
2390 1586 2441 1640 in
2466 1600 2571 1655 qua
2590 1591 2942 1639 conversatus
2972 1581 3151 1636 fuerat
3178 1579 3296 1634 sine
3325 1576 3548 1648 querela

1955 1681 2343 1737 detrimentum
2374 1677 2600 1744 fecerat,
2628 1684 2683 1731 et
2710 1674 3074 1729 arbitrabatur
3104 1681 3163 1726 ut
3193 1681 3457 1737 stercora,
3491 1680 3551 1725 ut

1953 1774 2229 1830 Christum
2261 1770 2599 1827 lucrifaceret
2626 1766 2850 1840 (Philip.
2875 1765 2981 1837 ιιι),
3000 1780 3063 1820 ea
3083 1780 3204 1831 qua:
3234 1763 3368 1833 legis
3389 1771 3549 1817 erant

221 1850 387 1908 ferre
419 1855 751 1909 sententiam
779 1871 793 1907 :
819 1854 888 1909 Et
917 1857 1049 1909 sicut
1078 1857 1319 1927 quidam,
1351 1858 1625 1929 inquiens,
1654 1871 1849 1917 vestro-
1876 1862 1926 1922 B
1954 1883 2083 1924 vero
2111 1866 2292 1923 cordis
2322 1865 2517 1920 atfectu
2563 1862 2763 1919 oll'crre
2811 1875 2918 1916 non
2966 1860 3155 1931 potuit.
3212 1858 3322 1912 Nec
3354 1855 3435 1911 fas
3461 1863 3548 1911 est

221 1960 356 1998 rum
393 1954 669 2015 poetarum
694 1946 937 2002 dixerunt
959 1964 976 2001 :
1000 1947 1178 2019 Ipsius
1208 1951 1346 2005 enim
1384 1961 1433 2006 et
1460 1968 1620 2022 genus
1664 1971 1843 2011 sumus

228 2033 468 2108 (Ibid.).
499 2037 637 2093 Cum
670 2039 852 2107 itaque
878 2042 991 2097 suis
1017 2056 1135 2108 eos,
1166 2058 1291 2113 quae
1321 2043 1561 2101 refutare
1586 2062 1693 2103 non
1717 2064 1844 2119 pos-

220 2138 379 2195 sent,
450 2132 778 2187 testimoniis
828 2133 1020 2189 fuisset
1066 2150 1389 2206 aggressus,
1450 2139 1521 2193 ita
1573 2139 1641 2195 de
1694 2139 1842 2198 falsis

224 2236 365 2276 vera
389 2222 729 2279 confirmans
759 2224 1019 2290 subdidit,
1067 2227 1254 2284 dicens
1289 2246 1305 2285 :
1336 2228 1510 2286 Genus
1551 2250 1670 2304 ergo
1725 2250 1843 2288 cum

219 2316 396 2370 simus
424 2316 549 2382 Dei,
580 2335 679 2372 non
702 2318 946 2374 debemus
969 2321 1231 2375 aestimare
1258 2339 1389 2377 auro
1410 2324 1489 2378 vel
1516 2335 1730 2397 argento
1750 2336 1843 2381 aut

219 2408 503 2482 lapidibus
527 2411 811 2483 sculptura:
834 2414 962 2467 artis
982 2423 1028 2468 et
1052 2416 1351 2486 cogitationi
1380 2417 1627 2486 hominis,
1655 2419 1842 2474 divini-

223 2510 393 2556 tatem
424 2519 541 2557 esse
569 2504 787 2558 similem
831 2503 1042 2577 (lbid.).
1078 2506 1312 2564 Inﬁrmis
1356 2518 1539 2565 autem
1591 2511 1841 2566 infirmus

223 2595 469 2652 effectus
502 2606 607 2663 est,
657 2614 784 2653 cum
829 2600 1129 2655 secundum
1177 2601 1592 2672 indulgentiam,
1621 2619 1728 2658 non
1754 2618 1842 2661 se-

217 2690 476 2745 cundum
499 2690 906 2761 imperium,his
925 2694 1018 2763 qui
1046 2708 1105 2749 se
1125 2695 1410 2751 continere
1434 2710 1540 2751 non
1569 2704 1834 2765 poterant,

216 2782 276 2838 in
328 2783 385 2837 id
430 2783 613 2853 ipsum
638 2783 821 2839 redire
852 2785 1128 2840 concessit
1158 2785 1205 2855 (ι
1236 2785 1359 2842 Cor.
1390 2788 1489 2855 vn)
1517 2828 1530 2853 ,
1568 2788 1684 2844 sive
1714 2804 1837 2845 cum

211 2874 392 2941 lacte,
425 2889 545 2930 non
576 2888 704 2930 esca
752 2874 1062 2931 Corinthios
1104 2884 1323 2946 potans,
1360 2878 1413 2933 in
1442 2879 1757 2936 infirmitate
1786 2890 1842 2937 et

214 2967 445 3022 timore.
492 2977 549 3021 et
600 2974 844 3022 tremore
884 2968 1056 3023 multo
1097 2969 1239 3037 apud
1285 2983 1380 3025 eos
1424 2971 1591 3027 fuisse
1620 2987 1680 3027 se
1709 2972 1841 3030 dicit

211 3058 533 3129 (160nm).
557 3059 751 3114 Omnia
777 3068 961 3115 autem
980 3061 1232 3117 omnibus
1257 3061 1433 3119 factus
1452 3074 1556 3133 est,
1577 3074 1633 3120 ut
1649 3080 1838 3122 omnes

213 3152 447 3208 facere!
474 3152 679 3221 salvos,
729 3167 853 3207 cum
884 3155 1054 3209 dicit:
1081 3155 1181 3222 Qui
1208 3157 1509 3227 manducat,
1540 3176 1647 3214 non
1687 3177 1838 3215 man-

1950 1961 2100 2017 credi
2129 1974 2255 2015 eum
2302 1959 2393 2030 qui
2444 1956 2679 2022 dixerat,
2728 1955 2789 2009 Si
2824 1954 2959 2008 enim
3000 1968 3116 2023 quis
3144 1950 3401 2014 destruxi,
3435 1950 3545 2003 haec

1947 2056 2137 2110 iterum
2162 2053 2438 2122 recedi/ica,
2472 2050 2925 2122 prevaricatorem
2946 2064 3026 2101 me
3048 2046 3306 2101 constituo
3339 2042 3542 2116 (Galat.

1947 2147 2029 2218 ιι),
2061 2148 2114 2202 in
2143 2144 2200 2200 id
2224 2146 2464 2200 incidere
2492 2142 2640 2214 quod
2691 2142 2810 2212 ipse
2854 2140 3229 2195 damnaverat.
3265 2137 3331 2191 Et
3361 2136 3543 2190 intan-

1946 2251 2060 2296 tum
2088 2255 2201 2296 non
2231 2239 2402 2308 magis
2433 2251 2521 2293 res
2571 2236 2688 2305 ipsa
2725 2249 2849 2304 quae
2876 2234 3083 2303 geritur
3110 2246 3271 2301 quam
3298 2227 3543 2299 gerentis

1947 2341 2209 2404 pensatur
2234 2330 2481 2392 all‘ectus,
2514 2336 2572 2381 ut
2611 2324 2919 2382 econtrario
2946 2322 3271 2392 quibusdam
3303 2320 3545 2389 reperia-

1946 2436 2035 2481 tur
2059 2424 2262 2479 veritas
2290 2420 2568 2485 nocuisse,
2601 2426 2657 2473 et
2693 2415 2963 2486 profuisse
3008 2411 3377 2467 mendacium.
3404 2409 3542 2463 Nam

1946 2520 2092 2589 Doeg
2124 2516 2392 2572 ldumazus
2439 2512 2555 2585 regi
2593 2510 2743 2568 Sauli
2778 2508 2847 2565 de
2875 2508 3001 2579 fuga
3030 2504 3203 2560 David
3249 2517 3431 2558 coram
3462 2502 3544 2557 fa-

1944 2610 2104 2665 mulis
2134 2605 2488 2678 conquerenti
2536 2617 2601 2658 ac
2638 2600 2864 2667 dicenti,
2891 2596 3165 2668 Numquid
3194 2594 3429 2650 omnibus
3452 2608 3544 2647 vo-

1945 2703 2021 2757 bis
2051 2700 2195 2755 dabit
2216 2698 2358 2769 filius
2387 2694 2535 2751 Jesse
2566 2709 2745 2767 agros,
2777 2700 2827 2745 et
2851 2689 3043 2756 vineas,
3077 2696 3125 2741 et
3152 2686 3422 2740 universos
3450 2700 3542 2738 vos

1944 2796 2099 2865 faciet
2147 2794 2381 2847 tribunos
2410 2799 2460 2846 et
2508 2788 2873 2853 centuriones,
2927 2782 3177 2854 quoniam
3223 2778 3542 2851 conjurastis

1944 2900 2119 2939 omnes
2165 2884 2417 2936 adversus
2465 2897 2569 2947 me,
2626 2889 2673 2934 et
2720 2892 2831 2932 non
2861 2875 3057 2945 estqui
3102 2872 3229 2926 mihi
3281 2871 3542 2925 renuntiet

1942 2976 1986 3047 (ι
2010 2975 2140 3045 Reg.
2164 2972 2339 3043 xm)?
2369 2971 2496 3041 quid
2522 2971 2626 3026 nisi
2654 2983 2841 3024 verum
2865 2965 3125 3037 prodidit,
3153 2963 3342 3019 dicens
3367 2977 3382 3016 :
3415 2960 3541 3014 Vidi

1943 3070 2109 3137 ﬁlium
2129 3067 2275 3124 Jesse
2299 3067 2353 3120 in
2376 3064 2526 3120 Nobe
2549 3064 2691 3134 apud
2719 3060 3047 3117 Achimelech
3074 3060 3413 3122 sacerdotem,
3448 3056 3540 3127 qui

1944 3161 2209 3217 consuluit
2231 3176 2327 3231 pro
2361 3176 2422 3213 eo
2459 3157 2763 3224 Dominum,
2796 3164 2844 3209 et
2873 3154 3068 3208 cibaria
3095 3152 3238 3206 dedit
3268 3151 3334 3215 ei,
3367 3149 3459 3203 sed
3488 3158 3539 3201 et

217 3248 514 3300 ducantem
554 3262 658 3300 non
678 3254 928 3316 spernat;
958 3257 1005 3302 et
1031 3249 1119 3320 qui
1144 3266 1247 3304 non
1272 3252 1571 3320 manducat,
1615 3257 1837 3311 mandu—
1863 3245 1909 3311 C
1943 3256 2179 3330 gladium
2232 3252 2444 3308 Golith
2473 3251 2737 3306 Philistwi
2766 3250 2908 3303 dedit
2957 3249 3004 3304 ei
3039 3245 3268 3321 (Ibid)?
3294 3244 3401 3299 Pro
3430 3258 3538 3312 qua

218 3348 437 3395 cantem
484 3356 588 3394 non
621 3341 825 3411 judicet
868 3342 1046 3413 (Rom.
1090 3342 1234 3415 11v);
1268 3354 1323 3401 et
1355 3346 1457 3413 Qui
1499 3349 1829 3404 matrimonio

211 3436 401 3508 jungit
451 3434 699 3504 virginem
726 3451 893 3503 suam,
926 3437 1049 3491 bene
1097 3436 1263 3506 facit;
1306 3446 1353 3491 et
1384 3441 1471 3507 qui
1500 3457 1602 3494 non
1632 3444 1826 3514 jungit,

218 3528 419 3582 melius
452 3527 576 3597 facit
602 3525 647 3599 (l
676 3525 798 3581 Cor.
834 3527 949 3596 vn).
982 3527 1049 3582 Et
1072 3528 1235 3583 alibi:
1266 3530 1418 3596 Quis,
1450 3530 1645 3601 inquit,
1671 3533 1828 3602 inﬁr-

220 3629 426 3686 matur,
458 3628 506 3673 et
533 3636 626 3689 ego
648 3636 753 3673 non
782 3619 1063 3689 inﬁrmor?
1092 3623 1208 3689 quis
1231 3622 1640 3688 scandalizatur,
1667 3635 1714 3678 et
1735 3642 1827 3695 ego

219 3729 327 3766 non
349 3727 479 3767 uror
496 3709 562 3782 (ll
590 3709 712 3765 Cor.
746 3708 861 3781 x1)?
886 3710 1064 3780 Atque
1087 3711 1191 3766 hoc
1217 3713 1379 3767 modo
1401 3714 1534 3768 illud
1559 3715 1704 3783 quod
1725 3715 1829 3770 Co-

220 3805 451 3863 rinthiis
481 3812 838 3874 praeceperat,
869 3802 1208 3872 adimplevit,
1241 3804 1429 3859 dicens
1463 3823 1475 3857 :
1505 3805 1633 3861 Sine
1663 3807 1827 3873 o/fen-

1945 3350 2176 3404 veritate
2206 3345 2469 3402 eradicari
2512 3344 2582 3400 de
2624 3354 2768 3399 terra
2799 3341 3096 3398 viventium
3130 3338 3348 3403 meruit,
3375 3350 3437 3390 ac
3464 3335 3538 3389 de

1940 3458 2007 3499 eo
2035 3442 2231 3497 dicitur
2258 3454 2354 3510 per
2376 3437 2703 3508 Prophetam
2731 3454 2743 3488 :
2773 3434 3067 3505 Propterea
3120 3430 3264 3485 Deus
3306 3430 3537 3483 destruet

1939 3545 1988 3589 te
2014 3536 2067 3589 in
2095 3536 2271 3603 ﬁnem,
2306 3531 2483 3586 evellet
2515 3540 2562 3585 te
2600 3538 2650 3584 et
2687 3528 2956 3599 emigrabit
3004 3535 3051 3579 te
3076 3524 3137 3578 de
3166 3521 3529 3585 tabernaculo,

1939 3639 1986 3683 et
2015 3629 2249 3683 radicem
2289 3635 2434 3679 tuam
2457 3625 2520 3677 de
2546 3634 2684 3677 terra
2705 3621 2983 3675 viventium
3004 3615 3179 3687 (Psal.
3212 3616 3306 3684 LI).
3339 3616 3417 3668 Ex
3442 3612 3534 3667 illa

1938 3720 2106 3789 igitur
2136 3728 2281 3774 terra
2312 3716 2399 3771 hic
2420 3729 2519 3784 pro
2546 3712 2749 3768 indicio
2776 3709 3022 3765 veritatis
3052 3714 3309 3778 perpetua
3354 3704 3532 3758 eradi-

1938 3812 2157 3866 catione
2188 3808 2532 3874 convellitur,
2563 3806 2616 3859 in
2648 3819 2755 3874 qua
2794 3812 2817 3842 ο
2861 3801 3012 3856 Raab
3034 3798 3291 3857 meretrix
3323 3794 3529 3867 (Iosue,

1307 3918 1563 3972 ALARDI
1603 3919 1836 3977 GAZ/El
1876 3919 2447 3979 COMMENTARIUS.

297 4031 325 4059 α
366 4017 727 4088 Nudipedalia
764 4015 908 4085 apud
948 4013 1166 4088 .ludzeos
1209 4013 1531 4088 dicebantur
1575 4017 1821 4084 quaedam

222 4108 406 4157 saera,
442 4086 538 4145 seu
569 4089 796 4157 publica:
822 4086 1263 4156 supplicationes,
1294 4087 1346 4141 in
1374 4086 1567 4155 quibus
1596 4089 1823 4156 populus

225 4163 392 4218 nudis
426 4160 651 4226 pedibus
680 4157 936 4213 incedens
980 4157 1214 4227 pluviam
1246 4173 1275 4210 a
1305 4158 1415 4211 Deo
1461 4157 1817 4226 implorabat:

223 4235 294 4289 de
337 4232 537 4302 quibus
575 4230 850 4302 (losepltus
894 4229 987 4283 lib.
1039 4243 1077 4281 ιι
1122 4228 1189 4283 de
1232 4228 1382 4283 Bello
1413 4227 1659 4302 Judaico.
1691 4230 1821 4297 Quae

226 4299 399 4360 etiam
446 4301 585 4365 apud
631 4300 969 4357 Christianos
1014 4314 1415 4370 nonnumquam
1450 4299 1521 4370 in
1568 4315 1663 4354 usu
1694 4309 1823 4357 sunt

228 4375 246 4445 (
263 4375 395 4430 (ἔτει.
434 4373 659 4444 Rhodig.
704 4373 868 4445 libxv
893 4372 1068 4445 Antig.
1111 4370 1252 4445 Lect.
1274 4369 1401 4445 cap.
1430 4369 1525 4440 6).
1557 4371 1818 4445 Eumdem

225 4443 362 4502 vero
394 4446 555 4500 ritum
587 4443 748 4502 etiam
780 4444 833 4499 in
864 4444 956 4498 illa
991 4443 1421 4497 sanctificatione
1467 4452 1521 4495 et
1568 4444 1821 4512 puriﬁca-

226 4519 377 4573 tione
424 4517 735 4572 Judazorum
781 4531 849 4570 ex
888 4513 1109 4581 antiqua
1141 4513 1428 4567 traditione
1473 4512 1819 4569 observatum

226 4590 459 4643 innuere
488 4589 703 4643 videtur
742 4586 830 4640 hic
859 4585 1048 4650 abbas,
1096 4584 1337 4652 quamvis
1368 4583 1592 4637 Numer.
1622 4601 1692 4649 vt,
1729 4586 1819 4640 ubi

227 4659 297 4713 de
324 4659 702 4712 Nazaraaorum
734 4656 924 4710 ritibus
948 4653 1143 4721 agitur,
1174 4654 1315 4708 nulla
1339 4654 1458 4721 ejus
1481 4659 1821 4711 cmrcmonia:

228 4730 433 4781 mentio
465 4728 742 4782 habeatur.
776 4724 909 4780 Nam
942 4726 1078 4779 alias
1109 4738 1214 4777 non
1246 4731 1471 4792 apparet
1500 4727 1712 4793 quando
1741 4729 1819 4780 A-

229 4798 473 4867 postolus
525 4796 835 4866 hujusmodi
870 4793 1227 4867 nudipedalia
1276 4796 1821 4867 exercuerittmore

226 4864 435 4923 scilicet
464 4864 710 4930 ludaico,
740 4866 882 4937 quod
912 4876 1089 4937 tamen
1114 4864 1509 4937 indicatetiam
1541 4867 1601 4937 Ι)ἶ
1633 4865 1822 4923 lliero-

229 4955 424 5009 nymus
453 4941 573 4995 loco
600 4936 769 5009 supra
793 4938 977 4992 citato.
1009 4936 1295 5009 Etrursus
1327 4936 1425 5009 lib.
1452 4951 1467 4989 ι
1499 4938 1548 4989 in
1574 4936 1817 5009 .ltiviuia-

228 5004 357 5065 num
391 5012 557 5081 (Cap.
589 5012 622 5066 8
643 5004 685 5079 ),
716 5010 802 5081 ubi
844 5009 917 5081 ait
950 5025 960 5059 :
993 5004 1513 5081 Multafompellilur
1548 5007 1821 5081 Apostolus

225 5083 353 5136 velle
380 5076 622 5153 quianon
643 5076 798 5153 vult:
818 5078 1137 5153 circumcidit
1161 5076 1503 5142 Timotheum,
1533 5079 1660 5131 rasit
1687 5079 1738 5132 in
1768 5098 1821 5134 se

226 5150 509 5215 calvitium,
540 5152 875 5221 nudipedalia
905 5150 1145 5221 exercuit,
1174 5164 1372 5221 comam
1399 5150 1630 5221 nutrivit,
1663 5158 1715 5221 et
1737 5161 1817 5203 to-

226 5224 393 5275 tondit
420 5226 473 5276 in
500 5219 769 5277 Cenchris.
800 5220 876 5276 De
906 5219 1318 5288 nudipedalibus
1344 5219 1506 5274 etiam
1538 5220 1816 5286 gentilium

224 5294 471 5361 meminit
501 5294 865 5349 Tertullianus
894 5291 945 5345 in
971 5290 1321 5360 Apologetieo
1345 5288 1505 5361 (Cap.
1538 5291 1601 5346 4—1
1630 5292 1669 5361 ).

298 5360 325 5399 ι’
371 5365 537 5418 Immo
563 5365 755 5427 caruit,
791 5372 850 5417 ut
878 5378 943 5417 ex
971 5362 1131 5416 dictis
1174 5360 1479 5428 patet,’nisi
1518 5360 1819 5420 simulatio-

225 5445 350 5489 nem
382 5452 477 5503 pro
510 5434 942 5489 dissimulatione
973 5448 1070 5487 seu
1112 5432 1224 5487 veri
1246 5433 1615 5503 occultatione
1655 5450 1817 5491 usur-

226 5518 342 5577 pes,
374 5502 430 5561 ut
470 5507 557 5577 hic
596 5508 792 5575 passim
841 5513 1169 5577 usurpatur;
1202 5502 1325 5577 Non
1352 5505 1503 5569 enim,
1533 5507 1607 5558 ait
1632 5505 1812 5577 Augu-

222 5575 397 5631 stinus
424 5576 573 5646 (Lib.
606 5579 668 5630 de
708 5577 980 5631 Mendacio
1005 5592 1120 5642 cap.
1153 5575 1220 5644 5)
1253 5582 1305 5627 ut
1338 5577 1574 5637 nonnulli
1604 5575 1806 5646 putant,

221 5646 376 5700 etiam
403 5649 598 5702 l’aulus
618 5661 707 5702 ant
731 5648 1046 5701 Timotheum
1067 5646 1408 5711 circumcidit,
1431 5657 1521 5699 aut
1544 5649 1651 5713 ipse
1673 5665 1812 5714 quic-

221 5716 344 5771 dam
370 5721 475 5773 ritu
500 5719 720 5773 Judaico
748 5728 1065 5773 sacramenta
1096 5718 1397 5781 celebravit;
1426 5717 1517 5770 sed
1545 5733 1608 5769 ex
1635 5717 1724 5769 illa
1747 5718 1812 5771 li-

223 5787 411 5846 bertate
461 5792 724 5846 sententia:
773 5806 899 5857 suas,
949 5805 1051 5859 qua
1099 5788 1393 5859 praedicavit
1446 5789 1814 5859 nec__gentibus

222 5862 466 5928 prodesse
493 5856 945 5931 circumcisionem,
962 5856 1063 5915 nec
1103 5858 1299 5914 Iudaeis
1326 5858 1516 5913 obesse.
1544 5856 1691 5914 Unde
1724 5876 1815 5913 nec

1933 4018 2051 4071 illos
2091 4018 2443 4087 astringendos
2488 4015 2554 4068 ad
2595 4012 3010 4087 consuetudinem
3061 4008 3384 4087 (urticarum,
3439 4021 3530 4087 nec

1930 4090 2055 4143 istos
2072 4107 2102 4141 ιι
2126 4075 2339 4146 paterna
2359 4085 2689 4141 deterrendos
2715 4084 2928 4137 censuit.
2958 4081 3108 4137 Unde
3128 4079 3224 4133 illa
3244 4075 3393 4131 verba
3415 4078 3527 4146 ejus

1931 4166 2050 4213 sunt
2070 4176 2087 4213 :
2106 4149 2448 4213 Circumcisus
2479 4160 2593 4231 quis
2623 4166 2829 4231 vocatus
2857 4155 2967 4208 est?
2996 4168 3098 4231 non
3134 4149 3361 4231 adducat
3391 4164 3529 4231 priv-

1928 4232 2127 4301 putium
2148 4247 2165 4296 ;
2190 4232 2243 4283 in
2272 4220 2661 4301 prteputioquis
2682 4234 2888 4279 vocatus
2916 4226 3033 4301 est
3054 4238 3157 4276 non
3186 4220 3527 4301 circumcidat

1928 4290 2031 4355 tur.
2066 4290 2398 4355 Circuntcisio
2434 4290 2571 4353 nihil
2592 4308 2685 4361 est,
2715 4306 2762 4350 et
2784 4296 3107 4367 (prtcputium
3146 4290 3277 4367 nihil
3301 4301 3405 4357 est,
3438 4291 3529 4344 sed

1928 4314 2031 4355 tur.
2066 4314 2398 4355 Ltrcuntctsto
2434 4314 2561 4353 ntlttt
2592 4314 2685 4361 est,
2715 4314 2762 4350 et
2833 4314 3107 4367 rwpttttum
3146 4314 3276 4344 num
3301 4314 3405 4357 est,
3438 4314 3526 4344 seu

1928 4372 2212 4427 observatio
2234 4371 2597 4425 mandatorum
2629 4367 2743 4421 Dei.
2778 4314 3140 4437 ﬁnusquisque
3162 4365 3342 4437 inqua
3374 4377 3526 4437 voca-

1927 4444 2065 4496 tione
2091 4452 2296 4496 vocatus
2320 4451 2416 4507 cst,
2445 4443 2499 4494 in
2519 4457 2578 4493 ea
2604 4446 2916 4509 permaneat.
2939 4433 3014 4490 "Et
3040 4434 3177 4509 infra
3197 4451 3208 4485 :
3228 4433 3527 4509 'Ijimothens

1927 4530 2043 4567 cum
2061 4515 2112 4567 in
2125 4514 2375 4583 prwputio
2398 4504 2770 4572 vocatus’esset,
2786 4519 2955 4583 tamen
2970 4504 3347 4583 quiadejudtea
3362 4514 3526 4583 matre

1928 4595 2070 4637 ortus
2110 4575 2242 4649 erat,
2284 4594 2331 4636 et
2370 4586 2636 4638 ostendere
2663 4582 2893 4653 c0gnatis
2918 4575 3023 4653 suis
3065 4575 3299 4653 debebat,
3332 4576 3526 4653 adeas

1847 4641 1902 4702 D
1929 4641 2346 4723 lucrifacicndos,
2394 4671 2496 4709 non
2538 4653 2635 4707 hoc
2680 4641 2922 4723 didicisse
2964 4650 3016 4703 in
3044 4647 3324 4723 disciplina
3376 4644 3527 4723 Chri-

1937 4718 2126 4787 stiana,
2160 4738 2213 4778 ut
2243 4718 2340 4778 illa
2363 4734 2688 4779 sacramenta
2714 4739 2829 4795 qua:
2856 4721 2982 4790 legis
3004 4720 3180 4795 veteris
3205 4726 3368 4795 essent
3395 4718 3524 4795 abo-

1928 4799 2231 4857 minaretur,
2269 4796 2605 4850 circumcisus
2648 4788 2808 4848 est'ab
2840 4788 3090 4861 Apostolo
3113 4806 3130 4843 .'
3157 4796 3213 4842 ut
3241 4788 3339 4840 hoc
3367 4788 3523 4861 modo

1930 4868 2300 4922 demonstraret
2330 4867 2531 4921 Judazis
2558 4883 2661 4919 non
2687 4866 2802 4918 ideo
2823 4859 2995 4934 gentes
3021 4879 3121 4915 non
3151 4876 3211 4934 ea
3239 4859 3520 4934 suscipere,

1929 4941 2053 5007 quia
2084 4942 2224 4992 mala
2250 4948 2391 5001 sunt,
2420 4948 2467 4992 et
2490 4938 2777 5009 perniciose
2805 4928 2843 4987 ᾰ
2864 4933 3097 5009 patribus
3118 4932 3411 5007 observata;
3435 4928 3524 4979 sed

1930 5004 2049 5077 quia
2064 5011 2175 5079 jam
2206 5009 2361 5063 saluti
2389 5004 2501 5062 non'
2521 5006 2810 5079 necessaria
2838 5014 2950 5071 post
2982 5004 3414 5079 adventum-tanti.
3433 5012 3523 5077 srr-

1930 5067 2198 5145 cram'enti,
2228 5081 2366 5149 quod
2397 5096 2484 5147 per
2515 5087 2617 5130 tam
2652 5078 2805 5144 longa
2836 5067 3064 5149 tempora
3097 5068 3345 5149 totq'illa
3377 5067 3524 5149 Scli-

1924 5160 2075 5220 ptura
2103 5136 2414 5219 propheticis
2438 5136 2832 5220 ﬁgurationibus
2858 5136 3323 5220 pitrturivit.lNant
3356 5136 3523 5220 elfi-

1924 5210 2032 5274 tum
2059 5210 2609 5283 circumcideret,"cum
2634 5221 2727 5272 hoc
2748 5210 2983 5286 urgerent
3004 5210 3317 5286 Judaei,_nisi
3344 5210 3524 5286 subitis

1923 5293 2145 5345 troducti
2158 5292 2295 5412 [utsi
2327 5282 2510 5361 fratres
2539 5292 2653 5343 ideo
2680 5290 2791 5356 ﬁeri
2808 5282 3014 5349 vellent,
3047 5293 3101 5336 ut
3122 5282 3361 5336 haberent
3387 5284 3525 5361 quod

1923 5360 1986 5411 de
2014 5364 2125 5412 ipso
2186 5361 2331 5412 ’nulo
2356 5363 2777 5412 disseminarent:
2814 5368 3073 5412 tamquam
3102 5370 3281 5407 eorum
3320 5356 3521 5405 veritati

1922 5360 1986 5411 de
2014 5364 2125 5428 ipso
2158 5352 2336 5415 Paulo
2356 5352 2777 5423 disseminarent;
2814 5368 3073 5425 tamquam
3102 5370 3281 5428 eorum
3320 5352 3521 5428 veritati

1922 5424 2154 5499 cesserit,
2187 5433 2275 5500 qui
2305 5450 2445 5500 spem
2482 5433 2665 5485 salutis
2696 5424 3007 5500 evangelica;
3036 5428 3090 5479 in
3133 5424 3522 5500 circumcisione

1922 5504 2089 5555 carnis
2118 5495 2269 5572 atque
2310 5495 2612 5572 hujusmodi
2652 5495 3083 5572 observationibus
3115 5511 3221 5549 esse
3264 5495 3521 5572 prcedica-

1922 5582 2053 5638 rent,
2077 5583 2121 5627 et
2150 5568 2257 5626 sine
2278 5572 2357 5625 Itis
2375 5568 2571 5625 nemini
2594 5573 2850 5627 Christum
2873 5571 3113 5637 prodesse
3134 5568 3521 5638 contenderent;

1919 5636 2048 5698 cum
2083 5653 2264 5697 contra
2308 5642 2439 5697 nihil
2478 5644 2736 5714 prodesset
2765 5636 2995 5696 Christus
3041 5640 3113 5694 eis
3139 5639 3227 5707 qui
3258 5654 3316 5691 eo
3343 5636 3521 5693 animo

1919 5716 2428 5779 circumciderentur,
2462 5726 2519 5769 ut
2555 5714 2625 5767 ibi
2655 5730 2761 5768 esse
2788 5715 3010 5766 salutem
3036 5717 3299 5780 putarent.

1996 5797 2016 5824 ο
2062 5786 2137 5841 De
2156 5786 2305 5842 Raab
2327 5786 2632 5851 meretrice,
2657 5785 2878 5854 ejusque
2901 5783 3202 5846 mendacio.
3229 5781 3353 5852 quid
3379 5795 3511 5838 sen-

1924 5858 2163 5915 tiendum
2194 5859 2284 5924 sit,
2314 5859 2563 5929 superius
2581 5859 2782 5915 dictum
2812 5864 2894 5914 est
2924 5856 3089 5929 (Cap.
3122 5854 3186 5910 17
3206 5856 3250 5924 ).
