4044 6190
559 335 564 340 ·
579 303 722 368 I015

1633 289 1918 350 JOANNIS
1957 289 2270 346 CASSIANI
2307 285 2777 344 COLLATIONES

3724 273 3876 332 {U76

577 421 640 490 ιι)
673 432 773 490 pro
797 413 1080 474 mendacio
1105 425 1228 468 cum
1253 425 1350 464 sua
1382 408 1704 480 cognatione
1731 408 2022 476 plantatur.
2055 404 2174 458 Sic-
2199 407 2253 468 Α
2275 403 2658 458 οοιιιίηοιιιιτιιη
2699 403 2942 454 nostram
2971 395 3147 470 potius
3183 411 3344 468 quam
3377 393 3872 466 percunctantibus

579 519 636 566 ut
665 509 826 564 etiam
858 507 1090 562 Samson
1123 501 1319 572 (ludio.
1351 501 1465 572 xvr)
1499 501 1646 555 illum
1673 499 1814 554 diem
1841 497 2165 552 occultatum

579 599 898 664 mendacio,
951 597 1186 651 veritate
1227 595 1406 664 impia:
1444 593 1658 662 conjngi
1713 589 2168 662 perniciosissime

577 691 884 766 prodidisse
911 689 1338 754 reminiscimur,
1363 687 1450 742 cui
1481 697 1768 756 propterea
1793 683 2168 754 deceptionem

575 785 766 842 intulit
794 785 996 840 veritas
1029 779 1492 836 inconsultissime
1541 777 1835 848 patefacta,
1879 775 2000 846 quia
2033 773 2168 828 illud

582 878 897 934 mandatum
949 873 1324 948 propheticum
1379 871 1654 950 custodire
1697 869 1952 936 neglexit,
2003 865 2078 919 Ab
2109 881 2170 920 ea

581 989 694 1042 quae
753 973 940 1026 dormit
991 971 1046 1026 in
1099 969 1216 1024 sinu
1272 975 1380 1032 tuo,
1437 964 1636 1018 custodi
1690 963 1916 1016 claustra
1965 959 2069 1014 oris
2096 959 2172 1012 tui

581 1063 774 1136 (uicti.
803 1065 928 1134 vn).

1185 1151 1410 1208 CAPUT
1457 1149 1600 1206 XXI.

585 1248 664 1303 An
687 1247 1122 1318 interrogantibus
1149 1245 1404 1318 occuttam
1429 1243 1797 1318 continentiam
1825 1239 2174 1318 sinemenda-

655 1319 736 1374 cio
773 1312 1002 1386 oporteat
1031 1315 1399 1388 propalari,_et
1429 1331 1498 1367 an
1537 1313 1868 1385 suscipienda
1913 1312 2018 1364 sint
2063 1327 2177 1380 qua:

653 1385 815 1445 semel
839 1385 1039 1458 fuerint
1065 1385 1346 1440 recusato?

655 1525 722 1582 Et
751 1535 806 1580 ut
839 1525 1081 1594 exempla
1117 1523 1360 1592 quaedam
1384 1523 1450 1578 de
1475 1521 1674 1577 nostris
1707 1535 1920 1591 quoque
1954 1519 2178 1574 inevita-

583 1619 785 1676 bilibus
829 1633 892 1674 ac
936 1633 1071 1690 pene
1102 1616 1432 1688 quotidianis
1485 1614 1904 1670 necessitatibus
1937 1613 2179 1684 profera-

583 1726 740 1776 mus,
782 1724 915 1780 quas
958 1710 1294 1782 quantalibet
1353 1708 1695 1763 observantia
1765 1721 2054 1776 numquam
2105 1705 2178 1760 ita

2269 495 2457 567 prodi;
2489 511 2552 550 ac
2579 509 2743 562 super
2773 491 3350 562 hujuscemodi'causis
3371 505 3470 545 nos
3497 503 3720 560 quoque
3742 499 3763 526 ε
3791 489 3872 542 fa-

2270 597 2443 644 temur
2475 587 2784 642 inevitabile
2815 602 2934 641 esse
2965 585 3328 642 mendacium.
3369 585 3427 640 In
3475 583 3722 638 secundo
3767 599 3872 638 au-

2269 691 2375 736 tem
2407 681 2552 735 nulla
2579 681 2734 734 nobis
2764 678 3028 734 incumbit
3053 677 3348 733 necessitas
3372 675 3674 730 mentiendi
3711 691 3727 729 :
3759 676 3874 744 pri-

2270 790 2416 829 munt
2442 773 2564 844 quia
2597 787 2879 842 possumus
2904 787 2965 826 ea
2995 787 3113 841 qme
3139 771 3361 824 fratrum
3388 769 3692 824 ministerio
3747 783 3872 838 por-

2270 867 2516 936 riguntur
2539 867 2608 920 ita
2633 879 2883 930 renuere,
2907 873 2964 919 ut
2985 863 3134 918 nullo
3157 879 3256 918 nos
3279 861 3613 918 definitionis
3639 863 3868 918 vinculo

2273 961 2607 1030 colligemus,
2635 959 2829 1014 deinde
2853 957 2996 1028 quod
3041 956 3214 1012 semel
3243 965 3535 1012 renuentes
3561 969 3862 1025 possumus

2279 1051 2607 1106 immobilem
2653 1061 2837 1107 tenere
2874 1049 3220 1104 sententiam.

2843 1164 3070 1222 CAPUT
3111 1162 3300 1220 XXIII.

2280 1261 2599 1334 Responsio,
2643 1261 2780 1332 quod
2833 1259 3206 1382 irratiotttabitis
3243 1259 3310 1314 sit
3341 1255 3501 1331 hujus
3549 1258 3872 1330 deﬁnitionis

2919 1347 3010 1382 ner
3037 1345 3226 1382 macm.

2919 1345 3226 1402 pertinacia.

2351 1425 2552 1494 Josepb
2582 1444 2594 1480 :
2629 1425 2733 1481 Has
2778 1425 3122 1480 definitiones
3161 1425 3372 1478 illorum
3414 1424 3872 1480 monasteriorum

2279 1533 2404 1574 esse
2435 1535 2540 1575 non
2561 1519 2782 1574 dubium
2814 1527 2896 1574 est
2915 1519 2970 1574 in
2994 1519 3187 1589 quibus
3213 1517 3630 1572 renuntiationis
3655 1529 3870 1582 vestrae,

2280 1621 2340 1666 ιιι
2363 1611 2565 1679 dicitis,
2591 1612 2896 1666 rudimenta
2917 1613 3144 1665 formata
3165 1621 3324 1676 sunt;
3347 1625 3578 1679 quorum
3603 1613 3874 1682 principes

2285 1701 2508 1757 fratrum
2541 1701 2824 1758 refectioni
2853 1717 2976 1757 suas
3008 1701 3244 1756 assolent
3275 1715 3593 1770 praeponere
3625 1704 3874 1758 volunta—

583 1820 867 1876 possumus
899 1819 1234 1874 praecavere,
1272 1811 1332 1858 ut
1363 1819 1466 1858 non
1497 1803 1580 1857 vel
1611 1803 1762 1856 inviti
1796 1801 1884 1856 vel
1931 1801 2178 1854 volentes
2209 1791 2254 1852 B
2283 1803 2385 1862 tes,
2417 1805 2473 1851 et
2494 1797 2900 1854 obstinatissme
2922 1796 2972 1850 id
3002 1795 3146 1864 quod
3175 1795 3346 1849 semel
3382 1804 3565 1851 mente
3605 1810 3872 1866 concepe-

581 1911 840 1968 cogamnr
877 1896 930 1952 in
971 1913 1064 1952 eas
1103 1897 1414 1962 incurrere;
1463 1895 1616 1965 quid,
1645 1909 1849 1965 quaeso,
1875 1891 2176 1947 faciendum

582 2001 702 2054 est,
731 2005 854 2046 cum
899 1989 1247 2046 refectionem
1313 1987 1718 2058 procrastinare
1765 1984 2178 2056 disponentibus

583 2080 760 2148 nobis,
807 2091 988 2136 utrum
1024 2081 1375 2135 refecerimns
1413 2079 1480 2134 ad
1509 2091 1786 2147 vesperam
1813 2076 1977 2130 frater
2009 2075 2168 2128 adve—

583 2171 735 2226 niens
759 2181 1174 2240 percunctatur;
1207 2171 1564 2226 celandumne
1589 2170 1849 2238 jejunium
1879 2175 2040 2222 estet
2067 2167 2172 2220 vir-

585 2271 671 2318 tus
703 2264 1052 2334 parcimonim
1073 2263 1441 2334 contegenda,
1473 2277 1538 2314 an
1563 2261 1806 2315 veritatis
1843 2259 2180 2329 professione

585 2353 899 2424 prodenda?
931 2366 954 2392 ³
987 2356 1044 2411 Si
1076 2357 1319 2412 celamus
1351 2367 1406 2409 ut
1453 2353 1734 2410 Dominico
1783 2351 2180 2406 satisfaciamus

583 2447 834 2518 imperio,
862 2447 1004 2518 quod
1035 2448 1253 2508 dicitur,
1291 2446 1412 2500 Non
1443 2447 1668 2500 uidearis
1713 2445 2009 2498 hominibus
2031 2447 2179 2514 jeju-

585 2553 737 2606 ttans,
769 2537 858 2591 sed
885 2535 1032 2589 Patri
1059 2549 1146 2589 tuo
1167 2538 1253 2606 qui
1281 2546 1355 2588 est
1385 2539 1436 2588 in
1467 2535 1766 2586 abscondito
1789 2535 1806 2604 (
1833 2532 2022 2586 Matth.
2053 2549 2098 2586 γι
2119 2531 2140 2602 )
2165 2551 2176 2584 :

583 2630 650 2684 Et
679 2633 894 2692 iterum,
928 2629 1139 2682 Nesciet
1167 2631 1374 2680 sinistra
1397 2637 1488 2680 tua
1511 2629 1634 2694 quid
1662 2629 1822 2696 faciat
1847 2629 2056 2681 dextera
2091 2637 2181 2680 tua

582 2719 761 2792 (Ibid.
781 2721 822 2790 );
855 2718 1096 2788 profecto
1119 2719 1430 2772 mentimur.
1461 2721 1516 2775 Si
1541 2723 1794 2775 virtutem
1829 2721 2179 2776 coMinentim

581 2811 948 2882 propalamus,
988 2813 1294 2880 evangelica
1328 2829 1424 2864 nos
1451 2811 1716 2867 sententia
1742 2815 1864 2883 jure
1894 2813 2179 2882 percellit,

583 2907 741 2959 Amen
769 2904 883 2958 dico
907 2902 1069 2966 vobis.
1105 2911 1405 2970 receperunt
1441 2904 1725 2960 mercedem
1761 2923 1911 2960 suam
1937 2904 2112 2979 (Ibid.

581 2995 733 3065 Quod
759 2997 804 3050 si
831 2996 1066 3052 oblatum
1099 3011 1127 3049 a
1159 2995 1320 3050 fratre
1347 2997 1612 3067 quiSpiam
1641 3001 1893 3068 poculum
1926 3019 2050 3056 cum
2089 3003 2182 3060 de-

583 3090 828 3144 finitione
855 3090 1114 3157 renuerit,
1148 3089 1393 3144 absolute
1423 3101 1770 3160 accepturum
1815 3110 1876 3150 se
1917 3111 2038 3151 esse
2083 3099 2180 3153 de-

2281 1887 2390 1941 rint
2418 1899 2806 1958 exseqnuntur.
2833 1887 3104 1942 Caeterum
3139 1885 3383 1942 seniores
3415 1888 3610 1952 nostri,
3647 1904 3870 1958 quorum

2281 1979 2402 2034 fidei
2450 1981 2870 2048 apostolicarum
2919 1983 3072 2050 signa
3120 1980 3439 2034 virtututum
3505 1982 3872 2036 testimonium

2280 2073 2657 2140 reddiderunt,
2689 2077 2887 2146 quique
2924 2073 3176 2129 universa
3219 2073 3425 2144 judicio
3461 2077 3642 2144 potius
3675 2091 3736 2129 ac
3762 2076 3879 2130 dis-

2281 2168 2520 2221 cretione
2569 2169 2793 2238 spiritus
2839 2183 3002 2238 quam
3059 2167 3230 2238 rigida
3283 2167 3449 2222 animi
3508 2168 3878 2225 obstinatione

2281 2271 2583 2330 gesserunt,
2614 2275 2710 2314 eos
2751 2263 2841 2329 qui
2874 2260 3065 2314 alienis
3111 2260 3520 2316 infirmitatibus
3567 2262 3878 2332 acquiesce-

2283 2363 2402 2408 rent
2441 2355 2607 2408 multo
2654 2353 2932 2408 uberiores
2981 2353 3186 2408 fructus
3217 2370 3375 2425 quam
3418 2371 3512 2409 eos
3555 2356 3646 2425 qui
3679 2356 3732 2411 in
3767 2357 3880 2410 suis

2283 2445 2683 2500 definitionibus
2715 2445 3070 2516 perdurarent
3091 2463 3286 2518 capere
3309 2459 3666 2514 censuerunt;
3701 2449 3882 2504 subli-

2285 2535 2577 2606 miorisque
2625 2537 3109 2606 pronuntiaverunt
3157 2553 3278 2593 esse
3329 2538 3534 2592 virtutis
3573 2549 3884 2610 contegere

2283 2629 2466 2696 potius
2497 2629 2881 2684 corriinenliam
2931 2631 3266 2696 necessario,
3309 2639 3361 2682 ut
3390 2627 3588 2683 dictum
3619 2639 3726 2694 est,
3763 2631 3886 2684 hu-

2285 2721 2504 2791 milique
2537 2724 2840 2790 mendacio,
2873 2739 3034 2794 quam
3068 2727 3370 2794 patefacere
3397 2723 3630 2795 superbo
3659 2725 3882 2780 verita-

2287 2811 2352 2866 tis
2385 2814 2602 2868 indicio.

2846 2907 3074 2966 CAPUT
3113 2908 3302 2964 XXIV.

2291 3005 2563 3075 Quomodo
2611 3004 2766 3059 abbas
2813 3003 3086 3128 Piatnmoln
3115 3021 3260 3088 suam
3306 3005 3676 3062 continentiam
3715 3007 3884 3062 celare

2953 3092 3036 3128 ma
3065 3085 3217 3128 uer-tt.

2953 3085 3217 3129 maluerit.

583 3202 786 3256 negans
814 3184 956 3256 quod
979 3184 1071 3240 ille
1095 3185 1336 3256 gaudens
1363 3186 1598 3242 adventu
1623 3187 1739 3258 ejus
1779 3191 2090 3259 suppliciter
2125 3167 2254 3270 ιιι(Ξ
2362 3195 2604 3264 Denique
2641 3191 2667 3230 ἀ
2711 3193 2874 3248 abbas
2917 3192 3198 3248 Piammon
3245 3202 3368 3261 post
3409 3193 3598 3264 viginti
3646 3191 3888 3264 quinque

585 3289 828 3336 sumatur
855 3289 1077 3344 exorat;
1111 3290 1386 3334 rectumne
1409 3289 1573 3336 estut
1603 3281 1836 3337 fratriad
1855 3299 2026 3354 genua
2061 3299 2182 3352 pro-
2285 3303 2456 3340 annos
2489 3286 2722 3340 oblatam
2752 3285 2850 3338 sibi
2885 3299 2912 3335 a
2946 3285 3180 3352 qundam
3211 3284 3377 3340 fratre
3410 3301 3566 3339 uvam
3598 3300 3662 3339 ac
3694 3285 3889 3339 vinum

587 3373 774 3428 voluto
805 3371 858 3426 in
889 3380 1194 3442 terramque
1227 3381 1519 3440 prostrato,
1554 3375 1646 3442 qni
1675 3389 1780 3426 non
1816 3375 1915 3426 nisi
1947 3373 2026 3426 his
2056 3373 2175 3425 offi-
2285 3376 2491 3444 absque
2518 3375 2858 3427 luesitatione
2887 3373 3212 3442 suscipiens,
3247 3375 3534 3430 confestim
3563 3392 3626 3431 ea
3658 3393 3786 3448 qua:
3813 3379 3894 3431 in-

586 3465 685 3520 ciis
732 3466 934 3520 viscera
977 3463 1255 3520 charitatis
1284 3465 1620 3534 expleturum
1665 3479 1785 3520 esse
1821 3480 1879 3517 se
1918 3463 2176 3532 credidit,
2285 3475 2432 3536 gesta
2463 3465 2672 3519 fuerant
2697 3476 2882 3518 contra
2906 3465 3354 3518 consuetudinem
3379 3466 3693 3534 degustare,
3721 3485 3895 3542 quam

588 3559 750 3613 etiam
779 3573 898 3612 cum
931 3557 1117 3612 labore
1137 3573 1237 3612 suo
1265 3567 1466 3630 pareat,
1504 3573 1569 3609 an
1602 3555 1654 3609 in
1687 3556 1955 3610 sermonis
1986 3555 2066 3610 sui
2097 3567 2178 3610 at-
2283 3564 2477 3634 ignotae
2507 3561 2717 3614 cunctis
2746 3557 3094 3612 continentiae
3132 3557 3321 3612 maluit
3367 3561 3664 3626 propalare
3709 3565 3898 3619 virm-

590 3667 694 3722 que
725 3650 980 3721 propositi
1006 3652 1300 3720 pertinacia
1323 3647 1674 3722 perseveret?
2289 3663 2416 3710 tem.
2449 3653 2577 3708 Nam
2601 3651 2647 3706 si
2671 3651 2802 3706 illud
2830 3664 3043 3720 quoque
3067 3649 3415 3704 considerare
3443 3649 3701 3714 velimus,
3732 3656 3898 3722 quod

1167 3765 1397 3823 CAPUT
1435 3764 1600 3822 χχιι,
2291 3749 2537 3804 seniores
2575 3755 2787 3800 nostros
2835 3744 3210 3797 incunctanter
3253 3740 3444 3797 fecisse
3492 3741 3894 3812 meminimus,

595 3863 848 3936 Objectio,
879 3861 1016 3936 quod
1041 3870 1271 3936 aporteat
1295 3863 1500 3930 quidem
1526 3859 1771 3936 abscondi
1795 3864 2182 3930 continentiam,

900 3935 986 3989 sed
1015 3934 1210 4006 suscipi
1239 3943 1474 3987 recusata
1505 3951 1608 3988 non
1639 3935 1875 3989 debeant.

668 4027 969 4084 Germanus
1001 4041 1016 4082 :
1045 4027 1101 4081 In
1127 4025 1217 4080 illo
1243 4027 1462 4094 quidem
1504 4031 1787 4095 superiore
1813 4029 2065 4097 exemplo
2093 4027 2190 4082 du-

594 4121 770 4186 bium,
795 4129 851 4176 ut
871 4117 1165 4184 credimus,
1191 4133 1296 4172 non
1322 4127 1432 4183 est,
1455 4115 1482 4154 b
1506 4119 1635 4187 quin
1656 4119 1904 4187 expediat
1928 4119 2188 4172 abscondi

2297 3843 2384 3914 qui
2422 3841 2687 3896 mirabilia
2728 3839 2984 3893 virtutum
3033 3851 3271 3901 suarum,
3309 3837 3396 3890 vel
3430 3836 3684 3906 proprios
3733 3851 3893 3894 actus

2298 3953 2436 4008 quos
2461 3951 2683 3990 necesse
2711 3941 2828 3988 erat
2854 3929 2920 3984 ad
2950 3929 3362 3984 instructionem
3385 3928 3660 3998 juniorum
3691 3929 3742 3983 in
3777 3935 3892 3985 col-

2299 4027 2504 4081 latione
2533 4023 2784 4094 proferri,
2817 4023 2917 4076 sub
2947 4021 3175 4075 aliorum
3217 4019 3460 4073 solebant
3488 4019 3734 4076 colorare
3763 4035 3890 4090 per-

2299 4119 2472 4185 sonis,
2510 4127 2531 4153 ε
2565 4117 2692 4184 quid
2721 4112 2864 4168 aliud
2901 4127 3186 4182 possumus
3217 4126 3378 4182 quam
3427 4119 3670 4181 apertum
3720 4126 3888 4183 super

1669 4207 1933 4264 ALABDI
1973 4207 2206 4262 GAZAEI
2245 4205 2810 4264 COMMENTARIUS.

669 4311 695 4339 ι
733 4301 904 4373 Negat
933 4303 994 4358 S.
1027 4301 1358 4372 Augustinus
1385 4319 1398 4354 :
1427 4301 1550 4357 Non
1577 4302 1730 4363 enim,
1759 4300 1956 4366 inquit,
1979 4299 2084 4373 [me
2114 4309 2188 4351 est

597 4369 856 4426 occultare
903 4369 1201 4433 veritatem,
1251 4375 1390 4442 quod
1433 4381 1508 4426 est
1553 4373 1782 4442 proferre
1816 4369 2182 4442 mendacium.

602 4443 848 4511 Quamvis
879 4443 1012 4495 enim
1035 4443 1200 4493 omnis
1225 4440 1312 4512 qui
1337 4440 1580 4495 mentitur
1603 4443 1721 4495 velit
1745 4440 1915 4495 celare
1942 4442 2078 4506 quod
2103 4457 2187 4493 ce-

597 4532 713 4566 rum
735 4523 830 4576 est,
866 4529 967 4565 non
992 4523 1158 4584 tamen
1189 4515 1354 4565 omnis
1383 4515 1469 4584 qui
1501 4512 1605 4565 vult
1633 4513 1769 4580 quod
1803 4527 1974 4564 verum
2005 4522 2078 4584 est
2105 4528 2186 4564 ce-

597 4589 726 4648 lare,
773 4585 1036 4637 mentitur.
1085 4581 1402 4652 Plerumque
1431 4585 1564 4637 enim
1607 4601 1722 4638 rem
1751 4599 1853 4635 non
1900 4583 2185 4636 mentiendo

599 4653 950 4726 occultatum.
985 4653 1076 4708 sed
1133 4655 1397 4726 tacendo,
1435 4653 1615 4726 Neque
1657 4656 1794 4708 enim
1835 4655 2076 4706 mentitus
2115 4663 2188 4707 est

2289 4301 2585 4353 necessitate
2630 4307 2866 4366 cogente,
2909 4313 3030 4350 vera
3075 4297 3140 4350 de
3179 4313 3233 4351 se
3273 4301 3405 4352 bona
3442 4300 3688 4368 loquitur,
3739 4311 3886 4358 tanta

2289 4373 2453 4441 magis
2489 4369 2765 4441 humilitati
2791 4367 3076 4441 jungitur,
3102 4380 3296 4436 quanto
3327 4379 3374 4422 et
3399 4367 3598 4425 veritati
3634 4367 3881 4428 seciatur.

2289 4439 2598 4493 An'Paqus
2633 4439 2844 4493 humilis
2875 4455 2974 4492 non
3003 4440 3122 4507 fuit,
3157 4442 3363 4505 quando
3391 4443 3706 4494 (nuntiatione
3747 4447 3885 4498 veri-

2289 4513 2408 4565 tatis
2435 4521 2613 4564 contra
2645 4513 2805 4581 falsos
2844 4513 3104 4578 apostolos
3133 4521 3200 4563 tot
3231 4512 3296 4564 de
3331 4527 3386 4565 se
3412 4511 3669 4580 discipulis
3711 4514 3882 4578 fortia

2288 4593 2428 4654 gesta
2453 4586 2678 4636 narravit
2700 4585 2722 4636 ?
2755 4583 2856 4648 Qui
2881 4583 3122 4636 nimirum
3145 4584 3347 4636 veritati
3366 4581 3590 4636 inimicus
3611 4587 3877 4653 existeret,

2289 4657 2335 4710 si
2362 4655 2720 4708 abscondendo
2739 4657 2950 4706 virtutes
2971 4656 3228 4722 preprias.
3258 4655 3614 4722 prmdicatores
3641 4671 3882 4710 errorum

601 4723 882 4788 Doninus,
914 4713 998 4778 ubi
1027 4727 1099 4777 ait
1131 4741 1149 4778 :
1181 4725 1230 4778 Μ
1241 4725 1350 4798 ulta
1379 4713 1539 4798 habet;
1565 4727 1704 4780 vobis
1732 4725 1898 4798 dicere
1923 4741 1937 4776 :
1967 4729 2052 4777 sed
2085 4743 2186 4780 non
2213 4713 2264 4772 Ῐ)
2291 4728 2568 4798 praevalere
2599 4726 2903 4798 permisisset
2931 4727 2948 4793 (
2973 4713 3113 4798 'Vide
3147 4713 3428 4780 Climacum
3455 4729 3617 4794 gradu
3647 4725 3764 4798 1‘2).

600 4798 808 4868 potestis
833 4797 924 4848 itta
953 4807 1156 4860 portare
1187 4797 1347 4868 modo
1372 4795 1601 4868 (Joann.
1639 4813 1730 4852 va
1751 4803 1788 4863 ).
1843 4795 1975 4849 Vera
2008 4799 2184 4868 tacuit,

599 4863 700 4920 nun
733 4867 867 4938 falsa
899 4867 1101 4921 locutus
1131 4877 1206 4921 est
1241 4863 1424 4938 quibus
1454 4871 1580 4924 veris
1608 4868 1882 4923 audiendis
1913 4885 1994 4921 eos
2021 4863 2190 4923 minus

599 4939 1098 5012 ξάοηείοδῇιιιίὶεαυίι.
1120 4938 1235 4993 Non
1257 4949 1337 4993 est
1363 4940 1528 5012 igitur
1552 4943 1840 4995 austeritas
1859 4945 1978 4992 vita:
2001 4943 2188 5008 (quant

603 5011 689 5066 hic
717 5011 880 5066 abbas
903 5021 1057 5065 vocat
1077 5011 1488 5082 continentiam)
1510 5013 1789 5066 mendacio
1819 5013 2070 5080 celanda,
2095 5012 2192 5066 sed

601 5083 685 5136 vel
711 5083 927 5138 silentio
947 5091 1037 5136 aut
1059 5083 1232 5152 aliqua
1255 5083 1541 5137 verborum
1565 5083 1920 5150 ambiguitate
1941 5085 2191 5152 tegenda,

601 5153 709 5222 vel,
745 5155 835 5208 ubi
865 5153 1100 5222 expedit,
1130 5154 1194 5208 ad
1228 5153 1320 5208 Dei
1365 5153 1612 5222 gloriam,
1647 5171 1753 5209 non
1803 5157 2098 5223 propriam,
2133 5156 2193 5207 li-

599 5225 731 5278 bere
767 5225 1069 5293 proﬁtenda
1100 5241 1112 5278 :
1142 5225 1296 5295 quod
1319 5225 1408 5292 qui
1455 5225 1604 5292 facit,
1657 5240 1764 5279 non
1795 5227 1980 5292 utique
2013 5225 2190 5295 perdit

598 5295 907 5350 mercedem
957 5311 1138 5362 suam,
1189 5303 1248 5350 ut
1289 5294 1376 5348 hic
1423 5295 1567 5350 male
1608 5294 2020 5366 interpretatur.
2070 5297 2193 5350 Vide

597 5379 917 5436 sequentem
943 5366 1372 5422 annotationem.

669 5435 696 5509 ἒ
739 5435 862 5490 Non
888 5439 960 5492 ita
988 5448 1180 5509 tamen,
1206 5445 1261 5490 ut
1288 5439 1414 5491 dum
1435 5449 1640 5509 cavetur
1665 5440 1988 5509 arrogantia,
2011 5439 2198 5492 veritas

596 5505 940 5582 relinquatug
980 5509 1058 5582 ait
1087 5507 1152 5582 Ι)ἐ
1183 5509 1514 5580 Augustinus
1553 5508 1763 5582 (Tract.
1789 5505 1874 5564 "45
1912 5513 1962 5564 in
1990 5509 2190 5582 ξῙοαηη.

595 5595 713 5650 cap.
756 5581 852 5650 ιι).
895 5579 963 5635 Et
1001 5581 1062 5634 D.
1110 5579 1404 5650 GregOrins
1449 5579 1576 5635 xxvi
1625 5583 1908 5636 Moralium
1939 5600 1950 5634 :
1981 5581 2196 5634 Incaute

596 5647 819 5723 humiles
847 5657 989 5723 sunt,
1017 5653 1104 5723 qui
1131 5667 1189 5704 se
1219 5647 1481 5704 mendacio
1521 5653 1802 5723 illaqueant
1823 5695 1836 5716 ,
1881 5657 2000 5706 dum
2052 5669 2196 5706 arro-

598 5718 835 5794 gantiam
861 5718 1063 5772 vitant:
1089 5722 1242 5794 immo
1266 5723 1553 5777 mentiendo
1581 5718 1902 5792 superbiant,
1933 5725 2051 5788 quia
2075 5739 2196 5776 con-

600 5789 681 5831 tra
713 5789 972 5837 veritatem
1011 5805 1065 5841 se
1105 5791 1325 5854 erigunt,
1379 5807 1536 5858 quam
1580 5789 1897 5860 relinquunt.
1932 5797 2032 5859 Qui
2061 5797 2197 5850 enim

2369 4809 2390 4835 θ
2432 4797 2599 4852 Innno
2629 4806 2815 4851 eontra
2844 4796 3120 4850 fatendum
3147 4809 3228 4852 est
3251 4813 3540 4864 numquam
3574 4796 3882 4855 inevitabile

2295 4883 2418 4924 esse
2459 4869 2819 4922 mendacium.
2849 4869 2930 4922 Ub
2961 4868 3056 4921 has
3088 4885 3218 4922 vero
3259 4879 3310 4921 et
3339 4869 3548 4924 similes
3578 4873 3876 4926 sententias

2296 4955 2550 4995 erroneas
2577 4949 2632 5012 et
2663 4940 2961 5008 paradoxas
2991 4941 3042 4992 in
3073 4941 3170 5012 hac
3195 4939 3484 5012 collatione
3513 4956 3732 5008 sparsas
3760 4943 3877 5012 lego

2298 5013 2495 5066 alicubi
2530 5011 2634 5080 (In
2659 5021 2755 5063 vet.
2791 5013 2906 5063 cod.
2940 5012 3099 5078 mss.)
3129 5009 3268 5064 hanc
3296 5011 3641 5066 collationem
3672 5009 3878 5068 abbatis

2299 5083 2542 5148 Joseplti,
2574 5095 2675 5136 una
2701 5098 2819 5134 cum
2851 5081 3138 5134 collatione
3168 5083 3372 5136 decima
3407 5083 3590 5148 tertia,
3625 5098 3782 5152 quam
3817 5085 3878 5139 Ι).

2301 5153 2529 5221 Prosper
2553 5153 2900 5222 impugnavit,
2931 5167 2958 5204 ιι
2987 5153 3236 5206 facultate
3263 5152 3564 5222 theologica
3589 5152 3880 5210 Parisiensi

2295 5225 2460 5278 fuisse
2483 5224 2788 5278 damnatam
2821 5233 2978 5292 atque
3004 5225 3299 5292 explosum.

2367 5292 2394 5330 ἀ
2425 5295 2548 5358 Ille.
2603 5295 2757 5360 cujus
2801 5305 2885 5348 est
2929 5295 3146 5348 collatio
3187 5310 3303 5363 quae
3345 5295 3616 5365 sequitur,
3673 5295 3878 5351 decima

2299 5377 2508 5430 octava,
2535 5368 2599 5420 de
2627 5366 2796 5420 tribus
2817 5365 3105 5435 generibus
3135 5367 3528 5421 monachorum
3552 5383 3567 5420 :
3603 5367 3692 5422 ubi
3731 5369 3876 5436 plura

2300 5439 2368 5492 de
2393 5438 2580 5492 eodem
2607 5437 2862 5491 natantia.

2373 5518 2396 5584 ἐ
2423 5509 2695 5584 Frivolum
2721 5511 2878 5584 plane
2906 5515 3301 5584 argumentum,
3330 5517 3391 5563 ut
3419 5510 3716 5584 tneritoiait
3742 5509 3876 5584 Cny-

2301 5580 2473 5635 chins.
2503 5583 2634 5646 Quis
2657 5583 2797 5634 enim
2829 5581 3035 5634 dixerit
3064 5583 3278 5634 mentiri
3319 5597 3440 5635 eum
3485 5583 3572 5648 qui
3604 5583 3672 5636 de
3709 5597 3770 5638 se
3801 5580 3878 5638 lo-

2305 5657 2488 5720 quitur
2533 5653 2584 5705 in
2621 5654 2772 5704 tertia
2827 5667 3078 5720 persona.
3129 5654 3170 5704 si
3207 5655 3334 5705 nihil
3391 5654 3506 5706 falsi
3547 5654 3877 5708 adrui-tenui?

2309 5725 2446 5786 Eren
2490 5724 2743 5778 mentitth
2785 5734 2864 5776 est
2895 5725 3173 5784 Christus,
3219 5725 3434 5790 quamlo
3476 5725 3608 5778 dixit
3643 5743 3654 5777 :
3709 5724 3878 5780 Filius

2308 5795 2524 5850 hominis
2565 5795 2798 5848 tradetur
2830 5796 3063 5864 gentibus
3084 5797 3150 5850 ad
3178 5795 3502 5852 illudendttm
3531 5809 3578 5852 et
3597 5797 3874 5868 ﬂagellan-
