4014 6200
89 232 284 290 1077

90 348 219 403 his
253 345 533 416 judicare
564 336 946 396 mendacium?
977 334 1150 406 Atque
1187 334 1388 388 utinam
1433 347 1534 388 nos
1560 346 1775 403 quoque

101 439 399 510 dignum
451 433 653 506 aliquid
703 432 1030 487 haberemus
1057 429 1199 500 quod
1247 429 1314 483 ad
1352 427 1680 484 incitandam
1713 426 1778 481 ﬁ-

105 532 278 587 dem
349 529 584 600 proponi
634 525 943 595 junioribus
989 522 1208 592 posset?
1256 521 1503 594 profecto
1553 519 1778 576 minime

109 639 498 681 vereremur
547 617 924 689 hujuscemodi
977 615 1193 671 illorum
1245 616 1498 686 ﬁgmenta
1553 613 1775 668 sectari.

117 717 402 772 ltectius
438 714 582 769 enim
635 718 721 766 est
759 709 859 764 sub
901 708 1023 764 talis
1070 709 1254 780 ﬁgurae
1297 710 1484 764 colore
1533 706 1774 776 mentiri,

121 822 335 878 quam
375 821 471 875 pro
500 803 847 859 observantia
880 800 1277 856 irrationabilis
1322 801 1480 856 istius
1510 798 1776 864 veritatis,

123 909 247 954 aut
281 915 361 955 ea
387 913 510 969 quae
539 895 822 952 audientes
847 893 1115 948 aediﬁcare
1140 900 1451 963 potuerant,
1483 893 1780 961 incongrua

136 991 564 1046 taciturnitate
603 997 923 1057 contegere:
977 991 1069 1040 aut
1115 984 1159 1038 si
1205 999 1270 1039 ex
1317 992 1498 1038 nostra
1548 996 1780 1052 persona

137 1083 457 1138 veraciter
507 1078 876 1152 proferantur,
929 1075 1252 1146 jactantiam
1300 1075 1476 1130 noxiae
1525 1074 1780 1130 vanitatis

142 1189 462 1231 enarrare.
489 1171 570 1228 Ad
601 1171 746 1242 quod
775 1170 938 1226 etiam
969 1183 1070 1223 nos
1102 1167 1419 1238 magisterio
1461 1181 1560 1222 suo
1588 1166 1783 1222 doctor

152 1267 430 1338 gentium
463 1264 740 1320 evidenter
788 1261 1045 1326 instituit,
1089 1260 1176 1331 qui
1225 1259 1618 1315 revelationum
1649 1273 1779 1313 sua-

152 1375 302 1416 rum
345 1356 769 1428 magnitudinem
803 1370 867 1409 ex
899 1353 1127 1409 alterius
1171 1353 1353 1408 maluit
1387 1352 1631 1425 proferre
1661 1367 1783 1424 per-

158 1467 340 1517 sona,
373 1449 560 1506 dicens
593 1468 605 1501 :
643 1449 766 1504 Scio
802 1446 1064 1501 hominem
1091 1446 1146 1499 in
1177 1441 1404 1512 Christo,
1450 1447 1553 1500 sive
1581 1445 1635 1498 in
1661 1461 1781 1498 cor-

156 1561 327 1616 pore,
359 1545 466 1598 sive
494 1553 641 1596 extra
681 1556 868 1614 corpus
899 1540 1096 1604 nescio,
1130 1538 1269 1593 Deus
1309 1540 1425 1608 scit,
1455 1547 1664 1608 raptum
1695 1554 1784 1593 us-

157 1636 271 1708 que
297 1635 374 1689 ad
403 1635 608 1702 tertium
633 1633 834 1698 caelum,
859 1641 908 1686 et
931 1633 1039 1685 scio
1060 1631 1362 1702 hujusmodi
1383 1631 1638 1684 hominem
1660 1631 1783 1701 quia

161 1741 369 1802 raptus
393 1738 469 1782 est
501 1729 555 1781 in
599 1727 918 1796 paradisum,
946 1735 994 1779 et
1021 1725 1220 1778 audivit
1260 1722 1548 1792 inelfabilia
1585 1724 1739 1779 verba
1762 1765 1779 1792 ,

164 1837 300 1892 qua:
331 1837 439 1874 non
469 1820 585 1873 licet
615 1818 810 1872 homini
836 1818 975 1887 loqui
1004 1819 1020 1885 (
1047 1816 1089 1870 ll
1121 1815 1242 1871 Cor.
1272 1817 1400 1885 xu).

739 1932 968 1990 CAPUT
1008 1933 1176 1989 XXV.

171 2031 514 2088 Testimonia
566 2029 983 2153 Scripturarumb
1021 2029 1084 2083 de
1134 2027 1463 2083 commutatis
1521 2027 1786 2098 deﬁnitio«

900 2119 949 2153 m
991 2117 1066 2153 us.

900 2117 1066 2154 mnus.

258 2196 607 2269 lmpossibile
656 2196 815 2251 nobis
863 2203 948 2250 est
979 2193 1217 2249 breviter
1265 2192 1517 2248 universa
1554 2207 1784 2262 percur-

181 2307 341 2349 rere.
387 2291 520 2358 Quis
551 2289 753 2346 etenim
787 2303 1114 2345 enumerare
1150 2285 1391 2343 sufﬁciat
1430 2302 1618 2342 omnes
1661 2303 1783 2357 pro-

182 2385 487 2458 pemodum
547 2383 886 2454 patriarchas
945 2390 1272 2452 sanctosque
1323 2381 1783 2447 innumerabiles,

183 2481 328 2535 alios
359 2496 458 2552 pro
488 2479 613 2534 vitm
647 2480 936 2542 tutamine,
965 2477 1102 2532 alios
1135 2491 1232 2547 pro
1263 2476 1661 2531 benedictionis
1690 2474 1788 2529 de-

184 2573 418 2640 siderio,
473 2573 611 2628 alios
659 2589 756 2643 pro
798 2571 1029 2641 alicujus
1076 2568 1453 2625 occultatione
1502 2567 1780 2638 mysterii,

187 2668 332 2722 alios
362 2681 460 2738 pro
491 2667 610 2721 zelo
636 2666 751 2731 Dei,
776 2664 914 2718 alios
944 2678 1046 2733 pro
1081 2662 1483 2717 examinatione
1512 2659 1782 2728 veritatis,

191 2768 219 2797 ⁸
256 2759 621 2830 patrocinium
653 2757 737 2830 (ut
775 2756 846 2810 ita
879 2754 1138 2826 dixerim)
1164 2751 1530 2824 assumpsisse
1565 2751 1788 2806 menda-

189 2851 295 2907 cii?
331 2850 462 2919 Quae
497 2851 639 2904 sicut
677 2847 988 2904 enumerari
1032 2856 1228 2902 cuncta
1260 2863 1366 2902 non
1410 2852 1667 2917 possunt,
1712 2846 1785 2898 ita

191 2944 533 3016 prmtermitti
563 2944 779 3014 penitus
806 2943 1055 2997 universa
1090 2955 1197 2995 nou
1241 2941 1461 2997 debent.
1495 2939 1627 2994 Nam
1655 2939 1814 3001 bea-_

195 3047 310 3093 tum
332 3036 534 3107 Joseph
566 3037 742 3106 pietas
764 3035 1046 3105 compulit,
1080 3041 1140 3088 ut
1169 3033 1360 3088 falsum
1393 3030 1659 3086 fratribus
1681 3034 1788 3085 cri-

195 3146 322 3186 men
349 3130 508 3186 etiam
539 3144 660 3183 cum
694 3128 1064 3183 obtestatione
1101 3125 1264 3195 regite
1294 3124 1487 3179 salutis
1525 3124 1789 3194 impinge-

195 3234 300 3290 ret,
345 3223 574 3278 dicens:
630 3220 659 3260 δ
688 3219 1060 3292 Exploratores
1098 3218 1242 3281 estis,
1296 3216 1589 3284 inﬁrmiora
1639 3225 1789 3270 terra:

195 3318 403 3372 venistis
431 3315 683 3383 inspicere
712 3312 926 3385 (Cenes.
961 3313 1110 3381 sui).
1146 3309 1214 3365 Et
1247 3309 1386 3363 infra
1413 3326 1427 3362 :
1461 3307 1672 3373 Mittite,
1707 3308 1786 3362 in—

199 3413 341 3484 quit,
385 3428 445 3465 ex
481 3410 659 3465 vestris
708 3424 901 3474 unum;
943 3415 989 3462 et
1030 3405 1275 3460 adducite
1313 3404 1527 3476 {ratrem
1565 3411 1788 3458 vestrum

202 3505 323 3573 huc,
357 3521 443 3560 vos
465 3513 634 3558 autem
657 3500 1020 3557 custodiemini
1041 3498 1147 3566 hic,
1173 3515 1334 3569 usque
1360 3499 1483 3552 dum
1510 3497 1791 3568 manifesta

204 3601 328 3671 ﬁant
346 3599 495 3656 verba
523 3608 711 3676 vestra,
727 3613 797 3652 an
822 3611 994 3650 verum
1018 3593 1224 3659 dicatis,
1240 3609 1308 3647 an
1335 3608 1440 3646 non
1457 3593 1568 3646 :sin
1592 3599 1788 3653 autem,

1197 217 1539 275 COLLATIO
1577 217 1744 274 XVII.
1777 247 1848 262 —
1874 218 1964 274 DE
2001 215 2434 273 DEFINIENDO.

3335 222 3474 281 1.073

1802 341 1856 405 Α
1881 348 1971 403 per
2000 333 2215 384 salutem
2260 330 2576 395 Pharaonis,
2601 327 2959 400 exploratores
2986 330 3104 384 estis
3125 329 3279 399 (Gen.
3317 343 3471 406 ml).

1881 423 1938 480 Si
1969 424 2114 480 enim
2146 439 2251 479 non
2296 439 2390 478 eos
2426 424 2525 477 hoc
2557 421 2896 478 misericordi
2925 423 3210 478 mendacio
3237 426 3469 479 tenuis-

1882 527 1985 584 set,
2015 533 2114 573 nec
2141 527 2352 588 patrem
2375 516 2709 586 fratremque
2734 516 2998 583 revisere,
3029 529 3132 570 nec
3159 529 3254 569 eos
3282 516 3336 568 in
3356 523 3472 570 tan-

1881 611 1951 665 tis
1972 611 2166 681 inopim
2187 609 2442 680 periculis
2466 610 2634 670 alere.
2657 624 2758 664 nec
2779 609 3170 664 conscientiam
3196 593 3476 677 postremo

1882 703 2112 758 fratrum
2141 718 2166 755 a
2190 711 2344 764 reatu
2369 701 2695 756 venditionis
2721 716 2831 756 suae
2857 714 3160 771 expurgare
3182 699 3473 766 potuisset.

1885 795 2002 851 Non
2040 810 2173 866 ergo
2210 803 2316 848 tam
2357 793 2786 864 reprehensibile
2825 792 2925 848 fuit
2969 800 3170 847 metum
3209 790 3477 845 fratribus

1883 887 2186 943 incussisse
2215 885 2518 954 mendacio,
2550 901 2712 957 quam
2743 897 2985 940 sanetum
3009 891 3172 952 atque
3199 880 3476 936 laudabile

1884 979 2172 1034 occasione
2204 978 2310 1033 ficti
2351 977 2574 1048 periculi
2618 975 2862 1031 inimicos
2892 990 2956 1030 ac
2985 974 3302 1030 venditores
3342 985 3475 1025 suos

1883 1071 1950 1126 ad
1976 1073 2268 1126 salutarem
2301 1069 2675 1140 paenitentiam
2698 1069 3040 1138 compulisse.
3077 1064 3318 1136 Denique
3344 1079 3473 1119 cum

1883 1165 2215 1236 gravissimae
2258 1163 2682 1218 insimulationis
2722 1169 3045 1232 urgerentur
3089 1158 3324 1222 invidia,
3359 1171 3471 1212 non

1885 1257 2028 1314 illius
2055 1259 2198 1328 quod
2240 1257 2377 1332 falso
2412 1255 2793 1327 objiciebatur,
2837 1254 2932 1309 sed
2960 1251 3249 1307 anterioris
3281 1249 3474 1304 crimi-

1883 1352 1969 1410 nis
1997 1353 2330 1408 conscientia
2359 1341 2767 1422 frangebantur,
2806 1349 3049 1404 dicentes
3086 1345 3152 1400 ad
3185 1345 3422 1399 invicem
3453 1361 3467 1395 :

1882 1434 2075 1500 Merito
2102 1447 2210 1499 haec
2243 1444 2491 1521 patimur,
2527 1444 2650 1514 quia
2689 1441 3006 1511 peccavimus
3041 1439 3096 1491 in
3138 1438 3353 1508 fratrem
3379 1449 3476 1486 no-

1885 1548 2070 1606 strum,
2099 1541 2220 1606 quia
2243 1537 2567 1610 despeximus
2590 1535 2971 1590 tribulationem
2991 1533 3178 1586 animat
3198 1533 3333 1602 ejus,
3358 1544 3476 1581 cum

1888 1640 2092 1703 rogaret
2125 1648 2217 1686 nos
2244 1639 2292 1685 et
2332 1648 2434 1684 non
2465 1631 2756 1683 audivimus
2779 1645 2895 1682 eum
2919 1644 2939 1681 :
2969 1633 3181 1696 prapter
3205 1621 3306 1677 hoc
3338 1620 3477 1675 venit

1809 1719 1858 1780 B
1887 1725 2031 1779 nobis
2059 1726 2224 1778 omnis
2255 1722 2519 1778 tribulatio
2549 1723 2654 1777 hac
2685 1719 2900 1792 (Ibid.).
2941 1719 3071 1787 Quae
3098 1715 3315 1788 quidem
3342 1727 3478 1767 con-

1885 1814 2051 1872 fessio
2082 1830 2186 1871 non
2215 1815 2389 1870 solum
2421 1814 2559 1885 apud
2589 1813 2846 1879 fratrem,
2881 1812 2934 1865 in
2963 1824 3124 1881 quem
3155 1808 3318 1877 impia
3345 1819 3477 1862 cru-

1883 1907 2104 1963 delitate
2154 1915 2541 1977 peccaverant,
2587 1920 2771 1960 verum
2805 1903 2967 1958 etiam
2993 1899 3298 1956 humilitate
3328 1895 3479 1952 salu-

1883 2001 2120 2056 berrima
2156 2009 2365 2055 tantum
2397 2013 2584 2054 eorum
2618 1996 2852 2062 facinus,
2877 2005 2934 2050 ut
2963 1993 3260 2057 credimus,
3296 1988 3480 2059 expia-

1885 2095 1982 2150 vit.
2016 2106 2037 2134 ο
2067 2094 2202 2161 Quid
2234 2093 2514 2161 Salomon,
2540 2092 2630 2162 qui
2661 2098 2976 2162 perceptum
3003 2103 3033 2141 a
3060 2086 3174 2141 Deo
3199 2082 3481 2154 sapientia:

1887 2193 2088 2248 donum
2147 2192 2200 2245 in
2252 2194 2426 2260 primo
2452 2187 2661 2258 judicio
2701 2200 2801 2240 suo
2832 2199 2940 2238 non
2971 2183 3073 2236 nisi
3106 2178 3481 2248 assumptione

1890 2281 2152 2338 mendacii
2177 2280 2506 2336 declaravit?
2528 2278 2659 2332 Nam
2689 2288 2745 2330 ut
2770 2276 3054 2329 veritatem
3083 2286 3203 2342 quae
3232 2267 3482 2323 mulieris

1889 2377 2173 2431 mendacio
2193 2373 2474 2444 tegebatur
2495 2368 2860 2437 exsculperet,
2880 2365 3044 2420 etiam
3070 2364 3188 2432 ipse
3206 2358 3482 2416 mendacii

1889 2474 2074 2542 utique
2121 2468 2458 2524 astutissime
2501 2461 2791 2534 exeogitati
2845 2459 3126 2528 usurpavit
3177 2454 3476 2520 auxilium,

1889 2565 2118 2622 dicens:
2149 2559 2346 2629 Alfene
2372 2557 2497 2612 mihi
2527 2554 2788 2629 gladium,
2820 2561 2866 2606 et
2888 2550 3098 2604 dividite
3123 2549 3373 2619 infantem
3402 2544 3482 2598 vi-

1889 2674 2007 2712 vum
2037 2658 2092 2709 in
2121 2654 2255 2709 duas
2283 2661 2479 2724 partes,
2513 2656 2561 2704 et
2591 2648 2710 2701 date
2743 2643 3011 2699 dimidiam
3050 2650 3248 2712 partem
3279 2637 3400 2702 uni,
3433 2641 3484 2688 et

1890 2751 2161 2806 dimidiam
2184 2756 2380 2817 partem
2406 2744 2554 2799 alteri
2608 2740 2699 2815 (Ill
2723 2740 2851 2813 Reg.
2882 2737 2983 2808 ιιι).
3027 2736 3160 2802 Quae
3201 2731 3483 2788 simulatio

1890 2844 2227 2900 crudelitatis
2253 2855 2372 2896 cum
2395 2853 2537 2893 vera:
2566 2834 2754 2890 matris
2773 2835 2981 2888 viscera
3010 2829 3386 2900 permovisset,
3413 2827 3484 2880 ab

1891 2953 1952 2994 ea
1984 2947 2168 2992 autem
2198 2949 2317 3006 quae
2359 2940 2533 2986 mater
2563 2944 2671 2984 non
2698 2935 2814 2983 erat
2849 2923 3179 2988 laudaretur,
3217 2929 3344 2974 tunc
3384 2917 3484 2972 de-

1894 3045 2039 3085 mum
2089 3023 2444 3096 sagacissimo
2471 3019 2723 3078 veritatis
2770 3015 2979 3089 judicio
3009 3013 3118 3089 [Αι.
3151 3008 3376 3080 Indicio]
3419 3010 3484 3064 il-

1815 3097 1862 3164 C
1894 3123 2000 3178 lam
2029 3120 2355 3176 sententiam
2383 3110 2780 3186 promulgavit,
2812 3124 2975 3181 quam
3006 3120 3170 3162 nemo
3196 3121 3226 3159 a
3249 3104 3365 3159 Deo
3396 3101 3484 3155 in-

1895 3218 2150 3288 spiratam
2174 3226 2294 3268 esse
2321 3225 2426 3264 non
2449 3205 2683 3264 credidit
2713 3222 2727 3258 :
2757 3201 2912 3270 Date,
2946 3199 3219 3271 inquiens,
3251 3193 3370 3249 huic
3396 3194 3483 3246 in-

1892 3317 2088 3384 fantem
2117 3309 2308 3372 vivum,
2347 3311 2395 3358 et
2431 3319 2536 3358 non
2566 3299 2855 3365 occidatur,
2897 3295 3007 3351 haec
3042 3301 3117 3348 est
3155 3293 3293 3345 enim
3321 3298 3484 3342 mater

1893 3380 2005 3469 ejus
2038 3398 2250 3470 (Ibid).
2282 3395 2516 3452 Proinde
2550 3408 2652 3449 nec
2678 3391 2880 3448 debere
2906 3401 3010 3443 nec
3036 3397 3200 3456 posse
3222 3396 3317 3437 nos
3357 3380 3486 3434 uni-

1895 3508 2051 3550 versa
2083 3489 2380 3560 complere,
2405 3501 2528 3558 qua:
2556 3484 2639 3537 vel
2672 3497 2796 3537 cum
2825 3479 3012 3551 quiete
3040 3472 3209 3530 animi
3234 3471 3324 3528 vel
3360 3485 3487 3526 cum

1895 3585 2258 3642 commotione
2297 3579 2665 3643 decernimus,
2712 3574 2874 3630 etiam
2901 3569 3026 3625 aliis
3074 3567 3486 3636 Scripturarnm

1271 3747 1526 3805 ALARDI
1567 3742 1801 3800 GAZIEI
1839 3736 2220 3797 COMMENTA
2233 3731 2414 3789 RIUS.

207 3901 326 3958 dum
353 3909 398 3954 et
420 3895 852 3967 cruciﬁgendum.
882 3892 976 3956 Et,
1003 3887 1174 3967 ilius
1197 3885 1432 3967 hominis
1451 3890 1692 3967 venturus
1714 3887 1789 3967 est

348 3949 824 4042 potestateamagna
853 3973 897 4018 et
927 3949 1212 4036 majestate,
1241 3965 1347 4012 etc.
1392 3955 1512 4022 Quo
1541 3949 1669 4022 quid
1699 3949 1791 4004 ab-

214 4037 422 4099 surdius
449 4039 558 4094 dici
589 4037 798 4107 potest?

286 4095 503 4165 {Valde
527 4095 721 4163 mirum
747 4114 832 4162 est
858 4107 1000 4161 hunc
1045 4103 1296 4160 abbatem
1329 4097 1400 4150 ita
1431 4095 1701 4164 desipere,
1736 4101 1793 4147 ut

218 4185 370 4240 etiam
393 4179 738 4251 patriarchis,
764 4181 928 4232 immo
959 4173 1262 4251 Apostolis,
1296 4169 1608 4251 n0n_solum
1641 4180 1794 4246 men-

223 4237 353 4311 dacii
396 4237 598 4318 notam,
648 4237 746 4306 sed
793 4258 852 4304 et
882 4237 1238 4316 patrocinium
1285 4241 1556 4318 ascribere
1588 4253 1692 4292 non
1725 4237 1796 4290 sit

224 4327 455 4380 veritus:
505 4311 644 4392 quod
696 4333 801 4376 tam
856 4311 1099 4392 alienum
1146 4323 1228 4370 est
1263 4328 1295 4392 ξι
1348 4311 1597 4392 veritate,
1620 4323 1796 4392 _quar_n

226 4379 357 4467 quod
384 4379 637 4467 maxime.
671 4393 779 4467 Sed
808 4388 1197 4460 indulgendum
1228 4385 1348 4454 ejus
1378 4383 1594 4452 generis
1620 4379 1795 4435 homi-

226 4465 342 4524 num
379 4465 731 4535 simplicitati.

288 4539 313 4578 δ
338 4523 551 4594 Sciebat
579 4535 778 4604 Joseph
808 4533 1004 4589 fratres
1033 4544 1161 4586 suos
1193 4542 1299 4583 non
1332 4523 1796 4604 esseexploratof

229 4626 329 4678 res,
358 4625 457 4664 nec
478 4609 548 4663 de
578 4607 684 4662 hoc
710 4595 1022 4669 dubitabat,
1048 4610 1113 4678 _ut
1141 4598 1405 4678 tentando
1439 4595 1715 4678 dumtaxat
1745 4601 1799 4678 et

233 4666 573 4748 explorando,
602 4693 708 4732 non
739 4666 1103 4748 asseverando
1134 4687 1195 4727 ea
1230 4669 1394 4748 verba
1427 4666 1708 4748 proferret,
1737 4671 1799 4748 ut

235 4736 433 4821 quidam
467 4736 915 4816 interpretantur.
946 4745 1051 4802 Sed
1084 4745 1186 4799 hoc
1215 4742 1423 4797 crimen
1448 4739 1525 4793 eis
1554 4736 1794 4821 im‘pegit,

237 4807 290 4877 ut
314 4830 541 4891 cogeret,
576 4807 680 4889 quo
712 4822 766 4874 in
795 4829 935 4872 statu
983 4825 1133 4886 pater
1153 4821 1491 4891 versaretur,
1522 4819 1574 4863 et
1604 4807 1798 4872 Benja-

236 4896 332 4948 min
373 4882 544 4947 frater
586 4882 836 4946 uterinus
875 4882 1034 4959 quem
1081 4888 1239 4942 unice
1281 4882 1557 4959 diligebat,
1606 4891 1801 4959 expro—

237 4947 386 5020 mere.
419 4963 493 5018 lla
526 4962 797 5030 Josepbus
825 4947 1092 5028 Alitiquit.
1145 4959 1238 5014 lib.
1277 4947 1462 5030 trcap.
1506 4953 1558 5016 5,
1594 4957 1648 5003 et
1665 4947 1802 5030 .Sul-

237 5017 383 5108 pilius
409 5017 548 5108 Hist.
577 5017 759 5108 sacra:
782 5032 873 5108 lib.
905 5046 940 5108 ι.
974 5017 1100 5108 Nec.
1115 5038 1291 5084 tamen
1317 5017 1515 5108 injuste
1544 5030 1632 5101 aut
1663 5017 1804 5108 inju—

239 5090 366 5162 i‘iose
395 5107 472 5161 sic
503 5120 599 5160 eos
627 5103 984 5174 insimulavit;
1014 5101 1136 5171 quia
1159 5113 1282 5153 cum
1311 5090 1800 5172 publicamjudicis

169 5163 178 5234 ξ
241 5192 510 5250 personam
533 5184 749 5250 gereret
775 5177 828 5228 in
858 5163 1111 5244 A‘lgvp'to,
1148 5163 1356 5248 poterat
1384 5179 1505 5219 eum
1529 5163 1621 5244 ocis
1652 5176 1802 5250 more

239 5231 460 5319 j'udicum
486 5231 725 5319 severius
753 5231 1021 5319 agerefe't
1051 5231 1110 5319 ut
1137 5231 1386 5319 conscius
1410 5250 1439 5289 a
1466 5233 1574 5289 reis
1607 5231 1800 5316 patrati

243 5306 292 5374 in
315 5335 366 5374 se
386 5317 632 5374 criminis
659 5306 868 5386 publica
897 5306 1221 5370 auctoritate
1241 5306 1798 5386 vindictamexigere.

244 5391 487 5447 Minorem
520 5375 698 5443 tamen
723 5391 883 5457 longe
909 5386 1086 5457 exegit
1105 5375 1800 5457 quamcommeritierant,

244 5444 466 5533 inire;
505 5475 614 5533 non
643 5444 899 5533 agebafur
929 5444 1145 5533 publica
1169 5444 1803 5533 judicio.‘iiestatsigitur

243 5514 296 5589 ιῖι
319 5514 653 5587 mendacium
677 5514 952 5599 quoddam
981 5514 1309 5599 ofﬁciosum,
1335 5519 1573 5599 aut_huic
1603 5514 1799 5599 simile,

243 5620 336 5661 non
361 5589 747 5674 perniciosum,
779 5601 902 5672 quia
946 5613 1054 5674 non
1106 5596 1396 5674 injusltum,
1431 5589 1595 5670 fuisse
1635 5589 1800 5674 latea-

244 5658 668 5730 mur.rAttamett
716 5658 1175 5740 D.'Augustintls'
1205 5666 1273 5740 ab
1320 5662 1466 5716 omni
1515 5658 1802 5740 mendacio

244 5726 744 5811 dissuendae,
767 5744 895 5799 dum
915 5726 1083 5796 Verba
1110 5739 1200 5794 illa
1227 5736 1306 5791 sic
1332 5730 1554 5802 exponit
1579 5726 1798 5800 (Quivit.

1898 3875 1998 3929 168
2046 3873 2101 3924 in
2131 3867 2392 3936 Genesim)
2426 3885 2440 3923 :
2471 3865 2842 3933 Exploratores
2871 3857 3099 3936 estis,_id
3122 3865 3222 3936 est,
3242 3854 3485 3936 explora:

1894 3923 2427 4015 t-orum’ptena‘digni,
2458 3937 2538 4015 vel
2558 3923 2658 4015 pro
2694 3923 3104 4015 exploratoribus
3132 3926 3375 4015 habendi:
3414 3923 3484 3976 Et

1896 3996 2016 4068 huic
2036 3996 2342 4076 se'ntentiar,"
2358 3996 2886 4082 inquit,'interposuit
2905 4000 3249 4082 juratio-nlem,
3281 3996 3420 4082 quia.
3439 4011 3486 4048 ss

1893 4065 2012 4142 vero
2039 4065 2448 4146 nondixis'sent:
2478 4065 2830 4150 exploratores
2868 4065 3054 4135 essent,
3097 4071 3151 4123 id
3176 4076 3274 4131 est,
3302 4065 3488 4150 explo-

1898 4136 2139 4215 ratorum
2184 4136 2332 4223 paena
2361 4136 2506 4226 αἰάηὶ
2547 4136 2743 4226 essent,
2790 4163 2919 4218 quos
2959 4154 3131 4226 tamen
3158 4136 3486 4222 veraodicere

1898 4209 2130 4286 ξὶἷέιὶάῐξ
2156 4209 2337 4298 Neque
2367 4209 2874 4298 eii'imperjurus'ut
2905 4215 3146 4298 quisque,
3180 4211 3224 4265 si
3249 4209 3486 4298 equuem

1899 4279 2433 4363 Eb'itiiiimun‘ssva,
2464 4279 2645 4349 dic'at':
2675 4291 2735 4347 Si
2774 4290 2892 4363 hoc‘
2908 4279 3262 4363 adulterium,
3293 4279 3356 4334 de
3381 4293 3484 4363 quo

2539 4365 2748 4418 damnat
2780 4371 2826 4416 te
2855 4359 3033 4442 Deus;
3065 4364 3114 4441 et
3137 4349 3487 4443 si‘his’perbis

1898 4420 2152 4498 ddltibea't'
2527 4479 2540 4494 .
2592 4452 2766 4489 verum
2815 4420 3022 4486 omnino
3062 4431 3233 4500 jurat.
3282 4420 3366 4474 Ibi
3410 4427 3487 4472 est

1899 4517 2034 4568 enim
2060 4502 2309 4572 conditio,
2360 4527 2464 4581 qua
2493 4508 2667 4581 dixit;
2790 4502 2974 4581 fecisti,
2999 4515 3149 4581 quem
3175 4505 3343 4581 tamen
3383 4505 3487 4572 non

1901 4588 2081 4657 fecisse
2111 4569 2307 4657 certum
2336 4569 2506 4657 habet.
2541 4578 2648 4657 Sed
2674 4578 2748 4631 ait
2768 4569 2963 4657 aliquis
2983 4587 3021 4657 εἱ
3034 4569 3220 4657 Verum
3244 4569 3487 4657 estquia

2164 4654 2496 4712 adulterium,
2531 4651 2742 4728 damnat
2787 4638 3147 4728 ξιιίιηερειιδς
3187 4638 3487 4728 Ῐιίζθκίξξίξθῗξ

1902 4707 2159 4799 quo'modo
2171 4707 2354 4799 verum
2382 4731 2456 4799 est
2480 4707 2497 4774 ἑ
2524 4721 2568 4774 si
2590 4736 2691 4799 non
2711 4734 2882 4774 verum
2909 4713 3100 4795 dicitis,
3133 4707 3488 4799 exploratore:

1902 4772 2047 4863 Zeus,
2075 4813 2191 4852 cum
2213 4795 2369 4847 etiam
2397 4794 2441 4846 si
2471 4794 2806 4863 mentiantur,
2840 4803 2943 4840 non
2972 4772 3488 4863 sint'eg‘plorato-res?

2035 4848 2166 4922 ἰίόε
2186 4874 2255 4920 est
2286 4864 2426 4937 quod
2459 4863 2568 4916 dixi.
2609 4863 2684 4915 ita
2711 4848 3041 4937 dictumesse
3064 4869 3090 4934 ί
3117 4848 3489 4937 Εὶῑρέξβταξᾞξε

1907 4924 2046 5006 estis,
2078 4939 2173 4992 hoc
2204 4924 2311 5005 est;
2335 4937 2686 5006 exploratores
2720 4924 3090 5006 deputabimini
3120 4924 3490 5006 meritolztletl:

2069 4984 2878 5072 autemﬁpotuisse
2907 4996 3009 5072 diei
3046 5008 3138 5071 pro
3178 4984 3491 5072 habe'bimini

1905 5094 1952 5138 et
1983 5079 2384 5151 deputabiminj,
2421 5053 2705 5151 innttm‘errte
2742 5066 2932 5151 similes
2970 5053 3259 5151 locutiones
3269 5053 3488 5151 ﬂagri};

1912 5124 2756 5216 Zéiiiili'iiiie'b'rbsaeie;
2785 5136 3105 5216 Quicumque
3129 5124 3492 5216 in

2074 5194 2505 5295 {Heinr—nia;
2526 5194 2828 5270 enini-
2842 5215 2963 5258 tunc
2987 5194 3103 5265 erit,
3138 5196 3226 5251 sed
3249 5204 3368 5248 tunc
3399 5194 3492 5246 ha-

1909 5288 2226 5350 bebiturJta
2251 5288 2606 5359 Augusdnus.
2766 5351 2780 5359 _
2855 5348 2867 5359 ,
3005 5345 3017 5356 .
3094 5340 3253 5359 .-.με

1981 5337 2603 5430 ὲ’⁷ιῆἱιίι“ιῖιῆιῖιξῗιὸὲὲἰῐιῖἱ“
2624 5348 2968 5411 mendacium
3003 5345 3058 5430 in
3087 5340 3294 5430 judicio
3309 5419 3321 5430 ⁸
3337 5337 3493 5430 Salo-

1907 5416 2267 5505 monis,__quia
2289 5416 2432 5505 nihil
2461 5430 2927 5505 contra__mentem
2969 5416 3214 5505 elocutus
3243 5419 3330 5505 est
3347 5420 3494 5505 :nne:

1908 5479 2795 5582 alii:lsini‘tﬁatiovprdpriedicta,
2832 5488 2957 5582 quia
2995 5479 3494 5582 nguiinemnfs‘llﬁrﬁ

1909 5554 2625 5639 sagacissima
2657 5554 3223 5639 expliit'a‘titguaffeetus
3265 5561 3494 5639 male!”

1909 5624 2294 5711 éil‘iéidréii'si
2312 5624 2378 5697 evx
2410 5655 2543 5707 quo,
2571 5624 3079 5711 cujus-essetrﬁlittgs‘
3103 5626 3176 5680 de
3204 5638 3313 5700 quo
3343 5624 3492 5687 (ιιιω-

1908 5696 2458 5788 Rigida—sapienter
2495 5696 2713 5782 agnovit
2740 5712 2792 5758 et
2819 5696 3104 5768 judicavit.

1823 4702 1879 4764 Ι)

3306 5485 3494 5554 fallere

3301 5561 3425 5602 l‘dlel
3445 5563 3494 5596 tu
