4044 6190
566 260 699 320 1079

1626 262 1905 319 JOANNIS
1942 262 2260 321 CASSIANI
2298 262 2783 325 COLLATIONES.

3713 276 3870 335 1080

563 379 882 435 testimoniis
934 382 1207 452 cepiosius
1254 382 1565 448 edocemur,
1620 384 1817 454 quibus
1866 384 1953 439 vel
2000 384 2147 440 viros
2172 395 2226 457 Α
2250 388 2510 439 statutum
2536 393 2750 439 mutare
2776 398 3104 452 sermonem,
3132 388 3272 444 sicut
3312 388 3595 459 Scriptura
3617 391 3869 463 subjun-

562 484 797 541 sauctos,
816 474 899 527 vel
922 474 1167 543 angelos,
1192 477 1275 529 vel
1301 476 1474 545 ipsum
1498 476 1922 545 omnipotentem
1952 477 2141 544 Deum,

560 582 621 620 ea
654 580 773 635 qua:
810 565 1141 620 deﬁnieram
1178 565 1492 635 frequenter
1535 567 1766 637 legimus
1808 568 2142 624 immutasse.

557 658 691 712 Nam
740 658 929 712 beatus
982 669 1006 696 ι
1038 659 1203 712 David
1254 674 1376 713 cum
1427 660 1783 730 jurisjurantli
1827 662 2145 721 delinitione

556 756 817 820 decrevit,
854 755 1079 810 dicens:
1115 754 1244 809 Haec
1270 758 1427 827 faciat
1459 757 1597 813 Deus
1620 759 1843 813 inimicis
1872 758 2061 826 David,
2097 764 2146 811 et

558 849 665 900 lure
696 849 888 914 addat,
924 850 968 902 si
998 851 1250 920 reliquero
1284 852 1349 905 de
1376 853 1612 908 omnibus
1642 872 1756 925 qua:
1782 856 2033 925 pertinent
2073 853 2144 907 ad

563 937 737 992 Nabal
756 957 908 1011 usque
926 958 1074 996 mane
1094 943 1396 1015 mingentent
1416 948 1484 1000 ad
1502 948 1749 1015 parietem
1770 950 1814 1019 (I
1840 948 1969 1018 Reg.
1990 947 2139 1019 xxv).

560 1034 627 1085 Iit
649 1035 902 1089 continuo
928 1036 1298 1094 intercedente
1335 1040 1544 1111 Abigail
1574 1056 1739 1097 uxore
1769 1045 1915 1109 ejus,
1947 1057 2011 1097 ac
2044 1057 2143 1113 pro

557 1126 750 1181 cedent
800 1129 1159 1199 supplicante,
1209 1132 1440 1186 remittit
1476 1133 1673 1200 minas,
1706 1134 1879 1189 mollit
1923 1146 2141 1191 sentcn-

556 1218 727 1285 tiam,
780 1228 833 1274 et
879 1222 1083 1276 mavult
1135 1231 1507 1294 transgressor
1560 1225 1825 1295 propositi
1869 1226 2140 1297 judicari,

554 1326 713 1379 quam
755 1312 1084 1369 sacramenti
1114 1315 1197 1369 sui
1229 1315 1388 1371 ﬁdem
1412 1331 1535 1372 cum
1557 1316 1896 1373 crudelitatis
1921 1332 2145 1374 exsecu-

554 1402 703 1457 tione
732 1418 975 1474 scrvare,
1004 1405 1227 1462 dicens:
1257 1406 1391 1461 Vivit
1420 1406 1695 1475 Dominus,
1727 1409 1825 1463 nisi
1852 1410 1953 1463 cito
1982 1410 2145 1464 venis-

553 1515 632 1553 ses
660 1500 713 1552 in
762 1516 1034 1555 occursum
1079 1501 1242 1567 mihi,
1291 1518 1392 1555 non
1421 1503 1749 1558 remansisset
1782 1502 1957 1557 Nabal
1987 1520 2145 1574 usque

554 1594 623 1644 ad
651 1590 818 1647 lucem
846 1595 1151 1647 matutinum
1174 1596 1405 1665 mingens
1434 1597 1503 1650 ad
1529 1598 1772 1665 parietem
1797 1594 2013 1667 (Ibid.).
2040 1596 2145 1651 Cu-

552 1685 641 1754 jus
686 1684 829 1740 sicut
875 1686 1021 1740 illam
1070 1688 1365 1756 prmcipitis
1409 1688 1735 1743 sacramenti
1791 1688 2139 1757 facilitatem,

2251 472 2326 544 git
2351 491 2365 529 :
2390 473 2460 528 Et
2482 477 2645 547 coegit
2660 491 2745 530 eos
2767 474 2883 545 Lat,
2908 479 3277 534 etdiverterunt
3292 479 3361 533 ad
3381 497 3497 535 eum
3517 480 3685 552 (Gen.
3706 486 3858 555 xIx).

2249 568 2350 636 Qui
2381 569 2566 639 utique
2596 571 2641 624 si
2669 571 2985 628 diversuros
3024 589 3084 629 se
3130 574 3194 629 ad
3234 589 3356 630 eum
3387 590 3511 631 esse
3544 591 3857 646 noverant,

2247 659 2530 717 invitantis
2557 663 2873 732 petitionem
2896 666 3230 722 simulatoria
3262 668 3614 725 excusatione
3642 687 3859 728 renue-

2247 760 2414 806 ruut:
2466 753 2553 808 sin
2597 762 2782 809 autem
2832 757 3097 812 veraciter
3146 759 3500 827 excusabant,
3550 762 3858 820 evidenter

2245 844 2560 901 immutasse
2608 846 2930 903 sententiam
2980 850 3422 919 comprobantur.
3468 852 3604 920 Quae
3652 856 3858 926 utique

2246 952 2352 991 non
2382 937 2452 992 ob
2499 937 2659 993 aliam
2704 939 2977 995 credimus
3023 955 3241 996 causam
3274 942 3537 1012 Spiritum
3588 959 3859 1003 sanctum

2246 1031 2414 1085 sacris
2439 1030 2799 1086 voluminibus
2829 1032 3113 1100 indidisse,
3151 1034 3257 1090 nisi
3282 1044 3340 1089 ut
3368 1035 3487 1091 istis
3515 1037 3773 1092 erudiam
3786 1055 3854 1094 ur

2246 1120 2532 1189 exemplis,
2581 1120 2638 1174 in
2668 1121 3073 1179 deﬁnitionibus
3107 1126 3306 1181 nostris
3332 1141 3441 1181 non
3481 1129 3855 1198 pertinaciter

2245 1228 2583 1283 permanere,
2613 1216 2710 1271 sed
2734 1231 2827 1272 eas
2846 1218 3073 1273 arbitrio
3099 1230 3287 1274 nostro
3310 1219 3513 1277 debere
3534 1222 3851 1292 subjicere,

2244 1311 2300 1359 et
2329 1306 2398 1360 ita
2427 1305 2692 1375 judicium
2726 1318 2971 1364 nostrum
3000 1310 3069 1364 ab
3099 1311 3245 1365 omni
3278 1310 3411 1381 legis
3442 1312 3666 1370 vinculo
3700 1317 3853 1372 Iibe-

2247 1415 2363 1455 rum
2414 1414 2761 1469 conservare,
2810 1412 2869 1458 ut
2920 1413 3225 1473 promptum
3273 1405 3346 1460 sit
3391 1405 3462 1461 ad
3491 1409 3850 1478 sequendum

2246 1508 2583 1563 quocumque
2610 1496 2889 1551 vocaverit
2918 1495 3136 1552 salubre
3162 1497 3476 1566 consilium,
3533 1515 3638 1556 nec
3678 1502 3854 1559 diﬂ'e-

2246 1594 2329 1640 rat
2357 1595 2448 1640 aut
2474 1597 2690 1643 recuset
2712 1587 2777 1643 ad
2809 1588 2863 1644 id
2890 1588 3033 1660 quod
3063 1590 3247 1647 utilius
3279 1591 3541 1648 discretio
3578 1594 3850 1653 salutaris

2248 1683 2519 1740 invenerit
2547 1685 2749 1755 absque
2776 1685 2880 1741 ulla
2911 1688 3254 1744 cunctatione
3281 1689 3537 1744 transire.
3590 1690 3659 1745 Et
3686 1703 3754 1747 ut
3775 1693 3851 1747 ad

554 1792 676 1846 qua:
704 1777 771 1833 de
799 1779 1129 1849 perturbatae
1155 1782 1349 1835 mentis
1377 1783 1744 1840 commotione
1767 1783 2141 1853 descenderat,
2174 1777 2222 1838 B
2248 1776 2561 1833 sublimiora
2598 1778 2773 1835 adhuc
2799 1780 3155 1837 ascendamus
3184 1783 3429 1851 cxentpla
3449 1827 3463 1852 ,
3496 1782 3849 1842 decumben-

554 1882 892 1936 nequaquam
927 1870 1241 1924 imitandam
1270 1885 1392 1927 esse
1420 1887 1730 1939 censemus,
1762 1874 1838 1929 ita
1864 1876 2141 1930 remissio-

556 1974 677 2014 nem
706 1968 867 2029 atque
893 1962 1329 2019 emendationem
1354 1966 1538 2020 statuti
1563 1967 1875 2023 sectandam
1898 1982 2021 2023 esse
2045 1967 2143 2023 de-

555 2053 856 2110 cernimus.
891 2053 1189 2111 Electionis
1221 2056 1327 2111 Vas
1366 2055 1663 2113 Corinthiis
1689 2059 1966 2124 scribens,
1998 2059 2143 2114 redi-

556 2153 667 2196 tum
716 2157 871 2198 suum
923 2145 1169 2200 absoluta
1226 2147 1546 2204 deﬁnitione
1590 2149 1877 2219 promittit,
1905 2150 2138 2206 dicens:

567 2231 783 2287 Veniant
813 2246 985 2289 autent
1006 2238 1074 2290 ad
1102 2254 1187 2292 vos
1227 2256 1343 2293 cum
1375 2239 1737 2295 Macedoniam
1777 2244 2138 2311 pertransicro.

554 2327 926 2383 Macedoniam
964 2332 1103 2385 enim
1147 2334 1496 2403 pertransibo,
1528 2336 1666 2406 apud
1703 2350 1788 2389 vos
1824 2345 1992 2389 autem
2033 2352 2145 2389 ma-

562 2423 709 2487 nebo,
740 2424 816 2477 vel
846 2426 1001 2479 etiam
1031 2426 1285 2490 hiemabo,
1312 2437 1365 2479 ut
1388 2443 1473 2482 vos
1503 2444 1581 2482 nte
1610 2428 1876 2482 deducatis
1902 2444 2144 2496 quocum-

555 2529 652 2581 que
677 2514 802 2568 iero.
837 2514 975 2569 Nolo
1001 2518 1141 2569 enim
1167 2534 1253 2569 vos
1272 2518 1422 2571 modo
1445 2518 1500 2571 in
1530 2520 1757 2571 transitu
1780 2519 1966 2583 videre,
1993 2535 2141 2589 spero

555 2606 692 2657 enim
736 2621 813 2659 me
843 2607 1109 2674 aliquanto
1149 2616 1375 2674 tempore
1416 2623 1623 2661 manere
1649 2608 1790 2679 apud
1825 2625 1911 2662 vos
1948 2609 1989 2675 (ι
2019 2608 2139 2662 Cor.

554 2693 687 2763 xw).
720 2694 889 2762 Cujus
916 2696 994 2750 rei
1020 2696 1182 2748 etiam
1214 2698 1267 2751 in
1302 2699 1537 2753 secunda
1567 2699 1810 2769 Epistola
1840 2701 1913 2755 ita
1954 2703 2143 2757 memi-

554 2785 673 2838 nit:
712 2784 777 2835 Et
821 2783 917 2838 hac
947 2786 1264 2855 conﬁdentia
1300 2788 1444 2841 volui
1488 2791 1631 2860 prius
1659 2792 1826 2845 venire
1853 2794 1920 2845 ad
1946 2810 2056 2857 vos,
2088 2804 2141 2847 ut

556 2878 831 2931 secundam
875 2880 1095 2949 gratiam
1128 2881 1399 2948 haberetis,
1454 2891 1505 2936 et
1545 2901 1636 2955 per
1662 2901 1752 2938 vos
1791 2887 2061 2941 transirem
2090 2888 2144 2942 in

557 2970 945 3038 Macedoniam,
969 2982 1017 3027 et
1044 2975 1230 3028 iterum
1256 2992 1287 3027 a
1318 2974 1627 3031 Macedonia
1651 2979 1822 3032 venire
1853 2981 1921 3033 ad
1945 2996 2059 3050 vos,
2094 2991 2144 3036 et

558 3082 587 3117 η
627 3064 767 3117 vobis
813 3065 1001 3119 deduci
1034 3067 1086 3119 in
1124 3067 1364 3122 Juda’am
1404 3068 1472 3140 (II
1499 3068 1615 3123 Cor.
1649 3071 1710 3139 ι).
1747 3070 1852 3127 Sed
1892 3088 2145 3142 superve-

2252 1878 2358 1923 tem
2388 1869 2440 1923 in
2470 1869 2611 1926 lecto
2639 1886 2819 1941 regem
2864 1872 3173 1941 Ezechiam,
3216 1872 3475 1944 gravique
3513 1876 3851 1947 (egritudine

2246 1959 2605 2028 laborantem,
2635 1978 2700 2017 ex
2732 1978 2960 2033 persona
2993 1964 3084 2019 Dei
3116 1963 3280 2019 Isaias
3307 1965 3573 2035 propheta
3603 1967 3851 2026 adorsus

2244 2061 2345 2119 est,
2379 2054 2566 2111 dicens
2593 2072 2607 2110 :
2643 2055 2774 2111 Hcce
2796 2058 2924 2111 dicit
2951 2056 3223 2123 Dominus,
3257 2058 3486 2130 Dispone
3507 2060 3681 2116 domui
3708 2075 3846 2131 tuae,

2241 2146 2360 2214 quia
2408 2147 2639 2201 morieris
2685 2156 2741 2201 tu
2768 2156 2813 2201 et
2868 2164 2968 2202 non
3015 2150 3170 2205 vives.
3204 2147 3271 2202 Et
3308 2154 3579 2220 convertit,
3634 2154 3847 2225 inquit,

2244 2234 2493 2292 Ezechias
2516 2240 2699 2308 facient
2720 2256 2869 2293 suam
2896 2242 2965 2292 ad
2991 2242 3262 2311 parietent,
3287 2250 3336 2296 et
3364 2245 3531 2299 oravit
3554 2247 3623 2300 ad
3654 2246 3851 2301 Domi-

2244 2344 2388 2397 num,
2420 2336 2468 2382 et
2515 2330 2691 2384 dixit:
2739 2329 2982 2396 Obsecro,
3023 2331 3262 2399 Domine,
3310 2346 3581 2406 memento,
3636 2357 3847 2410 quaso,

2244 2419 2493 2487 quomodo
2543 2420 2907 2475 ambulaverint
2950 2438 3125 2476 curant
3168 2432 3215 2477 te
3242 2424 3295 2477 in
3320 2426 3548 2491 veritate,
3589 2438 3639 2483 et
3682 2432 3850 2484 corde

2245 2512 2492 2580 perfecto,
2534 2519 2580 2564 et
2624 2512 2759 2581 quod
2787 2513 2973 2565 bonum
3011 2522 3083 2567 est
3113 2515 3167 2567 in
3196 2516 3359 2570 oculis
3381 2518 3477 2570 tuis
3499 2519 3727 2586 fecerim.
3764 2518 3846 2573 Et

2243 2601 2381 2679 ﬂevit
2413 2599 2661 2657 Ezechias
2688 2605 2814 2673 ﬂetu
2840 2621 3027 2676 magno
3060 2603 3242 2674 (Isaia:
3265 2615 3503 2677 xxxvnt).
3533 2607 3664 2663 Post
3706 2625 3844 2679 qua

2245 2678 2434 2749 rursus
2459 2695 2660 2750 dicitur
2686 2696 2751 2750 ad
2780 2698 3030 2753 eumdem
3066 2716 3078 2750 :
3112 2698 3383 2753 Revertere
3406 2708 3450 2754 et
3481 2700 3563 2754 dic
3594 2678 3846 2756 Ezechias

2244 2787 2351 2857 regi
2395 2784 2561 2856 Juda,
2599 2788 2813 2842 dicens:
2864 2787 2995 2843 Haec
3039 2790 3165 2843 dicit
3218 2790 3469 2845 Dominus
3500 2790 3637 2846 Deus
3665 2790 3845 2847 David

2246 2880 2411 2949 patris
2441 2881 2516 2939 tui
2542 2898 2561 2934 :
2591 2880 2781 2935 Audivi
2820 2884 3106 2937 orationem
3143 2889 3308 2949 tuam,
3334 2892 3385 2938 et
3407 2884 3512 2937 vidi
3553 2883 3842 2954 lacrgmam

2246 2978 2410 3037 tuam,
2436 2978 2483 3023 et
2514 2987 2626 3025 ecce
2658 2972 2906 3042 adjiciam
2940 2988 3096 3044 super
3116 2972 3225 3026 dies
3267 2981 3378 3027 tuos
3415 2974 3705 3044 quindecim
3746 2992 3843 3028 an-

2246 3081 2358 3129 nos,
2391 3072 2437 3118 et
2468 3066 2531 3119 de
2559 3082 2716 3120 manu
2745 3068 2879 3137 regis
2910 3067 3242 3137 Assyriorum
3268 3067 3496 3122 liberabo
3526 3079 3604 3134 te,
3640 3078 3689 3123 et
3711 3070 3840 3122 civi-

558 3156 741 3211 niente
773 3156 1080 3211 salubriore
1120 3158 1370 3221 consilio,
1423 3174 1759 3231 nequaquam
1801 3177 1861 3218 se
1910 3164 1961 3218 id
2000 3165 2142 3234 quod
2170 3155 2216 3219 C
2248 3164 2401 3210 ιαιεηι
2443 3157 2576 3210 hanc
2613 3167 2875 3227 protegam
2917 3168 3128 3228 propter
3168 3175 3276 3224 me,
3326 3169 3376 3213 ει
3422 3169 3629 3231 propter
3670 3159 3843 3214 David

559 3251 883 3319 promiserat
905 3260 1221 3307 exsecutum
1244 3252 1361 3309 evid
1373 3254 1651 3310 entissime
1673 3255 1980 3311 conﬁtetur.
2014 3255 2141 3310 Cum

563 3344 678 3408 hoc,
714 3344 903 3413 inquit,
936 3344 1231 3410 voluissem,
1280 3348 1527 3415 numquid
1573 3345 1777 3401 levitate
1822 3364 1946 3401 usus
1991 3348 2143 3400 sum?

563 3435 664 3489 Aut
690 3451 803 3505 qua:
823 3438 1008 3506 cogito,
1043 3437 1323 3491 secundum
1359 3455 1565 3492 carnem
1603 3439 1792 3509 COgitv,
1822 3446 1876 3491 ut
1906 3438 1973 3491 sit
2000 3438 2141 3507 apud

564 3542 644 3581 me
672 3536 744 3582 est
774 3537 819 3583 et
866 3545 967 3583 non
999 3527 1232 3601 (Ibid.)‘l
1267 3530 1505 3600 Denique
1542 3546 1640 3585 cur
1675 3529 1923 3584 maluerit
1955 3528 2145 3584 deﬁni-

565 3622 769 3676 tionem
801 3624 885 3676 sui
933 3624 1212 3693 praeterire
1242 3625 1534 3691 sermonis,
1564 3639 1720 3695 quam
1768 3623 1999 3679 adventu
2047 3638 2144 3680 suo

566 3730 851 3771 onerosam
879 3715 1159 3787 discipulis
1184 3717 1390 3773 inferre
1411 3716 1708 3782 tristitiam,
1729 3717 1890 3773 etiam
1914 3730 2038 3771 cum
2066 3731 2151 3772 sa-

568 3810 830 3865 cramenti
842 3809 1201 3866 obtestatione
1212 3811 1449 3866 declarat
1464 3809 1598 3882 :Ego
1612 3820 1780 3867 autem
1792 3820 1970 3867 testem
1984 3810 2152 3866 Deunt

570 3903 749 3957 invoco
778 3905 833 3957 in
860 3905 1086 3958 animam
1114 3920 1298 3970 meam,
1321 3905 1457 3975 quod
1479 3920 1694 3973 parcens
1721 3907 1882 3972 vobis,
1906 3923 2009 3960 non
2040 3906 2154 3961 veni

570 3990 894 4048 Corinthum.
918 3994 1090 4050 Statui
1113 3996 1249 4049 enim
1270 3994 1367 4049 hoc
1397 3997 1566 4065 ipsum
1594 3998 1734 4066 apud
1763 4014 1865 4062 me,
1886 4014 1950 4051 ne
1973 3981 2156 4052 iterum

570 4085 624 4138 in
655 4086 864 4141 tristitia
892 4093 1115 4141 ventrem
1134 4087 1201 4139 ad
1222 4103 1308 4140 vos
1340 4086 1418 4157 (II
1439 4086 1560 4140 Cor.
1588 4088 1651 4156 I).
1684 4086 1819 4142 Cum
1854 4088 2155 4143 intraturos

572 4191 633 4230 se
660 4177 881 4231 domum
921 4178 1023 4232 Lot
1050 4176 1296 4232 Sodomis
1326 4176 1504 4246 angeli
1540 4176 1930 4247 denegassent,
1964 4177 2154 4232 dicen-

573 4273 655 4318 tes
677 4266 743 4317 ad
774 4280 920 4333 eum,
950 4265 977 4302 δ
1009 4265 1131 4319 Non
1153 4266 1483 4330 intrabimus,
1518 4266 1608 4319 sed
1636 4267 1693 4321 in
1718 4267 1888 4336 platea
1918 4267 2154 4320 manebi-

572 4371 685 4411 mus
714 4356 869 4428 (Gen.
898 4356 1035 4426 xix),
1056 4359 1314 4413 continuo
1339 4357 1456 4425 ejus
1479 4358 1729 4426 precibus
1758 4357 2157 4429 compelluntur

2249 3263 2451 3300 servum
2479 3263 2645 3300 meum
2686 3247 2900 3316 (Ibid.).
2939 3248 3079 3314 Quid
3107 3249 3415 3306 evidentius
3455 3252 3559 3307 Itoc
3602 3252 3844 3307 testimo-

2250 3337 2361 3403 nio,
2403 3351 2512 3405 quo
2561 3337 2955 3392 misericordia:
3001 3354 3063 3393 ac
3107 3339 3325 3407 pietatis
3363 3343 3557 3397 intuitu
3586 3355 3605 3382 ε
3638 3345 3848 3398 mavult

2254 3426 2513 3480 Dominus
2544 3440 2701 3480 suum
2727 3440 2947 3481 cessare
2976 3442 3311 3495 sermonem,
3346 3440 3401 3484 et
3429 3434 3495 3486 ad
3523 3435 3851 3501 prazstitutte

2254 3520 2441 3575 mortis
2488 3518 2745 3574 terminos
2787 3520 3094 3588 quindecim
3135 3519 3294 3574 anuis
3350 3522 3516 3575 vitam
3565 3528 3851 3590 precantis

2256 3613 2591 3680 extendere,
2658 3628 2818 3683 quam
2866 3628 2963 3682 per
3008 3611 3443 3668 immobilitatem
3497 3613 3703 3669 decreti
3759 3621 3853 3675 sui

2257 3705 2605 3763 inexorabilis
2657 3706 2930 3762 inveniri?
2961 3705 3220 3762 Similiter
3265 3706 3430 3760 etiam
3484 3706 3733 3775 loquitur
3777 3710 3847 3764 ad

2257 3798 2523 3856 Ninivitas
2544 3813 2773 3856 censura
2812 3797 2993 3853 divina
3024 3814 3039 3852 :
3087 3795 3265 3851 Adhuc
3293 3798 3525 3851 triduum
3552 3808 3601 3852 et
3652 3798 3845 3855 Ninive

2262 3894 2576 3949 subvertetur
2599 3889 2775 3964 (Jonas
2801 3888 2903 3959 nt).
2935 3889 3164 3958 Moxque
3194 3886 3516 3956 paenitentia
3552 3902 3741 3945 eorum
3764 3890 3841 3959 je-

2259 3984 2533 4055 juniisque
2560 3984 2799 4038 mollitur
2824 3989 2932 4035 tam
2958 3981 3145 4033 minax
3176 3986 3232 4033 et
3274 3977 3507 4048 abrupta
3553 3980 3834 4045 sententia,

2262 4087 2425 4147 atque
2453 4076 2519 4130 ad
2568 4083 2775 4143 portent
2808 4070 3198 4127 misericordiae
3240 4085 3410 4141 prona
3440 4072 3637 4141 pietate
3675 4072 3837 4125 delle-

2263 4173 2446 4227 ctitur.
2488 4171 2638 4236 Quod
2688 4170 2731 4222 si
2778 4169 2920 4237 quis,
2968 4166 3115 4220 velut
3145 4168 3432 4235 przescium
3478 4168 3835 4222 conversionis

2264 4278 2478 4327 eorum,
2508 4259 2915 4313 subversionem
2943 4256 3180 4312 civitatis
3220 4257 3287 4311 ad
3319 4258 3422 4313 hoc
3453 4258 3532 4313 eis
3560 4258 3834 4312 Dominum

2265 4362 2473 4408 asserat
2500 4352 2908 4417 comminatum,
2942 4359 3002 4404 ut
3038 4364 3132 4405 eos
3160 4348 3230 4404 ad
3257 4350 3550 4406 salutarem
3576 4350 3832 4421 paeniten-

1641 4488 1892 4548 ALARDi
1933 4488 2167 4545 GAZIEI
2205 4480 2773 4544 COMMENTARIUS.

650 4628 676 4655 ιι
700 4617 777 4672 Dc
804 4581 906 4672 ltoc
934 4614 1150 4670 Davidis
1173 4616 1481 4683 juramento
1513 4600 1719 4668 temere
1740 4612 1902 4677 facto,
1936 4610 2160 4680 ejusque
2184 4609 2239 4669 D
2265 4607 2420 4683 abest
2456 4604 2586 4674 quin
2614 4612 2668 4658 et
2688 4601 2875 4683 _De_u_m
2906 4599 3320 4683 ipsum.do_ceat
3345 4613 3467 4655 esse
3508 4594 3826 4683 mendacem.

573 4688 778 4743 salubri
808 4686 1144 4742 correctione
1173 4694 1227 4739 et
1256 4684 1638 4738 retractatione
1679 4684 1800 4739 haec
1835 4683 2162 4751 Augustinus

574 4761 713 4814 libro
744 4774 888 4827 saepe
934 4758 1098 4813 citato
1142 4754 1315 4826 (Cant.
1348 4756 1588 4827 mendae.
1611 4771 1658 4827 c.
1690 4755 1749 4824 9)
1782 4772 1794 4807 :
1823 4754 1904 4827 An
1933 4752 2052 4827 quia
2068 4754 2165 4822 ju-
2204 4781 2213 4791 -

576 4832 706 4885 ravit
746 4824 913 4883 David
954 4845 1006 4883 se
1031 4824 1319 4881 occisurum
1346 4841 1452 4879 esse
1482 4824 1677 4891 Nabal,
1711 4835 1758 4878 et
1784 4824 2014 4879 clementi
2038 4841 2164 4877 con-

576 4903 889 4956 sideratione
927 4916 1029 4954 non
1072 4899 1209 4968 fecit,
1245 4906 1515 4966 pr0pterea
1542 4895 1696 4950 illum
1724 4896 2033 4949 imitandum
2060 4911 2166 4968 esse

579 4975 824 5038 dicemus,
874 4980 930 5025 ut
976 4966 1159 5048 temere
1194 4971 1429 5048 juremus
1454 4984 1559 5048 lnos
1601 4983 1710 5048 esse
1727 4968 1998 5048 facturos,
2030 4966 2166 5048 quod

582 5062 688 5097 non
714 5061 819 5099 esse
846 5040 1139 5114 faciendum
1178 5037 1353 5111 postea
1382 5038 1684 5094 videamus?
1722 5037 1886 5105 Quasi
1912 5037 2119 5091 diceret
2151 5054 2163 5090 :

586 5116 761 5170 Absit.

660 5186 685 5223 δ
720 5188 876 5241 Putat
924 5184 1013 5239 hic
1055 5183 1223 5258 abbas
1261 5182 1488 5258 angelos
1513 5195 1670 5258 usos
1699 5179 2043 5258 simulatione
2086 5176 2172 5258 vel

588 5267 826 5332 mutasse
871 5254 1213 5310 sententiam.
1258 5253 1363 5308 Sed
1405 5252 1739 5332 probabilius
1780 5260 1860 5305 est
1892 5248 2036 5332 quod
2065 5248 2172 5331 .alii

591 5326 809 5392 docent,
840 5335 1045 5382 tantum
1086 5338 1312 5391 negasse
1361 5338 1419 5379 se
1458 5324 1799 5392 ingressurus
1828 5324 1999 5390 prima
2029 5324 2167 5385 vice,

592 5408 650 5452 ut
671 5399 885 5464 dicitur,
911 5398 964 5452 id
985 5404 1089 5465 est,
1118 5396 1184 5449 ad
1213 5398 1437 5463 primam
1468 5392 2027 5465 hancinvitationem;
2060 5404 2170 5445 non

589 5462 1885 5545 vero,_s_iampliusurgereutur.ItaACajetauus.
2007 5539 2020 5545 Α
2122 5530 2134 5542 .

667 5550 688 5577 ο
732 5539 875 5593 Nihil
906 5534 1012 5593 non
1042 5539 1155 5607 agit
1180 5538 1267 5593 hic
1297 5536 1483 5601 abbas,
1513 5543 1576 5607 _ut
1604 5534 1889 5590 mendacio
1933 5534 2170 5601 patroci—

594 5611 741 5664 nium
792 5605 1166 5676 undecumque
1202 5615 1465 5663 accersat.
1512 5605 1696 5673 Itaque
1736 5619 1842 5676 non
1888 5610 2173 5658 contentus

595 5683 855 5731 hactenus
900 5675 1149 5730 homines
1189 5679 1351 5731 etiam
1381 5676 1774 5738 sanctissimos,
1807 5675 1972 5728 immo
2003 5681 2056 5728 et
2079 5687 2174 5725 an-

597 5746 746 5807 gelos
768 5745 959 5799 fecisse
985 5744 1271 5801 mendaces
1299 5754 1356 5801 et
1382 5744 1652 5802 mendacii
1674 5752 1951 5814 patronos,
1985 5756 2173 5815 parum

2268 4678 2440 4732 Porro
2467 4666 2752 4730 sententiae
2782 4674 2887 4749 illa;
2917 4666 3363 4749 comminatorire,
3395 4684 3531 4749 quas
3550 4668 3623 4749 _in
3649 4666 3832 4749 con-ﬁr-

2271 4748 2560 4819 mationem
2599 4760 2715 4819 suae
2740 4743 3011 4819 upittionis
3050 4756 3329 4819 perperam
3360 4738 3624 4819 adducitt
3650 4738 3828 4819 quibus

2269 4819 2479 4874 scilicet
2509 4817 2647 4871 Deus
2681 4810 2925 4890 Ezechias
2956 4810 3208 4890 mortem.
3254 4812 3507 4890 Ninivitis
3544 4810 3831 4890 subversio-

2271 4906 2415 4956 nem,
2447 4888 2571 4943 aliis
2609 4884 2983 4952 peccatoribus
3012 4886 3160 4956 varia
3199 4883 3464 4956 supplicia
3492 4883 3830 4956 comminatus

2272 4972 2375 5023 est,
2403 4951 2551 5031 qua}
2575 4951 2749 5011 tamen
2793 4970 2899 5010 non
2947 4955 3149 5031 intulit,
3178 4970 3287 5031 non
3305 4951 3530 5031 fuerunt
3551 4951 3795 5031 absoluta:
3815 4990 3828 5011 ,

2274 5022 2371 5087 sed
2398 5022 2892 5103 cotiditionatm,_et
2931 5026 3032 5103 sub
3077 5024 3176 5103 hac
3207 5026 3291 5079 vel
3337 5023 3503 5103 simili
3541 5022 3830 5103 conditione

2285 5101 2643 5171 intelligenda:
2678 5117 2699 5171 :_
2726 5098 2825 5171 nisi
2867 5096 3236 5171 paenitentiam
3266 5094 3471 5171 egerint
3496 5103 3589 5147 aut
3626 5092 3715 5146 Dei
3742 5092 3830 5144 mi-

2283 5166 2633 5228 scricordiam
2688 5166 3107 5236 imploraverint.
3167 5166 3397 5243 I'rqiude
3452 5179 3558 5218 non
3588 5171 3833 5243 .cassatur

2284 5243 2377 5298 Dei
2402 5258 2600 5307 sermo,
2632 5256 2729 5295 nec
2753 5235 2988 5315 mutatur
3010 5237 3222 5306 proprie
3250 5235 3341 5315 Dei
3369 5235 3835 5315 sentcntiauqttan-

2281 5314 2351 5368 do
2385 5316 2481 5367 Itac
2510 5312 2841 5376 conditione,
2873 5308 2924 5362 id
2952 5318 3053 5386 est,
3085 5309 3419 5386 correctione
3444 5316 3497 5359 et
3537 5308 3834 5386 pteniteqtia

2280 5387 2566 5440 subsecuta
2594 5374 3290 5437 effectus-comminaturius
3328 5392 3435 5431 non
3468 5376 3723 5445 sequitur.
3754 5374 3837 5445 Mif

2280 5465 2441 5510 natur
2462 5455 2603 5530 enim
2641 5455 2798 5530 Deus,
2833 5466 2940 5505 non
2968 5459 3025 5506 ut
3050 5450 3218 5530 mittas
3250 5463 3414 5518 opere
3437 5444 3723 5530 compleat,
3754 5444 3836 5500 sed

2280 5527 2459 5596 potius
2485 5534 2541 5579 ut
2568 5523 2871 5579 hominibus
2897 5520 3205 5596 emendatis
3226 5530 3280 5575 et
3309 5520 3676 5596 paenitentiam
3700 5531 3839 5596 agen-

2282 5587 2423 5653 iibus
2454 5611 2559 5652 non
2599 5605 2948 5667 exsequatur.
2986 5592 3115 5648 Vide
3156 5592 3311 5663 plura
3355 5590 3412 5646 in
3454 5603 3679 5646 censura
3710 5587 3833 5643 dom.

2279 5668 2523 5744 Cttyeltii.
