4014 6200
122 280 301 339 1081
1202 283 1543 341 COLLATIO
1584 285 1746 342 XVII.
1778 314 1848 329 -—
1875 288 1963 344 DE
2003 289 2435 347 DEFINIENDO.
3328 301 3463 357 1082

124 400 291 453 tiam
351 406 701 469 provocaret,
732 412 1073 471 consequens
1100 410 1182 457 est
1211 409 1270 456 ut
1310 402 1365 457 hi
1398 402 1488 472 qui
1516 403 1770 459 fratribus
1798 406 2121 474 Aquotidie
2160 418 2315 461 suam
2358 408 2587 477 gratiam
2634 408 2716 463 vel
2761 415 2993 463 avertat.
3039 407 3192 476 Quod
3238 409 3313 466 ita
3344 427 3465 471 esse

122 504 429 564 praesunt
459 495 663 565 absque
700 495 1127 564 reprehensione
1165 496 1428 552 mendacii
1461 497 1544 552 his
1574 497 1668 568 qui
1690 497 1771 552 in-
1877 498 2040 554 etiam
2072 500 2163 555 illa
2195 500 2373 557 Saulis
2400 500 2708 557 manifestat
2732 502 2926 557 electio
2964 500 3010 574 (l
3040 502 3171 573 Reg.
3202 502 3282 574 x),
3314 504 3467 573 cujus

122 588 365 656 digcnt
412 586 690 642 emendari
734 587 913 655 aliqua
962 590 1123 642 etiam
1152 588 1480 644 districtiora
1506 605 1663 659 quam
1695 589 1775 644 fa-
1878 590 2061 661 utique
2110 605 2231 646 cum
2276 593 2695 663 vituperabilem
2748 593 2911 649 finem
2968 594 3312 665 prtescientia
3370 595 3465 650 Dei

125 682 309 735 cturi
345 689 512 748 sunt,
555 681 601 734 si
633 694 772 749 opus
816 679 1012 744 fuerit,
1046 684 1465 738 comminantur.
1496 683 1592 739 Sin
1640 698 1772 739 vero
1875 682 2124 752 ignorare
2161 699 2269 738 non
2307 693 2510 754 posset,
2557 684 2627 741 de
2669 692 2749 740 tot
2791 685 3028 741 millibus
3056 685 3275 741 lsraelis
3307 685 3470 755 elegit

124 775 377 830 dixerit
409 773 583 827 Deum
615 787 869 828 severam
894 774 1039 827 illam
1068 777 1391 830 sententiam
1423 790 1573 830 suam
1602 777 1773 845 poeni—
1874 789 1997 829 eum
2036 784 2091 829 et
2135 776 2288 829 unxit
2330 776 2383 830 in
2436 791 2641 846 regem,
2688 778 2969 847 praesentis
2995 778 3051 832 in
3083 777 3181 833 illo
3210 778 3466 832 meritum

130 869 357 923 tentia:
396 868 593 921 eorum
637 866 1078 922 consideratione
1124 883 1429 935 revocasse,
1476 870 1770 926 secundum
1873 868 1999 923 vitae
2026 883 2407 938 remunerans,
2449 885 2559 925 non
2586 879 2868 941 peccatum
2908 870 3107 927 futura:
3140 871 3467 940 prevarica-

128 961 292 1015 illud
358 960 509 1032 quod
559 976 657 1031 per
712 960 1057 1016 Ezecltielem
1106 963 1202 1028 ait,
1257 962 1319 1018 Si
1363 963 1541 1018 dixero
1586 966 1767 1036 impio,
1875 960 2037 1017 tionis
2076 961 2371 1017 intendens
2414 980 2427 1016 :
2472 963 2544 1018 ita
2572 971 2631 1017 ut
2668 972 2957 1034 postquam
2995 962 3257 1034 reprobus
3286 964 3463 1017 factus

132 1065 331 1111 morte
384 1056 643 1122 morieris,
691 1065 739 1110 et
778 1055 939 1128 egerit
961 1055 1310 1123 pmnitentiam
1346 1072 1379 1109 a
1419 1067 1623 1123 peccato
1651 1074 1766 1123 suo,

134 1152 453 1221 feceritque
464 1149 728 1221 judicium
755 1160 805 1203 et
823 1150 1101 1220 justitiam,
1136 1150 1240 1203 vita
1268 1151 1416 1219 vivet,
1447 1159 1494 1205 et
1524 1168 1628 1205 non
1658 1169 1769 1206 mo-

137 1246 333 1299 rietur
381 1242 601 1316 (Ezech.
650 1242 873 1313 xxxtn);
923 1242 1119 1313 quibus
1169 1243 1430 1300 docemur
1468 1246 1764 1315 exemplis,

142 1353 272 1391 nun
329 1336 535 1391 debere
564 1350 662 1390 nos
690 1336 964 1390 obstinate
1006 1336 1059 1390 in
1112 1337 1315 1393 nostris
1360 1337 1767 1394 definitionibus

145 1429 497 1498 perdurare,
543 1429 639 1483 sed
673 1428 1150 1484 comminationem
1183 1444 1250 1484 ex
1277 1429 1600 1486 necessitate
1636 1447 1765 1500 pro-

146 1523 428 1592 positam,
459 1521 714 1577 clementi
757 1522 1107 1578 miseratione
1134 1523 1370 1578 mollire.
1403 1523 1557 1591 Quod
1585 1539 1651 1580 ne
1680 1540 1766 1581 sc.

150 1616 228 1670 lis
280 1615 598 1684 specialiter
628 1614 877 1670 Ninivitis
905 1615 1222 1671 crederetur
1258 1615 1518 1671 Dominus
1558 1618 1767 1688 prmsti-

151 1708 321 1775 tisse,
357 1709 522 1764 etiam
564 1707 891 1778 generaliter
924 1722 1049 1777 erga
1086 1722 1277 1763 omnes
1318 1708 1509 1763 eadem
1552 1724 1613 1766 se
1643 1724 1764 1765 esse

1871 1061 1977 1119 est,
2008 1053 2153 1109 velut
2182 1054 2579 1125 paenitudinem
2604 1070 2801 1126 gerens
2832 1055 3119 1112 electionis
3148 1070 3261 1109 sua:
3295 1054 3457 1121 Deus,

1872 1143 2122 1199 humanis
2151 1145 2549 1215 quodammodo
2578 1147 2647 1202 de
2675 1148 2865 1204 eodem
2899 1147 3122 1203 vocibus
3149 1154 3312 1217 atque
3332 1144 3465 1199 alic-

1870 1238 2045 1295 ctibus
2066 1250 2448 1310 conqueratur,
2463 1240 2648 1297 dicens
2678 1260 2691 1293 :
2722 1251 2749 1279 ι
2771 1239 2993 1296 Ptenitet
3014 1257 3094 1295 me
3112 1240 3251 1312 quod
3272 1240 3465 1294 consti-

1872 1332 2055 1385 tuerim
2090 1331 2227 1387 Saul
2254 1350 2443 1403 regem,
2481 1335 2604 1406 quia
2643 1334 2913 1405 dereliquit
2949 1350 3049 1401 me,
3083 1342 3131 1388 et
3170 1333 3322 1388 verba
3348 1350 3463 1388 mea

1870 1440 2023 1492 opere
2052 1441 2151 1478 non
2179 1425 2427 1494 implevit.
2462 1427 2526 1482 Et
2554 1429 2753 1484 iterum
2794 1446 2806 1481 :
2857 1426 3222 1483 Verumtamen
3251 1428 3462 1499 lugebat

1872 1515 2087 1572 Samuel
2122 1518 2359 1587 Saulem,
2404 1521 2649 1591 quoniam
2692 1519 2977 1575 Dominum
3019 1522 3294 1592 paenitebat
3324 1523 3462 1592 quod

1870 1612 2211 1666 constituisset
2242 1628 2411 1683 regem
2437 1614 2569 1670 Saul
2594 1631 2749 1683 super
2773 1614 2946 1671 Israel
2976 1616 3022 1687 (ῐ
3045 1617 3174 1688 Reg.
3206 1620 3321 1688 xv).
3356 1618 3461 1674 De-

1870 1705 2033 1775 nique
2062 1705 2165 1761 hoc
2193 1707 2445 1776 quoniam
2482 1706 2644 1779 [quod
2668 1708 2803 1781 jam]
2835 1724 3003 1779 opere
3028 1709 3201 1765 fuerat
3233 1725 3461 1766 exsecu-

154 1798 443 1855 facturum
480 1813 577 1868 per
602 1798 894 1854 Jeremiam
926 1798 1255 1868 prophetam
1302 1808 1654 1870 protestatur,
1685 1809 1760 1869 et,
1794 1796 1842 1855 B
1871 1805 1976 1861 tus,
2011 1806 2202 1867 postea
2227 1798 2389 1854 etiam
2421 1814 2516 1869 per
2548 1800 2889 1857 Ezechielem
2923 1803 3237 1871 prophetam
3271 1803 3460 1858 Domi-

148 1908 293 1949 cum
341 1908 569 1950 necesse
626 1893 808 1958 fuerit,
856 1893 1239 1949 incunctanter
1276 1909 1428 1949 suam
1462 1908 1521 1950 se
1551 1905 1769 1950 senten-

154 1988 300 2042 tiam
331 1996 664 2041 mutaturum
696 1999 794 2055 pro
825 1986 1027 2041 nostris
1055 1985 1264 2041 meritis
1294 1987 1652 2056 repromittit,
1682 1987 1765 2041 di-

153 2094 343 2134 cens:
395 2079 620 2147 Repente
674 2076 859 2148 loquar
902 2078 1148 2131 adversus
1188 2088 1384 2151 gentem
1428 2086 1476 2132 et
1520 2080 1765 2133 adversus

152 2191 411 2245 regnum,
469 2182 522 2227 ut
553 2172 767 2227 evellam
810 2181 857 2226 et
888 2173 1148 2227 destruam
1178 2181 1226 2227 et
1278 2172 1577 2243 disperdam
1604 2172 1760 2226 illud.

159 2268 231 2323 Si
261 2265 611 2337 paenitentiam
638 2264 795 2337 egerit
833 2280 955 2335 gens
996 2265 1091 2319 illa
1134 2282 1165 2318 a
1205 2264 1343 2317 malo
1371 2264 1511 2335 quod
1560 2264 1763 2317 locutus

155 2376 283 2413 sum
329 2358 575 2410 adversus
616 2373 752 2422 eam,
804 2373 956 2426 agam
1008 2366 1057 2411 et
1083 2373 1180 2428 ego
1220 2356 1570 2426 pwnitentiam
1606 2371 1764 2426 super

162 2449 366 2502 malum
392 2448 526 2517 quod
551 2449 768 2519 cogitavi
794 2457 849 2500 ut
874 2448 1095 2518 facerem
1116 2448 1181 2501 ei.
1213 2445 1276 2500 Et
1301 2448 1468 2501 subito
1491 2448 1674 2517 loquar
1700 2446 1765 2500 de

158 2550 316 2611 gente
346 2551 392 2594 et
423 2558 599 2611 regno,
636 2551 690 2594 ut
719 2542 969 2607 wdiﬁcem
1014 2550 1059 2594 et
1089 2540 1320 2611 plantem
1351 2540 1507 2595 illud.
1544 2538 1605 2593 Si
1633 2540 1763 2609 fece-

161 2637 233 2688 rit
259 2636 458 2689 malum
482 2636 534 2689 in
566 2634 730 2688 oculis
757 2633 907 2700 meis,
938 2643 993 2687 ut
1022 2650 1125 2687 non
1154 2634 1337 2686 audiat
1374 2647 1547 2685 vocem
1575 2648 1758 2697 meam,

163 2727 519 2797 paenitentiam
560 2743 713 2796 agam
754 2740 909 2792 super
938 2727 1127 2779 bonum
1165 2723 1302 2794 quod
1332 2722 1534 2777 locutus
1564 2738 1679 2776 sum
1706 2730 1762 2775 ut

167 2826 393 2891 facerem
426 2822 472 2873 ei
512 2820 727 2891 (Jerem.
762 2820 875 2888 xv).
909 2819 993 2874 Ad
1033 2816 1374 2873 Ezechielem
1403 2832 1615 2888 quoque
1646 2816 1758 2871 ait:

170 2914 302 2970 Noli
322 2915 619 2969 subtrahere
658 2912 884 2978 verbum,
927 2913 972 2965 si
1001 2915 1136 2983 forte
1161 2911 1396 2976 audiant,
1421 2919 1468 2965 et
1493 2919 1761 2965 converta-

169 3022 256 3062 tur
278 3009 629 3080 unusquisque
655 3024 685 3060 a
708 3008 792 3060 via
827 3022 921 3060 sua
948 3004 1107 3071 .nalu,
1137 3012 1185 3059 et
1228 3004 1488 3074 pwnitebit
1527 3003 1761 3057 me-mali

168 3102 309 3171 quod
346 3102 559 3171 cogitavi
609 3104 778 3171 facere
816 3100 886 3152 eis
928 3105 1136 3169 propter
1180 3097 1434 3150 malitiam
1471 3096 1759 3150 studiorum

1874 1904 1976 1944 nus
2016 1899 2349 1960 protestatur
2386 1906 2511 1946 cum
2549 1893 2800 1948 omnibus
2836 1908 2895 1947 se
2938 1892 3247 1948 hominibus
3284 1894 3461 1963 quoti-

1872 1982 2033 2039 diano
2084 1994 2361 2055 gesturum
2403 2000 2521 2041 esse
2566 1987 2772 2057 judicio
2806 2003 2817 2040 :
2854 1986 3074 2041 Etiamsi
3114 1988 3328 2056 dixero,
3372 1988 3460 2043 ino

1869 2076 2062 2147 quiens
2096 2077 2311 2150 (Ezech.
2347 2080 2565 2149 xxxut),
2594 2082 2731 2148 iusto
2759 2084 2900 2152 quod
2935 2082 3037 2135 vita
3067 2082 3219 2149 vivat,
3251 2091 3300 2137 et
3337 2098 3460 2137 con-

1868 2170 2001 2237 ﬁsus
2029 2172 2083 2224 in
2116 2172 2326 2239 justitia
2354 2189 2451 2226 sua
2480 2174 2659 2244 fecerit
2686 2174 3020 2244 iniquitatem,
3043 2190 3217 2229 omnes
3237 2175 3460 2244 justitiw

1867 2262 1980 2330 ejus
2004 2261 2246 2316 oblivioni
2273 2264 2564 2329 tradentur,
2597 2274 2641 2318 et
2661 2265 2716 2318 in
2743 2266 3011 2334 iniquitate
3031 2281 3186 2334 quam
3214 2273 3458 2336 aperatus

1867 2362 1942 2406 est
1969 2355 2024 2407 in
2055 2356 2172 2423 ipsa
2201 2357 2469 2410 morietur.
2514 2355 2611 2409 Sin
2657 2366 2828 2411 autem
2857 2356 3036 2410 dixero
3076 2357 3256 2426 impio,
3288 2356 3458 2411 Morte

1866 2447 2124 2511 morieris,
2152 2456 2197 2500 et
2219 2448 2378 2519 egerit
2398 2448 2743 2517 paenitentiam
2766 2464 2797 2500 a
2816 2457 3023 2518 peccato
3044 2464 3157 2512 suo,
3185 2449 3459 2519 feceritque

1856 2540 2121 2612 judicium
2163 2550 2209 2595 et
2245 2541 2528 2613 justitiam,
2572 2541 2757 2611 pignus
2798 2539 3079 2594 restituerit
3118 2539 3207 2594 ille
3242 2540 3452 2611 impius,

1865 2634 2201 2703 rapinamque
2228 2632 2533 2698 reddiderit,
2575 2633 2630 2685 in
2672 2631 2930 2686 mandatis
2964 2633 3083 2686 vita:
3120 2631 3457 2686 ambulaverit

1866 2742 1957 2780 nec
1987 2727 2161 2797 fecerit
2184 2726 2466 2797 quidquam
2488 2727 2762 2797 injustum,
2785 2725 2887 2779 vita
2914 2725 3043 2779 vivet
3070 2732 3115 2778 et
3143 2740 3247 2778 non
3270 2724 3457 2778 morie-

1866 2829 1981 2885 tur;
2004 2820 2177 2873 omnia
2204 2830 2415 2890 pcccata
2445 2822 2558 2886 ejus
2584 2834 2700 2888 quae
2723 2818 2967 2885 peccarit,
3000 2833 3101 2871 non
3126 2815 3459 2887 imputaban-

1867 2921 1951 2967 tur
1979 2914 2045 2967 ei.
2078 2913 2325 2983 Denique
2346 2927 2469 2967 cum
2493 2913 2560 2967 ab
2589 2913 2679 2967 illo
2707 2912 2908 2982 populo
2929 2926 3089 2982 quem
3116 2925 3183 2967 ex
3205 2910 3458 2967 omnibus

1865 3006 2117 3076 gentibus
2148 3006 2411 3061 Dominus
2443 3004 2737 3076 adoptavit,
2781 3013 3003 3074 prOpter
3043 3003 3276 3058 subitam
3306 3003 3459 3059 vituli

1866 3099 2368 3169 praevaricationem
2409 3098 2797 3155 misericordia:
2836 3112 2947 3153 suze
2976 3098 3262 3153 avertisset
3303 3111 3460 3165 aspc-

172 3212 346 3250 eorum
376 3193 588 3263 (Jerem.
643 3192 813 3261 xxvr).
848 3192 1059 3260 Quibus
1096 3191 1423 3247 testimoniis
1453 3188 1761 3244 declaratur
1789 3175 1836 3241 C
1866 3200 2010 3246 ctum
2035 3233 2050 3258 ,
2103 3190 2476 3247 interveniens
2523 3206 2621 3260 pro
2684 3205 2749 3245 eo
2812 3189 3093 3260 legislator
3125 3230 3140 3256 ,
3195 3188 3464 3245 exclamat

174 3304 284 3343 non
324 3296 576 3357 oportere
616 3294 677 3341 ut
717 3285 1068 3355 pertinaciter
1110 3285 1166 3339 in
1203 3283 1401 3339 nostris
1430 3281 1760 3338 definitioni-

178 3381 277 3435 bus
307 3380 626 3446 htcreamus,
652 3380 745 3434 sed
772 3380 978 3433 ratione
1005 3392 1098 3433 eas
1131 3391 1193 3432 ac
1220 3374 1426 3446 judicio
1450 3385 1760 3446 temperan-

176 3473 297 3537 das,
323 3486 641 3543 semperque
662 3471 1002 3542 przelegenda
1036 3486 1098 3526 ac:
1124 3469 1466 3541 praeferenda
1498 3484 1619 3526 esse
1649 3485 1761 3527 me-

180 3566 349 3620 liora:
400 3574 455 3620 et
485 3564 551 3618 ad
584 3564 728 3618 illam
758 3580 880 3634 quae
925 3563 1105 3618 utilior
1127 3562 1419 3632 diiudicata
1448 3561 1609 3618 fuerit
1640 3576 1765 3629 par-

185 3670 289 3713 tem
313 3656 428 3713 sine
454 3656 808 3712 cunctatione
838 3656 1010 3726 aliqua
1042 3654 1450 3711 transeundum.

733 3749 961 3806 CAPUT
1004 3745 1191 3805 XXVI.

184 3847 327 3914 Quod
359 3863 462 3902 non
488 3846 772 3901 secundum
800 3846 1192 3899 immensitatem
1219 3843 1555 3914 prazscientiaz
1584 3842 1762 3895 divina

250 3941 535 4006 clementia,
578 3939 667 3992 sed
706 3940 986 3992 secundum
1016 3943 1289 4007 prasentes
1316 3943 1461 3989 actus
1486 3932 1562 3987 vel
1587 3949 1762 4013 remu-

251 4045 382 4089 neret
414 4049 825 4103 unumquemque
851 4034 927 4088 vel
963 4032 1162 4103 puniat.

251 4126 376 4180 Illud
395 4126 559 4180 etiam
586 4140 699 4194 prae
720 4124 974 4180 omnibus
990 4123 1385 4179 inaestimabilis
1410 4121 1501 4178 illa
1525 4136 1759 4178 censura

185 4235 282 4275 nos
304 4220 523 4275 instruit
548 4218 693 4290 quod
722 4234 844 4274 cum
876 4220 946 4274 sit
970 4218 1021 4273 ei
1050 4226 1177 4274 ante
1203 4227 1384 4273 ortum
1410 4216 1757 4287 uniuscujus-

182 4327 285 4383 quc
314 4311 670 4380 prtecognitus
707 4310 853 4378 ﬁnis,
891 4310 965 4365 ita
994 4308 1245 4367 ordinate
1275 4324 1339 4365 ac
1368 4310 1579 4365 ratione
1610 4323 1761 4364 com-

181 4401 323 4458 muni
384 4410 438 4457 et
492 4401 746 4457 humanis
792 4401 1193 4473 quodammodo
1252 4402 1432 4457 omnia
1478 4402 1759 4473 dispensat

180 4497 471 4562 affectibus,
510 4505 572 4551 ut
599 4511 709 4551 non
737 4495 1112 4566 potentialiter
1153 4512 1256 4553 nec
1282 4496 1583 4553 secundum
1610 4511 1755 4566 prae-

1868 3283 2064 3356 (Exod.
2098 3282 2273 3353 χχιιι)
2318 3300 2331 3336 :
2384 3281 2630 3348 Obsecro,
2681 3281 2921 3351 Domine,
2966 3281 3191 3352 peccavit
3234 3281 3461 3351 populus

1864 3377 1960 3431 iste
1989 3387 2255 3447 peccatum
2283 3391 2572 3448 magnum:
2605 3378 2836 3445 fecerunt
2878 3373 2971 3428 sibi
3010 3374 3129 3428 deos
3167 3387 3386 3438 aureos;
3413 3380 3464 3426 et

1866 3486 2004 3525 nunc
2034 3471 2075 3524 si
2102 3470 2318 3525 remittis
2359 3478 2631 3539 peccatum
2665 3484 2867 3533 eorum,
2910 3468 3143 3531 remitte;
3192 3466 3273 3518 sin
3303 3463 3461 3530 alias,

1866 3564 1981 3618 dele
2004 3579 2084 3617 me
2111 3564 2173 3616 de
2198 3562 2328 3616 libro
2356 3577 2507 3631 quem
2537 3560 2808 3630 scripsisti.
2845 3558 2942 3614 Cui
2966 3557 3247 3628 respondit
3270 3554 3462 3610 Domi-

1867 3672 1967 3712 nus
1993 3675 2004 3709 :
2032 3656 2093 3712 Si
2121 3656 2257 3727 quis,
2288 3655 2493 3727 inquit,
2518 3653 2799 3722 peccaverit
2824 3667 2995 3705 coram
3026 3667 3125 3717 me,
3148 3649 3323 3703 delebo
3345 3665 3463 3702 eum

1866 3750 1930 3803 de
1966 3748 2096 3802 libro
2124 3762 2256 3799 meo.
2300 3745 2471 3798 David
2515 3757 2729 3813 quoque
2769 3742 2897 3796 dum
2927 3741 2995 3797 de
3023 3740 3161 3796 Juda
3194 3749 3250 3794 et
3277 3754 3464 3807 perse-

1865 3840 2143 3895 cutoribus
2171 3837 2368 3893 Christi
2402 3835 2719 3905 pr0phetico
2745 3834 2943 3903 spiritu
2973 3838 3321 3903 quereretur,
3355 3829 3464 3884 De-

1865 3936 2083 3996 leantur,
2109 3930 2299 4000 inquit,
2329 3929 2392 3983 de
2414 3929 2544 3982 libro
2570 3928 2870 3981 viventium.
2897 3926 2964 3981 Et
2990 3924 3115 3993 quia
3148 3937 3255 3978 non
3285 3937 3458 3977 mere-

1865 4026 2061 4081 bantur
2107 4023 2176 4079 ad
2221 4021 2594 4093 panitentiam
2644 4020 2941 4077 salutarem
2990 4031 3090 4088 pro
3128 4024 3284 4072 reatu
3324 4018 3462 4073 tanti

1863 4119 2107 4177 criminis
2153 4118 2464 4191 pervenire,
2510 4114 2788 4187 subiungit
2832 4130 2846 4169 :
2890 4111 2958 4166 Et
2996 4127 3111 4165 cum
3149 4108 3315 4183 justis
3357 4125 3461 4164 non

1863 4212 2155 4269 scribantur
2194 4211 2372 4282 (Psal.
2420 4210 2630 4277 mm).
2669 4208 2917 4279 Denique
2956 4207 3010 4262 in
3052 4206 3169 4276 ipso
3212 4202 3347 4259 Juda
3377 4203 3461 4258 vis

1866 4308 2195 4381 propheticus
2217 4304 2613 4363 maledictionis
2634 4301 2915 4358 evidenter
2936 4300 3155 4371 impleta
3182 4306 3301 4361 est;
3333 4313 3457 4353 nam

1863 4400 2082 4471 expleto
2140 4395 2461 4469 proditionis
2517 4394 2746 4452 crimine
2808 4391 3085 4465 suspendio
3140 4406 3195 4445 se
3260 4391 3460 4446 necavit

1864 4492 2082 4565 (Matth.
2126 4490 2322 4563 xxvii),
2356 4504 2425 4545 ne
2453 4488 2498 4543 si
2530 4496 2653 4558 post
2681 4486 2825 4541 illam
2855 4485 3181 4542 delationem
3219 4482 3459 4537 nominis

181 4593 406 4648 scientiae
455 4605 570 4647 suae
610 4589 944 4647 ineﬂ'abilem
992 4591 1263 4660 notitiam,
1308 4591 1404 4647 sed
1453 4591 1753 4648 secundum
1784 4561 1840 4623 Ῑ)
1864 4588 1950 4645 sui
1994 4600 2292 4644 conversus
2329 4585 2397 4640 ad
2448 4582 2820 4661 pmnitentiam
2865 4588 3035 4647 esset,
3090 4580 3286 4634 iterum
3333 4591 3455 4631 cum

181 4693 462 4755 praesentes
494 4684 777 4739 hominum
819 4694 973 4740 actus
1001 4686 1260 4741 universa
1297 4684 1639 4755 dijudicans,
1672 4684 1757 4739 vel

178 4784 385 4848 respuat
409 4792 846 4850 unumquemque
882 4778 967 4835 vel
1010 4779 1277 4845 attrahat,
1312 4788 1365 4835 et
1394 4779 1478 4834 vel
1510 4777 1757 4834 infundat

1863 4684 2025 4755 justis
2059 4682 2221 4738 scribi
2252 4686 2557 4737 mereretur
2586 4677 2639 4733 in
2667 4675 2828 4735 caelo.
2866 4674 2983 4731 Non
3014 4688 3144 4744 ergo
3173 4681 3257 4729 est
3280 4672 3457 4729 ambi-

1866 4775 2124 4848 gendum,
2165 4774 2330 4830 etiam
2362 4771 2517 4829 Judae
2548 4785 2745 4828 nomen
2786 4768 2883 4826 illo
2924 4778 3171 4839 tempore
3209 4781 3317 4837 quo
3346 4765 3459 4821 ele-

1245 4940 1505 5021 ALARDI
1546 4940 1782 4998 GAZZEI
1818 4936 2380 4999 COMMENTARIUS.

242 5089 265 5117 ει
287 5079 343 5133 D.
360 5076 650 5146 Gregorius
673 5075 765 5149 (In
787 5076 808 5130 Ι
833 5075 957 5143 Reg.
973 5076 1068 5144 xv)
1088 5092 1099 5127 :
1121 5074 1259 5149 Quid
1281 5075 1738 5149 est,inquit,quod

176 5152 399 5221 ptenitere
408 5144 655 5221 Dominus
680 5144 888 5214 dicitur,
907 5164 1022 5221 cum
1035 5147 1223 5221 mutari
1235 5144 1502 5221 aﬂ'ectibus
1516 5144 1618 5221 non
1631 5162 1740 5221 cre-

176 5217 465 5275 datur?Sed
488 5219 610 5287 quia
640 5235 759 5271 cum
788 5220 1116 5271 mutabilibus
1137 5233 1336 5270 summa
1354 5217 1741 5271 immutabilitas

174 5294 404 5362 loquitur,
421 5306 562 5344 more
582 5306 757 5343 eorum
778 5290 1081 5358 quibuscum
1105 5289 1483 5362 loquitur,dum
1506 5290 1744 5356 pwnitere

174 5360 362 5431 dicitur,
388 5362 660 5429 displicere
680 5362 771 5413 sibi
788 5361 1123 5431 superborum
1147 5360 1403 5431 temeritas
1420 5360 1743 5431 designatur.

174 5429 410 5487 Pmnitere
434 5433 569 5487 enim
597 5432 844 5497 solemus,
870 5447 983 5484 cum
1002 5430 1141 5483 mala
1168 5430 1311 5482 nobis
1329 5429 1407 5483 illi
1431 5429 1740 5497 retribuunt,

172 5506 339 5571 quibus
367 5521 460 5559 nos
491 5504 710 5558 honores
752 5512 842 5555 aut
876 5501 1013 5555 dona
1044 5502 1352 5571 impendisse
1381 5516 1739 5555 memorantur.

175 5569 295 5644 Quia
336 5593 451 5648 ergo
491 5590 633 5648 more
672 5572 1199 5648 nostroqomnipoteus
1249 5569 1386 5625 Deus
1432 5572 1494 5648 de
1538 5572 1746 5639 superbi

169 5643 293 5717 regis
314 5643 685 5717 ing'ratitudine
713 5646 969 5717 queritur,
999 5643 1303 5717 dignitatern
1346 5643 1538 5712 regiam
1566 5653 1743 5717 contu-

167 5712 280 5783 lisse
304 5734 351 5770 se
368 5712 454 5772 illi
494 5712 736 5784 pwnitere
764 5713 1075 5783 perhibetur.
1122 5712 1273 5777 Quod
1290 5718 1524 5784 profecto
1554 5713 1621 5765 ad
1649 5730 1743 5766 cu-

170 5791 355 5856 mulum
383 5803 584 5859 magna:
621 5787 971 5841 damnationis
1015 5784 1079 5840 de
1122 5783 1355 5857 superbis
1395 5785 1584 5841 dicitur
1621 5785 1741 5853 quia

1848 5075 1984 5144 quod
2014 5083 2152 5132 sunt.
2179 5076 2295 5145 jam
2326 5089 2429 5145 non
2456 5074 2526 5145 ad
2557 5071 2818 5135 meritum,
2831 5067 2940 5145 _sed
2962 5067 3045 5145 _ad
3077 5073 3453 5145 pwnaanttnt.

1850 5136 1936 5217 qui
1978 5148 2030 5200 in
2076 5136 2335 5199 voluntate
2367 5144 2603 5217 Deiinon
2647 5152 2795 5217 sunt.
2824 5138 3080 5194 Paenitere
3106 5153 3225 5207 ergo
3242 5136 3355 5217 _Dei
3387 5148 3462 5188 est

1850 5207 2166 5273 voluntatem
2214 5217 2268 5269 in
2313 5216 2544 5287 reprobis
2574 5232 2675 5269 non
2706 5212 2911 5287 habere,
2941 5226 3055 5263 cum
3086 5225 3118 5260 a
3148 5207 3457 5287 se_honores

1852 5291 2107 5372 impensas
2136 5277 2394 5351 meminit}
2438 5288 2527 5372 sed
2555 5295 2641 5341 eds
2678 5286 2861 5372 quibus
2886 5282 3020 5335 bona
3050 5280 3289 5361 contulit,
3322 5277 3457 5372 male

1854 5354 1934 5414 uti
1959 5360 2103 5414 bonis
2134 5375 2249 5429 qua:
2276 5357 2497 5412 contulit
2526 5357 2776 5427 agnoscit.
2813 5354 2965 5429 [iane
2985 5354 3181 5429 quippe
3210 5354 3455 5429 perniten-

1855 5432 1978 5484 tiam
2008 5422 2156 5485 suam
2192 5430 2325 5483 Deus
2352 5431 2472 5483 aliis
2498 5422 2658 5483 verbis
2684 5444 2774 5496 per
2804 5423 3122 5496 Malachiam
3150 5422 3455 5496 prophetam

1853 5501 2055 5556 Judteis
2084 5502 2313 5554 insinuat
2342 5501 2517 5555 dicens
2547 5491 2699 5570 (Cap.
2733 5500 2774 5569 ι)
2809 5516 2822 5552 :
2854 5495 3083 5570 Non_e_st
3113 5491 3240 5570 mihi
3269 5492 3455 5544 volun-

1855 5583 1934 5626 tas
1961 5574 2015 5626 in
2048 5571 2210 5639 vobis,
2263 5582 2312 5627 et
2358 5563 2671 5640 sacrificium
2723 5563 2823 5625 non
2860 5564 3144 5640 suscipiam
3180 5563 3254 5640 de
3300 5577 3457 5640 manu

1853 5654 2037 5698 vestra.
2073 5632 2208 5697 Vide
2238 5644 2299 5696 D.
2330 5632 2677 5696 Ambrosium
2710 5640 2804 5695 lib.
2830 5640 2901 5695 de
2929 5632 3068 5694 Ama
3091 5644 3148 5690 et
3179 5632 3292 5688 Noe
3316 5647 3364 5686 c.
3394 5632 3453 5696 4;

1854 5716 1911 5767 S.
1948 5714 2306 5784 Augustinum
2352 5714 2418 5769 de
2453 5710 2613 5767 Civit.
2662 5712 2755 5767 Dei
2785 5712 2883 5767 lib.
2926 5722 2995 5764 xv
3035 5719 3159 5777 cap.
3184 5704 3278 5775 25,
3308 5709 3365 5760 et
3391 5703 3454 5758 ὃ.

1852 5784 2114 5842 Thomam
2150 5794 2290 5856 part.
2321 5801 2360 5854 ι,
2388 5800 2444 5855 q.
2479 5784 2567 5853 i9,
2597 5792 2701 5840 art.
2732 5784 2788 5839 7.
