4044 6190
576 237 716 308 i083

580 451 715 508 libro
745 453 1035 512 viventium
1067 458 1232 516 fuisse
1265 463 1662 534 conscriptum,
1703 481 1766 522 ac
1807 469 2007 538 pariter
2035 485 2158 526 eum

575 547 790 604 audisse
817 565 938 604 cum
969 553 1184 608 caeteris
1222 571 1236 608 :
1283 555 1464 612 Nolite
1503 561 1730 630 gaudere
1756 563 1880 630 quia
1907 564 2162 620 daemonia

574 637 714 696 vobis
753 641 1122 710 subjiciuntur,
1161 646 1377 716 gaudete
1403 655 1578 704 autem
1607 653 1728 722 quia
1753 655 1966 710 nomina
1998 667 2164 714 vestra

573 731 768 800 scripta
809 743 930 786 sunt
968 735 1104 790 catis
1153 735 1333 804 (ιυτω
1375 741 1452 811 x).
1493 741 1600 798 Sed
1647 747 1774 814 quia
1819 745 2164 820 philargyria:

575 832 727 894 peste
758 835 1072 896 corruptus,
1119 829 1188 884 de
1230 833 1556 904 ascriptione
1595 839 1802 894 calesti
1845 841 1910 896 ad
1951 853 2162 900 terrena

575 913 819 982 dejectus
849 925 953 984 est,
989 931 1362 990 competenter
1389 925 1454 980 de
1481 941 1547 982 eo
1577 944 1640 984 ac
1667 929 1734 986 dc
1759 931 2027 988 similibus
2050 936 2166 1004 ejus

575 1005 778 1062 dicitur
805 1023 904 1078 per
935 1012 1249 1082 prophetam
1295 1033 1310 1072 :
1356 1017 1588 1088 Domine,
1625 1037 1798 1080 omnes
1827 1025 1914 1096 qui
1945 1034 1992 1082 te
2019 1027 2168 1080 dere-

575 1097 836 1170 linquunt,
864 1105 1275 1176 confundantur,
1311 1117 1603 1170 recedentes
1648 1134 1682 1174 a
1719 1127 1766 1174 te
1795 1119 1847 1172 in
1877 1129 2014 1174 terra
2043 1121 2169 1176 scri-

577 1191 794 1261 bantur;
833 1199 954 1266 quia
981 1199 1368 1278 dereliquerunt
1398 1222 1580 1262 venam
1617 1226 1868 1280 aquarum
1896 1213 2169 1268 viventium

575 1282 854 1342 Dominum
889 1289 1105 1360 (Jerem.
1139 1293 1292 1366 xvtt).
1333 1297 1398 1352 Et
1425 1298 1595 1354 alibi:
1631 1300 1699 1356 In
1729 1303 1945 1358 consilio
1985 1305 2166 1374 populi

575 1379 675 1432 mei
703 1397 804 1436 non
835 1393 1006 1452 erunt,
1050 1395 1098 1440 et
1137 1391 1190 1441 in
1227 1390 1484 1456 scriptura
1511 1393 1694 1450 domus
1721 1391 1889 1448 Israel
1917 1411 2018 1450 non
2039 1396 2168 1450 scri-

577 1471 828 1544 bentur,et
843 1477 894 1530 in
917 1489 1107 1532 terram
1125 1479 1292 1536 Israel
1313 1499 1418 1538 non
1433 1485 1784 1556 iugredieutur
1801 1487 2162 1558 (Ezechnuu).

1633 259 1918 318 JOANNIS
1955 261 2270 320 CASSIANI
2307 263 2804 326 COLLATIONBS.

575 373 696 418 ctus
727 376 758 416 a
785 363 1006 422 Christo
1045 369 1379 437 apostolatus
1419 373 1643 430 sortitus
1685 384 1770 432 est
1805 376 2056 448 gradum,
2095 379 2159 434 in
2187 388 2242 450 Α

3717 271 3860 346 ιδεμ

2817 381 3045 442 CAPUT
3083 379 3302 454 XXVII.

2267 558 2416 626 Quod
2441 562 2606 616 sancti
2635 561 2731 616 viri
2757 565 3039 634 pertinaces
3081 581 3142 618 ac
3183 565 3305 622 duri
3343 581 3455 624 esse
3483 583 3588 624 non
3617 581 3856 640 possunt.

2335 741 2444 796 Nec
2473 740 2619 796 illius
2636 743 2896 812 praecepti
2919 742 3123 800 utilitas
3144 751 3226 798 est
3251 743 3484 814 silenda,
3517 746 3666 818 quod
3699 748 3856 804 etiam

2267 835 2310 888 si
2344 834 2634 904 instigante
2659 833 2731 887 ita
2765 833 2846 888 vel
2889 835 3128 906 qualibet
3163 835 3266 890 alia
3303 838 3576 905 passione,
3610 847 3639 876 ι
3670 854 3856 896 sacra-

2272 938 2458 982 mento
2481 941 2580 980 nos
2603 927 2781 996 aliquo
2795 927 3151 995 vinxeriutus,
3178 927 3322 998 quod
3345 944 3373 982 a
3401 931 3620 987 nemine
3640 933 3860 1004 quidem

2271 1019 2658 1074 monachorum
2705 1019 2819 1074 fieri
2867 1019 3083 1092 penitus
3127 1019 3311 1088 debet,
3357 1022 3639 1094 utriusque
3680 1035 3860 1084 tamen

2269 1113 2348 1167 rei
2377 1127 2539 1168 causa
2579 1113 2788 1184 integro
2839 1114 3036 1168 mentis
3085 1123 3169 1168 est
3213 1113 3486 1184 pensanda
3529 1115 3763 1188 judicio,
3813 1129 3865 1176 et

2271 1207 2632 1276 comparanda
2683 1215 2766 1261 est
2804 1207 2892 1262 illa
2937 1221 3028 1260 res
3069 1222 3228 1278 quam
3275 1208 3584 1274 statuimus,
3629 1211 3758 1266 huic
3799 1213 3864 1268 ad

2273 1315 2428 1369 (piam
2459 1299 2690 1356 transire
2719 1299 3119 1370 compellimur,
3149 1309 3309 1370 atque
3335 1299 3400 1355 ad
3433 1316 3551 1356 eam
3581 1303 3702 1358 sine
3733 1320 3866 1359 cuu-

2274 1395 2512 1450 ctatione
2538 1403 2622 1450 est
2653 1392 3062 1458 transeundum,
3091 1408 3209 1463 qua:
3241 1393 3658 1464 superveniente
3685 1399 3865 1453 senio-

2277 1503 2392 1542 rum
2428 1495 2680 1553 tractatu,
2707 1486 2906 1556 justior
2933 1487 3092 1541 fuerit
3117 1485 3376 1556 judicata.
3407 1485 3435 1526 δ
3465 1485 3688 1545 Rectius
3719 1492 3864 1548 enim

1649 1621 1908 1678 ALARDI
1947 1622 2176 1678 GAZAEI
2213 1619 2784 1676 COMMENTARIUS.

650 1739 685 1810 ﬁ
705 1729 759 1784 ld
787 1741 894 1810 est,
926 1741 1074 1802 voto,
1101 1733 1411 1810 iuramento
1442 1735 1915 1810 vel_promi_ssione
1949 1735 2162 1810 obliga-
2196 1718 2241 1777 Β
2269 1735 2590 1810 redderetur
2619 1733 2871 1810 inhabilis
2913 1741 2967 1810 et
3003 1733 3228 1810 ineptus
3252 1732 3318 1788 ad
3350 1735 3452 1789 alia
3485 1736 3666 1810 munia
3701 1741 3869 1810 magis

577 1803 830 1876 verimusi
857 1804 1272 1876 Sicramentum
1315 1805 1480 1870 enim,
1525 1805 1688 1861 Festo
1719 1808 2041 1876 interprete,
2073 1807 2158 1859 di-

577 1873 716 1952 ciiur
745 1874 1000 1952 quidquid
1039 1875 1394 1944 jurejurando
1425 1878 1742 1952 interposito
1769 1873 1996 1948 geritur.
2041 1879 2159 1944 Quo

577 1943 738 1996 etiam
773 1943 929 1996 modo
959 1943 1140 1999 noster
1166 1943 1358 2002 auctor
1391 1943 1634 2010 usurpat.
1679 1943 1812 2002 Hinc
1849 1943 2159 2004 sacramen-

576 2019 688 2086 tum
716 2012 944 2086 militare
966 2015 1262 2080 dicebatur,
1299 2033 1404 2086 quo
1433 2019 1630 2072 milites
1659 2019 1710 2072 in
1739 2019 1898 2073 verba
1930 2019 2158 2082 impera-

577 2083 716 2157 toris»
745 2085 824 2136 sui
863 2085 1138 2152 jnrabant.
1183 2083 1350 2142 Porro
1388 2087 1572 2157 jurare
1601 2097 1749 2144 extra
1781 2091 2160 2144 necessitatem

579 2155 809 2228 maxime
851 2157 1076 2212 dedecet
1106 2155 1403 2228 religiosos
1424 2171 1478 2214 et
1523 2161 1686 2216 Deum
1721 2161 1994 2226 timentes,
2029 2176 2164 2226 prte-

578 2225 766 2300 scrlint
803 2243 870 2281 ex
901 2228 977 2282 ira
1009 2239 1100 2283 aut
1126 2225 1231 2300 alia
1263 2231 1536 2300 passione,
1569 2243 1622 2286 ut
1653 2232 1738 2286 hic
1779 2231 1993 2286 dicitur.
2031 2225 2164 2285 llinc

583 2295 1038 2374 l)._llicrm_iymtts
1070 2301 1134 2354 ad
1164 2295 1480 2356 Coel-nntium
1523 2295 1713 2374 (Epist.
1761 2301 1870 2372 xw)
1907 2322 1918 2354 :
1955 2301 2164 2374 Mentiri

579 2375 625 2418 et
645 2370 828 2443 jurure
852 2369 1030 2439 lingua
1059 2383 1144 2424 tua
1173 2389 1380 2436 prorsus
1411 2369 1628 2442 ignorel,
1662 2369 1932 2443 tantusque
1957 2375 2008 2425 in
2033 2383 2080 2426 te
2101 2373 2166 2426 sit

579 2440 683 2516 ueri
712 2455 874 2516 arnor,
909 2453 962 2494 ut
991 2443 1238 2512 quidquid
1276 2440 1492 2510 dixeris,
1527 2448 1769 2516 juratum
1807 2440 1974 2516 putes.
2007 2444 2072 2516 Et
2103 2446 2161 2496 Ι).

583 2508 912 2572 Augustinus
949 2508 1076 2568 ante
1116 2508 1542 2570 conversionem
1576 2531 1728 2570 suam
1773 2508 1839 2570 ad
1875 2515 2164 2581 jnrandum

583 2583 859 2654 proclivis,
909 2583 975 2636 de
1019 2599 1075 2636 se
1117 2585 1222 2651 join
1258 2585 1544 2639 emendato
1581 2595 1637 2638 et
1671 2585 1736 2638 ad
1781 2587 2166 2654 perfectionem

582 2653 1236 2726 evangelica.n_a5pirante
1264 2655 1458 2722 (Serm.
1489 2655 1554 2710 10
1575 2657 1636 2708 de
1659 2653 1889 2726 Sanctis)
1917 2675 1931 2710 :
1955 2655 2158 2710 Timen-

584 2723 669 2787 do,
707 2724 896 2794 inquit,
933 2721 1116 2786 Deum,
1147 2724 1455 2779 abstulimus
1475 2729 1791 2794 iurationem
1829 2721 1892 2780 de
1931 2745 2019 2782 ore
2058 2743 2168 2780 no-

583 2801 708 2872 stro.
737 2792 868 2872 Ecce
887 2794 1136 2872 vobiscum
1159 2797 1388 2872 ria-imus.
1410 2792 1657 2872 Quirites
1679 2799 1878 2872 audivit
1892 2799 2169 2872 aliquando

584 2866 853 2937 iurantes?
878 2877 980 2938 etc.
1019 2866 1203 2938 Exstat
1230 2869 1371 2938 enim
1409 2869 1507 2922 huc
1539 2868 1604 2922 de
1633 2885 1691 2922 re
1726 2866 2041 2938 praeclarum
2071 2869 2168 2923 do-

586 2935 892 2988 etnneutum
923 2935 1218 2990 Innocentii
1253 2937 1316 2992 lll
1355 2939 1623 3008 pontificis
1651 2941 1700 2993 in
1725 2935 1848 3008 jure
1878 2943 2163 3008 canonico,

586 3019 694 3074 quo
744 3009 1036 3062 monachos
1091 3011 1350 3074 quosdam
1399 3009 1654 3064 admonet
1709 3022 1764 3065 et
1816 3012 2032 3066 instruit
2085 3012 2166 3064 his

587 3077 768 3152 verbis
799 3077 943 3152 (Lib:
966 3096 1026 3152 γιι
1077 3080 1272 3152 Decret.
1305 3084 1356 3134 in
1389 3099 1502 3152 cap.
1543 3081 1656 3134 Etsi
1686 3083 1950 3146 Christus,
1983 3085 2060 3136 tit.
2107 3083 2167 3136 de

586 3145 846 3223 Jurejur.)
874 3169 888 3223 ἶ
915 3149 1052 3204 Licet
1081 3150 1305 3205 debeatis
1332 3169 1438 3223 esse
1451 3145 1561 3206 'viri
1591 3153 1820 3222 perfecti,
1847 3165 1899 3206 ut
1925 3145 2172 3223 quantum

592 3221 822 3292 potestis,
861 3221 1150 3292 juramenti
1194 3222 1454 3276 vinculum
1499 3221 1723 3286 evitetis;
1755 3221 1975 3277 volentes
2005 3233 2176 3276 tamen

589 3289 917 3364 indemnitati
943 3294 1099 3346 vestri
1127 3295 1422 3347 monasterii
1453 3293 1738 3364 providere,
1769 3309 1831 3346 ne
1855 3303 2062 3364 prapter
2089 3297 2178 3346 de-

591 3361 788 3436 fectum
817 3364 1042 3436 testium,
1074 3365 1154 3416 sui
1174 3367 1314 3436 juris
1336 3361 1589 3436 sustineat
1617 3361 1910 3436 ltesioneni;
1937 3361 2179 3434 prtesenti

591 3431 731 3504 uobis
755 3435 946 3504 pagina
972 3431 1297 3502 indulqe'mus
1325 3435 1400 3504 (id
1431 3445 1534 3498 est,
1566 3435 1828 3488 indultum
1853 3431 1972 3490 esse
1995 3449 2174 3492 osten-

591 3501 791 3568 dimus,
825 3501 900 3558 ait
933 3507 1133 3631 glossa)
1171 3523 1263 3578 pro
1291 3501 1401 3572 ipso
1431 3504 1695 3574 perhibere
1720 3505 2065 3560 testimonium
2091 3525 2168 3562 ve-

591 3573 753 3628 ritati.
789 3575 911 3630 llaec
983 3577 1185 3631 ontifex
1219 3585 1275 3631 et
1303 3575 1404 3630 alia
1441 3591 1506 3630 ex
1538 3575 1730 3629 eodem
1767 3591 1886 3631 cap.
1925 3581 2168 3631 superius

590 3573 753 3648 ritati.
789 3575 911 3648 litec
940 3573 1185 3632 Pontifex
1219 3585 1275 3632 et
1303 3575 1404 3630 alia
1433 3573 1506 3630 rex
1538 3575 1730 3629 eodem
1767 3591 1886 3645 cap.
1925 3581 2177 3648 superius

592 3645 752 3718 citata
785 3647 888 3714 (Ad
916 3665 1030 3718 cap.
1067 3649 1180 3711 i0).

665 3715 692 3754 δ
719 3717 776 3771 ld
807 3729 908 3788 est,
941 3715 1148 3776 mutare
1177 3719 1532 3788 propositum,
1566 3719 1727 3790 etiam
1758 3729 1882 3774 voto
1913 3727 2006 3776 aut
2027 3721 2175 3790 jura-

595 3797 776 3844 mento
814 3790 1108 3844 firmatum.
1140 3790 1294 3858 Quod
1352 3799 1538 3860 postea
1572 3789 1733 3845 docet
1768 3789 2172 3860 intelligendum

597 3874 704 3914 non
746 3859 813 3915 de
849 3860 1239 3929 principalibus
1290 3859 1553 3913 mandatis
1609 3861 1672 3916 ad
1723 3859 1962 3916 salutem
1993 3873 2175 3914 neces-

596 3932 773 3998 sariis,
829 3933 880 3984 id
926 3941 1027 3996 est,
1073 3931 1140 3984 de
1187 3931 1471 3998 prmceplis
1499 3941 1554 3986 et
1583 3936 1721 3988 votis
1751 3933 2046 4000 religionis,
2077 3929 2174 3984 sed

596 4001 666 4056 de
688 4002 1008 4068 quibusdam
1035 4004 1308 4056 exercitiis
1325 4004 1718 4070 corporalibus,
1743 4006 1796 4060 id
1816 4015 1916 4066 est,
1929 4001 2170 4070 jejuuiis,

597 4073 952 4143 orationibus,
981 4073 1204 4139 aliisque
1231 4075 1656 4138 austeritatibus,
1689 4069 1752 4130 ad
1780 4088 1910 4143 quas
1933 4069 2176 4128 Solebant

597 4143 672 4216 illi
705 4142 950 4216 monachi
983 4143 1212 4198 subinde
1259 4155 1383 4199 voto
1414 4156 1509 4200 aut
1541 4142 1844 4216 iuramento
1872 4147 2083 4199 incaute
2123 4153 2178 4198 et

599 4214 969 4286 imprudenter
1008 4227 1066 4268 se
1103 4216 1425 4284 astringere.
1469 4214 1623 4274 Unde
1652 4227 1836 4286 postea
1863 4220 1914 4270 in
1957 4230 2178 4282 magnos

597 4281 944 4358 conscientiae
973 4287 1256 4358 scrupulos
1284 4281 1340 4344 et
1367 4281 1984 4358 angustias-incidebant
2006 4330 2018 4354 ,
2051 4281 2174 4358 dum

597 4355 1111 4426 supervenientibus
1148 4358 1401 4416 fratribus
1442 4355 1538 4414 aut
1585 4357 1877 4426 peregrinis
1934 4359 2015 4409 vel
2073 4355 2176 4408 alia

597 4439 757 4500 causa
786 4425 1056 4500 exigente,
1087 4431 1539 4500 compellerentur
1559 4425 1756 4500 aliquid
1785 4427 1850 4500 de
1872 4443 1968 4500 sua
1996 4437 2174 4500 auste-

599 4495 762 4571 ritate
794 4495 1066 4568 reloxare,
1103 4495 1286 4571 sicque
1315 4499 1694 4571 \'otil'i-agi,ivel
1723 4497 1940 4571 perjuri,
1975 4496 2056 4571 vel
2097 4497 2178 4548 ni-

599 4567 765 4622 mium
799 4567 1098 4638 pertinaces
1131 4582 1182 4629 et
1203 4567 1492 4628 inhumani
1517 4567 1851 4638 viderentur.
1886 4567 2000 4635 Qua
2033 4567 2084 4620 in
2119 4583 2178 4623 re

597 4639 848 4694 nimirum
903 4641 1230 4700 fallebantur
1279 4643 1374 4705 illi,
1435 4641 1745 4704 ignorantes
1795 4637 2178 4706 obligationem

599 4713 707 4764 voti
745 4721 799 4766 et
823 4712 1136 4783 juramenti,
1171 4724 1223 4766 et
1251 4709 1536 4783 cujuslibet
1581 4707 1952 4783 promissionis
1979 4709 2179 4776 duplici

595 4797 660 4836 ex
689 4780 846 4836 causa
879 4797 1092 4838 cessare
1144 4802 1156 4836 :
1207 4783 1267 4834 1°
1311 4781 1364 4833 Si
1411 4795 1498 4834 res
1540 4787 1632 4832 aut
1661 4795 1800 4846 opus
1822 4780 2058 4849 juratum
2088 4789 2180 4834 aut

599 4855 923 4920 promissum
963 4863 1144 4919 postea
1177 4849 1432 4904 reddatur
1475 4851 1806 4918 impossibile
1842 4851 2050 4919 juranli
2090 4859 2182 4905 aut

599 4926 832 4990 voventi,
867 4924 946 4995 vel
978 4922 1812 4995 illicitum,superiorevetautc
1844 4923 1940 4995 (S.
1991 4923 2174 4976 Thom.

663 4997 712 5056 ἐ,
741 5013 789 5062 q.
822 4993 909 5058 89,
930 5003 1039 5064 art.
1062 4995 1131 5064 77;
1163 4991 1305 5044 Beda
1329 4993 1506 5047 homil.
1539 4993 1630 5058 1'5;
1661 4991 1899 5048 Gratian.
1928 4996 2017 5058 2'2,
2048 5012 2098 5064 q.
2125 4995 2178 5057 4,

593 5083 637 5118 c.
685 5061 1020 5134 Si’uliquid).
1058 5063 1111 5118 In
1145 5065 1225 5118 his
1271 5067 1416 5118 enim
1471 5066 1648 5120 locum
1680 5065 1842 5120 habet
1875 5066 1963 5119 illa
1993 5061 2178 5120 ve'ner.

599 5139 752 5188 lii-dm
781 5135 1049 5190 sententia
1075 5151 1104 5189 a
1131 5135 1388 5192 Gratiano
1408 5141 1570 5191 citata
1603 5154 1614 5188 :
1649 5135 1710 5191 Si
1737 5139 1860 5206 quid
1887 5153 1976 5190 nos
2003 5139 2185 5190 incau-

593 5212 693 5260 tius
714 5209 898 5278 jurare
926 5209 1213 5280 contigerit,
1250 5207 1738 5280 quodobseruatum
1764 5209 1986 5280 pejorem
2009 5216 2184 5278 vergat

593 5283 642 5330 in
693 5277 906 5340 exitum,
952 5277 1105 5332 libere
1146 5277 1282 5332 illud
1327 5277 1601 5332 salubriori
1637 5277 1854 5334 consilio
1882 5277 2180 5332 mutandum

594 5350 903 5424 noverimus,
943 5359 1085 5414 (διε-,ς
1130 5349 1274 5424 quod
1321 5351 1442 5404 aliis
1484 5351 1664 5424 verbis
1705 5352 1792 5405 hic
1820 5351 1986 5404 abbas
2030 5350 2178 5411 dicit,

589 5422 785 5472 rectius
832 5437 938 5482 esse
987 5422 1216 5474 nostrum
1261 5437 1356 5475 nos
1404 5423 1667 5490 praeterire
1693 5438 1996 5482 sermonem,
2029 5437 2182 5490 quant

590 5494 666 5544 rei
695 5492 997 5546 salubrioris
1027 5509 1088 5545 ac
1121 5495 1220 5560 pia?
1250 5493 1424 5546 subire
1447 5498 1726 5564 jacturam.
1757 5493 1814 5547 ‘2'
1843 5495 1897 5547 Si
1930 5509 2032 5546 non
2059 5492 2181 5559 qui-

591 5564 712 5616 dem
763 5579 855 5628 per
897 5577 956 5617 se
1001 5565 1199 5618 malum
1245 5565 1456 5632 evadat,
1506 5567 1649 5634 Quod
1693 5566 1928 5634 juratum
1975 5571 2056 5616 est
2091 5571 2184 5616 aut

591 5637 941 5702 promissum,
969 5635 1060 5688 sed
1093 5645 1267 5688 tamen
1301 5638 1518 5705 majoris
1549 5638 1671 5690 boui
1710 5644 1924 5704 prestat
1959 5634 2181 5702 impedi-

593 5713 834 5780 ineutum
861 5721 898 5780 __:
935 5716 991 5780 ut
1096 5708 1390 5780 monachus
1417 5709 1630 5780 voverit
1671 5709 1822 5775 longa
1864 5715 1921 5762 et
1966 5714 2180 5758 austera

593 5770 816 5840 jejunio,
843 5773 1183 5840 disciplinas,
1221 5777 1370 5830 humi
1401 5777 1737 5843 cubatioues,
1765 5770 1901 5847 'etc.,
1937 5791 2032 5846 per
2059 5791 2179 5846 qua:

2267 1809 2568 1873 Spiritualia
2617 1816 2668 1861 et
2707 1805 2973 1862 salutaria
3019 1805 3296 1868 obeunda;
3343 1813 3436 1860 aut
3477 1808 3522 1860 si
3557 1808 3768 1875 juravit
3794 1805 3870 1866 vso

2267 1881 2467 1934 iturum
2497 1879 2561 1932 ad
2593 1877 2876 1932 ecclesiam
2908 1877 2996 1929 tali
3026 1875 3133 1948 die,
3161 1885 3215 1930 et
3248 1879 3524 1948 contingat
3558 1888 3684 1933 tunc
3717 1879 3903 1948 infir-,

2267 1965 2412 2002 mum
2441 1949 2681 2017 indigere
2709 1948 2824 2015 ejus
2855 1947 3161 2014 prmseutia.
3194 1947 3345 2018 Quod
3373 1949 3518 2002 enim
3551 1947 3862 2018 huiusmodi

2268 2021 2530 2090 promissa
2555 2031 2602 2072 et
2624 2019 2926 2090 jurameuta
2951 2026 3043 2071 aut
3069 2033 3174 2070 non
3202 2017 3442 2090 obligem
3469 2019 3538 2074 ab
3563 2020 3738 2087 initio,
3775 2031 3870 2076 aut

2269 2089 2449 2160 postea
2497 2091 2736 2160 obligare
2791 2089 3058 2160 desinant,
3117 2089 3410 2144 ostendunt
3469 2092 3626 2146 verba
3693 2092 3866 2148 Beda:

2268 2159 2429 2230 supra
2463 2159 2658 2229 posita,
2689 2159 3124 2231 quandoquidem
3153 2160 3437 2216 observata
3469 2163 3710 2231 pejorem
3737 2179 3866 2220 ver-

2265 2229 2396 2302 gant
2433 2232 2486 2302 in
2531 2231 2758 2302 exitum,
2791 2229 2917 2302 dum
2953 2245 3136 2302 perﬁca
3177 2231 3350 2298 maius
3383 2229 3584 2286 bonum
3617 2233 3864 2289 excludi-

2270 2299 2374 2356 iur.
2429 2301 2590 2368 Atqui
2629 2301 2748 2354 talis
2787 2299 2952 2354 fuisse
2981 2301 3195 2354 videtur
3223 2303 3443 2370 sponsio
3483 2303 3594 2372 illa,
3624 2303 3742 2359 sive
3773 2321 3864 2359 vo-

2270 2383 2405 2439 tum,
2439 2373 2554 2426 sive
2600 2373 2979 2436 iurameutum,
3023 2385 3130 2439 quo
3161 2386 3223 2426 se
3267 2372 3558 2429 Cassianus
3599 2389 3723 2430 cum
3767 2392 3864 2430 suo

2268 2443 2538 2500 Germano
2569 2445 2680 2496 suis
2709 2442 3074 2512 sup-ﬁoribus
3124 2451 3182 2498 et
3226 2441 3481 2498 fratribus
3523 2447 3574 2500 in
3607 2447 3864 2502 ρωποι)ὶο

2271 2515 2678 2570 Βθιιιιθθῐιιίιὶρο
2707 2513 3072 2566 obstrinxerat
3093 2513 3234 2568 infra
3261 2513 3528 2569 deﬂuitum
3556 2527 3775 2584 tempus
3799 2517 3864 2571 ad

2271 2585 2656 2639 monasterium
2699 2599 3031 2638 reversuros.
3081 2584 3196 2651 Qua
3238 2593 3408 2638 tamen
3441 2599 3543 2638 non
3576 2586 3868 2652 obstante,

2269 2657 2478 2710 abbatis
2523 2655 2742 2724 .losephi
2781 2655 3118 2709 institutione
3148 2663 3202 2709 et
3229 2655 3488 2720 doctrina,
3541 2665 3599 2710 ut
3637 2657 3692 2710 in
3741 2657 3860 2713 ﬁne

2271 2727 2430 2796 hujus
2453 2726 2761 2781 collationis
2789 2725 3004 2790 dicitur,
3029 2726 3174 2780 velut
3201 2727 3382 2782 divino
3405 2728 3624 2782 oraculo
3649 2728 3860 2784 conr-

2270 2801 2396 2852 mati
2440 2799 2492 2852 iu
2539 2797 2775 2868 [Egypto
2822 2797 3090 2862 residere,
3135 2806 3190 2852 et
3231 2811 3352 2852 cum
3399 2799 3506 2854 illis
3537 2799 3780 2866 patrihus
3807 2809 3864 2854 et

2268 2869 2610 2923 anachoretis
2642 2867 2847 2921 versari
2890 2875 2944 2922 et
2987 2867 3278 2922 convivere
3308 2869 3644 2924 maluerunt:
3686 2869 3864 2924 donec

2270 2939 2488 2994 tandem
2523 2940 2737 3008 expleto
2771 2940 3054 3006 septennio
3101 2938 3167 2992 ad
3218 2953 3372 2994 suum
3417 2939 3719 2995 coenobium
3764 2956 3868 2994 ex-

2270 3025 2550 3065 currentes
2593 3010 2938 3079 sponsionem
2985 3024 3134 3064 suam
3177 3012 3542 3068 exsolverunt.
3578 3011 3692 3066 Huc
3715 3012 3867 3066 enim

2199 3090 2246 3155 α
2276 3085 2539 3164 spectavit
2575 3091 2692 3164 tota
2727 3079 3475 3164 hujusabbatishdisputatio
3515 3095 3569 3138 et
3597 3083 3866 3164 institutio

2283 3153 2335 3206 in
2370 3154 2468 3226 hac
2497 3149 2809 3226 Collatione
2826 3149 2986 3226 (Vide
3005 3169 3118 3226 cup.
3147 3151 3183 3205 2
3208 3149 3410 3226 supra),
3438 3163 3503 3226 ut
3525 3168 3616 3207 eos
3642 3153 3872 3226 doceret

2283 3238 2388 3278 non
2439 3224 2575 3278 bene
2622 3223 2722 3277 sibi
2777 3223 3141 3287 consuluisse,
3175 3223 3286 3280 nec”
3334 3225 3608 3292 Sapienter
3647 3223 3872 3287 fecisse,

2280 3295 2422 3364 quod
2453 3309 2511 3350 se
2537 3305 2644 3348 tam
2673 3295 2860 3348 stricte
2887 3293 2952 3346 ad
2980 3304 3186 3364 certum
3217 3303 3429 3362 tempus
3455 3295 3868 3358 astrinxissent;

2281 3382 2384 3432 qua
2407 3367 2714 3434 conditione
2745 3373 2958 3418 servata
2995 3378 3022 3434 ει
3069 3363 3260 3434 majori
3291 3365 3454 3430 bono,
3485 3365 3538 3420 id
3565 3373 3672 3430 est,
3703 3379 3734 3418 a
3765 3366 3880 3434 spi—

2282 3429 2466 3492 rituali
2514 3433 2769 3504 profectu
2807 3444 2858 3484 et
2891 3429 3236 3504 perfectionis
3285 3429 3464 3488 studio
3511 3451 3576 3490 ac
3626 3429 3882 3490 feliciora

2282 3499 2568 3576 progressu
2593 3503 3036 3576 prohiberemini.
3061 3499 3221 3576 _U_nde
3248 3504 3526 3558 concludit
3553 3520 3651 3576 eos
3685 3506 3882 3574 hujus-

2279 3569 2424 3630 inodi
2472 3569 2780 3646 conditione
2809 3582 2888 3646 et_
2911 3569 3227 3646 deiinitione
3259 3587 3364 3625 non
3405 3575 3600 3640 teneri,
3635 3569 3884 3646 eam-que

2279 3655 2391 3716 tuto
2439 3651 2493 3696 et
2535 3643 2678 3698 salva
2707 3641 3038 3716 conscientia
3071 3649 3588 3716 posseretractare,
3625 3655 3731 3698 aut.
3791 3641 3885 3716 per

2275 3715 2514 3768 ἐπιείκιαν
2558 3711 2844 3767 commode
2891 3711 3238 3779 interpretari
3284 3729 3297 3764 :
3343 3713 3488 3780 quod
3541 3713 3664 3782 ejus
3709 3711 3880 3770 suasu

2274 3785 2436 3838 etiam
2469 3784 2729 3838 fecerunt.
2755 3783 2873 3851 Qua
2902 3785 2954 3837 in
2977 3798 3036 3837 re
3055 3789 3201 3836 certe
3229 3797 3328 3836 nec
3355 3784 3444 3838 ille
3462 3783 3554 3852 qui
3579 3787 3878 3851 consuluit,

2277 3869 2376 3910 nec
2417 3855 2472 3910 hi
2518 3855 2608 3926 qui
2655 3857 3024 3909 consulentem
3067 3853 3378 3926 audierunt,
3407 3853 3662 3926 culpandi
3688 3857 3882 3912 viden-

2279 3937 2396 3994 tur;
2429 3925 2549 3984 nisi’
2574 3926 2717 3996 quod
2749 3927 2840 3982 ille
2884 3927 2984 3982 hac
3021 3925 3303 3980 occasione
3335 3925 3388 3979 in
3419 3925 3790 3982 defensionem
3819 3937 3876 3982 et

2279 3995 2765 4070 propugnationem
2803 3995 3068 4070 mendacii
3098 4011 3126 4050 a
3153 4010 3214 4070 re
3249 3998 3533 4070 pr0posita
3558 4007 3874 4070 extraneum

2280 4067 2331 4124 et
2363 4067 2822 4139 supcrvacaneam
2865 4069 3146 4124 devolutus
3171 4067 3261 4139 sit,
3291 4077 3344 4120 et
3374 4067 3711 4122 mendacium
3761 4071 3874 4135 ple-

2279 4136 2506 4211 rumque
2549 4157 2644 4208 pro
2693 4141 2986 4194 mutatione
3031 4136 3248 4211 consilii
3293 4147 3386 4192 aut
3425 4139 3685 4207 propositi
3718 4153 3874 4193 acce-

2281 4209 2436 4282 perit,
2469 4211 2620 4280 quasi
2671 4211 2812 4282 idem
2839 4209 3148 4282 sitﬂmentiri
3183 4221 3250 4264 ac
3289 4219 3504 4282 mutare
3517 4211 3868 4282 sententiam,

2279 4279 2398 4351 quae
2428 4279 2560 4338 sane
2585 4279 2812 4351 multum
2837 4279 3110 4346 differunt,
3137 4288 3193 4332 ut
3213 4295 3277 4334 ex
3299 4279 3460 4351 dictis
3493 4280 3681 4350 liquet.
3709 4279 3874 4334 Vide-

2282 4349 2438 4407 batur
2467 4349 2732 4421 siqnidem
2765 4353 2866 4404 ista
2896 4359 3000 4404 tam
3033 4351 3176 4406 seria
3207 4360 3261 4404 et
3287 4349 3874 4404 diuturna’connnora-

2285 4424 2358 4477 tio
2389 4425 2440 4476 in
2472 4423 2724 4476 convictu
2773 4430 2828 4476 et
2867 4421 3224 4475 contubernio
3255 4421 3717 4476 sanctissimorum
3749 4437 3874 4475 mo-

2203 4469 2258 4530 Ῑ)
2283 4469 2576 4548 tantum
2594 4469 2601 4472 ⁷
2619 4469 3349 4564 εἴΞηᾶἱιιιόἷέἰᾶἱιῐιῆῇἇᾶἇ
3360 4469 3717 4564 uitiatis"
3735 4469 3877 4564 ot};-

2280 4565 2500 4620 dientia:
2531 4565 2737 4636 legibus
2770 4573 2831 4636 et
2849 4561 3410 4636 disciplinaregulari,
3435 4561 3877 4636 idque_non_alio

2283 4637 2389 4690 line
2419 4629 2708 4708 quam'ad
2733 4629 3006 4708 majorem
3033 4629 3412 4708 perfectionem
3453 4629 3876 4704 adquirendam)

2285 4705 2542 4762 transitus
2585 4706 2800 4776 quidam
2837 4707 2900 4758 ad
2933 4709 3221 4760 arctiorem
3253 4705 3588 4776 religionem,
3623 4715 3656 4754 a
3677 4716 3872 4758 emno-

2281 4779 2441 4834 bitica
2471 4779 2580 4832 vita
2605 4775 2678 4831 ad
2709 4776 3142 4832 anachoreticam
3172 4795 3186 4829 :
3217 4776 3312 4842 qui
3351 4775 3570 4847 quidem
3615 4775 3872 4830 transitus

2282 4865 2313 4904 a
2338 4850 2436 4905 SS.
2473 4849 2722 4903 Patribus
2749 4849 3100 4917 approbatur,
3130 4857 3181 4902 et
3225 4847 3346 4916 jure
3391 4847 3553 4902 etiam
3607 4847 3872 4900 canonico

2283 4920 2622 4985 conceditur,
2653 4920 2814 4989 petita
2845 4921 3182 4987 superiorum
3211 4919 3450 4989 liceniia,
3480 4917 3729 4989 quamvis
3761 4931 3870 4970 non

2284 4991 2523 5058 obtenta,
2546 4987 2668 5062 cap:
2687 4991 2846 5053 Licet,
2871 4990 2932 5062 de
2957 4989 3296 5062 Regularibus
3319 4987 3457 5060 (Lib.
3473 5001 3538 5062 in
3563 4987 3870 5062 Decreial._).

2283 5063 2391 5118 Sed
2419 5063 2497 5118 eis
2520 5057 2752 5116 maiime
2781 5057 3104 5130 suffragatur
3132 5061 3195 5114 D.
3231 5057 3492 5130 Ber‘uafrdi
3517 5057 3784 5130 sententia
3815 5058 3870 5112 in

2284 5135 2422 5189 libro
2441 5135 2510 5189 de
2533 5134 2812 5202 Praecepto
2837 5141 2891 5186 et
2912 5127 3325 5202 Dispensatione
3351 5129 3502 5199 (Cap.
3525 5127 3618 5202 20)
3637 5129 3705 5181 ita
3731 5131 3872 5184 scri-

2285 5207 2495 5262 bentis:
2530 5202 2669 5259 Sane
2697 5201 2760 5257 de
2794 5203 3049 5276 religiosis
3078 5221 3138 5256 ac
3167 5201 3567 5276 beueordinatis
3608 5211 3868 5276 monaste-

2283 5279 2372 5330 riis
2399 5276 2573 5332 nullus
2601 5271 2970 5344 professorum,
2999 5289 3112 5327 meo
3134 5273 3372 5338 consilio,
3402 5290 3463 5328 ne
3494 5271 3732 5344 arctioris
3756 5271 3870 5342 qui-

2283 5349 2400 5404 dem
2421 5349 2534 5402 vitte
2555 5341 2832 5410 desiderio,
2858 5347 2966 5400 sine
2991 5346 3193 5398 licentia
3213 5347 3292 5398 sui
3313 5345 3526 5399 senioris
3548 5341 3862 5412 egredietur.

2284 5418 2538 5490 Egressus
2573 5428 2762 5482 tamen,
2801 5417 2844 5470 si
2889 5415 3070 5490 melius
3117 5416 3374 5490 invenerit
3405 5425 3450 5468 et
3495 5413 3732 5490 elegerit,
3755 5428 3865 5490 meo

2281 5485 2618 5545 nihilominus
2653 5493 2760 5557 iam
2785 5489 3000 5551 consilio
3038 5503 3141 5540 non
3175 5487 3495 5558 regrediatur
3533 5489 3600 5538 ad
3643 5485 3864 5558 inferius

2283 5562 2472 5616 bonum
2503 5555 2954 5632 quod'reliquerat
2973 5568 3022 5614 et
3053 5555 3418 5632 contempserat
3469 5572 3591 5632 prce
3633 5555 3864 5632 meliori;

2283 5629 2566 5705 praesertim
2589 5634 2634 5686 si
2661 5629 2797 5688 illud
2827 5633 3006 5705 melius
3037 5631 3137 5684 tale
3167 5631 3343 5705 fuerit,
3376 5629 3512 5699 quod
3544 5631 3656 5705 ejus
3689 5629 3868 5705 prima:

2283 5699 2594 5776 professioni
2621 5721 2900 5776 congruere
2925 5699 3176 5776 videatur.
3209 5701 3232 5756 Ι
3241 5719 3330 5770 pse
3357 5717 3537 5776 nempe
3558 5699 3742 5752 uiderit
3771 5713 3870 5770 qua

2283 5773 2482 5832 ratione
2505 5792 2667 5848 quave
2691 5773 2976 5832 intentione
3013 5774 3204 5830 altiora
3235 5788 3327 5830 seu
3360 5773 3588 5828 arctiara
3614 5785 3871 5842 prazsum.

2643 5977 2686 5994 ἱ
