4044 6190
221 276 373 340 1085

1251 278 1594 364 COLLATIO
1636 280 1793 338 XVII.
1828 311 1898 326 —
1927 281 2015 339 DE
2055 280 2488 340 DEFINIENDO.

3379 288 3511 353 1086

215 415 304 461 est
338 414 585 462 nostrum
617 416 717 458 nos
752 401 1031 472 praeterire
1059 415 1384 468 sermonem,
1415 415 1574 470 quam
1605 401 1685 457 rei
1713 415 1804 458 sa-
1833 403 1887 463 Α
1914 399 2148 454 mnabile
2174 409 2280 454 est.
2315 400 2393 454 De
2414 399 2519 454 illis
2549 412 2676 454 vero
2697 401 3069 471 corporalibus
3089 409 3364 465 exercitiis
3384 427 3506 480 qua

213 495 480 551 lubrioris
509 511 569 550 ac
597 493 697 564 piae
726 495 910 550 subire
930 493 1220 564 jacturam.
1250 494 1488 566 Denique
1516 511 1806 564 numquam

216 587 582 643 rationabiles
622 602 686 641 ac
731 587 984 656 probatos
1021 596 1204 657 patres
1229 587 1392 642 duros
1416 596 1511 642 aut
1536 588 1807 644 irrevoca-

217 681 363 738 biles
383 684 436 737 in
459 681 758 753 hujusmodi
782 681 1187 737 deﬁnitionibus
1203 681 1372 738 fuisse
1393 683 1806 749 reminiscimur;

215 774 320 830 sed
343 775 494 830 velut
520 790 700 832 ceram
725 775 907 830 calore
929 775 1080 840 solis,
1107 776 1175 830 ita
1202 791 1297 831 eos
1321 777 1529 832 ratione
1556 779 1807 846 mollitos,

215 873 278 919 et
311 866 680 923 intercedente
708 867 1010 922 salubriore
1038 868 1267 924 consilio
1297 869 1619 925 melioribus
1649 874 1815 940 parti-

218 957 326 1013 bus
376 959 494 1014 sine
535 958 873 1015 harsitatione
912 960 1164 1015 cessisse.
1207 959 1590 1030 Quoscumque
1635 972 1813 1018 autem

217 1049 460 1105 vidimus
509 1050 916 1127 deﬁnitionibus
964 1051 1076 1106 suis
1125 1053 1477 1122 pertinaciter
1521 1052 1810 1123 inhaerere,

217 1141 626 1200 irrationabiles
680 1158 893 1214 semper
951 1143 1301 1214 probavimus
1354 1159 1417 1200 ac
1472 1145 1816 1204 discretionis

215 1247 493 1308 expertes.

761 1309 988 1367 CAPUT
1025 1310 1259 1368 XXVIII.

212 1396 562 1474 Intermgatio
587 1418 653 1474 an
683 1403 748 1457 sit
775 1404 1088 1474 contrarium
1115 1405 1376 1472 prwdicta:
1399 1405 1659 1460 sententia:
1682 1405 1817 1460 illud

496 1473 636 1542 quod
674 1474 897 1540 dicitur,
924 1473 1106 1528 Juravi
1138 1486 1182 1528 et
1212 1477 1389 1540 statui,
1424 1487 1532 1532 etc.

289 1585 630 1650 Germanus:
660 1587 932 1654 Quantum
975 1587 1041 1642 ad
1091 1589 1229 1643 hanc
1276 1589 1538 1645 rationem
1587 1590 1822 1660 pertinet

214 1694 336 1749 quae
363 1680 642 1734 evidenter
672 1681 998 1751 c0pioseque
1027 1679 1231 1751 digesta
1276 1692 1391 1749 est,
1424 1681 1558 1736 nihil
1603 1691 1819 1752 oportet

213 1774 538 1827 monachum
569 1772 816 1839 delinire,
851 1790 917 1828 ne
948 1784 1038 1827 aut
1079 1776 1462 1844 prmvaricator
1508 1776 1814 1834 inveniatur
1844 1798 1892 1860 Β

210 1874 307 1918 aut
350 1866 617 1934 pertinax.
666 1866 733 1920 Et
779 1867 868 1921 ubi
918 1866 1047 1921 illud
1091 1867 1391 1922 Psalmistm
1440 1873 1808 1939 postponimus

209 1957 509 2027 eloquium,
541 1955 724 2011 Juravi
761 1966 809 2012 et
854 1960 1012 2012 statui
1055 1960 1314 2012 custodire
1348 1960 1553 2032 judicia
1591 1963 1811 2034 justitite

212 2057 316 2104 tute
339 2047 514 2119 (Psal.
549 2051 777 2118 cxvm)?
803 2050 937 2118 Quid
965 2058 1050 2105 est
1073 2051 1215 2106 enim
1247 2051 1388 2106 aliud
1413 2052 1598 2121 jurare
1618 2065 1672 2110 et
1699 2065 1808 2110 sta-

211 2151 384 2211 tuere,
426 2158 579 2212 quam
612 2143 835 2199 deﬁnita
866 2144 1208 2200 immobiliter
1234 2145 1552 2202 custodire?

775 2256 1002 2313 CAPUT
1041 2257 1233 2314 XXIX.

209 2347 515 2415 Resoonsio,
546 2352 599 2405 in
628 2351 807 2417 quibus
833 2352 1106 2406 immobilis
1137 2354 1368 2422 deﬁnitio
1393 2356 1458 2409 sit
1487 2356 1726 2422 tenenda,
1755 2365 1804 2412 et

458 2423 510 2476 in
541 2423 746 2493 quibus,
774 2425 818 2478 si
847 2426 1160 2494 oportuerit,
1191 2426 1548 2480 rescindenda.

279 2532 474 2603 Joseph
502 2552 516 2588 :
548 2533 653 2588 Nos
682 2543 706 2571 α
735 2550 840 2589 ηοη
865 2535 931 2591 de
959 2537 1345 2606 principalibus
1374 2537 1659 2603 mandatis,
1683 2538 1802 2594 sine

209 2625 400 2692 quibus
426 2641 529 2681 non
558 2635 738 2696 potest
766 2629 920 2682 salus
969 2641 1151 2682 nosua
1198 2631 1419 2684 omnino
1469 2631 1796 2696 subsistere,

209 2717 306 2770 ista
332 2715 694 2784 decernimus,
727 2718 819 2772 sed
850 2718 918 2772 de
944 2718 1028 2773 his
1057 2734 1179 2788 qua:
1202 2721 1320 2775 sine
1347 2720 1588 2788 periculo
1628 2729 1800 2776 status

207 2811 374 2866 nostri
423 2813 667 2866 relaxare
715 2826 1042 2880 possumus,
1091 2813 1174 2866 vel
1223 2824 1445 2869 tenere:
1495 2822 1550 2867 ut
1579 2822 1701 2883 puta
1730 2814 1798 2870 de

205 2902 480 2958 irremisso
506 2904 682 2973 rigore
705 2903 918 2972 jejunii,
947 2905 1013 2959 de
1064 2904 1173 2958 vini
1224 2907 1341 2960 sive
1385 2905 1488 2960 olei
1538 2913 1797 2976 perpetua

205 2994 550 3062 abstinentia,
583 2996 648 3050 de
677 3010 965 3065 progressu
993 2996 1202 3050 cellula:
1236 2997 1445 3066 penitus
1467 2997 1791 3065 cohibendo,
1859 3034 1861 3037 -

205 3089 272 3142 de
302 3086 547 3142 lectionis
572 3103 665 3143 seu
691 3087 1054 3142 meditationis
1079 3089 1381 3144 incessabili
1398 3089 1646 3159 jugitate,
1673 3105 1795 3160 quae

204 3180 321 3236 sine
341 3180 549 3248 jactura
581 3179 930 3249 professionis
957 3195 1019 3234 ac
1048 3182 1308 3250 propositi
1338 3183 1506 3236 nostri
1539 3192 1592 3236 et
1634 3197 1794 3237 exer-
1818 3186 1868 3254 ο

204 3272 310 3326 ceri
343 3287 463 3326 cum
494 3271 706 3328 libuerit
733 3280 979 3342 pessunt,
1002 3280 1053 3326 et
1083 3287 1204 3326 cum
1236 3288 1454 3333 necesse
1478 3273 1638 3329 fuerit
1659 3273 1794 3330 irre-

202 3363 635 3434 prehensibiliter
674 3366 1035 3434 praetermitti.
1085 3365 1349 3420 Caeterum
1399 3382 1562 3436 super
1606 3369 1794 3424 obser-

205 3458 375 3510 vantia
408 3457 616 3511 illorum
651 3457 1023 3527 principalium
1053 3459 1425 3513 mandatorum
1463 3464 1790 3516 constantis-

202 3548 335 3603 sime
363 3549 726 3605 deliniendum
752 3558 853 3612 est,
885 3567 948 3605 ac
980 3568 1073 3620 pro
1104 3551 1185 3605 his
1215 3555 1376 3605 etiam
1419 3568 1586 3619 mors,
1621 3553 1666 3607 si
1697 3571 1794 3608 ne-

201 3656 351 3698 cesse
375 3641 554 3710 fuerit,
578 3658 684 3697 non
716 3643 953 3708 vitanda,
983 3658 1080 3712 pro
1109 3644 1302 3712 quibus
1334 3645 1682 3700 immobiliter
1707 3655 1789 3700 est

199 3732 504 3800 dicendum,
537 3731 720 3788 Juravi
751 3745 797 3787 et
824 3737 1002 3788 statui.
1036 3735 1188 3800 Quod
1222 3736 1334 3788 ﬁeri
1363 3737 1524 3790 debet
1558 3751 1653 3804 pro
1695 3753 1790 3789 cu-

199 3826 366 3881 stodia
389 3827 691 3889 charitatis,
717 3840 812 3894 pro
833 3842 936 3894 qua
953 3825 1261 3893 spernenda
1283 3834 1406 3878 sunt
1429 3827 1698 3890 universa,
1722 3843 1789 3880 ne

200 3919 394 3974 bonum
438 3917 840 3986 tranquillitatis
878 3917 1022 3969 illius
1063 3915 1433 3984 perfectioque
1469 3917 1787 3977 maculetur,

195 4009 868 4079 Similiterquejurandum
901 4018 982 4063 est
1025 4023 1124 4079 pro
1157 4010 1493 4063 castimonia:
1531 4010 1787 4078 puritate,

195 4122 293 4162 nec
323 4106 464 4160 aliud
493 4105 668 4158 facere
698 4117 796 4158 nos
823 4112 1038 4172 oportet
1067 4120 1160 4170 pro
1189 4102 1311 4168 ﬁde,
1348 4118 1442 4170 pro
1489 4103 1787 4160 sobrietate

195 4207 354 4266 atque
378 4196 608 4264 justitia,
639 4209 758 4263 quae
777 4195 953 4250 omnia
983 4194 1350 4250 iudemutabili
1385 4194 1784 4263 perseverantia

196 4297 321 4346 sunt
351 4287 603 4356 tenenda,
633 4295 688 4342 et
717 4284 744 4325 δ
777 4301 806 4341 a
835 4287 1026 4357 quibus
1054 4287 1328 4357 paululum
1357 4287 1655 4342 recessisse
1685 4289 1784 4341 da-

1911 491 1977 546 ad
2010 491 2276 547 modicum
2308 490 2559 546 dicuntur
2585 505 2705 547 esse
2736 494 2886 549 utilia
2920 493 2965 565 (Ι
2992 493 3129 548 Tim.
3162 497 3260 568 tv),
3294 500 3365 553 ita
3396 510 3503 569 est,

1913 594 1972 640 ut
1993 585 2244 650 diximus,
2261 583 2628 650 statuendum,
2649 593 2704 639 ut
2726 586 2769 639 si
2792 601 2894 656 qua
2915 591 3288 656 supervenerit
3313 595 3510 648 certior

1913 680 2124 751 pietatis
2154 679 2370 734 occasio
2403 694 2523 749 quae
2551 679 2640 734 illa
2671 679 2894 734 suadeat
2930 681 3186 747 relaxari,
3233 683 3380 737 nulla
3419 700 3514 738 su-

1914 787 2010 842 per
2036 771 2120 826 his
2144 771 2260 841 lege
2291 780 2592 836 teneamur,
2625 771 2717 826 sed
2749 772 3128 841 praetermissis
3165 773 3246 828 eis
3289 774 3356 828 ad
3407 776 3510 829 uti-

1917 866 2048 918 liora
2083 864 2248 918 libere
2289 875 2645 918 transeamus.
2697 862 2756 917 lu
2799 863 2906 918 illis
2953 865 3096 919 enim
3135 867 3508 934 corporalibus
3580 865 3603 883 '

1915 956 2208 1020 exercitiis,
2237 956 2280 1010 si
2310 971 2409 1026 pro
2461 966 2703 1024 tempore
2747 956 3154 1026 relinquantur,
3208 959 3506 1028 periculum

1918 1063 2023 1102 non
2050 1057 2163 1112 est;
2193 1047 2261 1102 ab
2292 1047 2374 1102 his
2405 1061 2533 1102 vero
2559 1046 2626 1101 ad
2659 1056 2988 1104 momentum
3021 1050 3321 1108 declinasse
3363 1067 3508 1109 mor-

1919 1141 2132 1198 tiferum
2163 1151 2264 1197 est.

2498 1211 2726 1268 CAPUT
2765 1210 2930 1267 XXX.

2028 1325 2466 1393 Quemadmodum
2500 1326 2714 1381 celanda
2744 1326 2862 1381 aliis
2889 1328 3136 1383 committi
3164 1329 3395 1386 debeant.

1989 1463 2104 1519 Hoc
2131 1477 2344 1533 quoque
2371 1462 2533 1517 simili
2561 1461 2812 1518 cautione
2841 1463 3138 1518 curandum
3185 1476 3269 1520 est
3290 1507 3305 1531 ,
3352 1478 3408 1520 ut
3458 1466 3506 1521 si

1922 1560 2041 1629 quis
2091 1559 2317 1614 forsitan
2365 1573 2544 1613 sermo
2591 1573 2748 1626 quem
2788 1572 2910 1613 esse
2950 1559 3111 1613 vultis
3140 1560 3407 1614 occultum
3440 1559 3508 1615 de

1922 1665 2106 1709 vestro
2138 1668 2233 1709 ore
2263 1652 2422 1708 fuerit
2452 1652 2754 1722 prolapsus,
2791 1653 2934 1706 nulla
2963 1653 3340 1707 occultationis
3370 1669 3508 1723 prae-

1923 1757 2079 1817 cepta
2124 1747 2417 1802 sollicitent
2460 1746 2801 1813 audientem;
2852 1746 3021 1816 magis
3065 1749 3206 1800 enim
3248 1746 3433 1800 latebit
3461 1747 3506 1801 si

1918 1843 2249 1912 negligenter
2280 1854 2439 1912 atque
2469 1841 2786 1912 simpliciter
2828 1848 3140 1896 transeatur
3163 1883 3178 1908 ,
3223 1843 3347 1910 quia
3397 1859 3503 1897 non

1914 1935 2139 2004 quilibet
2168 1934 2392 1989 fratrum
2436 1949 2596 2004 super
2642 1933 3025 2004 divulgationis
3062 1933 3178 2004 ejus
3217 1935 3495 2004 impugna-

1915 2028 2059 2088 tione
2111 2027 2486 2098 torquebitur,
2535 2027 2851 2082 existimans
2901 2043 3014 2082 rem
3069 2027 3223 2082 vilem
3267 2027 3501 2096 aliquam

1913 2121 2221 2175 transitoria
2257 2119 2695 2176 confabulatione
2738 2121 3003 2191 prolatam
3025 2161 3038 2185 ,
3072 2130 3124 2175 et
3155 2136 3274 2190 quae
3302 2137 3367 2177 ex
3401 2122 3502 2177 hoc

1911 2215 2027 2281 ipso
2047 2216 2116 2269 sit
2139 2215 2328 2280 levior,
2359 2217 2480 2284 quia
2508 2215 2820 2269 cautissimo
2847 2215 3042 2268 silentii
3072 2224 3341 2285 praecepto
3373 2230 3496 2270 sen-

1908 2304 2054 2358 sibus
2081 2305 2349 2359 audientis
2370 2305 2744 2358 commendata
2771 2319 2874 2357 non
2901 2305 3082 2358 fuerit.
3109 2306 3239 2358 Nam
3264 2307 3311 2359 si
3336 2309 3496 2361 etiam

1909 2394 2066 2449 ﬁdem
2121 2395 2235 2462 ejus
2284 2396 2459 2480 aliqua
2490 2404 2944 2449 sacramentorum
2996 2395 3357 2451 obtestatione
3406 2399 3500 2453 dc—

1907 2487 2168 2552 vinxeris,
2207 2497 2228 2525 ο
2261 2486 2418 2541 citius
2447 2487 2575 2540 illud
2598 2485 2932 2555 prodendum
2963 2500 3210 2542 essenon
3235 2488 3489 2556 ambigas.

1907 2579 2072 2649 Major
2099 2579 2242 2634 enim
2273 2578 2531 2634 adversus
2564 2580 2736 2648 ipsum
2769 2584 2849 2633 vis
2888 2578 3170 2634 diabolica:
3213 2579 3493 2650 impugna-

1906 2673 2066 2726 tionis
2097 2673 2353 2742 insurget,
2383 2682 2438 2726 ut
2470 2682 2523 2725 et
2553 2679 2604 2725 te
2653 2670 2962 2726 mmstiﬁcet
2999 2671 3083 2725 vel
3135 2670 3396 2738 denudet,
3443 2682 3495 2727 et

1904 2763 2051 2818 illum
2095 2772 2551 2834 transgressorcm
2611 2763 2926 2833 quantocius
2980 2763 3060 2818 sui
3110 2762 3270 2819 faciat
3316 2779 3494 2819 sacra-

1903 2854 2093 2910 menti.

2471 2947 2698 3004 CAPUT
2738 2947 2934 3005 XXXI.

1903 3057 2053 3116 Nihil
2085 3075 2244 3132 super
2289 3059 2366 3114 his
2407 3076 2524 3132 qua:
2553 3062 2620 3114 ad
2652 3077 2800 3114 usum
2824 3062 3108 3116 communis
3138 3062 3255 3117 vita:
3280 3065 3493 3118 attinent

2511 3132 2882 3201 deﬁniendum.

1972 3267 2036 3322 Et
2066 3265 2264 3322 idcirco
2296 3266 2425 3322 nihil
2457 3266 2617 3330 debet
2641 3268 2866 3338 abrupte
2895 3269 3188 3326 monachus
3215 3284 3379 3340 super
3410 3270 3492 3326 his

1899 3362 2179 3417 dumtaxat
2197 3377 2318 3432 quae
2340 3363 2406 3418 ad
2438 3363 2747 3432 corporales
2775 3363 3190 3420 exercitationes
3221 3366 3492 3434 pertinent

1895 3457 2142 3522 deﬁnire,
2175 3472 2243 3512 ne
2274 3457 2642 3512 adversarium
2675 3458 2740 3511 ad
2793 3459 3252 3528 impugnationem
3302 3474 3491 3514 eorum

1896 3567 2015 3620 quae
2043 3551 2186 3606 velut
2218 3553 2317 3605 sub
2346 3552 2474 3620 legis
2503 3551 2882 3606 observatione
2909 3551 3171 3616 custodit,
3202 3552 3370 3622 magis
3408 3552 3490 3606 in-

1893 3646 2087 3709 citans,
2119 3645 2276 3698 citius
2303 3658 2362 3697 ea
2391 3645 2592 3698 violare
2622 3651 2866 3711 cegatur.
2900 3643 3195 3713 Prmﬁgens
3226 3645 3489 3713 siquidem

1893 3739 1995 3791 sibi
2029 3738 2200 3806 legem
2228 3737 2592 3804 unusquisque
2614 3735 2713 3788 sub
2743 3735 3002 3789 libertatis
3027 3735 3197 3804 gratia
3223 3736 3488 3790 constitu-

1893 3839 1980 3884 tus
2003 3871 2018 3895 ,
2069 3827 2369 3896 perniciosa
2415 3827 2766 3896 semetipsum
2797 3828 3000 3897 obligat
3023 3828 3302 3894 εθτνὶῐυῑθ,
3339 3836 3396 3881 ιη
3427 3843 3487 3884 ea

1893 3935 2012 3990 quae
2054 3920 2231 3984 licite,
2265 3920 2430 3972 immo
2459 3921 2621 3973 etiam
2654 3919 3011 3984 laudabiliter,
3042 3934 3164 3973 cum
3192 3921 3485 3990 gratiarum

1893 4014 2100 4068 actione
2131 4028 2453 4079 prtesumere
2485 4014 2741 4081 potuisset
2762 4055 2776 4077 ,
2809 4015 2856 4068 si
2909 4015 3206 4069 necessitas
3257 4015 3486 4070 fortasse

1893 4105 2232 4175 compulerit,
2268 4105 2413 4158 velut
2437 4116 2803 4172 transgressor
2823 4107 3107 4175 percipere
3130 4106 3485 4175 compellatur

1893 4211 2014 4252 cum
2069 4197 2515 4266 praevaricatione
2562 4199 2790 4267 peccati.
2847 4198 2944 4253 Ubi
2983 4199 3117 4253 enim
3145 4216 3245 4254 non
3276 4209 3349 4254 est
3379 4200 3483 4267 le.r,

1895 4305 1984 4341 nec
2014 4290 2378 4359 prtevaricotio
2405 4291 2582 4359 (Rom.
2615 4289 2710 4358 tv).
2745 4287 2771 4327 ά
2804 4290 2913 4345 Hac
2962 4292 3255 4348 beatissimi
3285 4293 3484 4364 .Ioseph

703 4453 716 4470 ,
1222 4401 1479 4456 ALARDI
1521 4399 1757 4456 GAZIEI
1795 4400 2356 4458 COMMENTARIUS.

191 4500 345 4568 pserit
367 4515 385 4553 :
408 4516 525 4552 nam
550 4499 620 4552 ad
643 4497 892 4571 inferiora
916 4497 1332 4571 velremissiora,
1360 4512 1441 4549 me
1461 4496 1777 4571 consulente,
1807 4499 1862 4560 D
1890 4498 2061 4571 Instit.
2094 4513 2214 4563 cap.
2247 4497 2337 4571 55,
2457 4497 2567 4571 haec
2597 4498 2754 4552 verba
2784 4517 2795 4551 :
2832 4499 2980 4555 Sicut
3026 4499 3273 4571 immensa
3314 4502 3481 4571 gloria

192 4565 288 4624 non
305 4571 634 4638 apostatabit.
661 4569 735 4622 Ita
767 4568 1092 4638 Bernartius.
1113 4565 1188 4619 Ex
1210 4566 1406 4638 quibus
1427 4565 1558 4620 satis
1583 4567 1778 4632 proba-

191 4636 368 4694 biliter
395 4643 571 4707 colligi
620 4648 796 4706 potest
841 4637 1155 4691 Cassianum
1195 4653 1257 4689 ac
1286 4636 1635 4700 Germanum,
1671 4653 1776 4690 non

187 4711 436 4763 obSIante
486 4724 580 4763 sua
631 4709 967 4776 professione
993 4717 1047 4761 et
1100 4709 1482 4773 promissione,
1533 4708 1776 4774 potuisse

187 4782 326 4864 apud
371 4781 492 4834 illos
530 4788 708 4864 patres
741 4780 792 4830 in
821 4793 1006 4858 eremo
1040 4792 1360 4864 permanere
1387 4787 1441 4864 et
1467 4777 1774 4845 religiosam

188 4847 350 4906 vitam
383 4866 506 4905 cum
533 4847 658 4903 illis
691 4863 881 4917 agere;
913 4847 1003 4914 qui
1035 4857 1203 4900 status
1237 4847 1331 4901 fuit
1372 4857 1426 4902 et
1457 4863 1654 4916 scoptts
1689 4860 1771 4900 to-

1887 4567 2110 4634 ﬁdeliter
2140 4561 2472 4620 servientibus
2505 4567 2609 4622 Deo
2639 4586 2699 4621 ac
2728 4571 3011 4624 secundum
3044 4570 3254 4639 Περαίαν
3279 4561 3480 4625 ἱιῖδιίιιι-
3569 4599 3586 4605 ο

1885 4641 2072 4691 tionem
2117 4640 2160 4690 ei
2206 4639 2584 4712 ari/ttr‘rentibtts
2629 4643 3001 4712 repromittimr
3044 4642 3096 4694 in
3131 4646 3381 4712 futurum,
3411 4645 3479 4696 ila

1882 4726 2041 4775 preme
2069 4711 2381 4777 grauissima:
2412 4711 2767 4778 prteparantur
2797 4713 2877 4765 Itis
2905 4711 2995 4781 qui
3034 4711 3202 4780 tepide
3242 4730 3352 4766 eant
3393 4731 3478 4766 ne-

1878 4781 2228 4851 gligenterque
2259 4781 2447 4847 fuerint
2475 4784 2728 4846 exsecuti,
2779 4792 2826 4836 et
2875 4784 3152 4835 secundum
3199 4784 3297 4836 hoc
3343 4784 3477 4850 quod

1877 4852 2096 4920 professi
2127 4862 2266 4916 sunt,
2294 4851 2370 4904 vel
2392 4856 2527 4922 quo!
2575 4853 2636 4906 ab
2682 4852 2970 4906 hominibus
3017 4870 3128 4906 esse
3175 4857 3474 4917 uelantur,

1876 4922 2073 4993 fructus
2117 4925 2271 4974 etiam
2311 4939 2561 4993 congruos
2602 4925 2885 4977 sanctitatis
2929 4923 3088 4976 eidem
3131 4924 3363 4976 exhibere
3389 4940 3473 4975 πρε

1873 4990 2142 5064 glcxerint.
2177 4993 2226 5046 Μ
2237 4997 2365 5048 elius
2390 4990 2460 5046 est
2487 4994 2642 5058 enim,
2662 4993 2936 5047 secundum
2959 4993 3244 5064 Scriptura:
3268 5005 3472 5047 senten-

1877 5063 2019 5134 tiam,
2051 5081 2150 5134 non
2181 5081 2356 5134 vovere
2378 5081 2702 5134 queinquam.
2738 5080 2891 5130 quam
2920 5063 3117 5134 uouere,
3147 5073 3196 5116 et
3226 5079 3323 5134 non
3357 5065 3472 5115 red-

1874 5133 2010 5258 (illere.
2175 5131 2484 5188 Maledictns
2529 5131 2615 5203 qui
2647 5136 2770 5203 [acit
2813 5150 2938 5201 opus
2991 5131 3088 5185 Dei
3133 5132 3469 5204 negligenter.

1925 5219 2002 5258 κο
2036 5223 2126 5258 tn.

1925 5219 2002 5258 are
2036 5206 2126 5260 ibi.

188 4925 291 4976 tius
317 4922 475 4990 hujus
501 4921 878 4990 disputationis
907 4928 961 4972 et
989 4918 1319 4990 collationis.

257 5004 281 5031 ἰ
311 4989 609 5063 Diligenter
640 4989 870 5063 notanda
901 4989 1143 5044 deﬁnitio
1172 4991 1286 5043 sive
1314 4989 1571 5063 resolutio
1613 4989 1770 5058 hujus

184 5079 324 5136 cap.,
355 5060 462 5136 qua
489 5080 592 5118 non
622 5063 801 5116 minus
830 5061 983 5136 docte
1017 5076 1168 5136 quam
1202 5065 1289 5136 pie
1314 5060 1611 5136 explicatur
1649 5064 1770 5130 qui-

116 5115 1245 5210 sermonibtts'locun'l
1277 5115 1473 5210 habeat
1520 5131 1606 5184 illa
1649 5115 1771 5187 sien-

111 5202 145 5273 ᾗ
183 5207 344 5259 tentia
375 5220 494 5273 Cap.
525 5205 592 5258 ‘27
625 5202 872 5270 superius
903 5203 1128 5271 allegata
1155 5218 1170 5255 :
1201 5202 1413 5273 Rectius
1438 5211 1511 5256 est
1538 5211 1769 5257 nostrum

179 5292 268 5329 nos
297 5249 555 5343 prwtelrire
595 5249 878 5328 sermonem
921 5249 1074 5342 quatiat
1118 5274 1192 5328 rei
1232 5272 1532 5328 salubrioris
1567 5291 1627 5328 ac
1671 5278 1772 5346 piae

91 5322 126 5447 ί
177 5322 347 5400 εηὺὶἷε
365 5348 650 5416 jacturam.

247 5416 272 5447 I1
305 5416 465 5447 Vidn:
501 5416 650 5447 nl:nn1

247 5416 272 5454 δ
305 5415 467 5472 Vides
499 5416 657 5471 etiam
686 5415 824 5485 apud
855 5423 1065 5471 veteres
1099 5415 1390 5471 monachos
1415 5416 1760 5474 violationem

178 5489 285 5542 voti
318 5487 663 5542 continentia:
687 5497 742 5541 et
780 5487 1006 5541 aliorum
1034 5487 1432 5553 essentialium,
1468 5505 1574 5544 non
1605 5506 1762 5546 secus

174 5567 238 5618 ac
263 5559 638 5628 principalium
673 5560 1044 5613 mandatorum
1094 5559 1224 5626 Dei,
1263 5559 1554 5626 judicatam
1602 5563 1762 5616 fuisse

172 5631 532 5694 damnabilem
565 5641 615 5685 et
649 5632 945 5686 mortalem.
973 5630 1124 5696 Quod
1150 5634 1432 5685 Conﬁrmat
1453 5633 1592 5686 alius
1617 5635 1762 5687 locus

173 5703 296 5766 huic
327 5715 741 5768 consentaneus,
778 5718 875 5757 nec
908 5703 1079 5756 minus
1117 5704 1289 5757 serius
1338 5703 1511 5771 quoad
1560 5703 1761 5772 obliga-

173 5781 373 5838 tionem
404 5786 458 5830 et
486 5775 829 5830 violationem
859 5783 1103 5828 votorum
1136 5775 1500 5830 essentialium
1524 5814 1540 5837 ,
1570 5772 1666 5828 lib.
1709 5789 1761 5828 tv

89 5109 106 5144 ὶ-

1949 5285 1970 5312 σ
2005 5275 2150 5346 Ergo
2182 5292 2246 5330 ex
2278 5277 2542 5330 sententia
2571 5276 2730 5344 hujus
2758 5276 2964 5330 abbatis
2997 5293 3100 5334 non
3130 5275 3342 5346 expedit
3373 5277 3468 5331 ali-

1874 5347 1960 5402 cui
1988 5358 2193 5402 secreta
2219 5347 2332 5402 sive
2363 5362 2554 5401 arcana
2585 5363 2681 5401 sua
2713 5347 2812 5401 sub
2842 5346 3040 5402 silentii
3086 5348 3189 5400 ﬁde
3231 5356 3282 5401 et
3322 5347 3467 5414 jura-

1869 5431 2052 5472 mento
2078 5419 2434 5481 COIIIIDiUCI‘C,
2485 5419 2582 5471 nisi
2633 5420 2707 5470 rei
2755 5418 2991 5486 gravitas
3042 5419 3123 5474 vel
3169 5421 3466 5473 necessitas

1869 5489 2012 5544 aliud
2041 5490 2282 5546 suadeat.
2325 5491 2438 5552 Qua
2475 5489 2542 5544 de
2565 5505 2622 5543 re
2642 5491 3169 5545 consule'tractatum
3200 5489 3462 5544 Dominici

1869 5573 1900 5614 a
1924 5558 2054 5615 Soto
2085 5559 2152 5612 de
2181 5560 2387 5612 ratione
2414 5559 2626 5627 tegendi
2657 5559 2874 5613 secreti.

1938 5630 1960 5667 δ
1994 5633 2158 5686 Recte
2191 5628 2492 5682 υῦςρνντινιι
2524 5630 2622 5682 Do.
2657 5628 2920 5695 (luyehiu;
2949 5647 3013 5685 ex
3045 5633 3125 5688 his
3148 5633 3328 5688 verbis
3352 5635 3460 5688 col-

1866 5703 1956 5775 Πεζί
1987 5701 2303 5775 Cassianum
2334 5701 2541 5775 abbatis
2574 5701 2789 5775 Just-pili
2822 5701 3056 5775 opinioni
3089 5718 3249 5775 atque
3281 5722 3457 5761 asser-

1867 5773 1996 5826 tioni
2026 5771 2091 5828 de
2124 5770 2386 5827 mendacii
2415 5772 2630 5829 licentia
2664 5773 2977 5839 submisse,
3008 5785 3102 5831 aut
3133 5770 3282 5835 certe
3306 5777 3450 5846 ejus-
