4044 6190
549 271 684 328 1087

1605 263 1887 322 JOANNIS
1921 265 2239 324 CASSIANI
2274 265 2767 324 COLLATIONES.

3746 270 3786 326 1
3801 271 3934 328 088

546 385 885 444 institutione
914 394 1072 456 atque
1098 383 1343 440 doctrina
1372 383 1518 438 velut
1546 381 1729 437 divino
1758 383 1977 438 oraculo
2003 399 2132 439 con-
2159 393 2213 451 Α
2236 385 2358 440 dem
2389 384 2678 454 insignium
2708 383 2950 437 virorum
2978 381 3328 452 reprehensio
3374 389 3592 436 nostra":
3647 388 3935 441 rustici-

547 480 763 544 firmati,
798 479 849 532 in
882 478 1114 548 Egypto
1142 476 1382 531 residere
1411 476 1718 530 maluimus.
1753 476 1856 532 Sed
1891 477 2020 531 licet
2050 492 2143 546 pa-

544 587 667 627 rum
686 570 944 639 deinceps
965 570 1034 626 de
1055 580 1236 624 nostra
1256 583 1500 624 essemus
1526 569 1885 638 promissione
1907 570 2140 636 solliciti,

549 678 725 718 tamen
752 665 966 732 expleto
993 670 1200 730 septem
1225 676 1488 717 annorum
1521 677 1764 730 numero,
1796 665 2140 732 sponsionem

548 766 788 810 nostram
821 763 1096 822 gratanter
1127 755 1489 824 implevimus.
1519 756 1884 811 Excurrentes
1912 772 2143 827 namque

548 850 614 903 ad
641 847 947 902 coenobium
983 857 1227 901 nostrum
1255 848 1351 901 illo
1377 849 1484 917 jam
1521 859 1762 918 tempore
1799 865 1905 918 quo
1941 850 2008 904 de
2046 851 2146 904 im—

551 939 811 1008 petrando
846 940 912 993 ad
961 954 1204 994 eremum
1253 939 1427 994 reditu
1477 939 1726 995 liduciam
1777 941 2144 1008 gerebamus,

551 1033 780 1102 primum
812 1031 1113 1086 senioribus
1159 1033 1357 1086 nostris
1403 1033 1662 1087 honorem
1706 1032 1945 1087 debitum
1986 1034 2150 1088 solvi-

551 1139 706 1180 tnus:
738 1123 931 1177 deinde
962 1123 1154 1177 animis
1178 1139 1364 1178 eorum
1393 1127 1484 1193 qui
1514 1140 1610 1193 pro
1645 1125 1926 1178 cliaritatis
1954 1126 2148 1180 ardore

552 1215 895 1272 creberrimis
921 1216 1220 1270 litterarum
1245 1226 1550 1271 nostrarum
1578 1217 2036 1273 satisfactionibus
2058 1234 2151 1274 ne-

555 1328 822 1382 quaquam
853 1311 1065 1367 fuerant
1094 1312 1317 1381 deliniti,
1359 1314 1636 1383 pristinam
1668 1315 2152 1386 redintegravimus

557 1406 912 1470 charitatem;
966 1405 1290 1474 tandemque
1333 1407 1400 1461 ad
1451 1407 1666 1476 plenum
1716 1409 1904 1463 aculeo
1957 1417 2154 1462 nostra

559 1499 865 1569 sponsionis
911 1499 1139 1563 avulso,
1183 1498 1268 1552 bis
1316 1515 1531 1569 quoque
1573 1515 1695 1554 cum
1739 1502 1934 1570 gaudio
1966 1515 2153 1570 prose-

561 1591 848 1661 quentibus
877 1590 941 1644 ad
973 1589 1324 1660 Scythiotictc
1357 1591 1660 1646 solitudinis
1694 1602 1904 1648 secreta
1948 1609 2156 1648 remea-

564 1684 760 1738 vimus.
797 1683 943 1738 llanc
967 1684 1136 1748 vobis,
1174 1691 1200 1719 ι
1231 1700 1262 1739 ο
1292 1684 1464 1739 sancti
1491 1685 1710 1752 fratres,
1744 1686 2030 1741 illustrium
2059 1687 2158 1740 Pa-

2246 481 2368 534 tatis
2413 487 2654 535 evacuet.
2705 478 2893 532 Tutius
2938 477 3202 547 siquidem
3245 476 3400 532 nobis
3446 477 3503 531 in
3547 492 3926 547 conSpecm

2245 571 2412 627 nostri
2437 571 2633 641 judicis
2665 571 2836 625 visum
2867 581 2949 625 est
2986 569 3244 625 doctrinas
3285 569 3444 638 hujus
3490 571 3922 640 magniﬁcem

2247 665 2375 719 tiam
2405 669 2489 720 vel
2521 664 2734 719 incultis
2773 664 3111 719 sermonibus
3155 663 3384 733 prodere
3429 679 3597 733 quam
3658 668 3912 732 silere;

2247 759 2442 828 quippe
2482 772 2604 812 cum
2643 767 2696 812 et
2748 757 3007 826 profectui
3053 756 3312 822 lectoris,
3360 755 3406 809 si
3452 757 3910 814 sublimitatem

2248 864 2504 905 sensuum
2553 851 2983 919 contempletur,
3033 849 3133 904 hoc
3181 847 3321 918 quod
3366 849 3658 918 imperitia
3699 854 3912 908 nostri

2249 945 2515 998 sermonis
2543 944 2832 999 offenditur
2858 945 3050 999 obesse
3079 958 3186 996 non
3217 942 3416 1012 possit,
3457 951 3513 997 et
3561 944 3781 1014 major
3831 948 3912 1001 sit

2252 1036 2408 1091 nobis
2437 1037 2680 1090 utilitatis
2705 1051 2831 1091 cura
2873 1051 3032 1106 quam
3084 1034 3278 1088 laudis.
3322 1033 3508 1104 Neque
3554 1039 3726 1090 enim
3793 1040 3907 1093 hoc

2253 1131 2396 1201 quod
2427 1140 2738 1186 sanctorum
2767 1129 3001 1184 virorum
3031 1126 3175 1182 dicta
3205 1126 3498 1196 descripsi,
3537 1137 3592 1183 et
3643 1129 3795 1198 plen
3808 1147 3903 1184 um

2255 1223 2509 1295 periculi,
2557 1232 2611 1279 et
2656 1237 2881 1290 egenum
2926 1220 3100 1276 laudis
3137 1233 3258 1274 esse
3289 1233 3395 1273 non
3427 1233 3749 1283 noveram;
3792 1223 3903 1275 sed

2255 1316 2511 1388 prudens,
2545 1323 2604 1368 ut
2630 1315 2846 1382 dicitur,
2885 1314 3076 1382 laqueo
3122 1311 3313 1382 pedem
3358 1311 3571 1376 indidi,
3625 1327 3752 1366 nec
3810 1330 3900 1369 me

2258 1411 2558 1465 indubitate
2585 1407 2883 1463 discrimini
2911 1406 3012 1461 sub
3035 1406 3238 1461 incerta
3267 1418 3364 1474 spe
3385 1403 3550 1459 alieni
3576 1405 3899 1474 profectus

2258 1503 2474 1557 tradere
2502 1502 2780 1565 recusavi;
2814 1513 3038 1554 monens
3063 1511 3253 1553 omnes
3277 1494 3345 1550 ad
3390 1510 3622 1565 quorum
3673 1513 3900 1552 manus

2259 1593 2516 1663 opuscula
2557 1593 2657 1647 ista
2699 1589 3076 1660 pervenerint,
3112 1597 3170 1643 ut
3195 1587 3453 1658 quidquid
3505 1588 3801 1657 placuerit
3841 1591 3895 1643 in

2262 1688 2362 1755 eis,
2393 1696 2629 1756 patrum,
2657 1693 2898 1738 nostrum
2927 1696 3052 1736 vero
3073 1680 3246 1734 sciant
3272 1693 3391 1734 esse
3412 1679 3558 1747 quod
3585 1679 3896 1749 displicet,

567 1789 706 1831 trum
757 1776 1034 1829 scientiam
1083 1787 1243 1843 atque
1292 1777 1595 1830 doctrinam
1640 1788 1843 1844 nostra,
1882 1788 1937 1832 ut
1966 1778 2156 1848 potuit,
2191 1786 2239 1845 Β
2266 1797 2455 1837 omnes
2485 1780 2677 1851 quibus
2703 1777 2947 1834 amabilis
2977 1786 3062 1832 est
3087 1774 3194 1829 vita
3244 1781 3303 1829 et
3341 1771 3596 1828 doctrina
3645 1783 3897 1832 sancto-

565 1871 897 1924 elucubravit
929 1871 1157 1938 inscitia,
1193 1886 1355 1940 quam
1405 1873 1616 1928 etiamsi
1661 1875 1891 1929 incultus
1937 1875 2158 1930 forsitan

567 1978 746 2018 sermo
773 1963 1017 2017 confudit
1042 1965 1221 2033 potius
1251 1980 1410 2033 quam
1442 1965 1690 2034 digessit,
1723 1984 1908 2038 qumso
1939 1985 2008 2023 ne
2051 1970 2168 2023 lau-

2269 1889 2409 1928 TUHL

1647 2078 1902 2132 ALARDI
1941 2079 2177 2135 GAZIEI
2215 2076 2774 2134 COMMENTARIUS.

572 2166 692 2220 dem
722 2166 922 2219 erroris
948 2167 1310 2235 suspicionem
1343 2168 1654 2225 incurrisse.
1694 2171 1999 2226 Praesertim
2041 2187 2163 2225 cum

573 2237 734 2290 etiam
767 2238 858 2289 lib.
893 2253 943 2289 vt
974 2238 1376 2294 lnstitutionum
1406 2242 1478 2296 de
1505 2241 1770 2296 Arcbebiu
1805 2242 1999 2297 abbate
2031 2244 2168 2297 scri-

579 2311 730 2375 bens,
765 2324 994 2381 rumque
1025 2309 1338 2364 collaudatis
1376 2312 1516 2366 dicat
1565 2313 1714 2366 illum
1761 2313 2010 2381 religiosa
2059 2317 2169 2367 cir-

578 2380 958 2451 cuinventione
976 2391 1026 2433 et
1048 2382 1323 2435 cbaritatis
1345 2385 1626 2439 mendacio
1644 2385 1782 2451 apud
1807 2380 1999 2438 fratres
2019 2399 2169 2439 usum

580 2449 783 2525 fuisse;
817 2453 968 2525 quasi
1004 2467 1132 2525 vero
1160 2452 1398 2525 charitas
1429 2449 1707 2509 mendacio
1733 2458 1995 2517 societur,
2031 2471 2171 2525 quze,

583 2522 1026 2597 tcsleAposlolo.
1063 2521 1212 2597 Nihil
1238 2526 1346 2592 agit
1375 2542 1662 2595 perperam,
1691 2542 1792 2597 non
1815 2527 2002 2594 gaudet
2023 2521 2177 2597 super

581 2593 884 2660 iniquitate;
927 2594 1211 2663 congaudet
1239 2603 1407 2647 autem
1438 2593 1639 2648 veritati
1671 2595 1721 2666 (I
1749 2596 1867 2652 Cor.
1900 2598 2041 2666 xm),
2071 2593 2178 2652 non

2276 2171 2577 2225 mendacio.
2607 2170 2784 2237 Quare
2813 2183 2917 2223 non
2954 2166 3221 2222 immerito
3249 2166 3539 2221 Cassianus
3577 2167 3684 2222 sub
3729 2168 3897 2224 titulo

2278 2242 2559 2296 Coliatoris
2589 2256 2618 2293 a
2653 2243 2709 2294 ι).
2746 2240 3012 2307 Prospero
3037 2239 3199 2309 etiam
3237 2240 3340 2292 hoe
3370 2239 3587 2294 nomine
3616 2243 3896 2309 perstrin-

2277 2316 2417 2384 gitur
2444 2311 2590 2382 (ιιι).
2622 2310 3019 2384 εοηινιιμίῖοιίαι.
3053 2326 3100 2384 c_.

2356 2393 2380 2420 ἰ
2409 2380 2699 2451 lienorate,
2723 2382 2947 2446 scilicet,
2977 2389 3031 2435 et
3053 2381 3308 2452 Euclieri,
3333 2381 3522 2452 quibus
3540 2380 3641 2452 bas
3665 2391 3895 2452 septem

2283 2455 2598 2510 collationes
2626 2469 2655 2506 a
2688 2469 2746 2508 se
2790 2454 3092 2523 descriptas
3134 2451 3418 2523 Cassianus
3458 2451 3784 2520 dedicavit,
3844 2464 3903 2508 ut

2288 2536 2433 2597 patet
2460 2542 2530 2582 ex
2564 2524 2880 2596 prmfatione
2911 2522 3213 2579 collationis
3243 2522 3546 2578 undecimae.

1363 2854 1468 2966 ,π
1477 2855 1994 2970 OANN
2001 2860 2167 2972 IS
2248 2858 3097 2974 CASSIANI

1773 3051 2114 3115 ABBATIS
2157 3054 2700 3118 MASSILIENSIS

1000 3207 2740 3376 COLLATIONUM
2878 3212 3490 3372 XXIV

1902 3475 2556 3564 COLLECTIO

1838 3638 1900 3689 IN
1934 3636 2095 3688 ΤΒΕὸ
2131 3635 2374 3688 PARTES
2410 3634 2639 3686 DIVISA.

1643 3888 2054 3997 PARS
2188 3887 2847 4017 TERTIA,

2055 4103 2432 4149 COHPLECTENS

753 4229 999 4279 SEPTEM
1038 4227 1315 4281 UL'I‘IMAS
1347 4226 1815 4289 COLLATIONES,
1853 4226 2120 4279 PATRUM
2156 4227 2219 4277 IN
2256 4221 2632 4275 ULTERIORIS
2667 4217 2919 4269 .EGYPTI
2955 4217 3272 4271 PARTIBUS
3307 4218 3762 4271 HABITANTIUM.

1921 4448 2603 4636 ῆβτρείειιίο.

1294 4679 1382 4731 ΑΙ)
1414 4674 1825 4738 JOVINIANUM,
1861 4673 2244 4734 MINERVIUM,
2281 4669 2610 4723 LEONTIUM
2645 4667 2723 4720 ΕΤ
2757 4666 3178 4720 THEODORUM.

698 4892 722 4921 ι
738 4882 1002 4948 Emensis,
1024 4879 1241 4947 iuvante
1264 4870 1432 4942 gratia
1454 4869 1676 4937 Christi,
1699 4868 1889 4926 decem
1909 4867 2211 4925 collationi-
2237 4865 2285 4929 C
2317 4866 2452 4920 alias
2473 4864 2634 4921 beato
2655 4863 2911 4934 episcopo
2931 4863 3222 4928 llonorato,
3255 4871 3444 4918 sancto
3469 4875 3672 4932 quoque
3697 4860 3870 4916 iamqu

621 4978 720 5032 bus
751 4975 986 5038 Patrum,
1013 4983 1152 5038 quae,
1201 4963 1538 5036 exigentibus
1586 4963 1912 5019 beatissimis
1941 4962 2212 5032 episcopis

625 5069 867 5126 licllaidio
897 5080 960 5121 ac
986 5061 1234 5133 Leontio,
1265 5069 1556 5131 utcumque
1585 5059 1809 5131 digesta:
1833 5067 1982 5126 sunt,
2008 5065 2216 5126 septem

2320 4962 2522 5018 Christi
2550 4959 2817 5015 Eucherio
2848 4957 3119 5015 dedicavi:
3149 4955 3175 4994 δ
3206 4957 3456 5013 Totidem
3489 4965 3541 5011 et
3572 4969 3697 5010 nunc
3719 4953 3868 5019 vobis,

2322 5070 2356 5112 0
2399 5067 2421 5096 ε
2464 5054 2636 5111 sancti
2686 5052 2882 5107 fratres
2909 5094 2923 5119 ,
2973 5050 3255 5108 Joviniane
3281 5091 3296 5118 ,
3346 5050 3606 5120 Minervi,
3634 5047 3792 5105 Leonti
3820 5058 3870 5103 et

1701 5167 1966 5225 ALARDI
2003 5165 2240 5222 ΟΑΖᾸΞΙ
2279 5160 2854 5221 COMMENTARIUS.

703 5291 727 5317 ιδ
753 5279 827 5334 Ita
858 5289 1090 5345 namque
1114 5270 1406 5345 pleriquei
1432 5267 1617 5345 excusi
1665 5278 1795 5321 vero
1823 5261 2098 5345 :n-Etnt'ssis
2134 5263 2225 5330 ju-

628 5362 776 5408 ruttte
801 5351 968 5417 gratia
991 5334 1202 5409 Christi,
1229 5334 1339 5398 etc.
1372 5339 1758 5408 Parapbrastes
1783 5350 1795 5386 :
1827 5334 2016 5389 Finitis
2052 5334 2227 5388 decem

629 5423 1223 5489 collationibtts,etc._
1320 5482 1334 5489 ,
1433 5481 1444 5489 ,
1973 5475 2007 5489 η
2107 5477 2117 5488 .

705 5493 731 5531 δ
763 5493 888 5547 Hzcc
918 5475 1079 5561 igitur
1107 5487 1263 5542 tertia
1290 5479 1852 5561 cl.assis_collationum
1897 5492 1928 5530 a
1970 5475 2228 5561 Cassiano

633 5546 1027 5632 descriptaer
1078 5555 1385 5632 septenario
1427 5554 1625 5632 itidem
1692 5563 1954 5632 numero,
2015 5549 2084 5632 ab
2129 5546 2231 5600 hac

634 5624 835 5691 oetava'
855 5634 1060 5688 decima
1093 5624 1262 5701 usque
1294 5624 1359 5680 ad
1390 5624 1702 5701 vigesimam
1746 5627 1993 5701 quartam
2037 5626 2090 5672 et
2133 5633 2228 5685 po-

638 5716 898 5759 stremam
923 5692 1336 5765 comprehensa,
1361 5703 1414 5748 et
1439 5692 1651 5765 propria
1675 5692 1991 5760 praefatione
2015 5704 2076 5765 ac
2099 5704 2234 5765 nun-

644 5771 928 5831 cupatione
958 5771 1026 5823 ab
1052 5760 1178 5820 aliis
1226 5760 1481 5819 discreta.
1533 5760 1740 5819 [labent
1785 5769 1965 5817 autem
2007 5760 2233 5829 singula:

2335 5261 2650 5315 collationes
2697 5271 2825 5313 suos
2873 5265 3120 5312 auctores
3167 5255 3542 5310 anachoretas.
3591 5251 3699 5310 Nam
3729 5250 3868 5319 prima

2336 5331 2450 5387 brec
2477 5342 2559 5386 est
2581 5330 2789 5384 abbatis
2818 5329 3168 5394 Piammonis,
3194 5326 3425 5381 secunda
3449 5323 3649 5380 abbatis
3665 5324 3863 5394 Joannis.

2337 5405 2492 5457 tertia
2517 5401 2816 5472 Pynuphii;
2865 5411 3085 5472 quarta,
3128 5393 3313 5468 quinta
3357 5408 3412 5453 et
3451 5408 3604 5452 sexta
3643 5393 3863 5456 Theonre;

2337 5471 2573 5541 denique
2599 5474 2827 5542 septima
2857 5471 3100 5525 Abrabaa.

2415 5557 2435 5583 ο
2468 5538 2711 5600 Fuerunt
2736 5543 2789 5597 hi
2812 5551 3049 5616 quatuor
3076 5541 3382 5616 abbatesqet
3410 5538 3758 5616 monachorum
3787 5550 3865 5616 pa:

2341 5627 2451 5672 tres
2476 5632 2539 5672 ex
2563 5609 2854 5671 Gallicanis
2879 5615 3137 5684 partibus,
3169 5621 3243 5676 et,
3270 5614 3322 5667 ni
3351 5611 3531 5677 fallor,
3561 5627 3621 5684 ex
3645 5609 3866 5684 Lyrinensi

2341 5689 2780 5759 congregatione,
2809 5680 2953 5755 quod
2983 5700 3049 5742 ex
3077 5685 3426 5755 sequentibus
3470 5682 3715 5751 conjicere
3747 5680 3863 5736 licet.
