4044 6190
168 308 196 363 1
207 306 319 364 089

793 303 1140 363 COLLATIO
1176 300 1363 362 XVIII.
1394 333 1468 348 —
1495 300 1587 361 DE
1627 301 1875 361 TRIBUS
1913 302 2307 363 GENERIBUS
2344 302 2845 367 MONACHORUM.

3321 325 3460 385 1090

165 424 478 491 Theodore,
524 423 726 481 credidi
772 424 1126 495 deputandas.
1178 421 1454 479 Posterior
1498 419 1762 491 siquidem
1790 426 1848 488 Α
1871 433 1968 490 pro
1989 420 2299 477 conditione
2320 422 2562 480 locorum
2584 441 2648 483 ac
2668 434 2842 483 status
2863 429 2946 486 sui
2966 447 3215 493 mensura
3242 441 3459 509 plenius

163 525 413 573 vestrum
438 517 588 573 illam
612 517 983 575 cmnobiorum
1014 525 1255 574 sanctam
1301 524 1460 587 atque
1494 515 1766 586 egregiam

165 610 515 681 disciplinam
542 610 593 665 in
622 610 915 681 provinciis
950 610 1244 667 Gallicanis
1282 610 1622 681 antiquarum
1657 608 1767 664 vir-

166 712 353 759 tutum
394 702 733 759 districtione
778 702 1047 770 fundavit;
1080 703 1265 759 caeteri
1294 716 1426 758 vero
1452 717 1560 757 non
1588 701 1765 757 solum

167 794 533 852 ccenobialem
564 794 956 866 professionem
988 795 1229 866 apprime
1259 793 1555 850 monachos
1597 807 1769 865 expe-

168 900 316 958 tere,
344 905 529 947 verum
561 890 723 947 etiam
749 889 1181 946 anachoreticam
1203 890 1356 945 sitire
1384 888 1767 944 sublimitatem

166 982 373 1038 vestris
404 982 836 1038 institutionibus
859 981 1218 1053 provocastis.
1247 981 1323 1036 Ea
1347 995 1581 1052 namque
1600 979 1769 1035 colla-

166 1072 355 1130 tiones
374 1074 495 1130 ista:
515 1088 847 1131 summorum
868 1072 1086 1130 Patrum
1114 1074 1478 1144 disputatione
1495 1080 1770 1129 contextae

169 1175 323 1235 sunt,
347 1176 404 1225 et
422 1168 495 1223 ita
522 1169 575 1224 in
596 1168 847 1224 omnibus
877 1176 1209 1238 temperatae,
1242 1177 1300 1223 ut
1327 1166 1541 1237 utrique
1569 1165 1773 1237 profes-

169 1262 316 1317 sioni
344 1302 360 1329 ,
409 1277 512 1334 qua
559 1278 668 1319 non
712 1263 884 1318 solum
932 1261 1185 1318 occiduas
1235 1260 1484 1332 regiones
1510 1300 1526 1325 ,
1580 1274 1767 1315 verum

170 1354 343 1409 etiam
368 1364 394 1392 ι
423 1354 645 1421 insulas,
677 1355 927 1411 maximis
950 1354 1177 1411 fratrum
1196 1354 1430 1411 catervis
1449 1352 1653 1408 fecistis
1670 1351 1770 1409 llo-

167 1462 320 1514 rere,
346 1448 694 1516 conveniant;
726 1448 781 1505 id
820 1458 923 1516 est,
954 1457 1014 1505 ut
1040 1464 1148 1505 non
1178 1449 1353 1505 solum
1380 1447 1434 1503 hi
1473 1447 1564 1518 qui
1591 1447 1769 1503 adhuc

168 1536 229 1592 in
277 1542 694 1610 congregatione
740 1541 998 1599 laudabili
1043 1541 1378 1612 subiectione
1428 1540 1763 1610 perdurant,

168 1631 270 1687 sed
290 1633 451 1689 etiam
474 1633 550 1689 illi
574 1636 668 1705 qui
700 1634 843 1691 haud
870 1636 1028 1707 longe
1055 1651 1085 1690 a
1112 1635 1307 1692 vestris
1331 1632 1593 1691 coenobiis
1617 1647 1770 1689 sece-

168 1722 367 1782 dentes
391 1726 840 1785 anachoretarum
875 1728 1070 1785 sectari
1105 1728 1345 1800 gestiunt
1390 1726 1765 1797 disciplinam,

1875 513 2227 571 instruantur.
2256 514 2464 585 Quibus
2494 519 2597 575 hoc
2621 522 2949 593 praecipuum
2988 531 3218 587 contulit
3257 548 3463 603 praece-

1872 605 2009 700 dens
2032 611 2196 664 vestri
2226 609 2427 667 laboris
2451 612 2735 685 industria,
2765 627 2824 673 ut
2855 626 3025 689 parati
3058 624 3169 695 jam
3209 637 3371 700 atque
3408 633 3463 692 in

1873 698 2062 756 iisdem
2084 702 2356 759 exercitiis
2383 704 2731 777 deprehensi,
2756 710 2969 770 facilius
2991 730 3256 791 praecepta
3282 698 3465 781 senio-

1876 804 1993 844 rum
2017 800 2179 862 atque
2208 793 2450 851 instituta
2478 800 2799 871 suscipiant,
2826 802 2855 843 ι’
2877 804 3130 879 ipsosque
3158 814 3210 868 in
3235 815 3465 875 cellulas

1874 895 2000 937 suas
2052 892 2301 941 auctores
2352 887 2704 947 collationum
2755 908 2879 950 cum
2934 899 3063 969 ipsis
3111 904 3462 967 collationum

1874 975 2232 1034 voluminibus
2256 980 2599 1052 recipientes,
2631 993 2685 1041 et
2710 988 3035 1057 quotidianis
3062 998 3463 1066 quodammodo

1873 1083 1995 1124 cum
2022 1071 2102 1125 eis
2132 1072 2642 1169 interrogationibus
2669 1093 2731 1135 ac
2761 1089 3036 1153 responsis
3066 1091 3458 1169 colloquentes,

1875 1177 1983 1219 non
2010 1166 2244 1234 propriis
2282 1168 2752 1228 adinventionibus
2787 1176 3009 1234 arduam
3042 1182 3199 1241 istam
3225 1196 3279 1244 et
3304 1166 3463 1248 inco-

1875 1256 2075 1354 gnitam
2100 1256 2270 1314 ferme
2300 1260 2352 1315 in
2382 1260 2483 1318 hac
2517 1264 2739 1335 regione
2768 1280 3022 1339 appetant
3045 1276 3210 1344 viam,
3242 1282 3336 1337 sed
3365 1300 3463 1354 pe-

1872 1350 2163 1408 riculosam
2208 1354 2369 1409 etiam
2405 1354 2550 1425 illic,
2601 1358 2687 1414 ubi
2727 1360 2841 1430 jam
2892 1366 3160 1425 tritissimi
3207 1350 3379 1431 calles
3413 1389 3468 1434 et

1871 1443 2152 1501 innumera
2200 1448 2614 1517 praecedentium
2666 1456 2912 1526 exempla
2942 1474 3052 1515 non
3080 1461 3296 1533 desunt,
3328 1483 3463 1525 ana-

1873 1536 2169 1595 choreseos
2198 1540 2537 1611 disciplinam
2570 1544 2783 1602 illorum
2824 1553 3005 1621 potius
3046 1561 3328 1629 praeceptis
3369 1579 3463 1619 ca-

1872 1646 2002 1702 pere
2022 1641 2399 1699 consuescant,
2427 1650 2561 1704 quos
2589 1636 2641 1691 in
2661 1640 2909 1697 omnibus
2931 1653 2986 1700 et
3003 1649 3222 1721 antiqua
3250 1654 3467 1713 traditio

1824 1766 1835 1781 .
1873 1733 1929 1779 et
1955 1724 2128 1794 longa:
2155 1724 2507 1795 experientia:
2535 1727 2790 1786 instruxit
2815 1731 3097 1794 industria.

1264 1842 1523 1899 ALARDI
1564 1841 1794 1898 GAZA'JI
1832 1837 2397 1900 COMMENTARIUS.

252 1943 281 2019 ξ
306 1934 513 2019 Insplas
540 1952 734 2008 nempe
760 1936 1079 2019 Stqschadas
1109 1937 1161 1994 in
1204 1939 1339 2019 mari
1385 1935 1593 1993 Gallico
1638 1935 1769 1989 sitas
1798 1938 1846 1997 Β
1875 1941 2144 2019 ιθηςθημι
2173 1937 2419 2019 monachi
2449 1954 2636 2019 omnes
2660 1944 2756 2001 has
2778 1946 3098 2007 ροιιεηῑοηεε
3119 1968 3241 2011 cum
3271 1971 3462 2019 eorum

170 2014 233 2079 et
256 2015 364 2062 tam
393 2007 588 2064 Lerino
616 2024 775 2079 quam
805 2009 931 2064 aliis
966 2010 1168 2064 vicinas
1188 2049 1203 2075 ,
1240 2018 1301 2079 et
1339 2022 1533 2078 magna
1577 2020 1764 2079 mona-

167 2076 402 2151 chorum
446 2076 745 2151 frequentia
798 2088 852 2136 et
894 2081 1177 2135 sanctitate
1226 2076 1519 2151 ﬂorentes,
1572 2077 1765 2151 quibus

168 2146 315 2203 hanc
342 2146 557 2205 tertiani
587 2150 933 2208 collationum
965 2151 1195 2207 classem
1222 2150 1426 2206 Auctor
1452 2146 1761 2216 destinavit,

167 2226 235 2291 ut
262 2219 377 2288 ipse
407 2230 634 2277 testatur
662 2224 714 2277 in
740 2238 835 2277 sua
864 2223 1177 2291 pmfatione
1204 2222 1269 2277 ad
1297 2220 1640 2277 collationem
1671 2236 1763 2274 un-

166 2287 465 2361 decimam,
497 2293 568 2347 ita
601 2287 928 2348 Honoratum
975 2293 1287 2361 episcOpum
1332 2302 1386 2348 et
1436 2292 1762 2347 Eucherium

165 2359 461 2429 alloquens
488 2381 502 2418 :
532 2364 595 2419 Si
619 2380 734 2419 vero
761 2374 995 2419 sanctam
1012 2359 1179 2418 studii
1206 2365 1359 2418 vestri
1385 2364 1522 2417 sitim
1552 2364 1660 2416 Itth
1686 2378 1765 2415 sa-

165 2430 306 2485 tiare
330 2450 432 2487 non
458 2435 732 2504 quiverint,
762 2445 949 2505 septem
988 2436 1107 2491 alia:
1153 2435 1451 2489 collationes
1475 2473 1492 2501 ,
1534 2449 1648 2505 qua:
1695 2433 1766 2485 ad

165 2454 306 2485 uure
330 2454 432 2487 non
458 2454 732 2504 quiverint,
762 2454 814 2489 se
854 2454 949 2489 tem
988 2454 1107 2491 ana:
1153 2454 1451 2489 cenationes
1475 2473 1492 2501 ,
1534 2454 1648 2505 qua:
1695 2454 1763 2485 aa

163 2514 380 2557 sanctos
402 2508 492 2575 qui
516 2506 569 2559 in
591 2454 946 2562 Stoechatﬁ'bus
961 2507 1245 2562 consistunt
1267 2506 1451 2560 insulis
1473 2504 1767 2575 emittenda:

164 2578 552 2700 suntl,bfratres,
580 2576 896 2633 desiderium
920 2624 936 2648 ,
970 2587 1027 2632 ut
1068 2578 1325 2643 arbitror,
1368 2576 1519 2630 vestri
1562 2574 1766 2628 ardoris

164 2657 269 2700 exp
292 2663 318 2699 e
355 2656 463 2700 unt.

164 2656 463 2712 explebunt.

240 2715 269 2755 δ
298 2717 390 2773 Pia
419 2720 645 2776 monitio
671 2730 727 2777 et
752 2720 984 2776 hortatio
1008 2735 1130 2777 meo
1158 2719 1343 2775 itidem
1372 2725 1500 2774 voto
1538 2731 1767 2773 consen-

1873 2004 2211 2087 auctoribus._
2229 2010 2430 2087 sanctis
2458 2013 2710 2072 videlicet
2741 2004 2988 2087 patribus
3007 2004 3439 2087 éi'aiﬁé'héiéiii

2366 2082 2593 2172 libenter
2620 2096 2675 2141 et
2716 2077 2874 2172 fixide
2916 2077 3468 2172 excipiant‘etnapttvc’l

1872 2160 1940 2234 se.
1963 2155 2235 2234 retineant
2262 2167 2274 2205 τ
2298 2155 2537 2234 quotidie
2567 2172 2687 2213 cum
2713 2158 2820 2216 illis
2846 2155 3225 2234 colloquantur
3263 2180 3318 2227 et
3339 2155 3470 2229 ὡῙῇ

1871 2215 2331 2307 fabulentur‘cos
2363 2224 2704 2307 interrogent
2720 2239 2774 2284 et
2793 2215 3468 2307 _edr_ti}ia‘£é§i§66s5'a”€éil

1874 2291 2049 2370 piant:
2082 2300 2137 2343 ut
2166 2291 2232 2370 ab
2252 2291 2331 2370 eis
2357 2295 2553 2360 edocti,
2570 2291 2931 2364 perfectionis
2957 2305 3092 2359 viam
3114 2291 3283 2364 ille};
3311 2291 3467 2370 mini-

1872 2366 2094 2442 stratiim
2126 2369 2181 2442 et
2206 2361 2468 2442 calcatum
2522 2361 2871 2437 propensius,
2904 2361 3174 2431 securius-
3194 2361 3467 2440 incedant.

1875 2428 2016 2512 qum
2057 2428 2357 2512 collationis
2404 2428 2665 2512 Patrum',
2719 2450 2767 2493 et
2796 2428 3144 2511 instituta,iet‘

1875 2499 1974 2584 (ait
2000 2508 2184 2584 noster
2310 2502 2630 2584 Benedictus
2651 2499 2846 2566 'eorum
2876 2499 3262 2573 :cmul'ator'et"
3285 2499 3469 2579 imitri:

1874 2581 1961 2651 ίῳ.
1986 2570 2261 2651 Imm-ius»
2296 2576 2419 2643 quid
2441 2578 2588 2651 ᾳίίῑιά
2617 2590 2734 2635 sunt
2752 2623 2766 2645 ,
2795 2584 2896 2637 nisi
2942 2586 3066 2641 bene
3088 2570 3472 2651 'vivéneidﬁ'le

1876 2643 2225 2725 obedientium
2252 2647 2619 2725 monachorum
2669 2643 2900 2725 exempla
2925 2666 2972 2711 et
2996 2643 3336 2717 instrumenta
3345 2643 3467 2720 ’ξήπῖί

1874 2723 2040 2769 tutum
2072 2715 2225 2788 (Reg.
2252 2732 2369 2788 cap.
2401 2720 2547 2792 ult.).

1578 2842 3453 2881 ____—___ﬁ_____

679 2923 1469 3032 COLLATIO
1545 2924 1763 3031 DE

1871 2922 2173 3031 ΙΜΑ
2249 2927 2689 3036 ΟΟΤΑ
2715 2930 2974 3055 ΙίἈ,

1310 3111 1467 3186 Quae
1495 3116 1593 3173 est
1624 3109 2020 3172 Piammonis
2066 3111 2339 3175 abbatis.

547 3256 633 3311 DE
664 3256 895 3311 TRIBUS
928 3256 1231 3319 ANTIQUIS
1266 3256 1624 3310 GENERIBUS
1658 3256 2125 3323 MONACHORUM,
2159 3258 2240 3310 ΕΤ
2277 3258 2536 3319 QUARTO
2568 3260 2785 3315 NUPER
2817 3264 3087 3324 EXORTO.

687 3480 916 3539 CAPUT
956 3481 1248 3540 PRIMUM.

174 3575 621 3644 Quemadmodum
638 3574 858 3632 Diolcon
882 3578 1137 3631 venientes
1157 3577 1222 3631 ab
1244 3574 1428 3632 abbate
1460 3573 1764 3632 Piammone

722 3649 911 3720 recepti
938 3649 1210 3719 fuerimus.

246 3766 375 3821 Post
412 3773 762 3837 conspectum
787 3772 952 3834 atque
995 3763 1325 3831 colloquium
1357 3762 1520 3817 trium
1550 3762 1764 3817 illorum

169 3875 393 3928 senum,
442 3875 671 3930 quorum
716 3857 1080 3919 Collationes,
1118 3866 1308 3910 sancto
1362 3853 1531 3909 fratre
1578 3862 1766 3909 nostro

168 3953 441 4009 Eucherio
489 3950 874 4021 compellente,
926 3956 1218 4017 utcumque
1263 3945 1609 4016 digessimus,
1638 3961 1763 4001 cum

170 4049 332 4103 etiam
372 4045 655 4103 ulterioris
700 4040 920 4114 Egypti
969 4049 1183 4111 partes,
1222 4040 1276 4094 in
1308 4038 1507 4110 quibus
1537 4037 1767 4109 amplior

168 4149 333 4209 atque
386 4138 680 4209 perfectior
730 4143 1045 4191 sanctorum
1088 4146 1348 4188 numerus
1398 4130 1762 4197 commeabat,

170 4232 384 4300 majore
414 4230 696 4302 ﬂagrantia
733 4228 1167 4285 desideraremus
1195 4232 1476 4297 expetere,
1519 4231 1546 4262 ι
1591 4223 1659 4278 ad
1687 4224 1769 4277 vi-

170 4339 295 4380 cum
323 4323 410 4379 cui
441 4338 639 4379 nomen
679 4330 763 4379 est
790 4321 1033 4387 Diolcos,
1067 4319 1163 4374 uni
1192 4332 1257 4375 ex
1289 4325 1498 4388 septem
1531 4314 1636 4370 Nili
1669 4315 1769 4369 ilu-

1789 3485 1836 3548 C
1869 3482 2030 3537 minis
2052 3482 2205 3538 ostiis
2230 3483 2745 3554 imminentem,non
2776 3496 2886 3543 tam
2912 3490 3121 3547 itineris
3145 3494 3469 3552 necessitate

1870 3591 2030 3645 quam
2064 3575 2337 3632 desiderio
2366 3590 2678 3634 sanctorum
2707 3580 2821 3635 illic
2840 3586 3289 3640 commorantium
3317 3602 3468 3642 com-

1869 3668 2131 3737 pellente,
2166 3670 2535 3737 pervenimus.
2583 3671 2715 3724 Cum
2764 3673 2907 3726 enim
2946 3673 3092 3727 velut
3131 3676 3469 3744 cupidissimi

1871 3770 2205 3815 mercatores
2227 3761 2458 3830 plurima
2492 3763 2603 3817 illic
2622 3763 3087 3835 celeberrimaque
3118 3769 3368 3824 cmnobia
3399 3772 3470 3827 ab

1872 3850 2109 3917 antiquis
2157 3851 2555 3905 audivissemus
2603 3851 2848 3921 patribus
2894 3857 3173 3926 instituta,
3207 3859 3468 3916 continuo

1873 3940 2024 4011 quasi
2055 3940 2454 4010 navigationem
2476 3941 2843 4011 inquisitionis
2863 3945 3104 4015 incertre,
3130 3962 3225 4018 spe
3248 3950 3469 4018 majoris

1872 4032 2005 4087 lucri
2034 4032 2418 4102 persuadente,
2449 4033 2806 4105 suscepimus.
2856 4038 2956 4095 Ubi
3007 4054 3129 4095 cum
3162 4041 3467 4100 diutissime

1873 4126 2197 4182 fluctuantes
2226 4126 2291 4180 ad
2324 4127 2446 4182 illos
2474 4127 2729 4182 virtutum
2767 4130 3100 4187 sublimitate
3139 4135 3464 4202 conspicuos

1873 4229 2086 4274 montes
2108 4218 2347 4289 undique
2370 4220 2556 4274 oculos
2576 4220 2944 4290 tenderemus,
2969 4224 3217 4280 abbatem
3240 4224 3267 4263 ι)
3288 4226 3465 4283 Piam-

1875 4327 2089 4367 ntonem
2141 4310 2379 4366 omnium
2418 4314 2868 4371 anachoretarum
2905 4314 3020 4371 illic
3050 4316 3466 4377 inhabitantium

1245 4430 1505 4487 ALARDI
1544 4427 1780 4485 GAZ/EI
1818 4426 2387 4484 COMMENTARIUS.

245 4545 271 4574 ι
298 4535 374 4592 De
409 4535 511 4591 hoc
539 4534 658 4591 vico
680 4533 763 4588 vel
803 4530 1003 4601 oppido
1042 4528 1178 4584 alias
1203 4526 1408 4601 dictum
1437 4522 1568 4601 est_(
1590 4522 1705 4601 Lib.
1730 4540 1762 4576 v

174 4606 309 4662 Inst.
336 4625 383 4661 c.
416 4605 555 4676 36);
596 4609 650 4660 in
678 4620 784 4674 quo
809 4593 1183 4656 Piammonem
1215 4596 1462 4652 abbatem
1503 4593 1762 4650 claruisse

173 4683 505 4735 Sozomenus
548 4686 606 4730 et
631 4676 965 4741 Nicephorus
1005 4678 1291 4741 testantur.

242 4749 270 4787 δ
300 4747 604 4811 Piammon,
626 4761 731 4800 non
764 4739 1009 4806 Piamon,
1040 4740 1324 4810 legendum
1356 4739 1763 4811 esseadmonet

170 4819 479 4879 Ciaconius.
498 4832 564 4872 ex
590 4809 792 4872 Graecis
813 4809 1147 4869 auctoribus.
1165 4812 1259 4865 Est
1278 4820 1456 4867 autem
1481 4810 1568 4866 hic
1589 4809 1765 4863 Piam-

171 4909 319 4955 mon,
354 4891 421 4944 de
446 4904 554 4959 quo
580 4886 829 4957 superius
847 4884 1041 4959 habita
1068 4884 1289 4959 mentio,
1310 4882 1556 4959 ubiejus
1588 4879 1765 4934 humi-

174 4953 366 5016 litas’et
395 4953 913 5026 studium'tegenda:
937 4956 1173 5026 prOprim
1204 4953 1555 5026 perfectionis
1577 4960 1633 5026 et
1661 4966 1761 5026 au-

172 5032 428 5086 steritatis
459 5029 711 5087 refertur.
727 5021 828 5081 'De
848 5021 1057 5081 eodem
1075 5021 1412 5079 Sozoiuenus
1458 5023 1574 5077 lucc
1603 5021 1764 5076 habet

172 5107 187 5165 (
214 5103 326 5157 Lib.
358 5118 408 5156 v1
436 5118 481 5155 c.
528 5102 630 5167 29;
665 5096 889 5168 Niceplt.
924 5098 962 5151 ι.
995 5111 1049 5150 χι
1074 5112 1191 5168 cap.
1228 5095 1336 5164 '55)
1363 5112 1376 5168 ς
1411 5092 1685 5168 Piam_mon
1716 5102 1762 5168 et

170 5163 395 5228 Joannes
435 5172 490 5226 id
522 5163 764 5244 temporis
799 5163 998 5238 quoque
1043 5166 1250 5244 circiter
1278 5163 1763 5244 Aioin6v_£gypti,

170 5244 513 5298 celeberrimis
534 5237 798 5309 praefuere
810 5237 1132 5291 monasteriis
1148 5253 1167 5302 ;
1183 5237 1575 5308 exquisitissime
1593 5246 1763 5287 autem

170 5314 455 5369 sacerdotio
486 5310 792 5384 (presbyteri
814 5310 948 5384 enim
971 5310 1143 5384 erant)
1171 5317 1219 5362 et
1249 5323 1593 5384 sumchum
1620 5322 1763 5360 reve-

170 5386 333 5439 rentia
356 5378 814 5457 perfringebantur.
840 5379 1133 5457 Traditum_
1146 5393 1265 5457 vero
1295 5388 1368 5434 est
1405 5378 1759 5457 Piammonem

170 5450 391 5524 quodam
419 5450 681 5527 ternpore,
709 5470 828 5508 cum
868 5468 1077 5527 sacrum
1104 5450 1356 5527 faciebat,
1386 5451 1577 5505 vidisse
1620 5451 1762 5527 circa

171 5519 366 5581 sacram
396 5519 622 5581 mensam
649 5519 872 5582 stantem
916 5519 1165 5594 angelum
1215 5519 1348 5587 Dei,
1390 5532 1437 5575 et
1481 5519 1763 5594 nionacltos

170 5607 439 5669 prwsentes
469 5599 525 5653 in
558 5598 688 5653 libro
712 5590 1017 5669 scripsisse,
1060 5596 1437 5669 absentespegq
1468 5592 1597 5669 inde
1621 5590 1765 5645 dele-

171 5662 313 5724 in'sse.
338 5667 429 5724 Sic
454 5670 566 5725 ille.
584 5673 655 5730 At
675 5670 775 5725 hoc
802 5662 942 5724 idem
967 5665 1277 5734 exemplum
1303 5664 1354 5718 in
1377 5662 1514 5734 Vitis
1542 5663 1761 5734 Patrum

171 5742 328 5811 paulo
352 5741 645 5811 pleniumet
669 5739 974 5811 accuratius
993 5732 1344 5811 enarraturin
1373 5733 1518 5811 hunc
1544 5732 1763 5786 modum

171 5804 310 5877 (Lib.
341 5804 449 5885 ιίσ.
481 5813 553 5870 5'1
566 5815 590 5883 )
622 5830 635 5870 :
676 5810 914 5868 Vidimus
963 5806 1328 5864 admirabilem
1370 5804 1763 5876 presbyterum,

1870 4523 2074 4576 nomine
2109 4519 2485 4585 Piammonem,
2520 4521 2678 4575 totius
2720 4524 3030 4578 humilitatis
3059 4532 3107 4579 et
3138 4524 3465 4590 benignitatis

1867 4596 2055 4667 virum,
2088 4594 2353 4646 habentem
2378 4582 2531 4647 etiam
2546 4593 2922 4667 revelationum
2952 4599 3197 4667 gratiam.
3230 4582 3467 4667 ﬁenique

1868 4666 2094 4733 quodam
2113 4676 2364 4735 tempore,
2390 4680 2509 4717 cum
2531 4663 2754 4718 Domino
2777 4663 3092 4735 sacriﬁcium
3117 4666 3321 4735 o/ferret
3345 4710 3359 4731 ,
3381 4663 3464 4720 ὐἰ-

1869 4736 1942 4788 dit
1972 4734 2211 4809 angelum
2243 4735 2335 4787 Dei
2361 4743 2577 4809 stantem
2592 4736 2750 4809 juxta
2772 4737 2960 4809 altare,
2988 4749 3035 4791 et
3059 4739 3467 4809 uniuscujusque

1870 4807 2240 4860 monachorum
2259 4805 2614 4860 accedentium
2640 4806 2708 4858 ad
2734 4808 2901 4861 altare
2929 4808 3227 4863 scribentem
3250 4805 3463 4861 nomina

1867 4877 1920 4928 in
1949 4875 2081 4928 libro
2111 4893 2257 4945 quem
2297 4879 2496 4947 tenebat
2525 4878 2577 4930 in
2604 4879 2839 4931 manibus
2863 4921 2877 4943 ,
2921 4882 3266 4947 quorumdam
3293 4889 3462 4931 tamen

1869 4964 1973 5001 non
1995 4949 2315 5002 scribentem.
2342 4946 2568 5013 Cumque
2613 4947 2888 5016 diligenter
2913 4946 3223 5003 Observasset
3267 4950 3459 5009 senior,

1868 5021 2140 5089 quiessent
2184 5036 2403 5090 quorum
2447 5019 2656 5070 nomina
2698 5034 2802 5070 non
2844 5020 3156 5089 scripsisset,
3189 5028 3458 5085 postquam

1868 5099 1988 5144 sunt
2018 5094 2269 5159 completa
2300 5090 2571 5161 mysteria,
2598 5104 3008 5161 unumquemque
3032 5105 3203 5161 eorum
3228 5102 3459 5161 seorsum

1868 5178 2075 5228 t'ocans,
2127 5159 2489 5231 percunctatur
2532 5159 2659 5224 quid
2702 5160 2763 5210 ab
2802 5160 2874 5211 eis
2923 5161 2977 5212 in
3030 5159 3234 5213 occulto
3264 5160 3462 5226 peccati

1870 5235 2052 5303 fuisset
2073 5233 2391 5297 admissum;
2417 5240 2463 5283 et
2491 5231 2677 5303 invenit
2696 5232 3105 5303 ea:_con[ession_e
3125 5244 3463 5303 unumquem-

1869 5300 1969 5373 que
1995 5321 2170 5357 eorum
2210 5304 2404 5374 peccati
2450 5301 2681 5354 mortalis
2719 5300 3021 5374 obnoxium.
3053 5300 3196 5374 Tunc
3225 5301 3462 5374 hortatur

1871 5368 1957 5428 eos
1984 5368 2333 5443 pmnitentiam
2356 5386 2526 5444 agere,
2555 5380 2601 5424 et
2625 5373 2950 5439 semetipsum
2974 5388 3088 5424 cum
3115 5371 3189 5444 eis
3211 5379 3332 5444 ante
3354 5368 3462 5423 Do-

1866 5441 2059 5499 minum
2091 5441 2438 5511 prosternens,
2468 5441 2552 5493 die
2577 5458 2637 5494 ac
2676 5451 2841 5504 nocte,
2868 5454 3131 5511 tamquam
3159 5442 3269 5508 ipse
3294 5442 3348 5493 in
3376 5456 3460 5494 eo-

1865 5532 1981 5569 rum
2013 5516 2233 5584 peccatis
2282 5524 2409 5567 esset
2436 5511 2707 5584 obnoccins,
2739 5512 2893 5584 ﬂebat
2922 5523 2968 5565 et
2998 5512 3197 5565 tamdiu
3224 5527 3461 5584 perman-

1867 5582 2074 5639 sitcum
2119 5586 2194 5637 eis
2239 5585 2289 5635 in
2339 5582 2634 5653 paenitentia
2684 5592 2732 5633 et
2789 5582 3052 5652 lacrymis,
3087 5582 3249 5635 donec
3278 5582 3461 5636 iterum

1866 5657 2059 5709 videret
2091 5650 2607 5719 eumdem'angelum
2634 5658 2855 5704 stantem
2899 5650 2945 5706 et
2976 5654 3283 5708 scribentem
3318 5668 3462 5706 acce-

1871 5727 2104 5779 dentium
2132 5728 2361 5788 nomina,
2386 5732 2434 5796 et
2460 5729 2794 5796 posteaquam
2821 5724 3050 5778 omnium
3082 5725 3311 5796 scripsit,
3342 5734 3462 5778 tunc

1870 5799 2028 5852 etiam
2057 5796 2175 5850 illos
2202 5811 2266 5850 ea:
2294 5791 2583 5848 nominibus
2605 5803 2898 5850 evocantem
2923 5804 2971 5851 et
2999 5796 3070 5850 ad
3088 5791 3461 5853 reconciliatio-
