  <div class='ocr_page' id='page_1' title='image "/cluster/home/n/w/nwhite01/storage/ocr_20150623/49/uva.x000827093/553.png"; bbox 0 0 4014 6200; ppageno 0'>
   <div class='ocr_carea' id='block_1_1' title="bbox 573 297 738 361">
    <p class='ocr_par' dir='ltr' id='par_1_1' title="bbox 573 297 738 361">
     <span class='ocr_line' id='line_1_1' title="bbox 573 297 738 361; baseline 0 -4"><span class='ocrx_word' id='word_1_1' title='bbox 573 297 738 361; x_wconf 72' lang='grc'><strong>1091“</strong></span> 
     </span>
    </p>
   </div>
   <div class='ocr_carea' id='block_1_2' title="bbox 574 407 2249 486">
    <p class='ocr_par' dir='ltr' id='par_1_2' title="bbox 574 407 2249 486">
     <span class='ocr_line' id='line_1_2' title="bbox 574 407 2249 486; baseline -0.01 -9"><span class='ocrx_word' id='word_1_2' title='bbox 574 419 872 486; x_wconf 77' lang='lat' dir='ltr'><strong>seniorem,</strong></span> <span class='ocrx_word' id='word_1_3' title='bbox 909 414 1334 482; x_wconf 87' lang='lat' dir='ltr'><strong>eorumdemque</strong></span> <span class='ocrx_word' id='word_1_4' title='bbox 1361 409 1769 481; x_wconf 78' lang='lat' dir='ltr'><strong>presbyterum,</strong></span> <span class='ocrx_word' id='word_1_5' title='bbox 1811 409 1963 463; x_wconf 84' lang='lat' dir='ltr'><strong>velut</strong></span> <span class='ocrx_word' id='word_1_6' title='bbox 1990 421 2173 478; x_wconf 90' lang='lat' dir='ltr'><strong>quam-</strong></span> <span class='ocrx_word' id='word_1_7' title='bbox 2195 407 2249 468; x_wconf 77' lang='grc' dir='ltr'><strong>Α</strong></span> 
     </span>
    </p>
   </div>
   <div class='ocr_carea' id='block_1_3' title="bbox 577 502 2174 573">
    <p class='ocr_par' dir='ltr' id='par_1_3' title="bbox 577 502 2174 573">
     <span class='ocr_line' id='line_1_3' title="bbox 577 502 2174 573; baseline -0.008 -7"><span class='ocrx_word' id='word_1_8' title='bbox 577 511 702 566; x_wconf 91' lang='lat' dir='ltr'><strong>dam</strong></span> <span class='ocrx_word' id='word_1_9' title='bbox 719 507 1156 564; x_wconf 86' lang='lat' dir='ltr'><strong>sublimissimam</strong></span> <span class='ocrx_word' id='word_1_10' title='bbox 1174 514 1199 540; x_wconf 73' lang='grc'><strong>⁸</strong></span> <span class='ocrx_word' id='word_1_11' title='bbox 1219 503 1466 573; x_wconf 88' lang='lat' dir='ltr'><strong>pharum,</strong></span> <span class='ocrx_word' id='word_1_12' title='bbox 1488 502 1696 571; x_wconf 90' lang='lat' dir='ltr'><strong>primus</strong></span> <span class='ocrx_word' id='word_1_13' title='bbox 1712 502 2174 570; x_wconf 87' lang='lat' dir='ltr'><strong>circumspectan-</strong></span> 
     </span>
    </p>
   </div>
   <div class='ocr_carea' id='block_1_4' title="bbox 578 592 2172 663">
    <p class='ocr_par' dir='ltr' id='par_1_4' title="bbox 578 592 2172 663">
     <span class='ocr_line' id='line_1_4' title="bbox 578 592 2172 663; baseline -0.008 -5"><span class='ocrx_word' id='word_1_14' title='bbox 578 603 713 658; x_wconf 91' lang='lat' dir='ltr'><strong>tium</strong></span> <span class='ocrx_word' id='word_1_15' title='bbox 756 600 964 656; x_wconf 86' lang='lat' dir='ltr'><strong>notavit</strong></span> <span class='ocrx_word' id='word_1_16' title='bbox 1017 597 1264 653; x_wconf 75' lang='lat' dir='ltr'><strong>intuitus.</strong></span> <span class='ocrx_word' id='word_1_17' title='bbox 1314 595 1407 650; x_wconf 87' lang='lat' dir='ltr'><strong>Hic</strong></span> <span class='ocrx_word' id='word_1_18' title='bbox 1447 595 1647 650; x_wconf 84' lang='lat' dir='ltr'><strong>etenim</strong></span> <span class='ocrx_word' id='word_1_19' title='bbox 1687 595 1826 648; x_wconf 84' lang='lat' dir='ltr'><strong>sicut</strong></span> <span class='ocrx_word' id='word_1_20' title='bbox 1859 592 2172 663; x_wconf 83' lang='lat' dir='ltr'><strong>evangelica</strong></span> 
     </span>
    </p>
   </div>
   <div class='ocr_carea' id='block_1_5' title="bbox 578 685 2174 751">
    <p class='ocr_par' dir='ltr' id='par_1_5' title="bbox 578 685 2174 751">
     <span class='ocr_line' id='line_1_5' title="bbox 578 685 2174 751; baseline -0.007 -1"><span class='ocrx_word' id='word_1_21' title='bbox 578 696 672 751; x_wconf 91' lang='lat' dir='ltr'><strong>illa</strong></span> <span class='ocrx_word' id='word_1_22' title='bbox 724 693 915 747; x_wconf 83' lang='lat' dir='ltr'><strong>civitas</strong></span> <span class='ocrx_word' id='word_1_23' title='bbox 967 690 1020 743; x_wconf 88' lang='lat' dir='ltr'><strong>in</strong></span> <span class='ocrx_word' id='word_1_24' title='bbox 1073 687 1274 743; x_wconf 80' lang='lat' dir='ltr'><strong>excelsi</strong></span> <span class='ocrx_word' id='word_1_25' title='bbox 1330 686 1535 740; x_wconf 89' lang='lat' dir='ltr'><strong>montis</strong></span> <span class='ocrx_word' id='word_1_26' title='bbox 1591 687 1795 741; x_wconf 82' lang='lat' dir='ltr'><strong>vertice</strong></span> <span class='ocrx_word' id='word_1_27' title='bbox 1846 685 2174 740; x_wconf 86' lang='lat' dir='ltr'><strong>constitutus</strong></span> 
     </span>
    </p>
   </div>
   <div class='ocr_carea' id='block_1_6' title="bbox 580 777 2174 859">
    <p class='ocr_par' dir='ltr' id='par_1_6' title="bbox 580 777 2174 859">
     <span class='ocr_line' id='line_1_6' title="bbox 580 777 2174 859; baseline -0.006 -17"><span class='ocrx_word' id='word_1_28' title='bbox 580 787 807 859; x_wconf 77' lang='lat' dir='ltr'><strong>(Matth.</strong></span> <span class='ocrx_word' id='word_1_29' title='bbox 835 783 917 854; x_wconf 88' lang='lat' dir='ltr'><strong>v),</strong></span> <span class='ocrx_word' id='word_1_30' title='bbox 947 791 1136 838; x_wconf 91' lang='lat' dir='ltr'><strong>nostro</strong></span> <span class='ocrx_word' id='word_1_31' title='bbox 1175 779 1428 851; x_wconf 80' lang='lat' dir='ltr'><strong>protinus</strong></span> <span class='ocrx_word' id='word_1_32' title='bbox 1472 779 1680 834; x_wconf 81' lang='lat' dir='ltr'><strong>refulsit</strong></span> <span class='ocrx_word' id='word_1_33' title='bbox 1707 780 1974 848; x_wconf 88' lang='lat' dir='ltr'><strong>aspectui.</strong></span> <span class='ocrx_word' id='word_1_34' title='bbox 2003 777 2174 847; x_wconf 84' lang='lat' dir='ltr'><strong>Cujus</strong></span> 
     </span>
    </p>
   </div>
   <div class='ocr_carea' id='block_1_7' title="bbox 581 870 2174 947">
    <p class='ocr_par' dir='ltr' id='par_1_7' title="bbox 581 870 2174 947">
     <span class='ocr_line' id='line_1_7' title="bbox 581 870 2174 947; baseline -0.006 -13"><span class='ocrx_word' id='word_1_35' title='bbox 581 882 809 934; x_wconf 83' lang='lat' dir='ltr'><strong>virtutes</strong></span> <span class='ocrx_word' id='word_1_36' title='bbox 837 886 1001 947; x_wconf 90' lang='lat' dir='ltr'><strong>atque</strong></span> <span class='ocrx_word' id='word_1_37' title='bbox 1024 874 1288 930; x_wconf 85' lang='lat' dir='ltr'><strong>mirabilia</strong></span> <span class='ocrx_word' id='word_1_38' title='bbox 1319 889 1437 944; x_wconf 76' lang='lat' dir='ltr'><strong>quae</strong></span> <span class='ocrx_word' id='word_1_39' title='bbox 1456 887 1553 942; x_wconf 89' lang='lat' dir='ltr'><strong>per</strong></span> <span class='ocrx_word' id='word_1_40' title='bbox 1578 887 1702 926; x_wconf 91' lang='lat' dir='ltr'><strong>eum</strong></span> <span class='ocrx_word' id='word_1_41' title='bbox 1730 873 1893 926; x_wconf 91' lang='lat' dir='ltr'><strong>etiam</strong></span> <span class='ocrx_word' id='word_1_42' title='bbox 1922 870 2024 927; x_wconf 88' lang='lat' dir='ltr'><strong>sub</strong></span> <span class='ocrx_word' id='word_1_43' title='bbox 2043 885 2174 925; x_wconf 91' lang='lat' dir='ltr'><strong>con-</strong></span> 
     </span>
    </p>
   </div>
   <div class='ocr_carea' id='block_1_8' title="bbox 579 961 2174 1040">
    <p class='ocr_par' dir='ltr' id='par_1_8' title="bbox 579 961 2174 1040">
     <span class='ocr_line' id='line_1_8' title="bbox 579 961 2174 1040; baseline -0.006 -15"><span class='ocrx_word' id='word_1_44' title='bbox 579 979 772 1040; x_wconf 88' lang='lat' dir='ltr'><strong>spectu</strong></span> <span class='ocrx_word' id='word_1_45' title='bbox 796 977 982 1023; x_wconf 90' lang='lat' dir='ltr'><strong>nostro</strong></span> <span class='ocrx_word' id='word_1_46' title='bbox 1011 966 1193 1022; x_wconf 87' lang='lat' dir='ltr'><strong>divina</strong></span> <span class='ocrx_word' id='word_1_47' title='bbox 1217 963 1385 1036; x_wconf 89' lang='lat' dir='ltr'><strong>gratia</strong></span> <span class='ocrx_word' id='word_1_48' title='bbox 1417 963 1786 1018; x_wconf 89' lang='lat' dir='ltr'><strong>testimonium</strong></span> <span class='ocrx_word' id='word_1_49' title='bbox 1826 961 2032 1017; x_wconf 90' lang='lat' dir='ltr'><strong>meritis</strong></span> <span class='ocrx_word' id='word_1_50' title='bbox 2054 963 2174 1030; x_wconf 85' lang='lat' dir='ltr'><strong>ejus</strong></span> 
     </span>
    </p>
   </div>
   <div class='ocr_carea' id='block_1_9' title="bbox 580 1055 2175 1132">
    <p class='ocr_par' dir='ltr' id='par_1_9' title="bbox 580 1055 2175 1132">
     <span class='ocr_line' id='line_1_9' title="bbox 580 1055 2175 1132; baseline -0.006 -12"><span class='ocrx_word' id='word_1_51' title='bbox 580 1065 862 1128; x_wconf 83' lang='lat' dir='ltr'><strong>reddente,</strong></span> <span class='ocrx_word' id='word_1_52' title='bbox 897 1061 1136 1132; x_wconf 88' lang='lat' dir='ltr'><strong>perfecta</strong></span> <span class='ocrx_word' id='word_1_53' title='bbox 1167 1067 1320 1126; x_wconf 89' lang='lat' dir='ltr'><strong>sunt,</strong></span> <span class='ocrx_word' id='word_1_54' title='bbox 1355 1075 1423 1113; x_wconf 90' lang='lat' dir='ltr'><strong>ne</strong></span> <span class='ocrx_word' id='word_1_55' title='bbox 1453 1058 1537 1113; x_wconf 90' lang='lat' dir='ltr'><strong>vel</strong></span> <span class='ocrx_word' id='word_1_56' title='bbox 1569 1057 1831 1128; x_wconf 89' lang='lat' dir='ltr'><strong>propositi</strong></span> <span class='ocrx_word' id='word_1_57' title='bbox 1860 1056 2035 1111; x_wconf 89' lang='lat' dir='ltr'><strong>nostri</strong></span> <span class='ocrx_word' id='word_1_58' title='bbox 2063 1055 2175 1110; x_wconf 91' lang='lat' dir='ltr'><strong>for-</strong></span> 
     </span>
    </p>
   </div>
   <div class='ocr_carea' id='block_1_10' title="bbox 582 1149 2177 1220">
    <p class='ocr_par' dir='ltr' id='par_1_10' title="bbox 582 1149 2177 1220">
     <span class='ocr_line' id='line_1_10' title="bbox 582 1149 2177 1220; baseline -0.006 -9"><span class='ocrx_word' id='word_1_59' title='bbox 582 1173 726 1211; x_wconf 90' lang='lat' dir='ltr'><strong>mam</strong></span> <span class='ocrx_word' id='word_1_60' title='bbox 757 1155 842 1211; x_wconf 87' lang='lat' dir='ltr'><strong>vel</strong></span> <span class='ocrx_word' id='word_1_61' title='bbox 887 1154 1104 1210; x_wconf 91' lang='lat' dir='ltr'><strong>modum</strong></span> <span class='ocrx_word' id='word_1_62' title='bbox 1152 1152 1312 1220; x_wconf 91' lang='lat' dir='ltr'><strong>hujus</strong></span> <span class='ocrx_word' id='word_1_63' title='bbox 1339 1150 1629 1206; x_wconf 88' lang='lat' dir='ltr'><strong>voluminis</strong></span> <span class='ocrx_word' id='word_1_64' title='bbox 1657 1149 2005 1212; x_wconf 85' lang='lat' dir='ltr'><strong>excedamus,</strong></span> <span class='ocrx_word' id='word_1_65' title='bbox 2037 1164 2177 1218; x_wconf 62' lang='lat' dir='ltr'><strong>prae-</strong></span> 
     </span>
    </p>
   </div>
   <div class='ocr_carea' id='block_1_11' title="bbox 580 1240 2176 1306">
    <p class='ocr_par' dir='ltr' id='par_1_11' title="bbox 580 1240 2176 1306">
     <span class='ocr_line' id='line_1_11' title="bbox 580 1240 2176 1306; baseline -0.006 -2"><span class='ocrx_word' id='word_1_66' title='bbox 580 1247 929 1306; x_wconf 82' lang='lat' dir='ltr'><strong>termittenda</strong></span> <span class='ocrx_word' id='word_1_67' title='bbox 979 1245 1332 1303; x_wconf 85' lang='lat' dir='ltr'><strong>credidimus.</strong></span> <span class='ocrx_word' id='word_1_68' title='bbox 1374 1243 1490 1298; x_wconf 87' lang='lat' dir='ltr'><strong>Non</strong></span> <span class='ocrx_word' id='word_1_69' title='bbox 1533 1243 1678 1299; x_wconf 90' lang='lat' dir='ltr'><strong>enim</strong></span> <span class='ocrx_word' id='word_1_70' title='bbox 1724 1242 1794 1298; x_wconf 91' lang='lat' dir='ltr'><strong>de</strong></span> <span class='ocrx_word' id='word_1_71' title='bbox 1839 1240 2176 1297; x_wconf 86' lang='lat' dir='ltr'><strong>mirabilibus</strong></span> 
     </span>
    </p>
   </div>
   <div class='ocr_carea' id='block_1_12' title="bbox 583 1332 2174 1405">
    <p class='ocr_par' dir='ltr' id='par_1_12' title="bbox 583 1332 2174 1405">
     <span class='ocr_line' id='line_1_12' title="bbox 583 1332 2174 1405; baseline -0.006 -11"><span class='ocrx_word' id='word_1_72' title='bbox 583 1339 700 1405; x_wconf 89' lang='lat' dir='ltr'><strong>Dei,</strong></span> <span class='ocrx_word' id='word_1_73' title='bbox 732 1337 829 1393; x_wconf 89' lang='lat' dir='ltr'><strong>sed</strong></span> <span class='ocrx_word' id='word_1_74' title='bbox 873 1337 941 1391; x_wconf 90' lang='lat' dir='ltr'><strong>de</strong></span> <span class='ocrx_word' id='word_1_75' title='bbox 970 1336 1231 1391; x_wconf 87' lang='lat' dir='ltr'><strong>institutis</strong></span> <span class='ocrx_word' id='word_1_76' title='bbox 1259 1333 1559 1404; x_wconf 88' lang='lat' dir='ltr'><strong>studiisque</strong></span> <span class='ocrx_word' id='word_1_77' title='bbox 1588 1342 1896 1388; x_wconf 89' lang='lat' dir='ltr'><strong>sanctorum</strong></span> <span class='ocrx_word' id='word_1_78' title='bbox 1927 1332 2174 1402; x_wconf 61' lang='lat' dir='ltr'><strong>quaedam</strong></span> 
     </span>
    </p>
   </div>
   <div class='ocr_carea' id='block_1_13' title="bbox 583 1425 2178 1502">
    <p class='ocr_par' dir='ltr' id='par_1_13' title="bbox 583 1425 2178 1502">
     <span class='ocr_line' id='line_1_13' title="bbox 583 1425 2178 1502; baseline -0.004 -16"><span class='ocrx_word' id='word_1_79' title='bbox 583 1447 704 1502; x_wconf 73' lang='lat' dir='ltr'><strong>qua:</strong></span> <span class='ocrx_word' id='word_1_80' title='bbox 735 1429 1012 1485; x_wconf 84' lang='lat' dir='ltr'><strong>reminisci</strong></span> <span class='ocrx_word' id='word_1_81' title='bbox 1044 1427 1301 1498; x_wconf 89' lang='lat' dir='ltr'><strong>possibile</strong></span> <span class='ocrx_word' id='word_1_82' title='bbox 1329 1435 1434 1494; x_wconf 81' lang='lat' dir='ltr'><strong>est,</strong></span> <span class='ocrx_word' id='word_1_83' title='bbox 1465 1441 1564 1483; x_wconf 90' lang='lat' dir='ltr'><strong>nos</strong></span> <span class='ocrx_word' id='word_1_84' title='bbox 1591 1426 1981 1497; x_wconf 85' lang='lat' dir='ltr'><strong>sp0pondimus</strong></span> <span class='ocrx_word' id='word_1_85' title='bbox 2012 1425 2178 1480; x_wconf 87' lang='lat' dir='ltr'><strong>tradi-</strong></span> 
     </span>
    </p>
   </div>
   <div class='ocr_carea' id='block_1_14' title="bbox 579 1519 2174 1591">
    <p class='ocr_par' dir='ltr' id='par_1_14' title="bbox 579 1519 2174 1591">
     <span class='ocr_line' id='line_1_14' title="bbox 579 1519 2174 1591; baseline -0.003 -13"><span class='ocrx_word' id='word_1_86' title='bbox 579 1532 761 1586; x_wconf 87' lang='lat' dir='ltr'><strong>turos.</strong></span> <span class='ocrx_word' id='word_1_87' title='bbox 789 1533 848 1577; x_wconf 86' lang='lat' dir='ltr'><strong>ut</strong></span> <span class='ocrx_word' id='word_1_88' title='bbox 874 1522 1243 1578; x_wconf 87' lang='lat' dir='ltr'><strong>necessariam</strong></span> <span class='ocrx_word' id='word_1_89' title='bbox 1283 1529 1492 1576; x_wconf 90' lang='lat' dir='ltr'><strong>tantum</strong></span> <span class='ocrx_word' id='word_1_90' title='bbox 1526 1520 1778 1591; x_wconf 82' lang='lat' dir='ltr'><strong>perfectae</strong></span> <span class='ocrx_word' id='word_1_91' title='bbox 1807 1521 1928 1574; x_wconf 74' lang='lat' dir='ltr'><strong>vita:</strong></span> <span class='ocrx_word' id='word_1_92' title='bbox 1971 1519 2174 1574; x_wconf 88' lang='lat' dir='ltr'><strong>instru-</strong></span> 
     </span>
    </p>
   </div>
   <div class='ocr_carea' id='block_1_15' title="bbox 578 1610 2176 1682">
    <p class='ocr_par' dir='ltr' id='par_1_15' title="bbox 578 1610 2176 1682">
     <span class='ocr_line' id='line_1_15' title="bbox 578 1610 2176 1682; baseline -0.004 -12"><span class='ocrx_word' id='word_1_93' title='bbox 578 1615 837 1680; x_wconf 87' lang='lat' dir='ltr'><strong>ctionem,</strong></span> <span class='ocrx_word' id='word_1_94' title='bbox 871 1630 976 1669; x_wconf 89' lang='lat' dir='ltr'><strong>non</strong></span> <span class='ocrx_word' id='word_1_95' title='bbox 1010 1614 1254 1669; x_wconf 90' lang='lat' dir='ltr'><strong>inutilem</strong></span> <span class='ocrx_word' id='word_1_96' title='bbox 1296 1613 1506 1682; x_wconf 87' lang='lat' dir='ltr'><strong>absque</strong></span> <span class='ocrx_word' id='word_1_97' title='bbox 1534 1613 1646 1667; x_wconf 91' lang='lat' dir='ltr'><strong>ulla</strong></span> <span class='ocrx_word' id='word_1_98' title='bbox 1684 1612 2066 1668; x_wconf 90' lang='lat' dir='ltr'><strong>emendatione</strong></span> <span class='ocrx_word' id='word_1_99' title='bbox 2096 1610 2176 1664; x_wconf 85' lang='lat' dir='ltr'><strong>vi-</strong></span> 
     </span>
    </p>
   </div>
   <div class='ocr_carea' id='block_1_16' title="bbox 582 1703 2175 1775">
    <p class='ocr_par' dir='ltr' id='par_1_16' title="bbox 582 1703 2175 1775">
     <span class='ocr_line' id='line_1_16' title="bbox 582 1703 2175 1775; baseline -0.003 -14"><span class='ocrx_word' id='word_1_100' title='bbox 582 1707 776 1761; x_wconf 75' lang='lat' dir='ltr'><strong>tiarum</strong></span> <span class='ocrx_word' id='word_1_101' title='bbox 826 1720 890 1760; x_wconf 89' lang='lat' dir='ltr'><strong>ac</strong></span> <span class='ocrx_word' id='word_1_102' title='bbox 945 1719 1337 1774; x_wconf 87' lang='lat' dir='ltr'><strong>supervacuam</strong></span> <span class='ocrx_word' id='word_1_103' title='bbox 1396 1704 1808 1760; x_wconf 87' lang='lat' dir='ltr'><strong>admirationem</strong></span> <span class='ocrx_word' id='word_1_104' title='bbox 1872 1703 2175 1775; x_wconf 78' lang='lat' dir='ltr'><strong>legentibus</strong></span> 
     </span>
    </p>
   </div>
   <div class='ocr_carea' id='block_1_17' title="bbox 1632 282 2798 348">
    <p class='ocr_par' dir='ltr' id='par_1_17' title="bbox 1632 282 2798 348">
     <span class='ocr_line' id='line_1_17' title="bbox 1632 282 2798 348; baseline -0.004 -1"><span class='ocrx_word' id='word_1_105' title='bbox 1632 288 1912 348; x_wconf 79' lang='lat' dir='ltr'><strong>JOANNIS</strong></span> <span class='ocrx_word' id='word_1_106' title='bbox 1948 287 2264 347; x_wconf 81' lang='lat' dir='ltr'><strong>CASSIANI</strong></span> <span class='ocrx_word' id='word_1_107' title='bbox 2303 282 2798 345; x_wconf 82' lang='lat' dir='ltr'><strong>COLLATIONES.</strong></span> 
     </span>
    </p>
   </div>
   <div class='ocr_carea' id='block_1_18' title="bbox 3779 281 3975 362">
    <p class='ocr_par' dir='ltr' id='par_1_18' title="bbox 3779 281 3975 362">
     <span class='ocr_line' id='line_1_18' title="bbox 3779 281 3975 362; baseline 0.01 -25"><span class='ocrx_word' id='word_1_108' title='bbox 3779 281 3975 362; x_wconf 44' lang='lat' dir='ltr'><strong>sese;</strong></span> 
     </span>
    </p>
   </div>
   <div class='ocr_carea' id='block_1_19' title="bbox 2272 398 3975 469">
    <p class='ocr_par' dir='ltr' id='par_1_19' title="bbox 2272 398 3975 469">
     <span class='ocr_line' id='line_1_19' title="bbox 2272 398 3975 469; baseline -0.006 -9"><span class='ocrx_word' id='word_1_109' title='bbox 2272 405 2449 460; x_wconf 88' lang='lat' dir='ltr'><strong>nullos</strong></span> <span class='ocrx_word' id='word_1_110' title='bbox 2465 404 2537 459; x_wconf 89' lang='lat' dir='ltr'><strong>ita</strong></span> <span class='ocrx_word' id='word_1_111' title='bbox 2561 401 2627 458; x_wconf 90' lang='lat' dir='ltr'><strong>ad</strong></span> <span class='ocrx_word' id='word_1_112' title='bbox 2647 401 2764 458; x_wconf 69' lang='lat' dir='ltr'><strong>haec</strong></span> <span class='ocrx_word' id='word_1_113' title='bbox 2785 401 2904 456; x_wconf 85' lang='lat' dir='ltr'><strong>loca</strong></span> <span class='ocrx_word' id='word_1_114' title='bbox 2926 415 2995 456; x_wconf 87' lang='lat' dir='ltr'><strong>ae</strong></span> <span class='ocrx_word' id='word_1_115' title='bbox 3021 399 3212 456; x_wconf 86' lang='lat' dir='ltr'><strong>vestris</strong></span> <span class='ocrx_word' id='word_1_116' title='bbox 3233 398 3914 469; x_wconf 75' lang='lat' dir='ltr'><strong>regionibusadvenisse,</strong></span> <span class='ocrx_word' id='word_1_117' title='bbox 3974 447 3975 450; x_wconf 44' lang='grc' dir='ltr'><strong>η</strong></span> 
     </span>
    </p>
   </div>
   <div class='ocr_carea' id='block_1_20' title="bbox 2276 483 3975 566">
    <p class='ocr_par' dir='ltr' id='par_1_20' title="bbox 2276 483 3975 566">
     <span class='ocr_line' id='line_1_20' title="bbox 2276 483 3975 566; baseline 0 -15"><span class='ocrx_word' id='word_1_118' title='bbox 2276 505 2336 551; x_wconf 88' lang='lat' dir='ltr'><strong>ut</strong></span> <span class='ocrx_word' id='word_1_119' title='bbox 2364 495 2727 566; x_wconf 73' lang='lat' dir='ltr'><strong>cognoscendi</strong></span> <span class='ocrx_word' id='word_1_120' title='bbox 2749 494 3122 549; x_wconf 90' lang='lat' dir='ltr'><strong>tantummodo</strong></span> <span class='ocrx_word' id='word_1_121' title='bbox 3143 493 3313 564; x_wconf 83' lang='lat' dir='ltr'><strong>gratia</strong></span> <span class='ocrx_word' id='word_1_122' title='bbox 3347 493 3591 550; x_wconf 78' lang='lat' dir='ltr'><strong>fratrum</strong></span> <span class='ocrx_word' id='word_1_123' title='bbox 3615 508 3914 552; x_wconf 80' lang='lat' dir='ltr'><strong>monaste-</strong></span> <span class='ocrx_word' id='word_1_124' title='bbox 3974 483 3975 486; x_wconf 30' lang='grc'><em>“</em></span> 
     </span>
    </p>
   </div>
   <div class='ocr_carea' id='block_1_21' title="bbox 2275 587 3916 660">
    <p class='ocr_par' dir='ltr' id='par_1_21' title="bbox 2275 587 3916 660">
     <span class='ocr_line' id='line_1_21' title="bbox 2275 587 3916 660; baseline 0.001 -16"><span class='ocrx_word' id='word_1_125' title='bbox 2275 590 2353 644; x_wconf 91' lang='lat' dir='ltr'><strong>ria</strong></span> <span class='ocrx_word' id='word_1_126' title='bbox 2373 588 2746 652; x_wconf 82' lang='lat' dir='ltr'><strong>circumirent,</strong></span> <span class='ocrx_word' id='word_1_127' title='bbox 2775 602 2880 642; x_wconf 92' lang='lat' dir='ltr'><strong>non</strong></span> <span class='ocrx_word' id='word_1_128' title='bbox 2903 599 2962 642; x_wconf 92' lang='lat' dir='ltr'><strong>ut</strong></span> <span class='ocrx_word' id='word_1_129' title='bbox 2989 587 3084 644; x_wconf 91' lang='lat' dir='ltr'><strong>has</strong></span> <span class='ocrx_word' id='word_1_130' title='bbox 3108 588 3345 657; x_wconf 85' lang='lat' dir='ltr'><strong>regulas,</strong></span> <span class='ocrx_word' id='word_1_131' title='bbox 3362 588 3598 660; x_wconf 89' lang='lat' dir='ltr'><strong>obquas</strong></span> <span class='ocrx_word' id='word_1_132' title='bbox 3621 588 3748 644; x_wconf 87' lang='lat' dir='ltr'><strong>huc</strong></span> <span class='ocrx_word' id='word_1_133' title='bbox 3776 606 3916 646; x_wconf 72' lang='lat' dir='ltr'><strong>eota-</strong></span> 
     </span>
    </p>
   </div>
   <div class='ocr_carea' id='block_1_22' title="bbox 2274 679 3915 749">
    <p class='ocr_par' dir='ltr' id='par_1_22' title="bbox 2274 679 3915 749">
     <span class='ocr_line' id='line_1_22' title="bbox 2274 679 3915 749; baseline 0.001 -12"><span class='ocrx_word' id='word_1_134' title='bbox 2274 689 2609 745; x_wconf 86' lang='lat' dir='ltr'><strong>meaverant,</strong></span> <span class='ocrx_word' id='word_1_135' title='bbox 2653 687 2812 749; x_wconf 88' lang='lat' dir='ltr'><strong>atque</strong></span> <span class='ocrx_word' id='word_1_136' title='bbox 2842 679 3086 734; x_wconf 88' lang='lat' dir='ltr'><strong>instituta</strong></span> <span class='ocrx_word' id='word_1_137' title='bbox 3115 684 3493 748; x_wconf 84' lang='lat' dir='ltr'><strong>susciperent,</strong></span> <span class='ocrx_word' id='word_1_138' title='bbox 3528 697 3602 736; x_wconf 87' lang='lat' dir='ltr'><strong>ac</strong></span> <span class='ocrx_word' id='word_1_139' title='bbox 3635 683 3915 739; x_wconf 69' lang='lat' dir='ltr'><strong>seceden-</strong></span> 
     </span>
    </p>
   </div>
   <div class='ocr_carea' id='block_1_23' title="bbox 2275 775 3913 842">
    <p class='ocr_par' dir='ltr' id='par_1_23' title="bbox 2275 775 3913 842">
     <span class='ocr_line' id='line_1_23' title="bbox 2275 775 3913 842; baseline 0.002 -12"><span class='ocrx_word' id='word_1_140' title='bbox 2275 783 2358 830; x_wconf 86' lang='lat' dir='ltr'><strong>tes</strong></span> <span class='ocrx_word' id='word_1_141' title='bbox 2398 777 2452 830; x_wconf 92' lang='lat' dir='ltr'><strong>in</strong></span> <span class='ocrx_word' id='word_1_142' title='bbox 2472 775 2696 830; x_wconf 83' lang='lat' dir='ltr'><strong>cellulas</strong></span> <span class='ocrx_word' id='word_1_143' title='bbox 2734 783 3063 830; x_wconf 87' lang='lat' dir='ltr'><strong>conarentur</strong></span> <span class='ocrx_word' id='word_1_144' title='bbox 3093 789 3155 829; x_wconf 83' lang='lat' dir='ltr'><strong>ea</strong></span> <span class='ocrx_word' id='word_1_145' title='bbox 3186 791 3307 842; x_wconf 78' lang='lat' dir='ltr'><strong>quae</strong></span> <span class='ocrx_word' id='word_1_146' title='bbox 3327 775 3411 830; x_wconf 87' lang='lat' dir='ltr'><strong>vel</strong></span> <span class='ocrx_word' id='word_1_147' title='bbox 3443 779 3573 830; x_wconf 88' lang='lat' dir='ltr'><strong>visu</strong></span> <span class='ocrx_word' id='word_1_148' title='bbox 3609 777 3706 832; x_wconf 81' lang='lat' dir='ltr'><strong>vel</strong></span> <span class='ocrx_word' id='word_1_149' title='bbox 3745 781 3913 833; x_wconf 82' lang='lat' dir='ltr'><strong>tradi-</strong></span> 
     </span>
    </p>
   </div>
   <div class='ocr_carea' id='block_1_24' title="bbox 2276 870 3911 940">
    <p class='ocr_par' dir='ltr' id='par_1_24' title="bbox 2276 870 3911 940">
     <span class='ocr_line' id='line_1_24' title="bbox 2276 870 3911 940; baseline 0.001 -14"><span class='ocrx_word' id='word_1_150' title='bbox 2276 872 2425 927; x_wconf 88' lang='lat' dir='ltr'><strong>tione</strong></span> <span class='ocrx_word' id='word_1_151' title='bbox 2448 878 2819 939; x_wconf 89' lang='lat' dir='ltr'><strong>perceperant,</strong></span> <span class='ocrx_word' id='word_1_152' title='bbox 2847 870 3105 940; x_wconf 84' lang='lat' dir='ltr'><strong>operibus</strong></span> <span class='ocrx_word' id='word_1_153' title='bbox 3126 871 3380 938; x_wconf 90' lang='lat' dir='ltr'><strong>experiri.</strong></span> <span class='ocrx_word' id='word_1_154' title='bbox 3417 871 3528 939; x_wconf 86' lang='lat' dir='ltr'><strong>Qui</strong></span> <span class='ocrx_word' id='word_1_155' title='bbox 3550 887 3764 928; x_wconf 86' lang='lat' dir='ltr'><strong>mores</strong></span> <span class='ocrx_word' id='word_1_156' title='bbox 3787 891 3911 930; x_wconf 73' lang='lat' dir='ltr'><strong>suos</strong></span> 
     </span>
    </p>
   </div>
   <div class='ocr_carea' id='block_1_25' title="bbox 2277 961 3908 1034">
    <p class='ocr_par' dir='ltr' id='par_1_25' title="bbox 2277 961 3908 1034">
     <span class='ocr_line' id='line_1_25' title="bbox 2277 961 3908 1034; baseline 0.003 -16"><span class='ocrx_word' id='word_1_157' title='bbox 2277 978 2339 1018; x_wconf 89' lang='lat' dir='ltr'><strong>ac</strong></span> <span class='ocrx_word' id='word_1_158' title='bbox 2368 962 2548 1017; x_wconf 89' lang='lat' dir='ltr'><strong>studia</strong></span> <span class='ocrx_word' id='word_1_159' title='bbox 2576 965 2772 1034; x_wconf 88' lang='lat' dir='ltr'><strong>quibus</strong></span> <span class='ocrx_word' id='word_1_160' title='bbox 2823 962 3013 1017; x_wconf 90' lang='lat' dir='ltr'><strong>imbuti</strong></span> <span class='ocrx_word' id='word_1_161' title='bbox 3045 961 3261 1016; x_wconf 81' lang='lat' dir='ltr'><strong>fuerant</strong></span> <span class='ocrx_word' id='word_1_162' title='bbox 3300 972 3668 1020; x_wconf 82' lang='lat' dir='ltr'><strong>retentantes</strong></span> <span class='ocrx_word' id='word_1_163' title='bbox 3689 1008 3705 1031; x_wconf 92' lang='lat'><strong>,</strong></span> <span class='ocrx_word' id='word_1_164' title='bbox 3744 976 3810 1022; x_wconf 85' lang='lat' dir='ltr'><strong>ut</strong></span> <span class='ocrx_word' id='word_1_165' title='bbox 3839 973 3908 1022; x_wconf 77' lang='lat' dir='ltr'><strong>eis</strong></span> 
     </span>
    </p>
   </div>
   <div class='ocr_carea' id='block_1_26' title="bbox 2277 1056 3905 1129">
    <p class='ocr_par' dir='ltr' id='par_1_26' title="bbox 2277 1056 3905 1129">
     <span class='ocr_line' id='line_1_26' title="bbox 2277 1056 3905 1129; baseline 0.002 -18"><span class='ocrx_word' id='word_1_166' title='bbox 2277 1057 2591 1126; x_wconf 79' lang='lat' dir='ltr'><strong>exprobrari</strong></span> <span class='ocrx_word' id='word_1_167' title='bbox 2615 1073 2641 1109; x_wconf 91' lang='lat' dir='ltr'><strong>a</strong></span> <span class='ocrx_word' id='word_1_168' title='bbox 2667 1056 2943 1112; x_wconf 87' lang='lat' dir='ltr'><strong>nonnullis</strong></span> <span class='ocrx_word' id='word_1_169' title='bbox 2965 1057 3128 1123; x_wconf 87' lang='lat' dir='ltr'><strong>solet,</strong></span> <span class='ocrx_word' id='word_1_170' title='bbox 3149 1069 3254 1111; x_wconf 90' lang='lat' dir='ltr'><strong>non</strong></span> <span class='ocrx_word' id='word_1_171' title='bbox 3277 1056 3566 1126; x_wconf 87' lang='lat' dir='ltr'><strong>profectus</strong></span> <span class='ocrx_word' id='word_1_172' title='bbox 3588 1062 3685 1112; x_wconf 88' lang='lat' dir='ltr'><strong>sui</strong></span> <span class='ocrx_word' id='word_1_173' title='bbox 3709 1065 3905 1129; x_wconf 77' lang='lat' dir='ltr'><strong>gratia,</strong></span> 
     </span>
    </p>
   </div>
   <div class='ocr_carea' id='block_1_27' title="bbox 2276 1151 3906 1222">
    <p class='ocr_par' dir='ltr' id='par_1_27' title="bbox 2276 1151 3906 1222">
     <span class='ocr_line' id='line_1_27' title="bbox 2276 1151 3906 1222; baseline 0.002 -16"><span class='ocrx_word' id='word_1_174' title='bbox 2276 1154 2372 1206; x_wconf 86' lang='lat' dir='ltr'><strong>sed</strong></span> <span class='ocrx_word' id='word_1_175' title='bbox 2419 1151 2654 1207; x_wconf 61' lang='lat' dir='ltr'><strong>vitandae</strong></span> <span class='ocrx_word' id='word_1_176' title='bbox 2711 1151 2971 1222; x_wconf 80' lang='lat' dir='ltr'><strong>egestatis</strong></span> <span class='ocrx_word' id='word_1_177' title='bbox 3028 1154 3352 1208; x_wconf 86' lang='lat' dir='ltr'><strong>necessitate</strong></span> <span class='ocrx_word' id='word_1_178' title='bbox 3408 1154 3734 1209; x_wconf 81' lang='lat' dir='ltr'><strong>existimati</strong></span> <span class='ocrx_word' id='word_1_179' title='bbox 3787 1169 3906 1210; x_wconf 81' lang='lat' dir='ltr'><strong>sunt</strong></span> 
     </span>
    </p>
   </div>
   <div class='ocr_carea' id='block_1_28' title="bbox 2277 1243 3904 1314">
    <p class='ocr_par' dir='ltr' id='par_1_28' title="bbox 2277 1243 3904 1314">
     <span class='ocr_line' id='line_1_28' title="bbox 2277 1243 3904 1314; baseline 0.004 -16"><span class='ocrx_word' id='word_1_180' title='bbox 2277 1244 2580 1314; x_wconf 88' lang='lat' dir='ltr'><strong>provincias</strong></span> <span class='ocrx_word' id='word_1_181' title='bbox 2610 1252 2999 1299; x_wconf 87' lang='lat' dir='ltr'><strong>commutasse.</strong></span> <span class='ocrx_word' id='word_1_182' title='bbox 3033 1243 3147 1299; x_wconf 86' lang='lat' dir='ltr'><strong>Non</strong></span> <span class='ocrx_word' id='word_1_183' title='bbox 3192 1245 3370 1299; x_wconf 88' lang='lat' dir='ltr'><strong>solum</strong></span> <span class='ocrx_word' id='word_1_184' title='bbox 3403 1246 3557 1301; x_wconf 87' lang='lat' dir='ltr'><strong>enim</strong></span> <span class='ocrx_word' id='word_1_185' title='bbox 3594 1249 3745 1302; x_wconf 87' lang='lat' dir='ltr'><strong>nihil</strong></span> <span class='ocrx_word' id='word_1_186' title='bbox 3782 1266 3904 1304; x_wconf 79' lang='lat' dir='ltr'><strong>eru-</strong></span> 
     </span>
    </p>
   </div>
   <div class='ocr_carea' id='block_1_29' title="bbox 2279 1337 3903 1414">
    <p class='ocr_par' dir='ltr' id='par_1_29' title="bbox 2279 1337 3903 1414">
     <span class='ocr_line' id='line_1_29' title="bbox 2279 1337 3903 1414; baseline 0.004 -22"><span class='ocrx_word' id='word_1_187' title='bbox 2279 1337 2501 1393; x_wconf 90' lang='lat' dir='ltr'><strong>ditionis</strong></span> <span class='ocrx_word' id='word_1_188' title='bbox 2525 1338 2830 1408; x_wconf 86' lang='lat' dir='ltr'><strong>acquirere,</strong></span> <span class='ocrx_word' id='word_1_189' title='bbox 2863 1338 2958 1393; x_wconf 92' lang='lat' dir='ltr'><strong>sed</strong></span> <span class='ocrx_word' id='word_1_190' title='bbox 2986 1353 3053 1394; x_wconf 91' lang='lat' dir='ltr'><strong>ne</strong></span> <span class='ocrx_word' id='word_1_191' title='bbox 3083 1338 3290 1393; x_wconf 89' lang='lat' dir='ltr'><strong>diutius</strong></span> <span class='ocrx_word' id='word_1_192' title='bbox 3311 1339 3540 1409; x_wconf 87' lang='lat' dir='ltr'><strong>quidem</strong></span> <span class='ocrx_word' id='word_1_193' title='bbox 3575 1341 3636 1395; x_wconf 91' lang='lat' dir='ltr'><strong>in</strong></span> <span class='ocrx_word' id='word_1_194' title='bbox 3665 1342 3754 1398; x_wconf 86' lang='lat' dir='ltr'><strong>bis</strong></span> <span class='ocrx_word' id='word_1_195' title='bbox 3785 1360 3903 1414; x_wconf 80' lang='lat' dir='ltr'><strong>par—</strong></span> 
     </span>
    </p>
   </div>
   <div class='ocr_carea' id='block_1_30' title="bbox 2277 1428 3899 1504">
    <p class='ocr_par' dir='ltr' id='par_1_30' title="bbox 2277 1428 3899 1504">
     <span class='ocr_line' id='line_1_30' title="bbox 2277 1428 3899 1504; baseline 0.004 -21"><span class='ocrx_word' id='word_1_196' title='bbox 2277 1429 2423 1484; x_wconf 84' lang='lat' dir='ltr'><strong>tibus</strong></span> <span class='ocrx_word' id='word_1_197' title='bbox 2465 1428 2818 1493; x_wconf 89' lang='lat' dir='ltr'><strong>commorari,</strong></span> <span class='ocrx_word' id='word_1_198' title='bbox 2857 1429 3156 1498; x_wconf 83' lang='lat' dir='ltr'><strong>pertinacis</strong></span> <span class='ocrx_word' id='word_1_199' title='bbox 3183 1431 3349 1484; x_wconf 86' lang='lat' dir='ltr'><strong>animi</strong></span> <span class='ocrx_word' id='word_1_200' title='bbox 3380 1431 3784 1489; x_wconf 84' lang='lat' dir='ltr'><strong>obstinatione</strong></span> <span class='ocrx_word' id='word_1_201' title='bbox 3813 1453 3899 1504; x_wconf 80' lang='lat' dir='ltr'><strong>po-</strong></span> 
     </span>
    </p>
   </div>
   <div class='ocr_carea' id='block_1_31' title="bbox 2281 1522 3899 1599">
    <p class='ocr_par' dir='ltr' id='par_1_31' title="bbox 2281 1522 3899 1599">
     <span class='ocr_line' id='line_1_31' title="bbox 2281 1522 3899 1599; baseline 0.006 -23"><span class='ocrx_word' id='word_1_202' title='bbox 2281 1530 2524 1576; x_wconf 85' lang='lat' dir='ltr'><strong>tuerunt.</strong></span> <span class='ocrx_word' id='word_1_203' title='bbox 2559 1522 2691 1576; x_wconf 89' lang='lat' dir='ltr'><strong>Cum</strong></span> <span class='ocrx_word' id='word_1_204' title='bbox 2722 1523 2867 1578; x_wconf 89' lang='lat' dir='ltr'><strong>enim</strong></span> <span class='ocrx_word' id='word_1_205' title='bbox 2911 1539 3011 1578; x_wconf 89' lang='lat' dir='ltr'><strong>nec</strong></span> <span class='ocrx_word' id='word_1_206' title='bbox 3051 1523 3387 1593; x_wconf 89' lang='lat' dir='ltr'><strong>jejuniorum</strong></span> <span class='ocrx_word' id='word_1_207' title='bbox 3421 1541 3675 1590; x_wconf 90' lang='lat' dir='ltr'><strong>morem.</strong></span> <span class='ocrx_word' id='word_1_208' title='bbox 3726 1546 3899 1599; x_wconf 83' lang='lat' dir='ltr'><strong>neque</strong></span> 
     </span>
    </p>
   </div>
   <div class='ocr_carea' id='block_1_32' title="bbox 2280 1615 3894 1687">
    <p class='ocr_par' dir='ltr' id='par_1_32' title="bbox 2280 1615 3894 1687">
     <span class='ocr_line' id='line_1_32' title="bbox 2280 1615 3894 1687; baseline 0.005 -18"><span class='ocrx_word' id='word_1_209' title='bbox 2280 1616 2612 1684; x_wconf 84' lang='lat' dir='ltr'><strong>psalmorum</strong></span> <span class='ocrx_word' id='word_1_210' title='bbox 2638 1615 2910 1678; x_wconf 88' lang='lat' dir='ltr'><strong>ordinem,</strong></span> <span class='ocrx_word' id='word_1_211' title='bbox 2935 1631 3035 1670; x_wconf 92' lang='lat' dir='ltr'><strong>nec</strong></span> <span class='ocrx_word' id='word_1_212' title='bbox 3060 1616 3297 1686; x_wconf 89' lang='lat' dir='ltr'><strong>ipsorum</strong></span> <span class='ocrx_word' id='word_1_213' title='bbox 3321 1617 3574 1687; x_wconf 87' lang='lat' dir='ltr'><strong>denique</strong></span> <span class='ocrx_word' id='word_1_214' title='bbox 3599 1620 3894 1677; x_wconf 86' lang='lat' dir='ltr'><strong>indumen-</strong></span> 
     </span>
    </p>
   </div>
   <div class='ocr_carea' id='block_1_33' title="bbox 2281 1706 3894 1779">
    <p class='ocr_par' dir='ltr' id='par_1_33' title="bbox 2281 1706 3894 1779">
     <span class='ocr_line' id='line_1_33' title="bbox 2281 1706 3894 1779; baseline 0.007 -19"><span class='ocrx_word' id='word_1_215' title='bbox 2281 1715 2456 1762; x_wconf 90' lang='lat' dir='ltr'><strong>torum</strong></span> <span class='ocrx_word' id='word_1_216' title='bbox 2489 1706 2731 1762; x_wconf 92' lang='lat' dir='ltr'><strong>habitum</strong></span> <span class='ocrx_word' id='word_1_217' title='bbox 2764 1717 3181 1778; x_wconf 89' lang='lat' dir='ltr'><strong>permutassent,</strong></span> <span class='ocrx_word' id='word_1_218' title='bbox 3210 1709 3340 1779; x_wconf 87' lang='lat' dir='ltr'><strong>quid</strong></span> <span class='ocrx_word' id='word_1_219' title='bbox 3381 1710 3536 1766; x_wconf 90' lang='lat' dir='ltr'><strong>aliud</strong></span> <span class='ocrx_word' id='word_1_220' title='bbox 3570 1714 3630 1767; x_wconf 91' lang='lat' dir='ltr'><strong>in</strong></span> <span class='ocrx_word' id='word_1_221' title='bbox 3662 1714 3768 1769; x_wconf 83' lang='lat' dir='ltr'><strong>hac</strong></span> <span class='ocrx_word' id='word_1_222' title='bbox 3808 1732 3894 1771; x_wconf 86' lang='lat' dir='ltr'><strong>re-</strong></span> 
     </span>
    </p>
   </div>
   <div class='ocr_carea' id='block_1_34' title="bbox 582 1796 3889 1874">
    <p class='ocr_par' dir='ltr' id='par_1_34' title="bbox 582 1796 3889 1874">
     <span class='ocr_line' id='line_1_34' title="bbox 582 1796 3889 1874; baseline 0.004 -22"><span class='ocrx_word' id='word_1_223' title='bbox 582 1800 972 1868; x_wconf 83' lang='lat' dir='ltr'><strong>praeberemus.</strong></span> <span class='ocrx_word' id='word_1_224' title='bbox 1011 1797 1149 1851; x_wconf 89' lang='lat' dir='ltr'><strong>Cum</strong></span> <span class='ocrx_word' id='word_1_225' title='bbox 1196 1797 1377 1866; x_wconf 88' lang='lat' dir='ltr'><strong>itaque</strong></span> <span class='ocrx_word' id='word_1_226' title='bbox 1406 1796 1598 1852; x_wconf 91' lang='lat' dir='ltr'><strong>beatus</strong></span> <span class='ocrx_word' id='word_1_227' title='bbox 1637 1796 1920 1854; x_wconf 89' lang='lat' dir='ltr'><strong>Piammon</strong></span> <span class='ocrx_word' id='word_1_228' title='bbox 1961 1812 2173 1852; x_wconf 86' lang='lat' dir='ltr'><strong>summa</strong></span> <span class='ocrx_word' id='word_1_229' title='bbox 2201 1801 2250 1860; x_wconf 88' lang='lat' dir='ltr'><strong>B</strong></span> <span class='ocrx_word' id='word_1_230' title='bbox 2276 1801 2437 1872; x_wconf 83' lang='lat' dir='ltr'><strong>gione</strong></span> <span class='ocrx_word' id='word_1_231' title='bbox 2457 1801 2655 1856; x_wconf 87' lang='lat' dir='ltr'><strong>sectari</strong></span> <span class='ocrx_word' id='word_1_232' title='bbox 2683 1816 2842 1872; x_wconf 90' lang='lat' dir='ltr'><strong>quam</strong></span> <span class='ocrx_word' id='word_1_233' title='bbox 2865 1801 2984 1857; x_wconf 90' lang='lat' dir='ltr'><strong>sola</strong></span> <span class='ocrx_word' id='word_1_234' title='bbox 3005 1802 3176 1856; x_wconf 91' lang='lat' dir='ltr'><strong>victus</strong></span> <span class='ocrx_word' id='word_1_235' title='bbox 3201 1802 3286 1856; x_wconf 91' lang='lat' dir='ltr'><strong>sui</strong></span> <span class='ocrx_word' id='word_1_236' title='bbox 3325 1805 3671 1874; x_wconf 88' lang='lat' dir='ltr'><strong>compendia</strong></span> <span class='ocrx_word' id='word_1_237' title='bbox 3703 1809 3889 1864; x_wconf 61' lang='lat' dir='ltr'><strong>credes</strong></span> 
     </span>
    </p>
   </div>
   <div class='ocr_carea' id='block_1_35' title="bbox 580 1890 2173 1962">
    <p class='ocr_par' dir='ltr' id='par_1_35' title="bbox 580 1890 2173 1962">
     <span class='ocr_line' id='line_1_35' title="bbox 580 1890 2173 1962; baseline 0.001 -18"><span class='ocrx_word' id='word_1_238' title='bbox 580 1890 940 1962; x_wconf 80' lang='lat' dir='ltr'><strong>gratulatione</strong></span> <span class='ocrx_word' id='word_1_239' title='bbox 990 1900 1272 1960; x_wconf 88' lang='lat' dir='ltr'><strong>susceptos</strong></span> <span class='ocrx_word' id='word_1_240' title='bbox 1337 1890 1670 1946; x_wconf 88' lang='lat' dir='ltr'><strong>humanitate</strong></span> <span class='ocrx_word' id='word_1_241' title='bbox 1727 1892 1890 1947; x_wconf 91' lang='lat' dir='ltr'><strong>etiam</strong></span> <span class='ocrx_word' id='word_1_242' title='bbox 1936 1906 2173 1962; x_wconf 88' lang='lat' dir='ltr'><strong>congrua</strong></span> 
     </span>
    </p>
   </div>
   <div class='ocr_carea' id='block_1_36' title="bbox 580 1984 2168 2056">
    <p class='ocr_par' dir='ltr' id='par_1_36' title="bbox 580 1984 2168 2056">
     <span class='ocr_line' id='line_1_36' title="bbox 580 1984 2168 2056; baseline -0.001 -16"><span class='ocrx_word' id='word_1_243' title='bbox 580 1984 884 2052; x_wconf 78' lang='lat' dir='ltr'><strong>refecisset,</strong></span> <span class='ocrx_word' id='word_1_244' title='bbox 910 1985 1222 2054; x_wconf 85' lang='lat' dir='ltr'><strong>intelligens</strong></span> <span class='ocrx_word' id='word_1_245' title='bbox 1245 1998 1345 2038; x_wconf 92' lang='lat' dir='ltr'><strong>nos</strong></span> <span class='ocrx_word' id='word_1_246' title='bbox 1366 2001 1475 2041; x_wconf 91' lang='lat' dir='ltr'><strong>non</strong></span> <span class='ocrx_word' id='word_1_247' title='bbox 1500 1985 1744 2055; x_wconf 86' lang='lat' dir='ltr'><strong>ejusdem</strong></span> <span class='ocrx_word' id='word_1_248' title='bbox 1769 2002 1893 2043; x_wconf 90' lang='lat' dir='ltr'><strong>esse</strong></span> <span class='ocrx_word' id='word_1_249' title='bbox 1914 1987 2168 2056; x_wconf 83' lang='lat' dir='ltr'><strong>regionis,</strong></span> 
     </span>
    </p>
   </div>
   <div class='ocr_carea' id='block_1_37' title="bbox 580 2077 2175 2150">
    <p class='ocr_par' dir='ltr' id='par_1_37' title="bbox 580 2077 2175 2150">
     <span class='ocr_line' id='line_1_37' title="bbox 580 2077 2175 2150; baseline -0.001 -17"><span class='ocrx_word' id='word_1_250' title='bbox 580 2079 816 2150; x_wconf 88' lang='lat' dir='ltr'><strong>primum</strong></span> <span class='ocrx_word' id='word_1_251' title='bbox 849 2077 991 2133; x_wconf 91' lang='lat' dir='ltr'><strong>unde</strong></span> <span class='ocrx_word' id='word_1_252' title='bbox 1021 2078 1105 2132; x_wconf 89' lang='lat' dir='ltr'><strong>vel</strong></span> <span class='ocrx_word' id='word_1_253' title='bbox 1134 2093 1232 2133; x_wconf 90' lang='lat' dir='ltr'><strong>cur</strong></span> <span class='ocrx_word' id='word_1_254' title='bbox 1261 2077 1554 2149; x_wconf 70' lang='lat' dir='ltr'><strong>Egyptum</strong></span> <span class='ocrx_word' id='word_1_255' title='bbox 1588 2079 1911 2147; x_wconf 90' lang='lat' dir='ltr'><strong>petissemus</strong></span> <span class='ocrx_word' id='word_1_256' title='bbox 1941 2077 2175 2132; x_wconf 89' lang='lat' dir='ltr'><strong>sollicite</strong></span> 
     </span>
    </p>
   </div>
   <div class='ocr_carea' id='block_1_38' title="bbox 582 2171 2171 2244">
    <p class='ocr_par' dir='ltr' id='par_1_38' title="bbox 582 2171 2171 2244">
     <span class='ocr_line' id='line_1_38' title="bbox 582 2171 2171 2244; baseline -0.002 -16"><span class='ocrx_word' id='word_1_257' title='bbox 582 2183 985 2244; x_wconf 85' lang='lat' dir='ltr'><strong>percunctatus,</strong></span> <span class='ocrx_word' id='word_1_258' title='bbox 1018 2187 1081 2228; x_wconf 88' lang='lat' dir='ltr'><strong>ac</strong></span> <span class='ocrx_word' id='word_1_259' title='bbox 1125 2172 1192 2227; x_wconf 90' lang='lat' dir='ltr'><strong>de</strong></span> <span class='ocrx_word' id='word_1_260' title='bbox 1236 2173 1484 2228; x_wconf 84' lang='lat' dir='ltr'><strong>coenobio</strong></span> <span class='ocrx_word' id='word_1_261' title='bbox 1527 2173 1697 2243; x_wconf 85' lang='lat' dir='ltr'><strong>Syriae</strong></span> <span class='ocrx_word' id='word_1_262' title='bbox 1725 2172 1795 2227; x_wconf 91' lang='lat' dir='ltr'><strong>ob</strong></span> <span class='ocrx_word' id='word_1_263' title='bbox 1843 2171 2171 2226; x_wconf 91' lang='lat' dir='ltr'><strong>desiderium</strong></span> 
     </span>
    </p>
   </div>
   <div class='ocr_carea' id='block_1_39' title="bbox 581 2265 2171 2336">
    <p class='ocr_par' dir='ltr' id='par_1_39' title="bbox 581 2265 2171 2336">
     <span class='ocr_line' id='line_1_39' title="bbox 581 2265 2171 2336; baseline -0.003 -13"><span class='ocrx_word' id='word_1_264' title='bbox 581 2265 932 2335; x_wconf 87' lang='lat' dir='ltr'><strong>perfectionis</strong></span> <span class='ocrx_word' id='word_1_265' title='bbox 957 2281 1057 2323; x_wconf 90' lang='lat' dir='ltr'><strong>nos</strong></span> <span class='ocrx_word' id='word_1_266' title='bbox 1090 2266 1182 2322; x_wconf 93' lang='lat' dir='ltr'><strong>illo</strong></span> <span class='ocrx_word' id='word_1_267' title='bbox 1211 2266 1494 2322; x_wconf 88' lang='lat' dir='ltr'><strong>advenisse</strong></span> <span class='ocrx_word' id='word_1_268' title='bbox 1520 2279 1884 2336; x_wconf 86' lang='lat' dir='ltr'><strong>cognoscens,</strong></span> <span class='ocrx_word' id='word_1_269' title='bbox 1916 2267 1987 2319; x_wconf 91' lang='lat' dir='ltr'><strong>ita</strong></span> <span class='ocrx_word' id='word_1_270' title='bbox 2012 2279 2171 2320; x_wconf 89' lang='lat' dir='ltr'><strong>exor-</strong></span> 
     </span>
    </p>
   </div>
   <div class='ocr_carea' id='block_1_40' title="bbox 579 2369 804 2415">
    <p class='ocr_par' dir='ltr' id='par_1_40' title="bbox 579 2369 804 2415">
     <span class='ocr_line' id='line_1_40' title="bbox 579 2369 804 2415; baseline 0.004 -2"><span class='ocrx_word' id='word_1_271' title='bbox 579 2373 673 2414; x_wconf 90' lang='lat' dir='ltr'><strong>sus</strong></span> <span class='ocrx_word' id='word_1_272' title='bbox 699 2369 804 2415; x_wconf 91' lang='lat' dir='ltr'><strong>est.</strong></span> 
     </span>
    </p>
   </div>
   <div class='ocr_carea' id='block_1_41' title="bbox 1197 2450 1528 2509">
    <p class='ocr_par' dir='ltr' id='par_1_41' title="bbox 1197 2450 1528 2509">
     <span class='ocr_line' id='line_1_41' title="bbox 1197 2450 1528 2509; baseline -0.006 -1"><span class='ocrx_word' id='word_1_273' title='bbox 1197 2451 1425 2509; x_wconf 83' lang='lat' dir='ltr'><strong>CAPUT</strong></span> <span class='ocrx_word' id='word_1_274' title='bbox 1463 2450 1528 2506; x_wconf 85' lang='lat' dir='ltr'><strong>ll.</strong></span> 
     </span>
    </p>
   </div>
   <div class='ocr_carea' id='block_1_42' title="bbox 584 2545 2172 2618">
    <p class='ocr_par' dir='ltr' id='par_1_42' title="bbox 584 2545 2172 2618">
     <span class='ocr_line' id='line_1_42' title="bbox 584 2545 2172 2618; baseline -0.002 -15"><span class='ocrx_word' id='word_1_275' title='bbox 584 2549 853 2617; x_wconf 84' lang='lat' dir='ltr'><strong>Quomodo</strong></span> <span class='ocrx_word' id='word_1_276' title='bbox 895 2551 1048 2605; x_wconf 82' lang='lat' dir='ltr'><strong>rudes</strong></span> <span class='ocrx_word' id='word_1_277' title='bbox 1087 2546 1328 2602; x_wconf 83' lang='lat' dir='ltr'><strong>monachi</strong></span> <span class='ocrx_word' id='word_1_278' title='bbox 1372 2547 1604 2618; x_wconf 74' lang='lat' dir='ltr'><strong>exemplo</strong></span> <span class='ocrx_word' id='word_1_279' title='bbox 1646 2547 1908 2601; x_wconf 82' lang='lat' dir='ltr'><strong>seniorum</strong></span> <span class='ocrx_word' id='word_1_280' title='bbox 1955 2545 2172 2600; x_wconf 82' lang='lat' dir='ltr'><strong>debeant</strong></span> 
     </span>
    </p>
   </div>
   <div class='ocr_carea' id='block_1_43' title="bbox 1262 2619 1479 2672">
    <p class='ocr_par' dir='ltr' id='par_1_43' title="bbox 1262 2619 1479 2672">
     <span class='ocr_line' id='line_1_43' title="bbox 1262 2619 1479 2672; baseline -0.005 0"><span class='ocrx_word' id='word_1_281' title='bbox 1262 2619 1479 2672; x_wconf 87' lang='lat' dir='ltr'><strong>erudiri.</strong></span> 
     </span>
    </p>
   </div>
   <div class='ocr_carea' id='block_1_44' title="bbox 650 2751 2169 2823">
    <p class='ocr_par' dir='ltr' id='par_1_44' title="bbox 650 2751 2169 2823">
     <span class='ocr_line' id='line_1_44' title="bbox 650 2751 2169 2823; baseline -0.001 -15"><span class='ocrx_word' id='word_1_282' title='bbox 650 2755 678 2794; x_wconf 71' lang='grc' dir='ltr'>δ</span> <span class='ocrx_word' id='word_1_283' title='bbox 706 2755 957 2823; x_wconf 87' lang='lat' dir='ltr'><strong>Quisquis</strong></span> <span class='ocrx_word' id='word_1_284' title='bbox 988 2752 1290 2818; x_wconf 90' lang='lat' dir='ltr'><strong>hominum,</strong></span> <span class='ocrx_word' id='word_1_285' title='bbox 1319 2767 1351 2806; x_wconf 91' lang='grc' dir='ltr'>ο</span> <span class='ocrx_word' id='word_1_286' title='bbox 1380 2762 1401 2791; x_wconf 75' lang='grc' dir='ltr'><strong>ο</strong></span> <span class='ocrx_word' id='word_1_287' title='bbox 1438 2751 1558 2818; x_wconf 82' lang='lat' dir='ltr'><strong>lilii,</strong></span> <span class='ocrx_word' id='word_1_288' title='bbox 1589 2751 1879 2821; x_wconf 87' lang='lat' dir='ltr'><strong>cujuslibet</strong></span> <span class='ocrx_word' id='word_1_289' title='bbox 1915 2753 2044 2807; x_wconf 89' lang='lat' dir='ltr'><strong>artis</strong></span> <span class='ocrx_word' id='word_1_290' title='bbox 2076 2767 2169 2822; x_wconf 87' lang='lat' dir='ltr'><strong>pe-</strong></span> 
     </span>
    </p>
   </div>
   <div class='ocr_carea' id='block_1_45' title="bbox 579 2843 2172 2915">
    <p class='ocr_par' dir='ltr' id='par_1_45' title="bbox 579 2843 2172 2915">
     <span class='ocr_line' id='line_1_45' title="bbox 579 2843 2172 2915; baseline -0.003 -12"><span class='ocrx_word' id='word_1_291' title='bbox 579 2846 755 2903; x_wconf 88' lang='lat' dir='ltr'><strong>ritiam</strong></span> <span class='ocrx_word' id='word_1_292' title='bbox 790 2845 1000 2915; x_wconf 90' lang='lat' dir='ltr'><strong>assequi</strong></span> <span class='ocrx_word' id='word_1_293' title='bbox 1029 2844 1386 2912; x_wconf 87' lang='lat' dir='ltr'><strong>concupiscit,</strong></span> <span class='ocrx_word' id='word_1_294' title='bbox 1421 2843 1523 2898; x_wconf 91' lang='lat' dir='ltr'><strong>nisi</strong></span> <span class='ocrx_word' id='word_1_295' title='bbox 1559 2845 1705 2897; x_wconf 92' lang='lat' dir='ltr'><strong>omni</strong></span> <span class='ocrx_word' id='word_1_296' title='bbox 1733 2858 1863 2899; x_wconf 89' lang='lat' dir='ltr'><strong>cura</strong></span> <span class='ocrx_word' id='word_1_297' title='bbox 1894 2857 2055 2913; x_wconf 86' lang='lat' dir='ltr'><strong>atque</strong></span> <span class='ocrx_word' id='word_1_298' title='bbox 2089 2845 2172 2899; x_wconf 87' lang='lat' dir='ltr'><strong>vi-</strong></span> 
     </span>
    </p>
   </div>
   <div class='ocr_carea' id='block_1_46' title="bbox 577 2937 2169 3012">
    <p class='ocr_par' dir='ltr' id='par_1_46' title="bbox 577 2937 2169 3012">
     <span class='ocr_line' id='line_1_46' title="bbox 577 2937 2169 3012; baseline 0 -17"><span class='ocrx_word' id='word_1_299' title='bbox 577 2942 794 3012; x_wconf 87' lang='lat' dir='ltr'><strong>gilantia</strong></span> <span class='ocrx_word' id='word_1_300' title='bbox 836 2941 953 3011; x_wconf 87' lang='lat' dir='ltr'><strong>ejus</strong></span> <span class='ocrx_word' id='word_1_301' title='bbox 999 2955 1078 3006; x_wconf 93' lang='lat' dir='ltr'><strong>se,</strong></span> <span class='ocrx_word' id='word_1_302' title='bbox 1112 2955 1275 3010; x_wconf 88' lang='lat' dir='ltr'><strong>quam</strong></span> <span class='ocrx_word' id='word_1_303' title='bbox 1320 2953 1483 2994; x_wconf 89' lang='lat' dir='ltr'><strong>nosse</strong></span> <span class='ocrx_word' id='word_1_304' title='bbox 1529 2937 1826 3004; x_wconf 86' lang='lat' dir='ltr'><strong>desiderat,</strong></span> <span class='ocrx_word' id='word_1_305' title='bbox 1865 2939 2169 3010; x_wconf 79' lang='lat' dir='ltr'><strong>disciplinae</strong></span> 
     </span>
    </p>
   </div>
   <div class='ocr_carea' id='block_1_47' title="bbox 578 3031 2167 3101">
    <p class='ocr_par' dir='ltr' id='par_1_47' title="bbox 578 3031 2167 3101">
     <span class='ocr_line' id='line_1_47' title="bbox 578 3031 2167 3101; baseline -0.002 -13"><span class='ocrx_word' id='word_1_306' title='bbox 578 3034 774 3088; x_wconf 90' lang='lat' dir='ltr'><strong>studiis</strong></span> <span class='ocrx_word' id='word_1_307' title='bbox 805 3033 1150 3101; x_wconf 89' lang='lat' dir='ltr'><strong>manciparit,</strong></span> <span class='ocrx_word' id='word_1_308' title='bbox 1185 3047 1248 3086; x_wconf 88' lang='lat' dir='ltr'><strong>ac</strong></span> <span class='ocrx_word' id='word_1_309' title='bbox 1280 3031 1642 3101; x_wconf 88' lang='lat' dir='ltr'><strong>perfectorum</strong></span> <span class='ocrx_word' id='word_1_310' title='bbox 1681 3047 2018 3101; x_wconf 87' lang='lat' dir='ltr'><strong>quorumque</strong></span> <span class='ocrx_word' id='word_1_311' title='bbox 2048 3034 2167 3101; x_wconf 91' lang='lat' dir='ltr'><strong>opi-</strong></span> 
     </span>
    </p>
   </div>
   <div class='ocr_carea' id='block_1_48' title="bbox 579 3123 2167 3194">
    <p class='ocr_par' dir='ltr' id='par_1_48' title="bbox 579 3123 2167 3194">
     <span class='ocr_line' id='line_1_48' title="bbox 579 3123 2167 3194; baseline -0.001 -14"><span class='ocrx_word' id='word_1_312' title='bbox 579 3127 686 3180; x_wconf 86' lang='lat' dir='ltr'><strong>ﬁcii</strong></span> <span class='ocrx_word' id='word_1_313' title='bbox 720 3127 890 3194; x_wconf 83' lang='lat' dir='ltr'><strong>ipsius</strong></span> <span class='ocrx_word' id='word_1_314' title='bbox 919 3125 1005 3178; x_wconf 91' lang='lat' dir='ltr'><strong>vel</strong></span> <span class='ocrx_word' id='word_1_315' title='bbox 1037 3125 1275 3177; x_wconf 73' lang='lat' dir='ltr'><strong>scientia:</strong></span> <span class='ocrx_word' id='word_1_316' title='bbox 1307 3123 1686 3194; x_wconf 85' lang='lat' dir='ltr'><strong>magistrorum</strong></span> <span class='ocrx_word' id='word_1_317' title='bbox 1713 3134 1976 3194; x_wconf 81' lang='lat' dir='ltr'><strong>praecepta</strong></span> <span class='ocrx_word' id='word_1_318' title='bbox 2006 3133 2167 3194; x_wconf 85' lang='lat' dir='ltr'><strong>atque</strong></span> 
     </span>
    </p>
   </div>
   <div class='ocr_carea' id='block_1_49' title="bbox 579 3213 2169 3294">
    <p class='ocr_par' dir='ltr' id='par_1_49' title="bbox 579 3213 2169 3294">
     <span class='ocr_line' id='line_1_49' title="bbox 579 3213 2169 3294; baseline -0.001 -21"><span class='ocrx_word' id='word_1_319' title='bbox 579 3219 820 3273; x_wconf 89' lang='lat' dir='ltr'><strong>instituta</strong></span> <span class='ocrx_word' id='word_1_320' title='bbox 849 3217 1173 3294; x_wconf 82' lang='lat' dir='ltr'><strong>servaverit,</strong></span> <span class='ocrx_word' id='word_1_321' title='bbox 1202 3213 1399 3270; x_wconf 86' lang='lat' dir='ltr'><strong>frustra</strong></span> <span class='ocrx_word' id='word_1_322' title='bbox 1442 3216 1690 3270; x_wconf 88' lang='lat' dir='ltr'><strong>inanibus</strong></span> <span class='ocrx_word' id='word_1_323' title='bbox 1714 3217 1851 3271; x_wconf 87' lang='lat' dir='ltr'><strong>votis</strong></span> <span class='ocrx_word' id='word_1_324' title='bbox 1879 3231 2066 3272; x_wconf 91' lang='lat' dir='ltr'><strong>eorum</strong></span> <span class='ocrx_word' id='word_1_325' title='bbox 2093 3219 2169 3272; x_wconf 91' lang='lat' dir='ltr'><strong>si-</strong></span> 
     </span>
    </p>
   </div>
   <div class='ocr_carea' id='block_1_50' title="bbox 580 3307 2168 3379">
    <p class='ocr_par' dir='ltr' id='par_1_50' title="bbox 580 3307 2168 3379">
     <span class='ocr_line' id='line_1_50' title="bbox 580 3307 2168 3379; baseline -0.001 -13"><span class='ocrx_word' id='word_1_326' title='bbox 580 3311 938 3366; x_wconf 90' lang='lat' dir='ltr'><strong>militudinem</strong></span> <span class='ocrx_word' id='word_1_327' title='bbox 961 3316 1182 3377; x_wconf 90' lang='lat' dir='ltr'><strong>exoptat</strong></span> <span class='ocrx_word' id='word_1_328' title='bbox 1208 3307 1496 3378; x_wconf 87' lang='lat' dir='ltr'><strong>attingere,</strong></span> <span class='ocrx_word' id='word_1_329' title='bbox 1527 3323 1758 3376; x_wconf 91' lang='lat' dir='ltr'><strong>quorum</strong></span> <span class='ocrx_word' id='word_1_330' title='bbox 1789 3322 1974 3362; x_wconf 90' lang='lat' dir='ltr'><strong>curam</strong></span> <span class='ocrx_word' id='word_1_331' title='bbox 2005 3316 2168 3379; x_wconf 85' lang='lat' dir='ltr'><strong>atque</strong></span> 
     </span>
    </p>
   </div>
   <div class='ocr_carea' id='block_1_51' title="bbox 578 3398 2169 3459">
    <p class='ocr_par' dir='ltr' id='par_1_51' title="bbox 578 3398 2169 3459">
     <span class='ocr_line' id='line_1_51' title="bbox 578 3398 2169 3459; baseline -0.002 -1"><span class='ocrx_word' id='word_1_332' title='bbox 578 3402 897 3459; x_wconf 87' lang='lat' dir='ltr'><strong>industriam</strong></span> <span class='ocrx_word' id='word_1_333' title='bbox 924 3402 1191 3456; x_wconf 86' lang='lat' dir='ltr'><strong>detrectat</strong></span> <span class='ocrx_word' id='word_1_334' title='bbox 1231 3400 1496 3454; x_wconf 66' lang='lat' dir='ltr'><strong>aemulari.</strong></span> <span class='ocrx_word' id='word_1_335' title='bbox 1541 3398 1799 3453; x_wconf 83' lang='lat' dir='ltr'><strong>Novimus</strong></span> <span class='ocrx_word' id='word_1_336' title='bbox 1839 3400 1983 3454; x_wconf 91' lang='lat' dir='ltr'><strong>enim</strong></span> <span class='ocrx_word' id='word_1_337' title='bbox 2036 3416 2169 3455; x_wconf 87' lang='lat' dir='ltr'><strong>non—</strong></span> 
     </span>
    </p>
   </div>
   <div class='ocr_carea' id='block_1_52' title="bbox 2275 1894 2500 1950">
    <p class='ocr_par' dir='ltr' id='par_1_52' title="bbox 2275 1894 2500 1950">
     <span class='ocr_line' id='line_1_52' title="bbox 2275 1894 2500 1950; baseline -0.009 0"><span class='ocrx_word' id='word_1_338' title='bbox 2275 1894 2500 1950; x_wconf 84' lang='lat' dir='ltr'><strong>rentur?</strong></span> 
     </span>
    </p>
   </div>
   <div class='ocr_carea' id='block_1_53' title="bbox 2901 1984 3258 2042">
    <p class='ocr_par' dir='ltr' id='par_1_53' title="bbox 2901 1984 3258 2042">
     <span class='ocr_line' id='line_1_53' title="bbox 2901 1984 3258 2042; baseline -0.003 -1"><span class='ocrx_word' id='word_1_339' title='bbox 2901 1985 3128 2042; x_wconf 79' lang='lat' dir='ltr'><strong>CAPUT</strong></span> <span class='ocrx_word' id='word_1_340' title='bbox 3169 1984 3258 2040; x_wconf 84' lang='lat' dir='ltr'><strong>ll].</strong></span> 
     </span>
    </p>
   </div>
   <div class='ocr_carea' id='block_1_54' title="bbox 2350 2077 3810 2204">
    <p class='ocr_par' dir='ltr' id='par_1_54' title="bbox 2350 2077 3810 2204">
     <span class='ocr_line' id='line_1_54' title="bbox 2350 2077 3810 2203; baseline 0.005 -72"><span class='ocrx_word' id='word_1_341' title='bbox 2350 2078 2503 2146; x_wconf 82' lang='lat' dir='ltr'><strong>Quod</strong></span> <span class='ocrx_word' id='word_1_342' title='bbox 2520 2079 2757 2152; x_wconf 77' lang='lat' dir='ltr'><strong>juniores</strong></span> <span class='ocrx_word' id='word_1_343' title='bbox 2797 2077 3057 2203; x_wconf 44' lang='lat' dir='ltr'><strong>seniozuizt</strong></span> <span class='ocrx_word' id='word_1_344' title='bbox 3102 2089 3360 2149; x_wconf 77' lang='lat' dir='ltr'><strong>prwcepta</strong></span> <span class='ocrx_word' id='word_1_345' title='bbox 3406 2080 3679 2137; x_wconf 86' lang='lat' dir='ltr'><strong>discutere</strong></span> <span class='ocrx_word' id='word_1_346' title='bbox 3707 2100 3810 2138; x_wconf 82' lang='lat' dir='ltr'><strong>non</strong></span> 
     </span>
     <span class='ocr_line' id='line_1_55' title="bbox 2989 2158 3186 2204; baseline 0.005 -2"><span class='ocrx_word' id='word_1_347' title='bbox 2989 2165 3014 2202; x_wconf 88' lang='lat' dir='ltr'><strong>e</strong></span> <span class='ocrx_word' id='word_1_348' title='bbox 3049 2158 3186 2204; x_wconf 85' lang='lat' dir='ltr'><strong>eant.</strong></span> 
     </span>
    </p>
   </div>
   <div class='ocr_carea' id='block_1_55' title="bbox 2345 2284 3873 2356">
    <p class='ocr_par' dir='ltr' id='par_1_55' title="bbox 2345 2284 3873 2356">
     <span class='ocr_line' id='line_1_56' title="bbox 2345 2284 3873 2356; baseline 0.005 -20"><span class='ocrx_word' id='word_1_349' title='bbox 2345 2284 2748 2354; x_wconf 84' lang='lat' dir='ltr'><strong>Quamobrem,</strong></span> <span class='ocrx_word' id='word_1_350' title='bbox 2800 2285 2846 2341; x_wconf 89' lang='lat' dir='ltr'><strong>si</strong></span> <span class='ocrx_word' id='word_1_351' title='bbox 2878 2299 3012 2349; x_wconf 90' lang='lat' dir='ltr'><strong>vos,</strong></span> <span class='ocrx_word' id='word_1_352' title='bbox 3061 2285 3524 2355; x_wconf 89' lang='lat' dir='ltr'><strong>quemadmodum</strong></span> <span class='ocrx_word' id='word_1_353' title='bbox 3573 2289 3873 2356; x_wconf 80' lang='lat' dir='ltr'><strong>credimus,</strong></span> 
     </span>
    </p>
   </div>
   <div class='ocr_carea' id='block_1_56' title="bbox 2275 2375 3876 2450">
    <p class='ocr_par' dir='ltr' id='par_1_56' title="bbox 2275 2375 3876 2450">
     <span class='ocr_line' id='line_1_57' title="bbox 2275 2375 3876 2450; baseline 0.004 -20"><span class='ocrx_word' id='word_1_354' title='bbox 2275 2375 2366 2430; x_wconf 86' lang='lat' dir='ltr'><strong>Dei</strong></span> <span class='ocrx_word' id='word_1_355' title='bbox 2399 2391 2562 2430; x_wconf 85' lang='lat' dir='ltr'><strong>causa</strong></span> <span class='ocrx_word' id='word_1_356' title='bbox 2605 2377 2671 2431; x_wconf 92' lang='lat' dir='ltr'><strong>ad</strong></span> <span class='ocrx_word' id='word_1_357' title='bbox 2713 2377 3112 2432; x_wconf 81' lang='lat' dir='ltr'><strong>aemulationem</strong></span> <span class='ocrx_word' id='word_1_358' title='bbox 3169 2389 3372 2433; x_wconf 72' lang='lat' dir='ltr'><strong>nostra:</strong></span> <span class='ocrx_word' id='word_1_359' title='bbox 3416 2382 3756 2450; x_wconf 83' lang='lat' dir='ltr'><strong>cognitionis</strong></span> <span class='ocrx_word' id='word_1_360' title='bbox 3799 2395 3876 2437; x_wconf 83' lang='lat' dir='ltr'><strong>at-</strong></span> 
     </span>
    </p>
   </div>
   <div class='ocr_carea' id='block_1_57' title="bbox 2275 2469 3876 2543">
    <p class='ocr_par' dir='ltr' id='par_1_57' title="bbox 2275 2469 3876 2543">
     <span class='ocr_line' id='line_1_58' title="bbox 2275 2469 3876 2543; baseline 0.005 -20"><span class='ocrx_word' id='word_1_361' title='bbox 2275 2469 2466 2532; x_wconf 81' lang='lat' dir='ltr'><strong>traxit,</strong></span> <span class='ocrx_word' id='word_1_362' title='bbox 2501 2470 2752 2525; x_wconf 87' lang='lat' dir='ltr'><strong>omnibus</strong></span> <span class='ocrx_word' id='word_1_363' title='bbox 2784 2470 3045 2525; x_wconf 87' lang='lat' dir='ltr'><strong>institutis</strong></span> <span class='ocrx_word' id='word_1_364' title='bbox 3096 2470 3290 2540; x_wconf 87' lang='lat' dir='ltr'><strong>quibus</strong></span> <span class='ocrx_word' id='word_1_365' title='bbox 3323 2471 3431 2527; x_wconf 90' lang='lat' dir='ltr'><strong>illic</strong></span> <span class='ocrx_word' id='word_1_366' title='bbox 3461 2474 3755 2543; x_wconf 79' lang='lat' dir='ltr'><strong>primordia</strong></span> <span class='ocrx_word' id='word_1_367' title='bbox 3787 2492 3876 2531; x_wconf 52' lang='lat' dir='ltr'><strong>ve.</strong></span> 
     </span>
    </p>
   </div>
   <div class='ocr_carea' id='block_1_58' title="bbox 2273 2564 3880 2639">
    <p class='ocr_par' dir='ltr' id='par_1_58' title="bbox 2273 2564 3880 2639">
     <span class='ocr_line' id='line_1_59' title="bbox 2273 2564 3880 2639; baseline 0.006 -23"><span class='ocrx_word' id='word_1_368' title='bbox 2273 2571 2383 2616; x_wconf 87' lang='lat' dir='ltr'><strong>stra</strong></span> <span class='ocrx_word' id='word_1_369' title='bbox 2416 2570 2688 2632; x_wconf 72' lang='lat' dir='ltr'><strong>praeventa</strong></span> <span class='ocrx_word' id='word_1_370' title='bbox 2740 2573 2886 2629; x_wconf 89' lang='lat' dir='ltr'><strong>sunt,</strong></span> <span class='ocrx_word' id='word_1_371' title='bbox 2923 2565 3137 2632; x_wconf 88' lang='lat' dir='ltr'><strong>penitus</strong></span> <span class='ocrx_word' id='word_1_372' title='bbox 3181 2564 3470 2628; x_wconf 86' lang='lat' dir='ltr'><strong>abdicatis,</strong></span> <span class='ocrx_word' id='word_1_373' title='bbox 3511 2581 3880 2639; x_wconf 73' lang='lat' dir='ltr'><strong>quaecumque</strong></span> 
     </span>
    </p>
   </div>
   <div class='ocr_carea' id='block_1_59' title="bbox 2273 2656 3875 2724">
    <p class='ocr_par' dir='ltr' id='par_1_59' title="bbox 2273 2656 3875 2724">
     <span class='ocr_line' id='line_1_60' title="bbox 2273 2656 3875 2724; baseline 0.005 -15"><span class='ocrx_word' id='word_1_374' title='bbox 2273 2656 2518 2711; x_wconf 88' lang='lat' dir='ltr'><strong>seniores</strong></span> <span class='ocrx_word' id='word_1_375' title='bbox 2551 2666 2760 2710; x_wconf 89' lang='lat' dir='ltr'><strong>vestros</strong></span> <span class='ocrx_word' id='word_1_376' title='bbox 2789 2671 2954 2724; x_wconf 81' lang='lat' dir='ltr'><strong>agere</strong></span> <span class='ocrx_word' id='word_1_377' title='bbox 2987 2657 3068 2710; x_wconf 86' lang='lat' dir='ltr'><strong>vel</strong></span> <span class='ocrx_word' id='word_1_378' title='bbox 3100 2656 3316 2712; x_wconf 85' lang='lat' dir='ltr'><strong>tradere</strong></span> <span class='ocrx_word' id='word_1_379' title='bbox 3350 2658 3586 2712; x_wconf 86' lang='lat' dir='ltr'><strong>videritis</strong></span> <span class='ocrx_word' id='word_1_380' title='bbox 3609 2703 3624 2724; x_wconf 84' lang='lat'><strong>,</strong></span> <span class='ocrx_word' id='word_1_381' title='bbox 3658 2675 3875 2716; x_wconf 84' lang='lat' dir='ltr'><strong>summa</strong></span> 
     </span>
    </p>
   </div>
   <div class='ocr_carea' id='block_1_60' title="bbox 2273 2747 3873 2819">
    <p class='ocr_par' dir='ltr' id='par_1_60' title="bbox 2273 2747 3873 2819">
     <span class='ocr_line' id='line_1_61' title="bbox 2273 2747 3873 2819; baseline 0.005 -17"><span class='ocrx_word' id='word_1_382' title='bbox 2273 2747 2580 2804; x_wconf 85' lang='lat' dir='ltr'><strong>humilitate</strong></span> <span class='ocrx_word' id='word_1_383' title='bbox 2609 2750 2918 2805; x_wconf 85' lang='lat' dir='ltr'><strong>sectamini.</strong></span> <span class='ocrx_word' id='word_1_384' title='bbox 2944 2748 3130 2819; x_wconf 85' lang='lat' dir='ltr'><strong>Neque</strong></span> <span class='ocrx_word' id='word_1_385' title='bbox 3161 2765 3256 2804; x_wconf 86' lang='lat' dir='ltr'><strong>vos</strong></span> <span class='ocrx_word' id='word_1_386' title='bbox 3277 2761 3515 2818; x_wconf 82' lang='lat' dir='ltr'><strong>moveat,</strong></span> <span class='ocrx_word' id='word_1_387' title='bbox 3537 2763 3632 2807; x_wconf 89' lang='lat' dir='ltr'><strong>aut</strong></span> <span class='ocrx_word' id='word_1_388' title='bbox 3658 2754 3729 2808; x_wconf 90' lang='lat' dir='ltr'><strong>ab</strong></span> <span class='ocrx_word' id='word_1_389' title='bbox 3761 2755 3873 2810; x_wconf 85' lang='lat' dir='ltr'><strong>imi-</strong></span> 
     </span>
    </p>
   </div>
   <div class='ocr_carea' id='block_1_61' title="bbox 2274 2842 3867 2918">
    <p class='ocr_par' dir='ltr' id='par_1_61' title="bbox 2274 2842 3867 2918">
     <span class='ocr_line' id='line_1_62' title="bbox 2274 2842 3867 2918; baseline 0.003 -21"><span class='ocrx_word' id='word_1_390' title='bbox 2274 2844 2474 2898; x_wconf 87' lang='lat' dir='ltr'><strong>tatione</strong></span> <span class='ocrx_word' id='word_1_391' title='bbox 2506 2842 2749 2897; x_wconf 87' lang='lat' dir='ltr'><strong>retrahat</strong></span> <span class='ocrx_word' id='word_1_392' title='bbox 2780 2859 2842 2897; x_wconf 89' lang='lat' dir='ltr'><strong>ac</strong></span> <span class='ocrx_word' id='word_1_393' title='bbox 2882 2842 3139 2908; x_wconf 85' lang='lat' dir='ltr'><strong>divertat,</strong></span> <span class='ocrx_word' id='word_1_394' title='bbox 3174 2843 3386 2899; x_wconf 89' lang='lat' dir='ltr'><strong>etiamsi</strong></span> <span class='ocrx_word' id='word_1_395' title='bbox 3428 2847 3590 2901; x_wconf 86' lang='lat' dir='ltr'><strong>vobis</strong></span> <span class='ocrx_word' id='word_1_396' title='bbox 3632 2849 3699 2902; x_wconf 88' lang='lat' dir='ltr'><strong>ad</strong></span> <span class='ocrx_word' id='word_1_397' title='bbox 3738 2865 3867 2918; x_wconf 77' lang='lat' dir='ltr'><strong>pra:-</strong></span> 
     </span>
    </p>
   </div>
   <div class='ocr_carea' id='block_1_62' title="bbox 2271 2935 3867 3010">
    <p class='ocr_par' dir='ltr' id='par_1_62' title="bbox 2271 2935 3867 3010">
     <span class='ocr_line' id='line_1_63' title="bbox 2271 2935 3867 3010; baseline 0.003 -18"><span class='ocrx_word' id='word_1_398' title='bbox 2271 2952 2396 2992; x_wconf 86' lang='lat' dir='ltr'><strong>sens</strong></span> <span class='ocrx_word' id='word_1_399' title='bbox 2425 2935 2656 3006; x_wconf 87' lang='lat' dir='ltr'><strong>alicujus</strong></span> <span class='ocrx_word' id='word_1_400' title='bbox 2691 2935 2768 2990; x_wconf 93' lang='lat' dir='ltr'><strong>rei</strong></span> <span class='ocrx_word' id='word_1_401' title='bbox 2799 2936 2883 2990; x_wconf 86' lang='lat' dir='ltr'><strong>vel</strong></span> <span class='ocrx_word' id='word_1_402' title='bbox 2919 2935 3044 2990; x_wconf 79' lang='lat' dir='ltr'><strong>facti</strong></span> <span class='ocrx_word' id='word_1_403' title='bbox 3069 2935 3206 2991; x_wconf 90' lang='lat' dir='ltr'><strong>ratio</strong></span> <span class='ocrx_word' id='word_1_404' title='bbox 3226 2935 3493 2991; x_wconf 79' lang='lat' dir='ltr'><strong>velcansa</strong></span> <span class='ocrx_word' id='word_1_405' title='bbox 3522 2954 3634 2993; x_wconf 90' lang='lat' dir='ltr'><strong>non</strong></span> <span class='ocrx_word' id='word_1_406' title='bbox 3657 2941 3867 3010; x_wconf 84' lang='lat' dir='ltr'><strong>liqueat,</strong></span> 
     </span>
    </p>
   </div>
   <div class='ocr_carea' id='block_1_63' title="bbox 2269 3027 3867 3099">
    <p class='ocr_par' dir='ltr' id='par_1_63' title="bbox 2269 3027 3867 3099">
     <span class='ocr_line' id='line_1_64' title="bbox 2269 3027 3867 3099; baseline 0.003 -17"><span class='ocrx_word' id='word_1_407' title='bbox 2269 3028 2393 3099; x_wconf 90' lang='lat' dir='ltr'><strong>quia</strong></span> <span class='ocrx_word' id='word_1_408' title='bbox 2424 3044 2518 3082; x_wconf 87' lang='lat' dir='ltr'><strong>eos</strong></span> <span class='ocrx_word' id='word_1_409' title='bbox 2550 3027 2643 3098; x_wconf 91' lang='lat' dir='ltr'><strong>qui</strong></span> <span class='ocrx_word' id='word_1_410' title='bbox 2666 3028 2806 3082; x_wconf 90' lang='lat' dir='ltr'><strong>bene</strong></span> <span class='ocrx_word' id='word_1_411' title='bbox 2828 3027 2894 3082; x_wconf 92' lang='lat' dir='ltr'><strong>de</strong></span> <span class='ocrx_word' id='word_1_412' title='bbox 2925 3029 3137 3082; x_wconf 85' lang='lat' dir='ltr'><strong>cunctis</strong></span> <span class='ocrx_word' id='word_1_413' title='bbox 3176 3043 3238 3083; x_wconf 85' lang='lat' dir='ltr'><strong>ac</strong></span> <span class='ocrx_word' id='word_1_414' title='bbox 3259 3027 3590 3098; x_wconf 78' lang='lat' dir='ltr'><strong>simpliciter</strong></span> <span class='ocrx_word' id='word_1_415' title='bbox 3619 3033 3867 3098; x_wconf 88' lang='lat' dir='ltr'><strong>sentiunt,</strong></span> 
     </span>
    </p>
   </div>
   <div class='ocr_carea' id='block_1_64' title="bbox 2272 3123 3868 3195">
    <p class='ocr_par' dir='ltr' id='par_1_64' title="bbox 2272 3123 3868 3195">
     <span class='ocr_line' id='line_1_65' title="bbox 2272 3123 3868 3195; baseline 0.002 -17"><span class='ocrx_word' id='word_1_416' title='bbox 2272 3134 2325 3178; x_wconf 91' lang='lat' dir='ltr'><strong>et</strong></span> <span class='ocrx_word' id='word_1_417' title='bbox 2359 3129 2610 3177; x_wconf 81' lang='lat' dir='ltr'><strong>universa</strong></span> <span class='ocrx_word' id='word_1_418' title='bbox 2640 3138 2757 3192; x_wconf 84' lang='lat' dir='ltr'><strong>quae</strong></span> <span class='ocrx_word' id='word_1_419' title='bbox 2790 3138 2821 3177; x_wconf 91' lang='lat' dir='ltr'><strong>a</strong></span> <span class='ocrx_word' id='word_1_420' title='bbox 2857 3123 3162 3178; x_wconf 89' lang='lat' dir='ltr'><strong>senioribus</strong></span> <span class='ocrx_word' id='word_1_421' title='bbox 3184 3123 3322 3177; x_wconf 92' lang='lat' dir='ltr'><strong>tradi</strong></span> <span class='ocrx_word' id='word_1_422' title='bbox 3363 3125 3554 3193; x_wconf 83' lang='lat' dir='ltr'><strong>gerive</strong></span> <span class='ocrx_word' id='word_1_423' title='bbox 3588 3141 3868 3195; x_wconf 83' lang='lat' dir='ltr'><strong>perspexe-</strong></span> 
     </span>
    </p>
   </div>
   <div class='ocr_carea' id='block_1_65' title="bbox 2275 3201 3863 3294">
    <p class='ocr_par' dir='ltr' id='par_1_65' title="bbox 2275 3201 3863 3294">
     <span class='ocr_line' id='line_1_66' title="bbox 2275 3201 3863 3294; baseline 0.001 -24"><span class='ocrx_word' id='word_1_424' title='bbox 2275 3217 2403 3282; x_wconf 90' lang='lat' dir='ltr'><strong>rint,</strong></span> <span class='ocrx_word' id='word_1_425' title='bbox 2431 3201 2664 3294; x_wconf 79' lang='lat' dir='ltr'><strong>fideliter</strong></span> <span class='ocrx_word' id='word_1_426' title='bbox 2695 3216 2892 3270; x_wconf 88' lang='lat' dir='ltr'><strong>imitari</strong></span> <span class='ocrx_word' id='word_1_427' title='bbox 2917 3216 3084 3286; x_wconf 85' lang='lat' dir='ltr'><strong>magis</strong></span> <span class='ocrx_word' id='word_1_428' title='bbox 3100 3231 3259 3285; x_wconf 86' lang='lat' dir='ltr'><strong>quam</strong></span> <span class='ocrx_word' id='word_1_429' title='bbox 3279 3213 3303 3252; x_wconf 76' lang='grc' dir='ltr'><strong><em>ἀ</em></strong></span> <span class='ocrx_word' id='word_1_430' title='bbox 3329 3215 3612 3272; x_wconf 89' lang='lat' dir='ltr'><strong>discutere</strong></span> <span class='ocrx_word' id='word_1_431' title='bbox 3641 3219 3863 3284; x_wconf 89' lang='lat' dir='ltr'><strong>student,</strong></span> 
     </span>
    </p>
   </div>
   <div class='ocr_carea' id='block_1_66' title="bbox 2276 3309 3865 3379">
    <p class='ocr_par' dir='ltr' id='par_1_66' title="bbox 2276 3309 3865 3379">
     <span class='ocr_line' id='line_1_67' title="bbox 2276 3309 3865 3379; baseline 0.003 -18"><span class='ocrx_word' id='word_1_432' title='bbox 2276 3324 2371 3379; x_wconf 89' lang='lat' dir='ltr'><strong>per</strong></span> <span class='ocrx_word' id='word_1_433' title='bbox 2395 3309 2574 3376; x_wconf 88' lang='lat' dir='ltr'><strong>operis</strong></span> <span class='ocrx_word' id='word_1_434' title='bbox 2600 3309 2992 3377; x_wconf 82' lang='lat' dir='ltr'><strong>experientiam</strong></span> <span class='ocrx_word' id='word_1_435' title='bbox 3017 3309 3178 3362; x_wconf 88' lang='lat' dir='ltr'><strong>etiam</strong></span> <span class='ocrx_word' id='word_1_436' title='bbox 3212 3323 3393 3363; x_wconf 89' lang='lat' dir='ltr'><strong>rerum</strong></span> <span class='ocrx_word' id='word_1_437' title='bbox 3420 3311 3673 3365; x_wconf 90' lang='lat' dir='ltr'><strong>omnium</strong></span> <span class='ocrx_word' id='word_1_438' title='bbox 3702 3312 3865 3366; x_wconf 82' lang='lat' dir='ltr'><strong>scien-</strong></span> 
     </span>
    </p>
   </div>
   <div class='ocr_carea' id='block_1_67' title="bbox 2279 3401 3864 3472">
    <p class='ocr_par' dir='ltr' id='par_1_67' title="bbox 2279 3401 3864 3472">
     <span class='ocr_line' id='line_1_68' title="bbox 2279 3401 3864 3472; baseline 0.003 -17"><span class='ocrx_word' id='word_1_439' title='bbox 2279 3402 2348 3455; x_wconf 87' lang='lat' dir='ltr'><strong>tia</strong></span> <span class='ocrx_word' id='word_1_440' title='bbox 2379 3402 2756 3470; x_wconf 69' lang='lat' dir='ltr'><strong>subsequelur.</strong></span> <span class='ocrx_word' id='word_1_441' title='bbox 2792 3401 3059 3456; x_wconf 83' lang='lat' dir='ltr'><strong>Caeterum</strong></span> <span class='ocrx_word' id='word_1_442' title='bbox 3097 3417 3392 3472; x_wconf 90' lang='lat' dir='ltr'><strong>numquam</strong></span> <span class='ocrx_word' id='word_1_443' title='bbox 3437 3405 3712 3461; x_wconf 85' lang='lat' dir='ltr'><strong>rationem</strong></span> <span class='ocrx_word' id='word_1_444' title='bbox 3741 3407 3864 3460; x_wconf 81' lang='lat' dir='ltr'><strong>reri-</strong></span> 
     </span>
    </p>
   </div>
   <div class='ocr_carea' id='block_1_68' title="bbox 1654 3515 2803 3576">
    <p class='ocr_par' dir='ltr' id='par_1_68' title="bbox 1654 3515 2803 3576">
     <span class='ocr_line' id='line_1_69' title="bbox 1654 3515 2803 3576; baseline 0.006 -7"><span class='ocrx_word' id='word_1_445' title='bbox 1654 3515 1912 3570; x_wconf 75' lang='lat' dir='ltr'><strong>ALAliDI</strong></span> <span class='ocrx_word' id='word_1_446' title='bbox 1953 3516 2188 3574; x_wconf 64' lang='lat' dir='ltr'><strong>GAZA&#39;II</strong></span> <span class='ocrx_word' id='word_1_447' title='bbox 2225 3517 2803 3576; x_wconf 77' lang='lat' dir='ltr'><strong>COMMENTARlUS.</strong></span> 
     </span>
    </p>
   </div>
   <div class='ocr_carea' id='block_1_69' title="bbox 580 3608 2162 3675">
    <p class='ocr_par' dir='ltr' id='par_1_69' title="bbox 580 3608 2162 3675">
     <span class='ocr_line' id='line_1_70' title="bbox 580 3608 2162 3675; baseline -0.004 -7"><span class='ocrx_word' id='word_1_448' title='bbox 580 3631 692 3668; x_wconf 89' lang='lat' dir='ltr'><strong>nem</strong></span> <span class='ocrx_word' id='word_1_449' title='bbox 719 3612 900 3667; x_wconf 84' lang='lat' dir='ltr'><strong>altaris</strong></span> <span class='ocrx_word' id='word_1_450' title='bbox 928 3613 1250 3666; x_wconf 80' lang='lat' dir='ltr'><strong>invitantem.</strong></span> <span class='ocrx_word' id='word_1_451' title='bbox 1279 3612 1342 3664; x_wconf 83' lang='lat' dir='ltr'><strong>At</strong></span> <span class='ocrx_word' id='word_1_452' title='bbox 1383 3626 1498 3664; x_wconf 83' lang='lat' dir='ltr'><strong>vero</strong></span> <span class='ocrx_word' id='word_1_453' title='bbox 1526 3608 1611 3663; x_wconf 90' lang='lat' dir='ltr'><strong>ubi</strong></span> <span class='ocrx_word' id='word_1_454' title='bbox 1651 3608 1746 3661; x_wconf 89' lang='lat' dir='ltr'><strong>hoc</strong></span> <span class='ocrx_word' id='word_1_455' title='bbox 1796 3609 1967 3662; x_wconf 81' lang='lat' dir='ltr'><strong>senior</strong></span> <span class='ocrx_word' id='word_1_456' title='bbox 2013 3609 2162 3675; x_wconf 85' lang='lat' dir='ltr'><strong>vidit,</strong></span> 
     </span>
    </p>
   </div>
   <div class='ocr_carea' id='block_1_70' title="bbox 579 3681 2164 3754">
    <p class='ocr_par' dir='ltr' id='par_1_70' title="bbox 579 3681 2164 3754">
     <span class='ocr_line' id='line_1_71' title="bbox 579 3681 2164 3754; baseline -0.004 -14"><span class='ocrx_word' id='word_1_457' title='bbox 579 3685 833 3740; x_wconf 75' lang='lat' dir='ltr'><strong>intellexit</strong></span> <span class='ocrx_word' id='word_1_458' title='bbox 865 3701 1039 3738; x_wconf 85' lang='lat' dir='ltr'><strong>eorum</strong></span> <span class='ocrx_word' id='word_1_459' title='bbox 1060 3692 1345 3754; x_wconf 79' lang='lat' dir='ltr'><strong>susceptam</strong></span> <span class='ocrx_word' id='word_1_460' title='bbox 1375 3699 1485 3735; x_wconf 86' lang='lat' dir='ltr'><strong>esse</strong></span> <span class='ocrx_word' id='word_1_461' title='bbox 1509 3681 1956 3754; x_wconf 61' lang='lat' dir='ltr'><strong>paenitentiam,et</strong></span> <span class='ocrx_word' id='word_1_462' title='bbox 1984 3681 2058 3734; x_wconf 81' lang='lat' dir='ltr'><strong>sic</strong></span> <span class='ocrx_word' id='word_1_463' title='bbox 2079 3697 2164 3734; x_wconf 87' lang='lat' dir='ltr'><strong>eos</strong></span> 
     </span>
    </p>
   </div>
   <div class='ocr_carea' id='block_1_71' title="bbox 580 3751 2165 3826">
    <p class='ocr_par' dir='ltr' id='par_1_71' title="bbox 580 3751 2165 3826">
     <span class='ocr_line' id='line_1_72' title="bbox 580 3751 2165 3826; baseline -0.003 -16"><span class='ocrx_word' id='word_1_464' title='bbox 580 3757 733 3810; x_wconf 78' lang='lat' dir='ltr'><strong>altari</strong></span> <span class='ocrx_word' id='word_1_465' title='bbox 762 3766 868 3810; x_wconf 88' lang='lat' dir='ltr'><strong>tota</strong></span> <span class='ocrx_word' id='word_1_466' title='bbox 889 3772 1006 3809; x_wconf 84' lang='lat' dir='ltr'><strong>cum</strong></span> <span class='ocrx_word' id='word_1_467' title='bbox 1026 3751 1375 3826; x_wconf 78' lang='lat' dir='ltr'><strong>gratulatione</strong></span> <span class='ocrx_word' id='word_1_468' title='bbox 1399 3755 1641 3807; x_wconf 80' lang='lat' dir='ltr'><strong>restituit.</strong></span> <span class='ocrx_word' id='word_1_469' title='bbox 1678 3752 1800 3826; x_wconf 58' lang='lat' dir='ltr'><strong>Haec</strong></span> <span class='ocrx_word' id='word_1_470' title='bbox 1828 3751 1929 3816; x_wconf 88' lang='lat' dir='ltr'><strong>ibi;</strong></span> <span class='ocrx_word' id='word_1_471' title='bbox 1957 3767 2024 3826; x_wconf 77' lang='lat' dir='ltr'><strong>ex</strong></span> <span class='ocrx_word' id='word_1_472' title='bbox 2049 3757 2165 3821; x_wconf 88' lang='lat' dir='ltr'><strong>qui-</strong></span> 
     </span>
    </p>
   </div>
   <div class='ocr_carea' id='block_1_72' title="bbox 579 3822 2166 3894">
    <p class='ocr_par' dir='ltr' id='par_1_72' title="bbox 579 3822 2166 3894">
     <span class='ocr_line' id='line_1_73' title="bbox 579 3822 2166 3894; baseline -0.004 -10"><span class='ocrx_word' id='word_1_473' title='bbox 579 3827 680 3884; x_wconf 85' lang='lat' dir='ltr'><strong>bus</strong></span> <span class='ocrx_word' id='word_1_474' title='bbox 707 3822 1056 3894; x_wconf 71' lang='lat' dir='ltr'><strong>intelligimus</strong></span> <span class='ocrx_word' id='word_1_475' title='bbox 1087 3828 1401 3880; x_wconf 87' lang='lat' dir='ltr'><strong>Cassianum</strong></span> <span class='ocrx_word' id='word_1_476' title='bbox 1437 3842 1543 3878; x_wconf 79' lang='lat' dir='ltr'><strong>non</strong></span> <span class='ocrx_word' id='word_1_477' title='bbox 1575 3839 1668 3893; x_wconf 86' lang='lat' dir='ltr'><strong>pro</strong></span> <span class='ocrx_word' id='word_1_478' title='bbox 1699 3822 1890 3877; x_wconf 89' lang='lat' dir='ltr'><strong>eodem</strong></span> <span class='ocrx_word' id='word_1_479' title='bbox 1918 3824 2166 3893; x_wconf 90' lang='lat' dir='ltr'><strong>accipere</strong></span> 
     </span>
    </p>
   </div>
   <div class='ocr_carea' id='block_1_73' title="bbox 579 3895 2166 3968">
    <p class='ocr_par' dir='ltr' id='par_1_73' title="bbox 579 3895 2166 3968">
     <span class='ocr_line' id='line_1_74' title="bbox 579 3895 2166 3968; baseline -0.003 -15"><span class='ocrx_word' id='word_1_480' title='bbox 579 3899 847 3954; x_wconf 78' lang='lat' dir='ltr'><strong>seniorem</strong></span> <span class='ocrx_word' id='word_1_481' title='bbox 876 3907 930 3952; x_wconf 91' lang='lat' dir='ltr'><strong>et</strong></span> <span class='ocrx_word' id='word_1_482' title='bbox 955 3899 1350 3968; x_wconf 87' lang='lat' dir='ltr'><strong>presbyterum,</strong></span> <span class='ocrx_word' id='word_1_483' title='bbox 1378 3895 1476 3968; x_wconf 86' lang='lat' dir='ltr'><strong>sed</strong></span> <span class='ocrx_word' id='word_1_484' title='bbox 1503 3895 1770 3968; x_wconf 78' lang='lat' dir='ltr'><strong>seniorem</strong></span> <span class='ocrx_word' id='word_1_485' title='bbox 1809 3904 1976 3968; x_wconf 73' lang='lat' dir='ltr'><strong>_zetate</strong></span> <span class='ocrx_word' id='word_1_486' title='bbox 1996 3937 2011 3960; x_wconf 92' lang='lat'><strong>,</strong></span> <span class='ocrx_word' id='word_1_487' title='bbox 2044 3910 2166 3962; x_wconf 89' lang='lat' dir='ltr'><strong>pre-</strong></span> 
     </span>
    </p>
   </div>
   <div class='ocr_carea' id='block_1_74' title="bbox 581 3965 2163 4040">
    <p class='ocr_par' dir='ltr' id='par_1_74' title="bbox 581 3965 2163 4040">
     <span class='ocr_line' id='line_1_75' title="bbox 581 3965 2163 4040; baseline -0.003 -16"><span class='ocrx_word' id='word_1_488' title='bbox 581 3969 854 4040; x_wconf 87' lang='lat' dir='ltr'><strong>sbyterum</strong></span> <span class='ocrx_word' id='word_1_489' title='bbox 904 3965 1091 4023; x_wconf 82' lang='lat' dir='ltr'><strong>ordine</strong></span> <span class='ocrx_word' id='word_1_490' title='bbox 1120 3965 1424 4040; x_wconf 18' lang='lat' dir='ltr'><strong>&#39;etiol&#39;ftcio</strong></span> <span class='ocrx_word' id='word_1_491' title='bbox 1479 3965 1765 4040; x_wconf 76' lang='lat' dir='ltr'><strong>sacerdotii</strong></span> <span class='ocrx_word' id='word_1_492' title='bbox 1806 3965 2105 4040; x_wconf 72' lang='lat' dir='ltr'><strong>intelligere</strong></span> <span class='ocrx_word' id='word_1_493' title='bbox 2147 3981 2163 4020; x_wconf 89' lang='lat'><strong>:</strong></span> 
     </span>
    </p>
   </div>
   <div class='ocr_carea' id='block_1_75' title="bbox 580 4036 2164 4118">
    <p class='ocr_par' dir='ltr' id='par_1_75' title="bbox 580 4036 2164 4118">
     <span class='ocr_line' id='line_1_76' title="bbox 580 4036 2164 4118; baseline -0.004 -23"><span class='ocrx_word' id='word_1_494' title='bbox 580 4036 827 4118; x_wconf 73' lang='lat' dir='ltr'><strong>quamvis</strong></span> <span class='ocrx_word' id='word_1_495' title='bbox 839 4042 1194 4118; x_wconf 57' lang='grc' dir='ltr'><strong>πρεσᾷιᾷτξρος</strong></span> <span class='ocrx_word' id='word_1_496' title='bbox 1208 4039 1393 4118; x_wconf 78' lang='lat' dir='ltr'><strong>Latine</strong></span> <span class='ocrx_word' id='word_1_497' title='bbox 1407 4039 1674 4118; x_wconf 78' lang='lat' dir='ltr'><strong>seniorem</strong></span> <span class='ocrx_word' id='word_1_498' title='bbox 1688 4045 1861 4089; x_wconf 89' lang='lat' dir='ltr'><strong>sonet.</strong></span> <span class='ocrx_word' id='word_1_499' title='bbox 1882 4037 1955 4089; x_wconf 86' lang='lat' dir='ltr'><strong>Ex</strong></span> <span class='ocrx_word' id='word_1_500' title='bbox 1972 4036 2164 4118; x_wconf 80' lang='lat' dir='ltr'><strong>eodem</strong></span> 
     </span>
    </p>
   </div>
   <div class='ocr_carea' id='block_1_76' title="bbox 580 4106 2168 4179">
    <p class='ocr_par' dir='ltr' id='par_1_76' title="bbox 580 4106 2168 4179">
     <span class='ocr_line' id='line_1_77' title="bbox 580 4106 2168 4179; baseline -0.003 -13"><span class='ocrx_word' id='word_1_501' title='bbox 580 4106 700 4166; x_wconf 79' lang='lat' dir='ltr'><strong>loco</strong></span> <span class='ocrx_word' id='word_1_502' title='bbox 730 4106 891 4166; x_wconf 82' lang='lat' dir='ltr'><strong>etiam&#39;</strong></span> <span class='ocrx_word' id='word_1_503' title='bbox 913 4106 1216 4178; x_wconf 80' lang='lat' dir='ltr'><strong>colligimus</strong></span> <span class='ocrx_word' id='word_1_504' title='bbox 1252 4110 1366 4179; x_wconf 89' lang='lat' dir='ltr'><strong>jam</strong></span> <span class='ocrx_word' id='word_1_505' title='bbox 1391 4109 1520 4162; x_wconf 91' lang='lat' dir='ltr'><strong>olim</strong></span> <span class='ocrx_word' id='word_1_506' title='bbox 1552 4107 1848 4179; x_wconf 83' lang='lat' dir='ltr'><strong>plerosque</strong></span> <span class='ocrx_word' id='word_1_507' title='bbox 1879 4106 2168 4179; x_wconf 88' lang='lat' dir='ltr'><strong>monacho-</strong></span> 
     </span>
    </p>
   </div>
   <div class='ocr_carea' id='block_1_77' title="bbox 580 4177 2168 4252">
    <p class='ocr_par' dir='ltr' id='par_1_77' title="bbox 580 4177 2168 4252">
     <span class='ocr_line' id='line_1_78' title="bbox 580 4177 2168 4252; baseline -0.002 -16"><span class='ocrx_word' id='word_1_508' title='bbox 580 4196 698 4236; x_wconf 86' lang='lat' dir='ltr'><strong>rum</strong></span> <span class='ocrx_word' id='word_1_509' title='bbox 733 4194 910 4252; x_wconf 84' lang='lat' dir='ltr'><strong>patres</strong></span> <span class='ocrx_word' id='word_1_510' title='bbox 940 4177 1459 4252; x_wconf 71' lang='lat' dir='ltr'><strong>etarcliiinandritas</strong></span> <span class='ocrx_word' id='word_1_511' title='bbox 1484 4177 1660 4231; x_wconf 90' lang='lat' dir='ltr'><strong>solere</strong></span> <span class='ocrx_word' id='word_1_512' title='bbox 1675 4191 1795 4252; x_wconf 70' lang='lat' dir='ltr'><strong>esse</strong></span> <span class='ocrx_word' id='word_1_513' title='bbox 1823 4178 2168 4246; x_wconf 83' lang='lat' dir='ltr'><strong>presbyteros</strong></span> 
     </span>
    </p>
   </div>
   <div class='ocr_carea' id='block_1_78' title="bbox 581 4248 2170 4316">
    <p class='ocr_par' dir='ltr' id='par_1_78' title="bbox 581 4248 2170 4316">
     <span class='ocr_line' id='line_1_79' title="bbox 581 4248 2170 4316; baseline -0.003 -12"><span class='ocrx_word' id='word_1_514' title='bbox 581 4261 635 4304; x_wconf 89' lang='lat' dir='ltr'><strong>ct</strong></span> <span class='ocrx_word' id='word_1_515' title='bbox 662 4248 1000 4316; x_wconf 82' lang='lat' dir='ltr'><strong>sacerdotes,</strong></span> <span class='ocrx_word' id='word_1_516' title='bbox 1047 4252 1110 4305; x_wconf 87' lang='lat' dir='ltr'><strong>ad</strong></span> <span class='ocrx_word' id='word_1_517' title='bbox 1161 4251 1264 4304; x_wconf 84' lang='lat' dir='ltr'><strong>hoc</strong></span> <span class='ocrx_word' id='word_1_518' title='bbox 1291 4251 1538 4302; x_wconf 86' lang='lat' dir='ltr'><strong>nimirum</strong></span> <span class='ocrx_word' id='word_1_519' title='bbox 1591 4248 1867 4302; x_wconf 87' lang='lat' dir='ltr'><strong>ordinatos</strong></span> <span class='ocrx_word' id='word_1_520' title='bbox 1899 4256 1955 4301; x_wconf 93' lang='lat' dir='ltr'><strong>ut</strong></span> <span class='ocrx_word' id='word_1_521' title='bbox 1993 4263 2170 4302; x_wconf 87' lang='lat' dir='ltr'><strong>sacra-</strong></span> 
     </span>
    </p>
   </div>
   <div class='ocr_carea' id='block_1_79' title="bbox 583 4319 2169 4388">
    <p class='ocr_par' dir='ltr' id='par_1_79' title="bbox 583 4319 2169 4388">
     <span class='ocr_line' id='line_1_80' title="bbox 583 4319 2169 4388; baseline -0.001 -13"><span class='ocrx_word' id='word_1_522' title='bbox 583 4331 763 4375; x_wconf 90' lang='lat' dir='ltr'><strong>menta</strong></span> <span class='ocrx_word' id='word_1_523' title='bbox 793 4322 997 4374; x_wconf 75' lang='lat' dir='ltr'><strong>lminini</strong></span> <span class='ocrx_word' id='word_1_524' title='bbox 1021 4322 1351 4374; x_wconf 79' lang='lat' dir='ltr'><strong>conficerent</strong></span> <span class='ocrx_word' id='word_1_525' title='bbox 1377 4329 1427 4371; x_wconf 81' lang='lat' dir='ltr'><strong>et</strong></span> <span class='ocrx_word' id='word_1_526' title='bbox 1455 4320 1573 4372; x_wconf 88' lang='lat' dir='ltr'><strong>aliis</strong></span> <span class='ocrx_word' id='word_1_527' title='bbox 1597 4319 1996 4383; x_wconf 84' lang='lat' dir='ltr'><strong>ministrarent;</strong></span> <span class='ocrx_word' id='word_1_528' title='bbox 2025 4319 2169 4388; x_wconf 87' lang='lat' dir='ltr'><strong>quod</strong></span> 
     </span>
    </p>
   </div>
   <div class='ocr_carea' id='block_1_80' title="bbox 583 4389 2170 4459">
    <p class='ocr_par' dir='ltr' id='par_1_80' title="bbox 583 4389 2170 4459">
     <span class='ocr_line' id='line_1_81' title="bbox 583 4389 2170 4459; baseline -0.001 -14"><span class='ocrx_word' id='word_1_529' title='bbox 583 4406 652 4445; x_wconf 88' lang='lat' dir='ltr'><strong>ex</strong></span> <span class='ocrx_word' id='word_1_530' title='bbox 706 4392 886 4445; x_wconf 89' lang='lat' dir='ltr'><strong>multis</strong></span> <span class='ocrx_word' id='word_1_531' title='bbox 933 4391 1051 4445; x_wconf 91' lang='lat' dir='ltr'><strong>aliis</strong></span> <span class='ocrx_word' id='word_1_532' title='bbox 1100 4391 1234 4446; x_wconf 91' lang='lat' dir='ltr'><strong>locis</strong></span> <span class='ocrx_word' id='word_1_533' title='bbox 1271 4401 1326 4445; x_wconf 88' lang='lat' dir='ltr'><strong>et</strong></span> <span class='ocrx_word' id='word_1_534' title='bbox 1373 4390 1632 4457; x_wconf 88' lang='lat' dir='ltr'><strong>exemplis</strong></span> <span class='ocrx_word' id='word_1_535' title='bbox 1683 4389 1809 4443; x_wconf 91' lang='lat' dir='ltr'><strong>alibi</strong></span> <span class='ocrx_word' id='word_1_536' title='bbox 1850 4390 2170 4459; x_wconf 88' lang='lat' dir='ltr'><strong>comproba-</strong></span> 
     </span>
    </p>
   </div>
   <div class='ocr_carea' id='block_1_81' title="bbox 582 4476 778 4517">
    <p class='ocr_par' dir='ltr' id='par_1_81' title="bbox 582 4476 778 4517">
     <span class='ocr_line' id='line_1_82' title="bbox 582 4476 778 4517; baseline -0.015 0"><span class='ocrx_word' id='word_1_537' title='bbox 582 4476 778 4517; x_wconf 76' lang='grc' dir='ltr'><strong>νιῐηυε.</strong></span> 
     </span>
    </p>
   </div>
   <div class='ocr_carea' id='block_1_82' title="bbox 655 4530 2169 4602">
    <p class='ocr_par' dir='ltr' id='par_1_82' title="bbox 655 4530 2169 4602">
     <span class='ocr_line' id='line_1_83' title="bbox 655 4530 2169 4602; baseline 0.001 -16"><span class='ocrx_word' id='word_1_538' title='bbox 655 4542 680 4569; x_wconf 74' lang='grc' dir='ltr'><strong>ει</strong></span> <span class='ocrx_word' id='word_1_539' title='bbox 709 4533 932 4596; x_wconf 87' lang='lat' dir='ltr'><strong>Pharus,</strong></span> <span class='ocrx_word' id='word_1_540' title='bbox 967 4539 1024 4586; x_wconf 84' lang='lat' dir='ltr'><strong>ut</strong></span> <span class='ocrx_word' id='word_1_541' title='bbox 1067 4541 1288 4585; x_wconf 85' lang='lat' dir='ltr'><strong>annotat</strong></span> <span class='ocrx_word' id='word_1_542' title='bbox 1333 4530 1628 4602; x_wconf 88' lang='lat' dir='ltr'><strong>Cnychius,</strong></span> <span class='ocrx_word' id='word_1_543' title='bbox 1678 4531 1849 4602; x_wconf 84' lang='lat' dir='ltr'><strong>insula</strong></span> <span class='ocrx_word' id='word_1_544' title='bbox 1892 4541 1972 4587; x_wconf 92' lang='lat' dir='ltr'><strong>est</strong></span> <span class='ocrx_word' id='word_1_545' title='bbox 2004 4547 2169 4602; x_wconf 91' lang='lat' dir='ltr'><strong>prope</strong></span> 
     </span>
    </p>
   </div>
   <div class='ocr_carea' id='block_1_83' title="bbox 584 4601 2168 4674">
    <p class='ocr_par' dir='ltr' id='par_1_83' title="bbox 584 4601 2168 4674">
     <span class='ocr_line' id='line_1_84' title="bbox 584 4601 2168 4674; baseline 0 -14"><span class='ocrx_word' id='word_1_546' title='bbox 584 4603 874 4674; x_wconf 70' lang='lat' dir='ltr'><strong>Egyptum</strong></span> <span class='ocrx_word' id='word_1_547' title='bbox 903 4603 1153 4671; x_wconf 86' lang='lat' dir='ltr'><strong>oblonga,</strong></span> <span class='ocrx_word' id='word_1_548' title='bbox 1181 4601 1466 4672; x_wconf 75' lang='lat' dir='ltr'><strong>parvaque,</strong></span> <span class='ocrx_word' id='word_1_549' title='bbox 1498 4610 1682 4656; x_wconf 82' lang='lat' dir='ltr'><strong>contra</strong></span> <span class='ocrx_word' id='word_1_550' title='bbox 1707 4601 1808 4656; x_wconf 85' lang='lat' dir='ltr'><strong>Nili</strong></span> <span class='ocrx_word' id='word_1_551' title='bbox 1838 4605 1993 4670; x_wconf 87' lang='lat' dir='ltr'><strong>ostia,</strong></span> <span class='ocrx_word' id='word_1_552' title='bbox 2028 4601 2168 4660; x_wconf 81' lang='lat' dir='ltr'><strong>nunc</strong></span> 
     </span>
    </p>
   </div>
   <div class='ocr_carea' id='block_1_84' title="bbox 581 4674 2168 4743">
    <p class='ocr_par' dir='ltr' id='par_1_84' title="bbox 581 4674 2168 4743">
     <span class='ocr_line' id='line_1_85' title="bbox 581 4674 2168 4743; baseline 0 -15"><span class='ocrx_word' id='word_1_553' title='bbox 581 4674 876 4728; x_wconf 87' lang='lat' dir='ltr'><strong>continenti</strong></span> <span class='ocrx_word' id='word_1_554' title='bbox 909 4674 1218 4743; x_wconf 88' lang='lat' dir='ltr'><strong>conjuncta,</strong></span> <span class='ocrx_word' id='word_1_555' title='bbox 1269 4689 1387 4743; x_wconf 75' lang='lat' dir='ltr'><strong>qua:</strong></span> <span class='ocrx_word' id='word_1_556' title='bbox 1436 4681 1650 4742; x_wconf 88' lang='lat' dir='ltr'><strong>portum</strong></span> <span class='ocrx_word' id='word_1_557' title='bbox 1681 4675 2022 4730; x_wconf 71' lang='lat' dir='ltr'><strong>Alexandria:</strong></span> <span class='ocrx_word' id='word_1_558' title='bbox 2053 4675 2168 4729; x_wconf 83' lang='lat' dir='ltr'><strong>effi-</strong></span> 
     </span>
    </p>
   </div>
   <div class='ocr_carea' id='block_1_85' title="bbox 579 4743 2165 4817">
    <p class='ocr_par' dir='ltr' id='par_1_85' title="bbox 579 4743 2165 4817">
     <span class='ocr_line' id='line_1_86' title="bbox 579 4743 2165 4817; baseline 0 -17"><span class='ocrx_word' id='word_1_559' title='bbox 579 4746 754 4801; x_wconf 80' lang='lat' dir='ltr'><strong>ciebat</strong></span> <span class='ocrx_word' id='word_1_560' title='bbox 777 4747 796 4817; x_wconf 95' lang='lat'><strong>(</strong></span> <span class='ocrx_word' id='word_1_561' title='bbox 817 4744 961 4798; x_wconf 88' lang='lat' dir='ltr'><strong>Ptin.</strong></span> <span class='ocrx_word' id='word_1_562' title='bbox 996 4746 1032 4817; x_wconf 69' lang='grc' dir='ltr'><strong>ι,</strong></span> <span class='ocrx_word' id='word_1_563' title='bbox 1070 4759 1228 4817; x_wconf 70' lang='lat' dir='ltr'><strong>xxxw</strong></span> <span class='ocrx_word' id='word_1_564' title='bbox 1259 4760 1372 4812; x_wconf 85' lang='lat' dir='ltr'><strong>cap.</strong></span> <span class='ocrx_word' id='word_1_565' title='bbox 1402 4743 1528 4814; x_wconf 69' lang='lat'><strong>12);</strong></span> <span class='ocrx_word' id='word_1_566' title='bbox 1558 4745 1608 4817; x_wconf 89' lang='lat' dir='ltr'><strong>in</strong></span> <span class='ocrx_word' id='word_1_567' title='bbox 1639 4759 1745 4814; x_wconf 88' lang='lat' dir='ltr'><strong>quo</strong></span> <span class='ocrx_word' id='word_1_568' title='bbox 1792 4755 1975 4812; x_wconf 87' lang='lat' dir='ltr'><strong>portu,</strong></span> <span class='ocrx_word' id='word_1_569' title='bbox 2031 4755 2165 4800; x_wconf 87' lang='lat' dir='ltr'><strong>teste</strong></span> 
     </span>
    </p>
   </div>
   <div class='ocr_carea' id='block_1_86' title="bbox 509 4815 2247 4907">
    <p class='ocr_par' dir='ltr' id='par_1_86' title="bbox 509 4815 2247 4907">
     <span class='ocr_line' id='line_1_87' title="bbox 509 4815 2247 4907; baseline -0.002 -33"><span class='ocrx_word' id='word_1_570' title='bbox 509 4839 528 4907; x_wconf 47' lang='grc' dir='ltr'>ξ</span> <span class='ocrx_word' id='word_1_571' title='bbox 580 4815 872 4883; x_wconf 85' lang='lat' dir='ltr'><strong>Strabone,</strong></span> <span class='ocrx_word' id='word_1_572' title='bbox 901 4815 1062 4898; x_wconf 74' lang='lat' dir='ltr'><strong>turris</strong></span> <span class='ocrx_word' id='word_1_573' title='bbox 1108 4816 1294 4907; x_wconf 62' lang='lat' dir='ltr'><strong>ingens</strong></span> <span class='ocrx_word' id='word_1_574' title='bbox 1345 4817 1394 4907; x_wconf 77' lang='lat' dir='ltr'><strong>in</strong></span> <span class='ocrx_word' id='word_1_575' title='bbox 1443 4816 1702 4870; x_wconf 75' lang='lat' dir='ltr'><strong>altissima</strong></span> <span class='ocrx_word' id='word_1_576' title='bbox 1740 4831 1873 4907; x_wconf 71' lang='lat' dir='ltr'><strong>rupe</strong></span> <span class='ocrx_word' id='word_1_577' title='bbox 1903 4817 2164 4870; x_wconf 82' lang='lat' dir='ltr'><strong>aediﬁcata</strong></span> <span class='ocrx_word' id='word_1_578' title='bbox 2192 4847 2247 4907; x_wconf 81' lang='lat' dir='ltr'><strong>D</strong></span> 
     </span>
    </p>
   </div>
   <div class='ocr_carea' id='block_1_87' title="bbox 515 4886 2166 4957">
    <p class='ocr_par' dir='ltr' id='par_1_87' title="bbox 515 4886 2166 4957">
     <span class='ocr_line' id='line_1_88' title="bbox 515 4886 2166 4957; baseline -0.002 -13"><span class='ocrx_word' id='word_1_579' title='bbox 515 4886 528 4936; x_wconf 61' lang='grc'>³</span> <span class='ocrx_word' id='word_1_580' title='bbox 577 4897 852 4956; x_wconf 74' lang='lat' dir='ltr'><strong>erat,qum</strong></span> <span class='ocrx_word' id='word_1_581' title='bbox 880 4889 1249 4957; x_wconf 84' lang='lat' dir='ltr'><strong>navigantibus</strong></span> <span class='ocrx_word' id='word_1_582' title='bbox 1269 4894 1530 4942; x_wconf 87' lang='lat' dir='ltr'><strong>nocturno</strong></span> <span class='ocrx_word' id='word_1_583' title='bbox 1560 4897 1800 4957; x_wconf 90' lang='lat' dir='ltr'><strong>tempore</strong></span> <span class='ocrx_word' id='word_1_584' title='bbox 1829 4888 2005 4942; x_wconf 91' lang='lat' dir='ltr'><strong>lumen</strong></span> <span class='ocrx_word' id='word_1_585' title='bbox 2033 4904 2166 4955; x_wconf 66' lang='lat' dir='ltr'><strong>prie-</strong></span> 
     </span>
    </p>
   </div>
   <div class='ocr_carea' id='block_1_88' title="bbox 578 4958 2164 5029">
    <p class='ocr_par' dir='ltr' id='par_1_88' title="bbox 578 4958 2164 5029">
     <span class='ocr_line' id='line_1_89' title="bbox 578 4958 2164 5029; baseline -0.001 -15"><span class='ocrx_word' id='word_1_586' title='bbox 578 4960 1013 5029; x_wconf 71' lang='lat' dir='ltr'><strong>bebat,qumque</strong></span> <span class='ocrx_word' id='word_1_587' title='bbox 1043 4960 1108 5015; x_wconf 90' lang='lat' dir='ltr'><strong>ab</strong></span> <span class='ocrx_word' id='word_1_588' title='bbox 1151 4959 1267 5029; x_wconf 87' lang='lat' dir='ltr'><strong>ipsa</strong></span> <span class='ocrx_word' id='word_1_589' title='bbox 1319 4961 1491 5012; x_wconf 86' lang='lat' dir='ltr'><strong>insula</strong></span> <span class='ocrx_word' id='word_1_590' title='bbox 1539 4958 1739 5027; x_wconf 81' lang='lat' dir='ltr'><strong>phariis</strong></span> <span class='ocrx_word' id='word_1_591' title='bbox 1786 4973 1998 5026; x_wconf 89' lang='lat' dir='ltr'><strong>quoque</strong></span> <span class='ocrx_word' id='word_1_592' title='bbox 2025 4960 2164 5012; x_wconf 88' lang='lat' dir='ltr'><strong>dicta</strong></span> 
     </span>
    </p>
   </div>
   <div class='ocr_carea' id='block_1_89' title="bbox 577 5029 2167 5100">
    <p class='ocr_par' dir='ltr' id='par_1_89' title="bbox 577 5029 2167 5100">
     <span class='ocr_line' id='line_1_90' title="bbox 577 5029 2167 5100; baseline -0.001 -14"><span class='ocrx_word' id='word_1_593' title='bbox 577 5041 678 5086; x_wconf 89' lang='lat' dir='ltr'><strong>cst.</strong></span> <span class='ocrx_word' id='word_1_594' title='bbox 716 5031 844 5086; x_wconf 88' lang='lat' dir='ltr'><strong>Inde</strong></span> <span class='ocrx_word' id='word_1_595' title='bbox 873 5044 1000 5085; x_wconf 88' lang='lat' dir='ltr'><strong>vero</strong></span> <span class='ocrx_word' id='word_1_596' title='bbox 1036 5046 1225 5085; x_wconf 88' lang='lat' dir='ltr'><strong>omnes</strong></span> <span class='ocrx_word' id='word_1_597' title='bbox 1273 5029 1534 5100; x_wconf 83' lang='lat' dir='ltr'><strong>ejusmodi</strong></span> <span class='ocrx_word' id='word_1_598' title='bbox 1586 5038 1760 5082; x_wconf 89' lang='lat' dir='ltr'><strong>turres</strong></span> <span class='ocrx_word' id='word_1_599' title='bbox 1801 5038 1856 5081; x_wconf 88' lang='lat' dir='ltr'><strong>et</strong></span> <span class='ocrx_word' id='word_1_600' title='bbox 1906 5030 2167 5084; x_wconf 78' lang='lat' dir='ltr'><strong>machinae</strong></span> 
     </span>
    </p>
   </div>
   <div class='ocr_carea' id='block_1_90' title="bbox 576 5100 2162 5170">
    <p class='ocr_par' dir='ltr' id='par_1_90' title="bbox 576 5100 2162 5170">
     <span class='ocr_line' id='line_1_91' title="bbox 576 5100 2162 5170; baseline -0.001 -14"><span class='ocrx_word' id='word_1_601' title='bbox 576 5118 696 5170; x_wconf 63' lang='lat' dir='ltr'><strong>quae</strong></span> <span class='ocrx_word' id='word_1_602' title='bbox 731 5103 910 5156; x_wconf 90' lang='lat' dir='ltr'><strong>lumen</strong></span> <span class='ocrx_word' id='word_1_603' title='bbox 956 5104 1258 5156; x_wconf 86' lang='lat' dir='ltr'><strong>errantibus</strong></span> <span class='ocrx_word' id='word_1_604' title='bbox 1287 5110 1380 5155; x_wconf 90' lang='lat' dir='ltr'><strong>aut</strong></span> <span class='ocrx_word' id='word_1_605' title='bbox 1427 5100 1856 5170; x_wconf 82' lang='lat' dir='ltr'><strong>periclitantibus</strong></span> <span class='ocrx_word' id='word_1_606' title='bbox 1886 5111 2162 5168; x_wconf 69' lang='lat' dir='ltr'><strong>praestant,</strong></span> 
     </span>
    </p>
   </div>
   <div class='ocr_carea' id='block_1_91' title="bbox 611 5172 2161 5252">
    <p class='ocr_par' dir='ltr' id='par_1_91' title="bbox 611 5172 2161 5252">
     <span class='ocr_line' id='line_1_92' title="bbox 611 5172 2161 5252; baseline -0.001 -24"><span class='ocrx_word' id='word_1_607' title='bbox 611 5175 755 5252; x_wconf 56' lang='lat' dir='ltr'><strong>piper,</strong></span> <span class='ocrx_word' id='word_1_608' title='bbox 805 5174 1180 5252; x_wconf 55' lang='lat' dir='ltr'><strong>quasLoévot,</strong></span> <span class='ocrx_word' id='word_1_609' title='bbox 1213 5172 1354 5242; x_wconf 86' lang='lat' dir='ltr'><strong>quod</strong></span> <span class='ocrx_word' id='word_1_610' title='bbox 1395 5187 1467 5252; x_wconf 84' lang='lat' dir='ltr'><strong>_e_x</strong></span> <span class='ocrx_word' id='word_1_611' title='bbox 1510 5172 1616 5252; x_wconf 84' lang='lat' dir='ltr'><strong>illis</strong></span> <span class='ocrx_word' id='word_1_612' title='bbox 1657 5172 1800 5224; x_wconf 88' lang='lat' dir='ltr'><strong>faces</strong></span> <span class='ocrx_word' id='word_1_613' title='bbox 1833 5181 2161 5252; x_wconf 70' lang='lat' dir='ltr'><strong>appareant.</strong></span> 
     </span>
    </p>
   </div>
   <div class='ocr_carea' id='block_1_92' title="bbox 575 5195 2165 5313">
    <p class='ocr_par' dir='ltr' id='par_1_92' title="bbox 575 5195 2165 5313">
     <span class='ocr_line' id='line_1_93' title="bbox 575 5195 2161 5298; baseline -0.002 -70"><span class='ocrx_word' id='word_1_614' title='bbox 575 5195 755 5298; x_wconf 66' lang='grc' dir='ltr'><strong>ΐᾳροι,</strong></span> <span class='ocrx_word' id='word_1_615' title='bbox 805 5195 957 5242; x_wconf 65' lang='lat' dir='ltr'><strong>quam</strong></span> <span class='ocrx_word' id='word_1_616' title='bbox 1004 5195 1180 5248; x_wconf 77' lang='grc' dir='ltr'><strong>φανοι,</strong></span> <span class='ocrx_word' id='word_1_617' title='bbox 1213 5195 1354 5242; x_wconf 84' lang='lat' dir='ltr'><strong>quuu</strong></span> <span class='ocrx_word' id='word_1_618' title='bbox 1404 5195 1467 5226; x_wconf 74' lang='lat' dir='ltr'><strong>ex</strong></span> <span class='ocrx_word' id='word_1_619' title='bbox 1510 5195 1616 5225; x_wconf 74' lang='lat' dir='ltr'><strong>nus</strong></span> <span class='ocrx_word' id='word_1_620' title='bbox 1658 5195 1800 5224; x_wconf 68' lang='lat' dir='ltr'><strong>lucus</strong></span> <span class='ocrx_word' id='word_1_621' title='bbox 1849 5195 2161 5254; x_wconf 65' lang='lat' dir='ltr'><strong>appaream.</strong></span> 
     </span>
     <span class='ocr_line' id='line_1_94' title="bbox 596 5243 2165 5313; baseline 0 -15"><span class='ocrx_word' id='word_1_622' title='bbox 596 5244 711 5299; x_wconf 73' lang='lat' dir='ltr'><strong>{inc</strong></span> <span class='ocrx_word' id='word_1_623' title='bbox 766 5260 896 5313; x_wconf 80' lang='lat' dir='ltr'><strong>ergo</strong></span> <span class='ocrx_word' id='word_1_624' title='bbox 949 5243 1315 5299; x_wconf 86' lang='lat' dir='ltr'><strong>Piammonem</strong></span> <span class='ocrx_word' id='word_1_625' title='bbox 1364 5243 1635 5307; x_wconf 88' lang='lat' dir='ltr'><strong>abbatem,</strong></span> <span class='ocrx_word' id='word_1_626' title='bbox 1687 5250 1909 5312; x_wconf 81' lang='lat' dir='ltr'><strong>propter</strong></span> <span class='ocrx_word' id='word_1_627' title='bbox 1937 5244 2165 5313; x_wconf 81' lang='lat' dir='ltr'><strong>insignis</strong></span> 
     </span>
    </p>
   </div>
   <div class='ocr_carea' id='block_1_93' title="bbox 576 5313 2163 5377">
    <p class='ocr_par' dir='ltr' id='par_1_93' title="bbox 576 5313 2163 5377">
     <span class='ocr_line' id='line_1_95' title="bbox 576 5313 2163 5377; baseline 0.001 -10"><span class='ocrx_word' id='word_1_628' title='bbox 576 5317 741 5370; x_wconf 88' lang='lat' dir='ltr'><strong>animi</strong></span> <span class='ocrx_word' id='word_1_629' title='bbox 773 5317 928 5370; x_wconf 88' lang='lat' dir='ltr'><strong>dotes</strong></span> <span class='ocrx_word' id='word_1_630' title='bbox 957 5331 1018 5369; x_wconf 92' lang='lat' dir='ltr'><strong>ac</strong></span> <span class='ocrx_word' id='word_1_631' title='bbox 1050 5315 1296 5377; x_wconf 86' lang='lat' dir='ltr'><strong>virtutes,</strong></span> <span class='ocrx_word' id='word_1_632' title='bbox 1322 5314 1719 5367; x_wconf 87' lang='lat' dir='ltr'><strong>sublimissimae</strong></span> <span class='ocrx_word' id='word_1_633' title='bbox 1749 5313 1959 5366; x_wconf 84' lang='lat' dir='ltr'><strong>cuidam</strong></span> <span class='ocrx_word' id='word_1_634' title='bbox 1988 5314 2163 5368; x_wconf 85' lang='lat' dir='ltr'><strong>Pharo</strong></span> 
     </span>
    </p>
   </div>
   <div class='ocr_carea' id='block_1_94' title="bbox 576 5384 2162 5456">
    <p class='ocr_par' dir='ltr' id='par_1_94' title="bbox 576 5384 2162 5456">
     <span class='ocr_line' id='line_1_96' title="bbox 576 5384 2162 5456; baseline 0.001 -17"><span class='ocrx_word' id='word_1_635' title='bbox 576 5398 855 5456; x_wconf 83' lang='lat' dir='ltr'><strong>comparat</strong></span> <span class='ocrx_word' id='word_1_636' title='bbox 895 5386 1207 5441; x_wconf 84' lang='lat' dir='ltr'><strong>Cassianus.</strong></span> <span class='ocrx_word' id='word_1_637' title='bbox 1242 5385 1365 5440; x_wconf 60' lang='lat' dir='ltr'><strong>Haec</strong></span> <span class='ocrx_word' id='word_1_638' title='bbox 1402 5384 1674 5456; x_wconf 85' lang='lat' dir='ltr'><strong>Cuychius</strong></span> <span class='ocrx_word' id='word_1_639' title='bbox 1721 5394 1774 5439; x_wconf 92' lang='lat' dir='ltr'><strong>et</strong></span> <span class='ocrx_word' id='word_1_640' title='bbox 1814 5384 2003 5439; x_wconf 88' lang='lat' dir='ltr'><strong>eadem</strong></span> <span class='ocrx_word' id='word_1_641' title='bbox 2041 5385 2162 5440; x_wconf 88' lang='lat' dir='ltr'><strong>aliis</strong></span> 
     </span>
    </p>
   </div>
   <div class='ocr_carea' id='block_1_95' title="bbox 575 5458 1088 5513">
    <p class='ocr_par' dir='ltr' id='par_1_95' title="bbox 575 5458 1088 5513">
     <span class='ocr_line' id='line_1_97' title="bbox 575 5458 1088 5513; baseline 0.006 -3"><span class='ocrx_word' id='word_1_642' title='bbox 575 5459 754 5511; x_wconf 70' lang='lat' dir='ltr'><strong>verbis</strong></span> <span class='ocrx_word' id='word_1_643' title='bbox 781 5458 1088 5513; x_wconf 66' lang='lat' dir='ltr'><strong>Ciai‘onius.</strong></span> 
     </span>
    </p>
   </div>
   <div class='ocr_carea' id='block_1_96' title="bbox 649 5526 2162 5598">
    <p class='ocr_par' dir='ltr' id='par_1_96' title="bbox 649 5526 2162 5598">
     <span class='ocr_line' id='line_1_98' title="bbox 649 5526 2162 5598; baseline 0 -15"><span class='ocrx_word' id='word_1_644' title='bbox 649 5526 676 5565; x_wconf 67' lang='grc' dir='ltr'>δ</span> <span class='ocrx_word' id='word_1_645' title='bbox 707 5528 878 5583; x_wconf 87' lang='lat' dir='ltr'><strong>Simili</strong></span> <span class='ocrx_word' id='word_1_646' title='bbox 910 5529 1022 5584; x_wconf 84' lang='lat' dir='ltr'><strong>fere</strong></span> <span class='ocrx_word' id='word_1_647' title='bbox 1050 5528 1314 5583; x_wconf 89' lang='lat' dir='ltr'><strong>sententia</strong></span> <span class='ocrx_word' id='word_1_648' title='bbox 1345 5543 1475 5583; x_wconf 85' lang='lat' dir='ltr'><strong>usus</strong></span> <span class='ocrx_word' id='word_1_649' title='bbox 1504 5537 1585 5582; x_wconf 90' lang='lat' dir='ltr'><strong>est</strong></span> <span class='ocrx_word' id='word_1_650' title='bbox 1609 5528 1776 5583; x_wconf 90' lang='lat' dir='ltr'><strong>abbas</strong></span> <span class='ocrx_word' id='word_1_651' title='bbox 1808 5529 2018 5598; x_wconf 77' lang='lat' dir='ltr'><strong>Moyses</strong></span> <span class='ocrx_word' id='word_1_652' title='bbox 2048 5528 2162 5583; x_wconf 81' lang='lat' dir='ltr'><strong>enl-</strong></span> 
     </span>
    </p>
   </div>
   <div class='ocr_carea' id='block_1_97' title="bbox 577 5596 2162 5668">
    <p class='ocr_par' dir='ltr' id='par_1_97' title="bbox 577 5596 2162 5668">
     <span class='ocr_line' id='line_1_99' title="bbox 577 5596 2162 5668; baseline 0.001 -16"><span class='ocrx_word' id='word_1_653' title='bbox 577 5596 670 5653; x_wconf 90' lang='lat' dir='ltr'><strong>lat.</strong></span> <span class='ocrx_word' id='word_1_654' title='bbox 699 5600 732 5652; x_wconf 76' lang='lat'>2</span> <span class='ocrx_word' id='word_1_655' title='bbox 756 5615 873 5667; x_wconf 85' lang='lat' dir='ltr'><strong>cap.</strong></span> <span class='ocrx_word' id='word_1_656' title='bbox 905 5598 965 5652; x_wconf 79' lang='grc'><strong>11</strong></span> <span class='ocrx_word' id='word_1_657' title='bbox 999 5617 1011 5650; x_wconf 93' lang='lat'><strong>:</strong></span> <span class='ocrx_word' id='word_1_658' title='bbox 1041 5598 1167 5654; x_wconf 88' lang='lat' dir='ltr'><strong>Cum</strong></span> <span class='ocrx_word' id='word_1_659' title='bbox 1193 5615 1363 5654; x_wconf 87' lang='lat' dir='ltr'><strong>omnes</strong></span> <span class='ocrx_word' id='word_1_660' title='bbox 1385 5611 1518 5653; x_wconf 80' lang='lat' dir='ltr'><strong>artes</strong></span> <span class='ocrx_word' id='word_1_661' title='bbox 1539 5617 1600 5652; x_wconf 90' lang='lat' dir='ltr'><strong>ac</strong></span> <span class='ocrx_word' id='word_1_662' title='bbox 1629 5596 1923 5668; x_wconf 71' lang='lat' dir='ltr'><strong>disciplinae</strong></span> <span class='ocrx_word' id='word_1_663' title='bbox 1940 5599 2162 5654; x_wconf 86' lang='lat' dir='ltr'><strong>humano</strong></span> 
     </span>
    </p>
   </div>
   <div class='ocr_carea' id='block_1_98' title="bbox 573 5669 2165 5744">
    <p class='ocr_par' dir='ltr' id='par_1_98' title="bbox 573 5669 2165 5744">
     <span class='ocr_line' id='line_1_100' title="bbox 573 5669 2165 5744; baseline 0.003 -23"><span class='ocrx_word' id='word_1_664' title='bbox 573 5669 783 5739; x_wconf 82' lang='lat' dir='ltr'><strong>ingenio</strong></span> <span class='ocrx_word' id='word_1_665' title='bbox 803 5677 1048 5744; x_wconf 60' lang='lat' dir='ltr'><strong>repertae,</strong></span> <span class='ocrx_word' id='word_1_666' title='bbox 1081 5680 1129 5724; x_wconf 88' lang='lat' dir='ltr'><strong>et</strong></span> <span class='ocrx_word' id='word_1_667' title='bbox 1158 5686 1272 5744; x_wconf 69' lang='lat' dir='ltr'><strong>aute</strong></span> <span class='ocrx_word' id='word_1_668' title='bbox 1298 5669 1429 5723; x_wconf 82' lang='lat' dir='ltr'><strong>nihil</strong></span> <span class='ocrx_word' id='word_1_669' title='bbox 1449 5672 1844 5744; x_wconf 79' lang='lat' dir='ltr'><strong>amplinsqnam</strong></span> <span class='ocrx_word' id='word_1_670' title='bbox 1866 5671 1983 5725; x_wconf 68' lang='lat' dir='ltr'><strong>vita:</strong></span> <span class='ocrx_word' id='word_1_671' title='bbox 2005 5673 2165 5744; x_wconf 80' lang='lat' dir='ltr'><strong>hujus</strong></span> 
     </span>
    </p>
   </div>
   <div class='ocr_carea' id='block_1_99' title="bbox 576 5739 2166 5812">
    <p class='ocr_par' dir='ltr' id='par_1_99' title="bbox 576 5739 2166 5812">
     <span class='ocr_line' id='line_1_101' title="bbox 576 5739 2166 5812; baseline 0.004 -23"><span class='ocrx_word' id='word_1_672' title='bbox 576 5742 856 5812; x_wconf 74' lang='lat' dir='ltr'><strong>commodis</strong></span> <span class='ocrx_word' id='word_1_673' title='bbox 885 5749 1116 5807; x_wconf 83' lang='lat' dir='ltr'><strong>prosunt,</strong></span> <span class='ocrx_word' id='word_1_674' title='bbox 1149 5739 1267 5795; x_wconf 86' lang='lat' dir='ltr'><strong>licet</strong></span> <span class='ocrx_word' id='word_1_675' title='bbox 1294 5757 1448 5793; x_wconf 88' lang='lat' dir='ltr'><strong>manu</strong></span> <span class='ocrx_word' id='word_1_676' title='bbox 1478 5743 1682 5812; x_wconf 78' lang='lat' dir='ltr'><strong>palpari</strong></span> <span class='ocrx_word' id='word_1_677' title='bbox 1711 5752 1898 5810; x_wconf 80' lang='lat' dir='ltr'><strong>queant</strong></span> <span class='ocrx_word' id='word_1_678' title='bbox 1927 5753 1974 5796; x_wconf 87' lang='lat' dir='ltr'><strong>et</strong></span> <span class='ocrx_word' id='word_1_679' title='bbox 2003 5739 2166 5796; x_wconf 80' lang='lat' dir='ltr'><strong>oculis</strong></span> 
     </span>
    </p>
   </div>
   <div class='ocr_carea' id='block_1_100' title="bbox 576 5807 2142 5878">
    <p class='ocr_par' dir='ltr' id='par_1_100' title="bbox 576 5807 2142 5878">
     <span class='ocr_line' id='line_1_102' title="bbox 576 5807 2142 5878; baseline 0.006 -22"><span class='ocrx_word' id='word_1_680' title='bbox 576 5807 856 5872; x_wconf 75' lang='lat' dir='ltr'><strong>pervideri,</strong></span> <span class='ocrx_word' id='word_1_681' title='bbox 881 5819 1014 5862; x_wconf 82' lang='lat' dir='ltr'><strong>recte</strong></span> <span class='ocrx_word' id='word_1_682' title='bbox 1041 5819 1209 5862; x_wconf 84' lang='lat' dir='ltr'><strong>tamen</strong></span> <span class='ocrx_word' id='word_1_683' title='bbox 1252 5826 1284 5862; x_wconf 80' lang='grc' dir='ltr'><em>α</em></span> <span class='ocrx_word' id='word_1_684' title='bbox 1310 5807 1568 5878; x_wconf 73' lang='lat' dir='ltr'><strong>quoquam</strong></span> <span class='ocrx_word' id='word_1_685' title='bbox 1598 5811 1705 5864; x_wconf 77' lang='lat' dir='ltr'><strong>sine</strong></span> <span class='ocrx_word' id='word_1_686' title='bbox 1725 5807 2039 5866; x_wconf 80' lang='lat' dir='ltr'><strong>instituentis</strong></span> <span class='ocrx_word' id='word_1_687' title='bbox 2075 5817 2142 5866; x_wconf 88' lang='lat' dir='ltr'><strong>do</strong></span> 
     </span>
    </p>
   </div>
   <div class='ocr_carea' id='block_1_101' title="bbox 2268 3607 3862 3683">
    <p class='ocr_par' dir='ltr' id='par_1_101' title="bbox 2268 3607 3862 3683">
     <span class='ocr_line' id='line_1_103' title="bbox 2268 3607 3862 3683; baseline 0.004 -21"><span class='ocrx_word' id='word_1_688' title='bbox 2268 3611 2436 3683; x_wconf 79' lang='lat' dir='ltr'><strong>ctrina</strong></span> <span class='ocrx_word' id='word_1_689' title='bbox 2482 3621 2732 3683; x_wconf 83' lang='lat' dir='ltr'><strong>nequeant</strong></span> <span class='ocrx_word' id='word_1_690' title='bbox 2776 3607 3173 3683; x_wconf 81' lang='lat' dir='ltr'><strong>comprehendi;</strong></span> <span class='ocrx_word' id='word_1_691' title='bbox 3198 3627 3354 3680; x_wconf 88' lang='lat' dir='ltr'><strong>quam</strong></span> <span class='ocrx_word' id='word_1_692' title='bbox 3385 3612 3617 3683; x_wconf 83' lang='lat' dir='ltr'><strong>ineptum</strong></span> <span class='ocrx_word' id='word_1_693' title='bbox 3645 3623 3717 3667; x_wconf 85' lang='lat' dir='ltr'><strong>est</strong></span> <span class='ocrx_word' id='word_1_694' title='bbox 3759 3632 3862 3670; x_wconf 87' lang='lat' dir='ltr'><strong>cre-</strong></span> 
     </span>
    </p>
   </div>
   <div class='ocr_carea' id='block_1_102' title="bbox 2271 3680 3860 3750">
    <p class='ocr_par' dir='ltr' id='par_1_102' title="bbox 2271 3680 3860 3750">
     <span class='ocr_line' id='line_1_104' title="bbox 2271 3680 3860 3750; baseline 0.006 -18"><span class='ocrx_word' id='word_1_695' title='bbox 2271 3681 2391 3736; x_wconf 84' lang='lat' dir='ltr'><strong>dere</strong></span> <span class='ocrx_word' id='word_1_696' title='bbox 2411 3680 2547 3734; x_wconf 88' lang='lat' dir='ltr'><strong>hanc</strong></span> <span class='ocrx_word' id='word_1_697' title='bbox 2577 3681 2740 3734; x_wconf 90' lang='lat' dir='ltr'><strong>solam</strong></span> <span class='ocrx_word' id='word_1_698' title='bbox 2770 3698 2872 3735; x_wconf 89' lang='lat' dir='ltr'><strong>non</strong></span> <span class='ocrx_word' id='word_1_699' title='bbox 2910 3697 3056 3750; x_wconf 82' lang='lat' dir='ltr'><strong>egere</strong></span> <span class='ocrx_word' id='word_1_700' title='bbox 3076 3681 3308 3747; x_wconf 76' lang='lat' dir='ltr'><strong>doctore,</strong></span> <span class='ocrx_word' id='word_1_701' title='bbox 3339 3693 3446 3737; x_wconf 88' lang='lat' dir='ltr'><strong>etc.</strong></span> <span class='ocrx_word' id='word_1_702' title='bbox 3475 3680 3549 3738; x_wconf 76' lang='lat' dir='ltr'><strong>Et</strong></span> <span class='ocrx_word' id='word_1_703' title='bbox 3582 3684 3645 3739; x_wconf 86' lang='grc' dir='ltr'><strong>υ.</strong></span> <span class='ocrx_word' id='word_1_704' title='bbox 3681 3685 3860 3742; x_wconf 83' lang='lat' dir='ltr'><strong>Hiero-</strong></span> 
     </span>
    </p>
   </div>
   <div class='ocr_carea' id='block_1_103' title="bbox 2272 3751 3859 3827">
    <p class='ocr_par' dir='ltr' id='par_1_103' title="bbox 2272 3751 3859 3827">
     <span class='ocr_line' id='line_1_105' title="bbox 2272 3751 3859 3827; baseline 0.003 -22"><span class='ocrx_word' id='word_1_705' title='bbox 2272 3767 2465 3827; x_wconf 80' lang='lat' dir='ltr'><strong>nymus</strong></span> <span class='ocrx_word' id='word_1_706' title='bbox 2489 3753 2543 3805; x_wconf 93' lang='lat' dir='ltr'><strong>in</strong></span> <span class='ocrx_word' id='word_1_707' title='bbox 2565 3753 2797 3827; x_wconf 82' lang='lat' dir='ltr'><strong>epistola</strong></span> <span class='ocrx_word' id='word_1_708' title='bbox 2820 3751 3036 3827; x_wconf 57' lang='lat' dir='ltr'><strong>10.5,ad</strong></span> <span class='ocrx_word' id='word_1_709' title='bbox 3068 3753 3384 3827; x_wconf 80' lang='lat' dir='ltr'><strong>Paulinum:</strong></span> <span class='ocrx_word' id='word_1_710' title='bbox 3414 3754 3584 3810; x_wconf 82' lang='lat' dir='ltr'><strong>Taceo</strong></span> <span class='ocrx_word' id='word_1_711' title='bbox 3607 3757 3670 3809; x_wconf 81' lang='lat' dir='ltr'><strong>de</strong></span> <span class='ocrx_word' id='word_1_712' title='bbox 3695 3773 3859 3827; x_wconf 80' lang='lat' dir='ltr'><strong>graui-</strong></span> 
     </span>
    </p>
   </div>
   <div class='ocr_carea' id='block_1_104' title="bbox 2270 3823 3859 3894">
    <p class='ocr_par' dir='ltr' id='par_1_104' title="bbox 2270 3823 3859 3894">
     <span class='ocr_line' id='line_1_106' title="bbox 2270 3823 3859 3894; baseline 0.004 -18"><span class='ocrx_word' id='word_1_713' title='bbox 2270 3825 2494 3886; x_wconf 88' lang='lat' dir='ltr'><strong>maticis,</strong></span> <span class='ocrx_word' id='word_1_714' title='bbox 2525 3824 2831 3887; x_wconf 84' lang='lat' dir='ltr'><strong>rhetoribus,</strong></span> <span class='ocrx_word' id='word_1_715' title='bbox 2859 3823 3198 3894; x_wconf 85' lang='lat' dir='ltr'><strong>philosophis,</strong></span> <span class='ocrx_word' id='word_1_716' title='bbox 3229 3829 3529 3893; x_wconf 84' lang='lat' dir='ltr'><strong>geometris,</strong></span> <span class='ocrx_word' id='word_1_717' title='bbox 3565 3823 3859 3894; x_wconf 60' lang='lat' dir='ltr'><strong>dialecticis,</strong></span> 
     </span>
    </p>
   </div>
   <div class='ocr_carea' id='block_1_105' title="bbox 2271 3894 3861 3964">
    <p class='ocr_par' dir='ltr' id='par_1_105' title="bbox 2271 3894 3861 3964">
     <span class='ocr_line' id='line_1_107' title="bbox 2271 3894 3861 3964; baseline 0.002 -16"><span class='ocrx_word' id='word_1_718' title='bbox 2271 3895 2497 3959; x_wconf 78' lang='lat' dir='ltr'><strong>musicis,</strong></span> <span class='ocrx_word' id='word_1_719' title='bbox 2530 3896 2860 3960; x_wconf 83' lang='lat' dir='ltr'><strong>astronomis,</strong></span> <span class='ocrx_word' id='word_1_720' title='bbox 2896 3904 3002 3948; x_wconf 86' lang='lat' dir='ltr'><strong>etc.</strong></span> <span class='ocrx_word' id='word_1_721' title='bbox 3035 3894 3118 3947; x_wconf 82' lang='lat' dir='ltr'><strong>Ad</strong></span> <span class='ocrx_word' id='word_1_722' title='bbox 3149 3896 3374 3950; x_wconf 86' lang='lat' dir='ltr'><strong>minores</strong></span> <span class='ocrx_word' id='word_1_723' title='bbox 3407 3908 3544 3951; x_wconf 83' lang='lat' dir='ltr'><strong>artes</strong></span> <span class='ocrx_word' id='word_1_724' title='bbox 3580 3900 3792 3964; x_wconf 76' lang='lat' dir='ltr'><strong>ueniant,</strong></span> <span class='ocrx_word' id='word_1_725' title='bbox 3816 3909 3861 3953; x_wconf 86' lang='lat' dir='ltr'><strong>et</strong></span> 
     </span>
    </p>
   </div>
   <div class='ocr_carea' id='block_1_106' title="bbox 2269 3967 3862 4040">
    <p class='ocr_par' dir='ltr' id='par_1_106' title="bbox 2269 3967 3862 4040">
     <span class='ocr_line' id='line_1_108' title="bbox 2269 3967 3862 4040; baseline 0.003 -22"><span class='ocrx_word' id='word_1_726' title='bbox 2269 3982 2385 4040; x_wconf 73' lang='lat' dir='ltr'><strong>qua:</strong></span> <span class='ocrx_word' id='word_1_727' title='bbox 2407 3983 2508 4018; x_wconf 87' lang='lat' dir='ltr'><strong>non</strong></span> <span class='ocrx_word' id='word_1_728' title='bbox 2533 3975 2637 4018; x_wconf 86' lang='lat' dir='ltr'><strong>tam</strong></span> <span class='ocrx_word' id='word_1_729' title='bbox 2663 3967 2842 4037; x_wconf 85' lang='lat' dir='ltr'><strong>lingua</strong></span> <span class='ocrx_word' id='word_1_730' title='bbox 2870 3981 3024 4040; x_wconf 85' lang='lat' dir='ltr'><strong>quam</strong></span> <span class='ocrx_word' id='word_1_731' title='bbox 3052 3983 3208 4040; x_wconf 81' lang='lat' dir='ltr'><strong>manu</strong></span> <span class='ocrx_word' id='word_1_732' title='bbox 3239 3968 3673 4040; x_wconf 80' lang='lat' dir='ltr'><strong>administrantur</strong></span> <span class='ocrx_word' id='word_1_733' title='bbox 3687 3985 3706 4022; x_wconf 92' lang='grc'><strong>.·</strong></span> <span class='ocrx_word' id='word_1_734' title='bbox 3723 3973 3862 4040; x_wconf 73' lang='lat' dir='ltr'><strong>Agri-</strong></span> 
     </span>
    </p>
   </div>
   <div class='ocr_carea' id='block_1_107' title="bbox 2271 4037 3860 4110">
    <p class='ocr_par' dir='ltr' id='par_1_107' title="bbox 2271 4037 3860 4110">
     <span class='ocr_line' id='line_1_109' title="bbox 2271 4037 3860 4110; baseline 0.004 -22"><span class='ocrx_word' id='word_1_735' title='bbox 2271 4037 2417 4100; x_wconf 65' lang='lat' dir='ltr'><strong>colae,</strong></span> <span class='ocrx_word' id='word_1_736' title='bbox 2449 4041 2784 4110; x_wconf 13' lang='lat' dir='ltr'><strong>ctenienrtarii,</strong></span> <span class='ocrx_word' id='word_1_737' title='bbox 2813 4037 2945 4107; x_wconf 79' lang='lat' dir='ltr'><strong>fabri</strong></span> <span class='ocrx_word' id='word_1_738' title='bbox 2992 4039 3352 4110; x_wconf 70' lang='lat' dir='ltr'><strong>metallorum,</strong></span> <span class='ocrx_word' id='word_1_739' title='bbox 3385 4038 3746 4110; x_wconf 74' lang='lat' dir='ltr'><strong>lignorumque</strong></span> <span class='ocrx_word' id='word_1_740' title='bbox 3763 4037 3860 4095; x_wconf 61' lang='lat' dir='ltr'><strong>ne.</strong></span> 
     </span>
    </p>
   </div>
   <div class='ocr_carea' id='block_1_108' title="bbox 2271 4106 3858 4180">
    <p class='ocr_par' dir='ltr' id='par_1_108' title="bbox 2271 4106 3858 4180">
     <span class='ocr_line' id='line_1_110' title="bbox 2271 4106 3858 4180; baseline 0.003 -20"><span class='ocrx_word' id='word_1_741' title='bbox 2271 4109 2641 4169; x_wconf 85' lang='lat' dir='ltr'><strong>sores.lanarii</strong></span> <span class='ocrx_word' id='word_1_742' title='bbox 2663 4106 2879 4177; x_wconf 83' lang='lat' dir='ltr'><strong>quoque,</strong></span> <span class='ocrx_word' id='word_1_743' title='bbox 2903 4119 2952 4160; x_wconf 86' lang='lat' dir='ltr'><strong>et</strong></span> <span class='ocrx_word' id='word_1_744' title='bbox 2975 4106 3222 4176; x_wconf 77' lang='lat' dir='ltr'><strong>fullones,</strong></span> <span class='ocrx_word' id='word_1_745' title='bbox 3261 4119 3308 4163; x_wconf 87' lang='lat' dir='ltr'><strong>et</strong></span> <span class='ocrx_word' id='word_1_746' title='bbox 3331 4106 3527 4178; x_wconf 56' lang='lat' dir='ltr'><strong>crciari,</strong></span> <span class='ocrx_word' id='word_1_747' title='bbox 3561 4113 3646 4180; x_wconf 87' lang='lat' dir='ltr'><strong>qui</strong></span> <span class='ocrx_word' id='word_1_748' title='bbox 3663 4106 3858 4164; x_wconf 50' lang='lat' dir='ltr'><strong>&#39;variam</strong></span> 
     </span>
    </p>
   </div>
   <div class='ocr_carea' id='block_1_109' title="bbox 2271 4179 3856 4252">
    <p class='ocr_par' dir='ltr' id='par_1_109' title="bbox 2271 4179 3856 4252">
     <span class='ocr_line' id='line_1_111' title="bbox 2271 4179 3856 4252; baseline 0.003 -22"><span class='ocrx_word' id='word_1_749' title='bbox 2271 4179 2637 4246; x_wconf 70' lang='lat' dir='ltr'><strong>supellcctilem</strong></span> <span class='ocrx_word' id='word_1_750' title='bbox 2665 4191 2709 4232; x_wconf 86' lang='lat' dir='ltr'><strong>et</strong></span> <span class='ocrx_word' id='word_1_751' title='bbox 2729 4180 2850 4232; x_wconf 86' lang='lat' dir='ltr'><strong>vilia</strong></span> <span class='ocrx_word' id='word_1_752' title='bbox 2880 4181 3129 4252; x_wconf 74' lang='lat' dir='ltr'><strong>opuscula</strong></span> <span class='ocrx_word' id='word_1_753' title='bbox 3154 4180 3424 4245; x_wconf 72' lang='lat' dir='ltr'><strong>fabricant,</strong></span> <span class='ocrx_word' id='word_1_754' title='bbox 3453 4179 3638 4252; x_wconf 80' lang='lat' dir='ltr'><strong>absque</strong></span> <span class='ocrx_word' id='word_1_755' title='bbox 3658 4182 3856 4235; x_wconf 81' lang='lat' dir='ltr'><strong>doctore</strong></span> 
     </span>
    </p>
   </div>
   <div class='ocr_carea' id='block_1_110' title="bbox 2273 4250 3858 4321">
    <p class='ocr_par' dir='ltr' id='par_1_110' title="bbox 2273 4250 3858 4321">
     <span class='ocr_line' id='line_1_112' title="bbox 2273 4250 3858 4321; baseline 0.003 -19"><span class='ocrx_word' id='word_1_756' title='bbox 2273 4265 2505 4303; x_wconf 85' lang='lat' dir='ltr'><strong>essenon</strong></span> <span class='ocrx_word' id='word_1_757' title='bbox 2545 4259 2761 4319; x_wconf 82' lang='lat' dir='ltr'><strong>possunt</strong></span> <span class='ocrx_word' id='word_1_758' title='bbox 2799 4250 2939 4321; x_wconf 89' lang='lat' dir='ltr'><strong>quod</strong></span> <span class='ocrx_word' id='word_1_759' title='bbox 2968 4250 3204 4321; x_wconf 86' lang='lat' dir='ltr'><strong>cupiunt.</strong></span> <span class='ocrx_word' id='word_1_760' title='bbox 3260 4253 3410 4315; x_wconf 77' lang='lat' dir='ltr'><strong>Quod</strong></span> <span class='ocrx_word' id='word_1_761' title='bbox 3439 4250 3748 4306; x_wconf 80' lang='lat' dir='ltr'><strong>medicorum</strong></span> <span class='ocrx_word' id='word_1_762' title='bbox 3789 4264 3858 4307; x_wconf 73' lang='lat' dir='ltr'><strong>est</strong></span> 
     </span>
    </p>
   </div>
   <div class='ocr_carea' id='block_1_111' title="bbox 2274 4320 3618 4392">
    <p class='ocr_par' dir='ltr' id='par_1_111' title="bbox 2274 4320 3618 4392">
     <span class='ocr_line' id='line_1_113' title="bbox 2274 4320 3618 4392; baseline 0.004 -21"><span class='ocrx_word' id='word_1_763' title='bbox 2274 4323 2577 4389; x_wconf 81' lang='lat' dir='ltr'><strong>promittunt</strong></span> <span class='ocrx_word' id='word_1_764' title='bbox 2601 4320 2818 4385; x_wconf 81' lang='lat' dir='ltr'><strong>medici,</strong></span> <span class='ocrx_word' id='word_1_765' title='bbox 2838 4320 3064 4374; x_wconf 81' lang='lat' dir='ltr'><strong>tractant</strong></span> <span class='ocrx_word' id='word_1_766' title='bbox 3091 4320 3302 4391; x_wconf 77' lang='lat' dir='ltr'><strong>fabrilia</strong></span> <span class='ocrx_word' id='word_1_767' title='bbox 3322 4323 3478 4392; x_wconf 80' lang='lat' dir='ltr'><strong>fabri,</strong></span> <span class='ocrx_word' id='word_1_768' title='bbox 3510 4332 3618 4377; x_wconf 86' lang='lat' dir='ltr'><strong>etc.</strong></span> 
     </span>
    </p>
   </div>
   <div class='ocr_carea' id='block_1_112' title="bbox 2354 4392 3855 4462">
    <p class='ocr_par' dir='ltr' id='par_1_112' title="bbox 2354 4392 3855 4462">
     <span class='ocr_line' id='line_1_114' title="bbox 2354 4392 3855 4462; baseline 0.003 -18"><span class='ocrx_word' id='word_1_769' title='bbox 2354 4402 2374 4429; x_wconf 75' lang='grc' dir='ltr'><strong>ε</strong></span> <span class='ocrx_word' id='word_1_770' title='bbox 2404 4392 2544 4454; x_wconf 84' lang='lat' dir='ltr'><strong>Filii,</strong></span> <span class='ocrx_word' id='word_1_771' title='bbox 2573 4407 2676 4447; x_wconf 90' lang='lat' dir='ltr'><strong>non</strong></span> <span class='ocrx_word' id='word_1_772' title='bbox 2704 4394 2799 4461; x_wconf 93' lang='lat' dir='ltr'><strong>lili,</strong></span> <span class='ocrx_word' id='word_1_773' title='bbox 2827 4404 2881 4446; x_wconf 91' lang='lat' dir='ltr'><strong>ut</strong></span> <span class='ocrx_word' id='word_1_774' title='bbox 2901 4403 3057 4446; x_wconf 89' lang='lat' dir='ltr'><strong>antea</strong></span> <span class='ocrx_word' id='word_1_775' title='bbox 3079 4394 3562 4461; x_wconf 66' lang='lat' dir='ltr'><strong>impressunnNam</strong></span> <span class='ocrx_word' id='word_1_776' title='bbox 3586 4395 3658 4447; x_wconf 88' lang='lat' dir='ltr'><strong>ad</strong></span> <span class='ocrx_word' id='word_1_777' title='bbox 3683 4396 3855 4462; x_wconf 87' lang='lat' dir='ltr'><strong>plures</strong></span> 
     </span>
    </p>
   </div>
   <div class='ocr_carea' id='block_1_113' title="bbox 2277 4463 3854 4544">
    <p class='ocr_par' dir='ltr' id='par_1_113' title="bbox 2277 4463 3854 4544">
     <span class='ocr_line' id='line_1_115' title="bbox 2277 4463 3854 4544; baseline 0.004 -29"><span class='ocrx_word' id='word_1_778' title='bbox 2277 4463 2544 4544; x_wconf 65' lang='lat' dir='ltr'><strong>sertnolit</strong></span> <span class='ocrx_word' id='word_1_779' title='bbox 2573 4479 2600 4516; x_wconf 90' lang='lat' dir='ltr'><strong>a</strong></span> <span class='ocrx_word' id='word_1_780' title='bbox 2633 4463 2972 4544; x_wconf 78' lang='lat' dir='ltr'><strong>Piammone,</strong></span> <span class='ocrx_word' id='word_1_781' title='bbox 3012 4473 3067 4518; x_wconf 90' lang='lat' dir='ltr'><strong>ut</strong></span> <span class='ocrx_word' id='word_1_782' title='bbox 3093 4473 3240 4535; x_wconf 83' lang='lat' dir='ltr'><strong>patet</strong></span> <span class='ocrx_word' id='word_1_783' title='bbox 3261 4479 3321 4519; x_wconf 80' lang='lat' dir='ltr'><strong>ex</strong></span> <span class='ocrx_word' id='word_1_784' title='bbox 3352 4464 3452 4517; x_wconf 85' lang='lat' dir='ltr'><strong>line</strong></span> <span class='ocrx_word' id='word_1_785' title='bbox 3477 4465 3635 4530; x_wconf 85' lang='lat' dir='ltr'><strong>hujus</strong></span> <span class='ocrx_word' id='word_1_786' title='bbox 3666 4467 3854 4533; x_wconf 83' lang='lat' dir='ltr'><strong>capitis</strong></span> 
     </span>
    </p>
   </div>
   <div class='ocr_carea' id='block_1_114' title="bbox 2276 4535 2706 4589">
    <p class='ocr_par' dir='ltr' id='par_1_114' title="bbox 2276 4535 2706 4589">
     <span class='ocr_line' id='line_1_116' title="bbox 2276 4535 2706 4589; baseline -0.005 -1"><span class='ocrx_word' id='word_1_787' title='bbox 2276 4543 2330 4588; x_wconf 91' lang='lat' dir='ltr'><strong>et</strong></span> <span class='ocrx_word' id='word_1_788' title='bbox 2362 4535 2513 4587; x_wconf 88' lang='lat' dir='ltr'><strong>initio</strong></span> <span class='ocrx_word' id='word_1_789' title='bbox 2545 4536 2706 4589; x_wconf 90' lang='lat' dir='ltr'><strong>tertii.</strong></span> 
     </span>
    </p>
   </div>
   <div class='ocr_carea' id='block_1_115' title="bbox 2348 4603 3851 4672">
    <p class='ocr_par' dir='ltr' id='par_1_115' title="bbox 2348 4603 3851 4672">
     <span class='ocr_line' id='line_1_117' title="bbox 2348 4603 3851 4672; baseline 0.003 -14"><span class='ocrx_word' id='word_1_790' title='bbox 2348 4603 2373 4642; x_wconf 73' lang='grc' dir='ltr'>ἀ</span> <span class='ocrx_word' id='word_1_791' title='bbox 2406 4605 2785 4660; x_wconf 86' lang='lat' dir='ltr'><strong>Monachorum</strong></span> <span class='ocrx_word' id='word_1_792' title='bbox 2829 4621 2934 4660; x_wconf 92' lang='lat' dir='ltr'><strong>non</strong></span> <span class='ocrx_word' id='word_1_793' title='bbox 2973 4615 3059 4660; x_wconf 91' lang='lat' dir='ltr'><strong>est</strong></span> <span class='ocrx_word' id='word_1_794' title='bbox 3085 4608 3411 4672; x_wconf 83' lang='lat' dir='ltr'><strong>superiorum</strong></span> <span class='ocrx_word' id='word_1_795' title='bbox 3437 4603 3585 4672; x_wconf 87' lang='lat' dir='ltr'><strong>jussa</strong></span> <span class='ocrx_word' id='word_1_796' title='bbox 3614 4611 3709 4658; x_wconf 88' lang='lat' dir='ltr'><strong>aut</strong></span> <span class='ocrx_word' id='word_1_797' title='bbox 3731 4615 3851 4662; x_wconf 89' lang='lat' dir='ltr'><strong>acta</strong></span> 
     </span>
    </p>
   </div>
   <div class='ocr_carea' id='block_1_116' title="bbox 2275 4675 3852 4744">
    <p class='ocr_par' dir='ltr' id='par_1_116' title="bbox 2275 4675 3852 4744">
     <span class='ocr_line' id='line_1_118' title="bbox 2275 4675 3852 4744; baseline 0.004 -15"><span class='ocrx_word' id='word_1_798' title='bbox 2275 4675 2547 4730; x_wconf 87' lang='lat' dir='ltr'><strong>discutere</strong></span> <span class='ocrx_word' id='word_1_799' title='bbox 2563 4719 2576 4738; x_wconf 93' lang='lat'><strong>,</strong></span> <span class='ocrx_word' id='word_1_800' title='bbox 2602 4679 2694 4731; x_wconf 89' lang='lat' dir='ltr'><strong>sed</strong></span> <span class='ocrx_word' id='word_1_801' title='bbox 2709 4677 3033 4744; x_wconf 87' lang='lat' dir='ltr'><strong>simpliciter</strong></span> <span class='ocrx_word' id='word_1_802' title='bbox 3050 4687 3104 4731; x_wconf 91' lang='lat' dir='ltr'><strong>et</strong></span> <span class='ocrx_word' id='word_1_803' title='bbox 3129 4679 3248 4731; x_wconf 90' lang='lat' dir='ltr'><strong>sine</strong></span> <span class='ocrx_word' id='word_1_804' title='bbox 3262 4676 3589 4732; x_wconf 85' lang='lat' dir='ltr'><strong>discussione</strong></span> <span class='ocrx_word' id='word_1_805' title='bbox 3610 4675 3852 4736; x_wconf 86' lang='lat' dir='ltr'><strong>obedire.</strong></span> 
     </span>
    </p>
   </div>
   <div class='ocr_carea' id='block_1_117' title="bbox 2277 4747 3852 4804">
    <p class='ocr_par' dir='ltr' id='par_1_117' title="bbox 2277 4747 3852 4804">
     <span class='ocr_line' id='line_1_119' title="bbox 2277 4747 3852 4804; baseline 0.001 -4"><span class='ocrx_word' id='word_1_806' title='bbox 2277 4748 2365 4800; x_wconf 78' lang='lat' dir='ltr'><strong>Sic</strong></span> <span class='ocrx_word' id='word_1_807' title='bbox 2408 4750 2494 4799; x_wconf 90' lang='lat' dir='ltr'><strong>alii</strong></span> <span class='ocrx_word' id='word_1_808' title='bbox 2548 4749 2738 4802; x_wconf 86' lang='lat' dir='ltr'><strong>Patres</strong></span> <span class='ocrx_word' id='word_1_809' title='bbox 2775 4748 3031 4804; x_wconf 84' lang='lat' dir='ltr'><strong>docuere.</strong></span> <span class='ocrx_word' id='word_1_810' title='bbox 3072 4748 3303 4803; x_wconf 87' lang='lat' dir='ltr'><strong>Basilius</strong></span> <span class='ocrx_word' id='word_1_811' title='bbox 3345 4751 3396 4801; x_wconf 93' lang='lat' dir='ltr'><strong>in</strong></span> <span class='ocrx_word' id='word_1_812' title='bbox 3424 4747 3715 4803; x_wconf 87' lang='lat' dir='ltr'><strong>Constitut.</strong></span> <span class='ocrx_word' id='word_1_813' title='bbox 3747 4765 3852 4802; x_wconf 76' lang='lat' dir='ltr'><strong>mo~</strong></span> 
     </span>
    </p>
   </div>
   <div class='ocr_carea' id='block_1_118' title="bbox 2274 4817 3854 4890">
    <p class='ocr_par' dir='ltr' id='par_1_118' title="bbox 2274 4817 3854 4890">
     <span class='ocr_line' id='line_1_120' title="bbox 2274 4817 3854 4890; baseline 0.001 -19"><span class='ocrx_word' id='word_1_814' title='bbox 2274 4826 2414 4872; x_wconf 88' lang='lat' dir='ltr'><strong>nast.</strong></span> <span class='ocrx_word' id='word_1_815' title='bbox 2433 4817 2584 4887; x_wconf 86' lang='lat' dir='ltr'><strong>(Cap.</strong></span> <span class='ocrx_word' id='word_1_816' title='bbox 2601 4818 2674 4872; x_wconf 79' lang='lat'><strong>‘20</strong></span> <span class='ocrx_word' id='word_1_817' title='bbox 2693 4828 2740 4871; x_wconf 89' lang='lat' dir='ltr'><strong>et</strong></span> <span class='ocrx_word' id='word_1_818' title='bbox 2756 4817 2854 4888; x_wconf 65' lang='lat'><strong>2&#39;5)</strong></span> <span class='ocrx_word' id='word_1_819' title='bbox 2873 4835 2886 4873; x_wconf 90' lang='lat'>:</span> <span class='ocrx_word' id='word_1_820' title='bbox 2914 4819 3156 4874; x_wconf 77' lang='lat' dir='ltr'><strong>Monac/ii</strong></span> <span class='ocrx_word' id='word_1_821' title='bbox 3177 4819 3508 4873; x_wconf 75' lang='lat' dir='ltr'><strong>libentissim</strong></span> <span class='ocrx_word' id='word_1_822' title='bbox 3525 4821 3854 4890; x_wconf 77' lang='lat' dir='ltr'><strong>obtemperent</strong></span> 
     </span>
    </p>
   </div>
   <div class='ocr_carea' id='block_1_119' title="bbox 2272 4890 3854 4958">
    <p class='ocr_par' dir='ltr' id='par_1_119' title="bbox 2272 4890 3854 4958">
     <span class='ocr_line' id='line_1_121' title="bbox 2272 4890 3854 4958; baseline 0.002 -17"><span class='ocrx_word' id='word_1_823' title='bbox 2272 4906 2366 4942; x_wconf 82' lang='lat' dir='ltr'><strong>suo</strong></span> <span class='ocrx_word' id='word_1_824' title='bbox 2397 4891 2693 4958; x_wconf 80' lang='lat' dir='ltr'><strong>prccposito,</strong></span> <span class='ocrx_word' id='word_1_825' title='bbox 2721 4906 2811 4942; x_wconf 86' lang='lat' dir='ltr'><strong>nec</strong></span> <span class='ocrx_word' id='word_1_826' title='bbox 2837 4890 2901 4942; x_wconf 86' lang='lat' dir='ltr'><strong>ab</strong></span> <span class='ocrx_word' id='word_1_827' title='bbox 2932 4890 3025 4944; x_wconf 86' lang='lat' dir='ltr'><strong>illo</strong></span> <span class='ocrx_word' id='word_1_828' title='bbox 3048 4905 3226 4944; x_wconf 84' lang='lat' dir='ltr'><strong>eorum</strong></span> <span class='ocrx_word' id='word_1_829' title='bbox 3255 4905 3368 4958; x_wconf 66' lang='lat' dir='ltr'><strong>quia</strong></span> <span class='ocrx_word' id='word_1_830' title='bbox 3407 4891 3502 4942; x_wconf 83' lang='lat' dir='ltr'><strong>sibi</strong></span> <span class='ocrx_word' id='word_1_831' title='bbox 3531 4891 3854 4955; x_wconf 76' lang='lat' dir='ltr'><strong>imponuntur</strong></span> 
     </span>
    </p>
   </div>
   <div class='ocr_carea' id='block_1_120' title="bbox 2270 4961 3852 5032">
    <p class='ocr_par' dir='ltr' id='par_1_120' title="bbox 2270 4961 3852 5032">
     <span class='ocr_line' id='line_1_122' title="bbox 2270 4961 3852 5032; baseline 0.001 -20"><span class='ocrx_word' id='word_1_832' title='bbox 2270 4961 2521 5013; x_wconf 85' lang='lat' dir='ltr'><strong>rationem</strong></span> <span class='ocrx_word' id='word_1_833' title='bbox 2547 4963 3003 5032; x_wconf 82' lang='lat' dir='ltr'><strong>reposcant,nihil</strong></span> <span class='ocrx_word' id='word_1_834' title='bbox 3031 4965 3238 5014; x_wconf 86' lang='lat' dir='ltr'><strong>omnino</strong></span> <span class='ocrx_word' id='word_1_835' title='bbox 3265 4963 3495 5032; x_wconf 58' lang='lat' dir='ltr'><strong>ipsorum</strong></span> <span class='ocrx_word' id='word_1_836' title='bbox 3511 4964 3667 5032; x_wconf 76' lang='lat' dir='ltr'><strong>jussu</strong></span> <span class='ocrx_word' id='word_1_837' title='bbox 3693 4963 3852 5015; x_wconf 87' lang='lat' dir='ltr'><strong>curio-</strong></span> 
     </span>
    </p>
   </div>
   <div class='ocr_carea' id='block_1_121' title="bbox 2269 5031 3848 5101">
    <p class='ocr_par' dir='ltr' id='par_1_121' title="bbox 2269 5031 3848 5101">
     <span class='ocr_line' id='line_1_123' title="bbox 2269 5031 3848 5101; baseline 0.001 -17"><span class='ocrx_word' id='word_1_838' title='bbox 2269 5034 2378 5084; x_wconf 83' lang='lat' dir='ltr'><strong>sius</strong></span> <span class='ocrx_word' id='word_1_839' title='bbox 2402 5033 2793 5100; x_wconf 81' lang='lat' dir='ltr'><strong>pcrscrutando.</strong></span> <span class='ocrx_word' id='word_1_840' title='bbox 2837 5031 2901 5086; x_wconf 89' lang='lat' dir='ltr'><strong>D.</strong></span> <span class='ocrx_word' id='word_1_841' title='bbox 2937 5031 3294 5101; x_wconf 83' lang='lat' dir='ltr'><strong>Hieronymus</strong></span> <span class='ocrx_word' id='word_1_842' title='bbox 3321 5032 3388 5084; x_wconf 89' lang='lat' dir='ltr'><strong>ad</strong></span> <span class='ocrx_word' id='word_1_843' title='bbox 3431 5031 3713 5086; x_wconf 77' lang='lat' dir='ltr'><strong>Rusticum</strong></span> <span class='ocrx_word' id='word_1_844' title='bbox 3741 5048 3848 5086; x_wconf 87' lang='lat' dir='ltr'><strong>mo-</strong></span> 
     </span>
    </p>
   </div>
   <div class='ocr_carea' id='block_1_122' title="bbox 2273 5101 3851 5174">
    <p class='ocr_par' dir='ltr' id='par_1_122' title="bbox 2273 5101 3851 5174">
     <span class='ocr_line' id='line_1_124' title="bbox 2273 5101 3851 5174; baseline -0.001 -18"><span class='ocrx_word' id='word_1_845' title='bbox 2273 5104 2500 5156; x_wconf 86' lang='lat' dir='ltr'><strong>nachum</strong></span> <span class='ocrx_word' id='word_1_846' title='bbox 2533 5102 2745 5174; x_wconf 74' lang='lat' dir='ltr'><strong>(Epist.</strong></span> <span class='ocrx_word' id='word_1_847' title='bbox 2774 5102 2850 5169; x_wconf 75' lang='lat'><strong>4)</strong></span> <span class='ocrx_word' id='word_1_848' title='bbox 2884 5121 2896 5154; x_wconf 91' lang='lat'>:</span> <span class='ocrx_word' id='word_1_849' title='bbox 2932 5101 3129 5158; x_wconf 84' lang='lat' dir='ltr'><strong>Credas</strong></span> <span class='ocrx_word' id='word_1_850' title='bbox 3176 5103 3268 5156; x_wconf 89' lang='lat' dir='ltr'><strong>tibi</strong></span> <span class='ocrx_word' id='word_1_851' title='bbox 3311 5103 3565 5165; x_wconf 83' lang='lat' dir='ltr'><strong>salutare,</strong></span> <span class='ocrx_word' id='word_1_852' title='bbox 3617 5104 3851 5172; x_wconf 74' lang='lat' dir='ltr'><strong>quidquid</strong></span> 
     </span>
    </p>
   </div>
   <div class='ocr_carea' id='block_1_123' title="bbox 2273 5173 3852 5246">
    <p class='ocr_par' dir='ltr' id='par_1_123' title="bbox 2273 5173 3852 5246">
     <span class='ocr_line' id='line_1_125' title="bbox 2273 5173 3852 5246; baseline 0 -20"><span class='ocrx_word' id='word_1_853' title='bbox 2273 5178 2565 5228; x_wconf 72' lang='lat' dir='ltr'><strong>monasterii</strong></span> <span class='ocrx_word' id='word_1_854' title='bbox 2619 5173 2924 5244; x_wconf 63' lang='lat' dir='ltr'><strong>pra’positus</strong></span> <span class='ocrx_word' id='word_1_855' title='bbox 2975 5175 3301 5246; x_wconf 77' lang='lat' dir='ltr'><strong>pra-ceperit.</strong></span> <span class='ocrx_word' id='word_1_856' title='bbox 3352 5189 3444 5246; x_wconf 74' lang='lat' dir='ltr'><strong>nec</strong></span> <span class='ocrx_word' id='word_1_857' title='bbox 3499 5173 3566 5226; x_wconf 89' lang='lat' dir='ltr'><strong>de</strong></span> <span class='ocrx_word' id='word_1_858' title='bbox 3613 5177 3852 5246; x_wconf 80' lang='lat' dir='ltr'><strong>majorum</strong></span> 
     </span>
    </p>
   </div>
   <div class='ocr_carea' id='block_1_124' title="bbox 2270 5245 3852 5369">
    <p class='ocr_par' dir='ltr' id='par_1_124' title="bbox 2270 5245 3852 5369">
     <span class='ocr_line' id='line_1_126' title="bbox 2270 5245 3852 5369; baseline -0.001 -72"><span class='ocrx_word' id='word_1_859' title='bbox 2270 5247 2520 5299; x_wconf 85' lang='lat' dir='ltr'><strong>sententia</strong></span> <span class='ocrx_word' id='word_1_860' title='bbox 2539 5247 2768 5319; x_wconf 84' lang='lat' dir='ltr'><strong>judices,</strong></span> <span class='ocrx_word' id='word_1_861' title='bbox 2815 5247 2964 5311; x_wconf 80' lang='lat' dir='ltr'><strong>cuius</strong></span> <span class='ocrx_word' id='word_1_862' title='bbox 3009 5245 3158 5369; x_wconf 53' lang='lat' dir='ltr'><strong>agon</strong></span> <span class='ocrx_word' id='word_1_863' title='bbox 3204 5252 3279 5299; x_wconf 76' lang='lat' dir='ltr'><strong>est</strong></span> <span class='ocrx_word' id='word_1_864' title='bbox 3316 5245 3523 5298; x_wconf 78' lang='lat' dir='ltr'><strong>obedire</strong></span> <span class='ocrx_word' id='word_1_865' title='bbox 3560 5255 3608 5298; x_wconf 83' lang='lat' dir='ltr'><strong>et</strong></span> <span class='ocrx_word' id='word_1_866' title='bbox 3655 5245 3852 5309; x_wconf 75' lang='lat' dir='ltr'><strong>implere</strong></span> 
     </span>
     <span class='ocr_line' id='line_1_127' title="bbox 2270 5314 3848 5369; baseline 0 0"><span class='ocrx_word' id='word_1_867' title='bbox 2270 5331 2384 5369; x_wconf 78' lang='lat' dir='ltr'><strong>aure</strong></span> <span class='ocrx_word' id='word_1_868' title='bbox 2412 5321 2557 5369; x_wconf 86' lang='lat' dir='ltr'><strong>iussa</strong></span> <span class='ocrx_word' id='word_1_869' title='bbox 2605 5327 2742 5369; x_wconf 86' lang='lat' dir='ltr'><strong>sunt.</strong></span> <span class='ocrx_word' id='word_1_870' title='bbox 2784 5316 2984 5369; x_wconf 81' lang='lat' dir='ltr'><strong>dicente</strong></span> <span class='ocrx_word' id='word_1_871' title='bbox 3086 5331 3207 5369; x_wconf 82' lang='lat' dir='ltr'><strong>ause</strong></span> <span class='ocrx_word' id='word_1_872' title='bbox 3234 5318 3253 5369; x_wconf 87' lang='lat' dir='ltr'><strong>l</strong></span> <span class='ocrx_word' id='word_1_873' title='bbox 3278 5315 3434 5369; x_wconf 80' lang='lat' dir='ltr'><strong>Deut.</strong></span> <span class='ocrx_word' id='word_1_874' title='bbox 3481 5314 3635 5369; x_wconf 72' lang='lat' dir='ltr'><strong>xvui</strong></span> <span class='ocrx_word' id='word_1_875' title='bbox 3664 5333 3677 5367; x_wconf 92' lang='lat'>:</span> <span class='ocrx_word' id='word_1_876' title='bbox 3705 5316 3848 5369; x_wconf 79' lang='lat' dir='ltr'><strong>Audi.</strong></span> 
     </span>
    </p>
   </div>
   <div class='ocr_carea' id='block_1_125' title="bbox 2269 5314 3848 5388">
    <p class='ocr_par' dir='ltr' id='par_1_125' title="bbox 2269 5314 3848 5388">
     <span class='ocr_line' id='line_1_128' title="bbox 2269 5314 3848 5388; baseline 0 -20"><span class='ocrx_word' id='word_1_877' title='bbox 2269 5331 2384 5388; x_wconf 71' lang='lat' dir='ltr'><strong>quae</strong></span> <span class='ocrx_word' id='word_1_878' title='bbox 2400 5314 2557 5388; x_wconf 78' lang='lat' dir='ltr'><strong>jussa</strong></span> <span class='ocrx_word' id='word_1_879' title='bbox 2605 5327 2742 5381; x_wconf 85' lang='lat' dir='ltr'><strong>sunt,</strong></span> <span class='ocrx_word' id='word_1_880' title='bbox 2782 5316 2984 5388; x_wconf 75' lang='lat' dir='ltr'><strong>dicente</strong></span> <span class='ocrx_word' id='word_1_881' title='bbox 3026 5314 3207 5386; x_wconf 75' lang='lat' dir='ltr'><strong>Moyse</strong></span> <span class='ocrx_word' id='word_1_882' title='bbox 3234 5318 3253 5383; x_wconf 92' lang='lat'><strong>(</strong></span> <span class='ocrx_word' id='word_1_883' title='bbox 3278 5315 3434 5388; x_wconf 75' lang='lat' dir='ltr'><strong>Deut.</strong></span> <span class='ocrx_word' id='word_1_884' title='bbox 3481 5314 3682 5388; x_wconf 52' lang='lat' dir='ltr'><strong>xvii);</strong></span> <span class='ocrx_word' id='word_1_885' title='bbox 3705 5316 3848 5378; x_wconf 79' lang='lat' dir='ltr'><strong>Audi,</strong></span> 
     </span>
    </p>
   </div>
   <div class='ocr_carea' id='block_1_126' title="bbox 2269 5384 3849 5456">
    <p class='ocr_par' dir='ltr' id='par_1_126' title="bbox 2269 5384 3849 5456">
     <span class='ocr_line' id='line_1_129' title="bbox 2269 5384 3849 5456; baseline -0.001 -18"><span class='ocrx_word' id='word_1_886' title='bbox 2269 5384 2454 5450; x_wconf 74' lang='lat' dir='ltr'><strong>Israel,</strong></span> <span class='ocrx_word' id='word_1_887' title='bbox 2498 5398 2544 5440; x_wconf 88' lang='lat' dir='ltr'><strong>et</strong></span> <span class='ocrx_word' id='word_1_888' title='bbox 2590 5398 2719 5441; x_wconf 87' lang='lat' dir='ltr'><strong>tace.</strong></span> <span class='ocrx_word' id='word_1_889' title='bbox 2766 5387 3055 5442; x_wconf 87' lang='lat' dir='ltr'><strong>Cassianus</strong></span> <span class='ocrx_word' id='word_1_890' title='bbox 3095 5384 3185 5442; x_wconf 86' lang='lat' dir='ltr'><strong>lib.</strong></span> <span class='ocrx_word' id='word_1_891' title='bbox 3234 5401 3285 5440; x_wconf 86' lang='lat' dir='ltr'><strong>tv</strong></span> <span class='ocrx_word' id='word_1_892' title='bbox 3330 5387 3569 5442; x_wconf 86' lang='lat' dir='ltr'><strong>Institut.</strong></span> <span class='ocrx_word' id='word_1_893' title='bbox 3608 5385 3703 5456; x_wconf 69' lang='grc'><strong>((1.</strong></span> <span class='ocrx_word' id='word_1_894' title='bbox 3727 5388 3784 5442; x_wconf 84' lang='lat' dir='ltr'><strong>ll)</strong></span> <span class='ocrx_word' id='word_1_895' title='bbox 3811 5397 3849 5438; x_wconf 82' lang='lat' dir='ltr'><strong>et</strong></span> 
     </span>
    </p>
   </div>
   <div class='ocr_carea' id='block_1_127' title="bbox 2269 5457 3850 5529">
    <p class='ocr_par' dir='ltr' id='par_1_127' title="bbox 2269 5457 3850 5529">
     <span class='ocr_line' id='line_1_130' title="bbox 2269 5457 3850 5529; baseline -0.001 -17"><span class='ocrx_word' id='word_1_896' title='bbox 2269 5458 2330 5512; x_wconf 74' lang='grc' dir='ltr'>Η</span> <span class='ocrx_word' id='word_1_897' title='bbox 2354 5457 2371 5522; x_wconf 90' lang='grc'><strong>)</strong></span> <span class='ocrx_word' id='word_1_898' title='bbox 2397 5479 2408 5514; x_wconf 91' lang='lat'>:</span> <span class='ocrx_word' id='word_1_899' title='bbox 2435 5459 2673 5529; x_wconf 56' lang='lat' dir='ltr'><strong>ﬂgyptii</strong></span> <span class='ocrx_word' id='word_1_900' title='bbox 2694 5458 2933 5512; x_wconf 86' lang='lat' dir='ltr'><strong>monachi</strong></span> <span class='ocrx_word' id='word_1_901' title='bbox 2959 5459 3192 5511; x_wconf 79' lang='lat' dir='ltr'><strong>universa</strong></span> <span class='ocrx_word' id='word_1_902' title='bbox 3221 5459 3501 5526; x_wconf 86' lang='lat' dir='ltr'><strong>complere,</strong></span> <span class='ocrx_word' id='word_1_903' title='bbox 3536 5473 3850 5529; x_wconf 68' lang='lat' dir='ltr'><strong>quiscumque</strong></span> 
     </span>
    </p>
   </div>
   <div class='ocr_carea' id='block_1_128' title="bbox 2271 5527 3849 5601">
    <p class='ocr_par' dir='ltr' id='par_1_128' title="bbox 2271 5527 3849 5601">
     <span class='ocr_line' id='line_1_131' title="bbox 2271 5527 3849 5601; baseline 0 -19"><span class='ocrx_word' id='word_1_904' title='bbox 2271 5531 2461 5600; x_wconf 82' lang='lat' dir='ltr'><strong>fuerint</strong></span> <span class='ocrx_word' id='word_1_905' title='bbox 2491 5527 2528 5582; x_wconf 78' lang='lat' dir='ltr'><strong>ti</strong></span> <span class='ocrx_word' id='word_1_906' title='bbox 2549 5527 2840 5601; x_wconf 24' lang='lat' dir='ltr'><strong>’prteposito</strong></span> <span class='ocrx_word' id='word_1_907' title='bbox 2869 5544 2964 5582; x_wconf 86' lang='lat' dir='ltr'><strong>suo</strong></span> <span class='ocrx_word' id='word_1_908' title='bbox 2989 5538 3268 5601; x_wconf 59' lang='lat' dir='ltr'><strong>praecepta,</strong></span> <span class='ocrx_word' id='word_1_909' title='bbox 3304 5540 3567 5598; x_wconf 82' lang='lat' dir='ltr'><strong>tamquam</strong></span> <span class='ocrx_word' id='word_1_910' title='bbox 3597 5529 3644 5601; x_wconf 77' lang='lat' dir='ltr'><strong>si</strong></span> <span class='ocrx_word' id='word_1_911' title='bbox 3682 5544 3713 5581; x_wconf 79' lang='grc' dir='ltr'><em>α</em></span> <span class='ocrx_word' id='word_1_912' title='bbox 3755 5527 3849 5582; x_wconf 75' lang='lat' dir='ltr'><strong>Deo</strong></span> 
     </span>
    </p>
   </div>
   <div class='ocr_carea' id='block_1_129' title="bbox 2271 5598 3848 5670">
    <p class='ocr_par' dir='ltr' id='par_1_129' title="bbox 2271 5598 3848 5670">
     <span class='ocr_line' id='line_1_132' title="bbox 2271 5598 3848 5670; baseline 0 -16"><span class='ocrx_word' id='word_1_913' title='bbox 2271 5598 2468 5656; x_wconf 67' lang='lat' dir='ltr'><strong>caelitus</strong></span> <span class='ocrx_word' id='word_1_914' title='bbox 2499 5598 2601 5654; x_wconf 78' lang='lat' dir='ltr'><strong>sint</strong></span> <span class='ocrx_word' id='word_1_915' title='bbox 2647 5598 2807 5668; x_wconf 82' lang='lat' dir='ltr'><strong>edita,</strong></span> <span class='ocrx_word' id='word_1_916' title='bbox 2836 5602 2948 5654; x_wconf 81' lang='lat' dir='ltr'><strong>sine</strong></span> <span class='ocrx_word' id='word_1_917' title='bbox 2984 5598 3094 5652; x_wconf 84' lang='lat' dir='ltr'><strong>ulla</strong></span> <span class='ocrx_word' id='word_1_918' title='bbox 3141 5600 3467 5670; x_wconf 82' lang='lat' dir='ltr'><strong>discussione</strong></span> <span class='ocrx_word' id='word_1_919' title='bbox 3504 5600 3766 5670; x_wconf 68' lang='lat' dir='ltr'><strong>festinant.</strong></span> <span class='ocrx_word' id='word_1_920' title='bbox 3795 5601 3848 5654; x_wconf 78' lang='lat' dir='ltr'><strong>Et</strong></span> 
     </span>
    </p>
   </div>
   <div class='ocr_carea' id='block_1_130' title="bbox 2274 5669 3848 5742">
    <p class='ocr_par' dir='ltr' id='par_1_130' title="bbox 2274 5669 3848 5742">
     <span class='ocr_line' id='line_1_133' title="bbox 2274 5669 3848 5742; baseline -0.003 -16"><span class='ocrx_word' id='word_1_921' title='bbox 2274 5674 2329 5726; x_wconf 87' lang='lat' dir='ltr'><strong>S.</strong></span> <span class='ocrx_word' id='word_1_922' title='bbox 2361 5673 2675 5742; x_wconf 68' lang='lat' dir='ltr'><strong>Gregorius,</strong></span> <span class='ocrx_word' id='word_1_923' title='bbox 2714 5673 2807 5726; x_wconf 91' lang='lat' dir='ltr'><strong>lib.</strong></span> <span class='ocrx_word' id='word_1_924' title='bbox 2852 5688 2888 5726; x_wconf 85' lang='grc' dir='ltr'>ιι</span> <span class='ocrx_word' id='word_1_925' title='bbox 2940 5673 2990 5726; x_wconf 88' lang='lat' dir='ltr'><strong>in</strong></span> <span class='ocrx_word' id='word_1_926' title='bbox 3030 5672 3262 5742; x_wconf 89' lang='lat' dir='ltr'><strong>primum</strong></span> <span class='ocrx_word' id='word_1_927' title='bbox 3304 5669 3514 5740; x_wconf 79' lang='lat' dir='ltr'><strong>Regum</strong></span> <span class='ocrx_word' id='word_1_928' title='bbox 3542 5669 3710 5742; x_wconf 83' lang='lat' dir='ltr'><strong>(Cap.</strong></span> <span class='ocrx_word' id='word_1_929' title='bbox 3743 5671 3848 5741; x_wconf 63' lang='lat'><strong>2):</strong></span> 
     </span>
    </p>
   </div>
   <div class='ocr_carea' id='block_1_131' title="bbox 2275 5741 3706 5814">
    <p class='ocr_par' dir='ltr' id='par_1_131' title="bbox 2275 5741 3706 5814">
     <span class='ocr_line' id='line_1_134' title="bbox 2275 5741 3706 5814; baseline -0.001 -17"><span class='ocrx_word' id='word_1_930' title='bbox 2275 5743 2450 5799; x_wconf 81' lang='lat' dir='ltr'><strong>Nescit</strong></span> <span class='ocrx_word' id='word_1_931' title='bbox 2470 5744 2716 5814; x_wconf 81' lang='lat' dir='ltr'><strong>judicare</strong></span> <span class='ocrx_word' id='word_1_932' title='bbox 2739 5744 2972 5814; x_wconf 79' lang='lat' dir='ltr'><strong>quisquis</strong></span> <span class='ocrx_word' id='word_1_933' title='bbox 3007 5741 3233 5811; x_wconf 80' lang='lat' dir='ltr'><strong>perfecte</strong></span> <span class='ocrx_word' id='word_1_934' title='bbox 3259 5742 3448 5797; x_wconf 83' lang='lat' dir='ltr'><strong>didicit</strong></span> <span class='ocrx_word' id='word_1_935' title='bbox 3473 5741 3706 5798; x_wconf 74' lang='lat' dir='ltr'><strong>obedire.</strong></span> 
     </span>
    </p>
   </div>
  </div>
