4014 6200
95 285 278 346 1095
775 288 1114 345 COLLATIO
1151 285 1427 345 XVIII.-—
1451 287 1541 345 DE
1581 287 1833 352 TRIBUS
1870 291 2264 358 GENERIBUS
2300 300 2800 364 MONACHORUM.
3287 319 3431 376 ,ΟΜ

21 417 38 426 ··
88 404 256 458 satis
307 403 532 460 intrabit
560 404 807 475 quisquis
834 419 863 457 a
886 405 1224 459 discussione
1251 405 1476 474 coeperit
1510 405 1738 473 erudiri,
1767 419 1820 478 Α
1845 411 2070 480 optima,
2090 418 2306 470 tertium
2324 417 2562 488 tepidum
2577 429 2736 490 atque
2750 420 3075 480 omnimodis
3089 425 3428 486 evitandum:

18 495 38 529 '—
86 496 246 566 quia
277 498 479 553 videns
525 514 652 554 eum
693 497 944 552 inimicus
971 514 1068 553 suo
1116 500 1299 569 potius
1328 515 1485 570 quam
1526 510 1738 572 patrum
1846 503 2074 572 primum
2116 517 2197 564 est
2227 510 2640 583 emnobitarum,
2671 515 2760 585 qui
2807 516 3016 572 scilicet
3054 517 3107 572 in
3139 535 3431 591 congrega-

82 590 339 662 judicio
368 593 759 660 conﬁdentem,
789 592 953 648 facile
993 595 1044 646 in
1078 593 1130 648 id
1158 609 1328 664 usque
1372 596 1640 666 propellit,
1682 607 1741 652 ut
1844 595 1990 653 tione
2019 600 2220 668 pariter
2249 603 2610 661 consistentes
2629 649 2643 674 ,
2670 607 2829 662 unius
2861 608 3091 666 senioris
3108 610 3312 681 judicio
3330 590 3432 683 gu-

86 685 301 738 etiam
334 683 425 738 illa
445 700 568 754 quae
590 685 825 739 maxime
847 684 1000 738 utilia
1023 693 1185 754 atque
1215 685 1568 740 saluberrima
1593 697 1736 755 sunt,
1841 686 2157 757 bernantur,
2188 695 2341 762 cujus
2386 699 2599 766 generis
2631 701 2897 754 maximus
2943 717 3196 757 numerus
3239 718 3432 760 mona-

83 777 407 847 superllua
440 779 492 832 ei
523 777 810 832 videantur
839 787 896 832 et
923 780 1106 832 noxia.
1144 780 1322 848 Atque
1368 781 1442 834 ita
1481 795 1738 850 praesum-
1839 779 2068 836 chorum
2099 799 2194 852 per
2239 788 2544 842 universam
2580 800 2948 847 commoratur
2977 791 3308 865 Egyptum;
3340 811 3432 853 se-

17 889 30 906 -·
87 869 308 939 ptioni
344 869 465 938 ejus
493 869 726 925 callidus
751 869 924 923 hostis
951 869 1150 935 illudit,
1192 880 1249 922 ut
1278 870 1738 929 irrationabilibus
1839 873 2070 927 cundum
2099 877 2572 947 anaehoretarum,
2603 881 2694 952 qui
2723 884 2870 953 prius
2904 887 2952 938 in
2986 886 3248 942 ctenobiis
3275 889 3432 944 insti-

88 959 546 1016 deﬁnitionibus
572 961 687 1016 suis
735 962 1092 1030 pertinaciter
1139 962 1481 1028 inhaerendo,
1516 968 1619 1021 hoc
1650 981 1737 1021 so-
1840 966 1961 1030 tuti,
1990 967 2212 1037 jamque
2249 972 2302 1026 in
2335 974 2529 1028 actuali
2575 977 2986 1034 conversatione
3018 981 3262 1049 perleCti,
3295 983 3429 1039 soli-

92 1053 414 1108 Iummodo
435 1053 541 1108 sibi
567 1063 814 1109 sanctum
838 1069 960 1110 esse
981 1055 1327 1125 persuadeat,
1356 1056 1499 1124 quod
1527 1069 1733 1114 rectum
1839 1059 2040 1116 tudinis
2061 1062 2276 1133 elegere
2299 1075 2528 1132 secreta,
2544 1067 2699 1138 cujus
2719 1071 3073 1139 professionis
3095 1089 3191 1128 nos
3213 1091 3426 1146 quoque

14 1164 16 1166 ·
99 1156 296 1218 atque
321 1147 683 1217 iustissimum
730 1162 844 1203 suae
875 1156 1087 1202 tantum
1137 1147 1517 1204 obstinationis
1547 1165 1734 1208 errore

99 1242 435 1297 censuerit.

771 1333 1004 1390 CAPUT
1037 1334 1125 1389 IV.

110 1425 206 1480 De
233 1427 401 1481 tribus
429 1426 699 1498 generibus
723 1425 1096 1481 monacho-rum
1129 1442 1246 1497 qua:
1269 1428 1408 1481 intra
1438 1427 1730 1501 nggptum

868 1507 1012 1551 sunL

193 1635 568 1704 Quamobrem
622 1635 757 1691 ordo
803 1644 967 1706 atque
1009 1636 1332 1707 principium
1380 1635 1729 1706 professionis

111 1737 354 1793 nostrae,
375 1725 826 1797 quemadmodum
851 1726 934 1781 vel
960 1727 1100 1782 unde
1115 1727 1478 1795 descenderit,
1494 1729 1725 1798 primum

1835 1161 2082 1220 optamus
2111 1170 2232 1211 esse
2273 1159 2592 1230 participes;
2633 1163 2848 1218 tertium
2890 1166 3310 1237 reprehensibile
3339 1185 3426 1225 sa-

1836 1243 2160 1301 rabaitarum
2199 1259 2314 1315 est;
2370 1250 2438 1306 de
2479 1254 2673 1322 quibus
2723 1256 2997 1326 sigillatim
3051 1276 3145 1329 per
3177 1262 3421 1318 ordinem

1834 1334 2043 1404 plenius
2061 1338 2410 1396 disseremus.
2437 1343 2636 1399 Harum
2661 1346 2823 1416 igitur
2845 1349 3003 1404 trium
3026 1351 3418 1421 professionum

1832 1426 2142 1486 fundatores
2172 1433 2424 1502 primum,
2457 1447 2513 1491 ut
2557 1438 2818 1508 diximus,
2849 1440 3058 1496 debetis
3103 1460 3414 1514 agnoscere.

1832 1520 1964 1576 Nam
1989 1524 2229 1592 profecto
2251 1543 2315 1581 ex
2340 1529 2440 1583 hoc
2462 1529 2575 1599 ipso
2590 1533 2671 1586 vel
2693 1533 2873 1587 odium
2904 1535 3253 1604 professionis
3275 1541 3419 1596 illius

1833 1617 1980 1672 nasci
2034 1620 2228 1688 poterit
2279 1637 2396 1691 quae
2436 1623 2647 1678 vitanda
2679 1635 2791 1692 est,
2826 1627 2912 1682 vel
2945 1629 3060 1698 ejus
3090 1631 3416 1688 desiderium

1831 1727 1951 1781 qua:
1981 1715 2287 1782 sequenda;
2317 1716 2438 1784 quia
2473 1733 2692 1772 necesse
2721 1729 3257 1794 estunamquamque
3278 1725 3417 1781 viam

109 1818 344 1874 debetis
373 1833 689 1887 agnoscere.
725 1818 876 1874 Tunc
924 1820 1066 1874 enim
1117 1821 1316 1888 poterit
1356 1822 1478 1891 quis
1515 1821 1709 1876 deside-

1831 1802 1897 1856 ad
1953 1803 2104 1858 illum
2155 1805 2312 1860 linem
2366 1821 2523 1861 suum
2577 1809 2893 1878 pertrahere
2950 1823 3294 1885 sectatorem,
3350 1817 3418 1873 ad

110 1926 175 1964 ra
187 1920 262 1964 tua
289 1910 425 1965 artis
450 1909 722 1966 efﬁcacius
750 1911 966 1982 assequi
997 1911 1357 1982 disciplinam,
1390 1922 1445 1968 et
1470 1913 1536 1968 ad
1566 1929 1725 1969 exer-

110 2003 357 2059 cendam
389 2017 507 2059 eam
540 2003 816 2059 ardentius
871 2005 1119 2073 incitari,
1166 2020 1289 2061 cum
1336 2015 1618 2061 auctorum
1667 2015 1725 2063 et

114 2096 476 2150 fundatorum
499 2095 620 2166 ejus
645 2096 929 2166 agnoverit
949 2096 1289 2168 dignitatem.
1315 2106 1342 2135 ι
1375 2098 1498 2152 'I‘ria
1521 2107 1646 2152 sunt
1667 2097 1722 2153 in

114 2189 367 2260 Egypto
419 2204 618 2260 genera
680 2190 1111 2262 monachorum,
1160 2207 1388 2262 quorum
1446 2192 1554 2247 duo
1596 2202 1723 2249 sunt

1829 1911 1988 1967 quem
2012 1907 2200 1954 auctor
2222 1900 2390 1970 ipsius
2417 1901 2773 1973 inventorque
2802 1905 3131 1974 pervenerit.

2446 2013 2675 2069 CAPUT
2716 2015 2778 2070 ν.

1835 2099 2032 2166 Quibus
2059 2104 2354 2158 auctoribus
2383 2107 2749 2160 ccenobitarum
2780 2108 2844 2160 sit
2880 2111 3114 2164 instituta
3142 2113 3412 2184 professio.

1902 2195 2088 2266 Itaque
2114 2196 2141 2234 δ
2174 2197 2566 2254 cmnobitarum
2607 2201 2889 2271 disciplina
2931 2219 2958 2257 a
2993 2213 3234 2275 tempore
3276 2223 3413 2278 pra:—

1199 2305 1454 2361 ALARDI
1492 2307 1725 2362 GAZASI
1765 2308 2329 2367 COMMENTARIUS.

202 2408 229 2437 ι
260 2398 388 2454 Tria
407 2397 680 2454 dumtaxat
709 2399 1012 2469 antiquiora
1049 2398 1104 2453 in
1146 2399 1250 2454 hoc
1271 2415 1392 2469 cap.
1428 2411 1707 2467 recenset;

120 2479 382 2542 quartum
407 2486 535 2525 vero
555 2471 700 2526 addit
721 2472 807 2526 his
828 2471 1121 2536 recentius,
1150 2469 1311 2540 infra,
1337 2487 1456 2540 cap.
1484 2473 1538 2534 8,
1565 2475 1710 2541 quod

123 2552 313 2597 tamen
347 2557 454 2596 non
485 2544 745 2598 nominat.
779 2543 856 2598 Ita
903 2555 1135 2610 quatuor
1173 2557 1371 2612 genera
1416 2544 1711 2598 monacho-

125 2629 248 2668 rum
279 2615 578 2685 constituit.
611 2614 768 2670 Unde
793 2623 848 2670 et
876 2615 1058 2669 titulus
1097 2614 1222 2685 huic
1265 2613 1543 2668 collatinni
1574 2631 1714 2682 prae-

125 2684 266 2739 ﬁxus
295 2702 308 2739 :
341 2684 420 2740 De
462 2686 624 2739 tribus
652 2686 878 2758 antiquis
908 2684 1174 2758 generibus
1221 2685 1619 2758 monachorum,
1666 2696 1713 2758 et

126 2703 266 2739 uxus
295 2703 308 2739 :
341 2703 420 2740 ue
462 2703 624 2739 meus
652 2703 761 2740 ann
799 2703 878 2740 uts
908 2703 1174 2758 generibus
1221 2703 1619 2752 monacnorunt,
1666 2703 1713 2740 et

126 2767 312 2818 quarto
341 2773 507 2824 nuper
531 2767 733 2811 exorto.
761 2703 831 2811 1t
861 2757 921 2811 D.
969 2756 1327 2826 Hieronymus
1357 2756 1411 2810 in
1453 2758 1612 2825 epist.
1643 2757 1714 2813 ad

128 2825 482 2882 Eustochium
514 2827 718 2895 (Epist.
761 2827 896 2897 22),
936 2828 1038 2883 tria
1077 2825 1284 2882 tantum
1327 2830 1714 2884 monachorum

131 2913 331 2967 genera
354 2899 406 2953 in
431 2900 670 2970 zEgypto
694 2899 864 2954 fuisse
885 2908 1304 2963 commemorat;
1330 2900 1472 2954 unde
1493 2908 1720 2969 apparet

131 2979 384 3039 quartum
424 2985 492 3026 eo
523 2983 779 3040 tempore
806 2970 1044 3025 nondum
1093 2970 1257 3025 fuisse
1304 2978 1576 3037 exortum,
1624 2981 1718 3025 aut

133 3054 243 3094 non
283 3042 353 3094 ita
397 3043 670 3111 cognitum
701 3060 712 3094 :
740 3039 868 3095 Tria
895 3052 1034 3106 sunt,
1069 3041 1259 3110 inquit,
1290 3042 1343 3095 in
1373 3040 1606 3111 -Egypto
1629 3058 1718 3110 ge-

127 3127 254 3165 nera
283 3112 648 3167 monac/torum
669 3128 686 3166 :
710 3115 932 3180 primum
961 3112 1240 3178 coenobitaz,
1267 3113 1405 3181 quod
1435 3114 1514 3166 illi
1542 3129 1718 3168 sauses

132 3183 312 3251 gentili
337 3182 518 3252 lingua
546 3194 748 3250 vocant,
781 3201 874 3238 nos
917 3186 972 3238 in
1001 3185 1256 3238 communi
1287 3185 1504 3254 uiuentes
1534 3201 1712 3254 possu-

129 3270 244 3307 mus
269 3255 566 3324 appellare;
584 3256 862 3308 secundum
884 3255 1229 3320 anachorette,
1251 3257 1341 3325 qui
1362 3253 1462 3307 soli
1481 3253 1714 3309 habitant

131 3340 222 3395 per
250 3325 467 3393 deserta,
489 3335 537 3380 et
559 3329 621 3379 ab
643 3342 701 3380 eo
720 3325 858 3396 quod
886 3326 1064 3394 procul
1086 3326 1147 3378 ab
1173 3326 1465 3380 hominibus
1496 3342 1716 3382 recesse-

129 3403 255 3449 runt
295 3405 691 3466 nuncupantur;
740 3400 948 3451 tertium
985 3413 1138 3464 genus
1165 3399 1405 3467 estquod
1450 3398 1714 3452 remobotlt

131 3467 331 3534 dicunt,
363 3468 694 3522 deterrimum
718 3478 872 3538 atque
897 3467 1199 3538 neglectum,
1225 3468 1426 3537 etquod
1454 3470 1507 3522 in
1537 3480 1714 3523 nostra

131 3539 516 3612 prouincia‘aut
551 3538 718 3612 solum
750 3548 839 3612 aut
868 3540 1090 3612 primum
1119 3547 1210 3592 est.
1242 3539 1315 3592 Ita
1349 3540 1408 3593 D.
1445 3541 1715 3612 Hierony-

133 3607 271 3662 mus.
302 3609 364 3663 D.
395 3607 750 3676 Benedictus,
793 3607 1138 3672 Cassianum,
1180 3619 1236 3663 ut
1263 3613 1429 3679 solet,
1471 3607 1713 3668 imitatus

134 3693 252 3751 cap.
283 3681 309 3734 1
336 3697 446 3735 sua:
478 3681 1071 3751 Regulaquatlruplex
1102 3680 1284 3734 itidem
1315 3697 1484 3750 genus
1515 3697 1709 3735 mona-

134 3749 354 3806 chorum
385 3749 660 3822 designat,
695 3755 925 3821 primum
958 3749 1375 3813 coenobitarum,
1413 3754 1707 3808 secundum

133 3823 597 3884 anachoretarum,
625 3824 840 3878 tertium
875 3823 1292 3884 sarabaitarum,
1327 3833 1580 3890 quartum
1608 3840 1708 3893 gy-

134 3907 469 3962 rovagorum,
505 3901 558 3948 et
583 3895 918 3962 singulorum
961 3908 1141 3947 mores
1181 3904 1234 3947 et
1279 3893 1521 3947 instituta
1563 3910 1709 3949 sum-

138 3964 316 4034 matim
362 3965 638 4020 describit.
692 3966 862 4019 Porro
914 3966 974 4019 Ι).
1023 3965 1383 4034 Augustinus,
1444 3964 1582 4019 libro
1640 3965 1708 4020 de

133 4033 363 4090 Moribus
393 4036 682 4100 Ecclesiae,
713 4035 845 4090 duos
878 4044 1082 4090 tantum
1118 4033 1342 4089 ordines
1370 4036 1481 4089 sive
1506 4051 1706 4105 genera

133 4106 514 4160 monachorum
557 4122 688 4162 vere
728 4116 783 4161 et
814 4108 1030 4176 pr0prie
1071 4107 1211 4160 dicta
1243 4107 1508 4174 agnoscit,
1543 4123 1704 4161 unum

132 4177 576 4232 anachoretarum
607 4180 722 4232 sive
747 4179 1115 4244 cretnitarum,
1148 4178 1379 4232 alterum
1406 4179 1708 4234 cmntibita-

133 4262 272 4319 rum,
300 4247 366 4301 de
397 4249 586 4319 quibus
617 4249 777 4304 etiam
802 4248 1090 4303 Cassianus
1121 4249 1215 4303 lih.
1246 4265 1277 4303 v
1309 4249 1439 4303 Inst.
1466 4265 1584 4319 cap.
1610 4249 1696 4305 56.

133 4318 263 4386 Quae
291 4318 507 4385 quidem
539 4321 804 4374 sententia
847 4327 931 4374 est
959 4320 1262 4375 veriSsima.
1309 4319 1440 4375 Nam
1490 4318 1704 4376 tertium

137 4387 266 4460 illud
296 4404 467 4457 genus
497 4404 523 4441 a
548 4389 612 4443 D.
643 4391 996 4460 Hieronymo,
1028 4399 1081 4444 et
1113 4392 1327 4445 tertium
1356 4407 1420 4446 ac
1450 4403 1701 4460 quartum

136 4458 220 4514 hic
246 4475 274 4513 a
300 4460 611 4516 Piammone
639 4474 692 4516 et
717 4477 749 4516 a
782 4458 1164 4515 DJBenedieto
1194 4458 1698 4526 cummembratum,

137 4546 238 4585 nun
293 4542 419 4586 sunt
475 4546 606 4587 vere
661 4546 861 4602 genera
910 4532 1317 4601 monachorum,
1370 4536 1465 4588 sed
1527 4535 1702 4603 potius

1819 2403 2103 2470 Distinguit
2135 2405 2349 2473 quidem
2380 2405 2618 2462 Isidorus
2655 2408 2909 2463 eremitas
2947 2411 3014 2463 ab
3052 2413 3400 2471 anachoretis

1820 2473 2213 2554 (erlarnt.ulib.
2247 2491 2282 2528 II
2308 2477 2666 2554 deMonacltis
2694 2496 2810 2546 cap.
2835 2482 2910 2550 5),
2947 2482 3101 2545 Quod
3122 2484 3200 2536 illi
3221 2489 3408 2554 procul

1819 2545 1884 2598 ab
1913 2546 2202 2598 hominibus
2231 2549 2546 2611 recedentes,
2579 2545 2776 2603 deserta
2807 2545 3061 2606 et'uastas
3106 2545 3410 2612 solitudines

1820 2617 2132 2688 inhabilem,
2181 2619 2249 2670 ad
2296 2620 2656 2681 imitationem,
2707 2622 2900 2688 inquit,
2933 2623 3066 2678 Elia:
3095 2636 3142 2678 et
3185 2625 3411 2683 Joannis

1821 2685 2091 2768 Baptistae,
2119 2691 2208 2758 qui
2237 2693 2403 2768 eremi
2421 2707 2657 2768 secessus.
2682 2685 3048 2768 penetrarunt;
3075 2695 3127 2748 Iti
3158 2713 3271 2749 vero
3293 2702 3409 2768 jant

1823 2759 2091 2841 ctenolbiali
2123 2765 2505 2841 conversatione
2527 2763 2749 2841 perfecti
2790 2759 3062 2819 includunt
3107 2759 3410 2841 semetipsos

1819 2831 1873 2884 in
1906 2829 2050 2907 cellis
2078 2833 2260 2898 procul
2298 2832 2360 2885 ab
2396 2829 2664 2907 hominum
2694 2849 2968 2907 conspectu
2999 2840 3231 2905 remotis,
3277 2829 3413 2895 nulli

1820 2902 2411 2978 prwbentesacccssmn;
2434 2905 2526 2978 sed
2550 2905 2600 2957 in
2623 2907 2736 2960 sola
2756 2902 3186 2978 contemplatione
3212 2902 3407 2978 divina,

1926 2983 2056 3047 est,
2088 2973 2335 3039 tlteorica,
2397 2975 2614 3029 viventes
2666 2971 3005 3047 perseverent:
3041 2980 3236 3035 Verum
3292 2971 3410 3039 lucc

1821 3043 2118 3119 distinctio,
2151 3060 2268 3114 quae
2301 3061 2404 3119 non
2437 3056 2542 3099 tam
2588 3049 2639 3101 in
2666 3043 2739 3103 're
2783 3066 2941 3119 quam
2975 3051 3028 3104 in
3067 3052 3247 3106 verbis
3278 3069 3409 3110 Cotl-

1821 3115 1983 3177 sistit,
2021 3131 2140 3193 Διιοιι
2195 3118 2326 3193 tanti
2377 3128 2461 3171 est
2510 3127 2568 3171 ut
2615 3115 3066 3193 mutetispeciem
3116 3133 3207 3176 aut
3237 3139 3409 3193 genus

1823 3187 2194 3240 monachatus.
2229 3186 2541 3259 Gyrovagos
2575 3199 2752 3245 tamen
2797 3186 3037 3248 Isidorus
3079 3210 3184 3248 non
3231 3186 3409 3252 nomi-

1821 3259 2253 3338 nat,_sedﬁcornm
2281 3263 2656 3338 t_:_tntumniod_o_
2675 3278 2852 3338 mores
2869 3275 2922 3318 et
2940 3265 3115 3320 stadia
3142 3265 3403 3338 depingit,

1816 3331 1996 3455 gualtia
2027 3329 2089 3383 D.
2121 3331 2446 3386 Benedictus
2481 3341 2536 3386 et
2573 3333 2659 3386 alii
2691 3333 2878 3390 Patres
2914 3329 3411 3408 gyrovagis'asEri;

1858 3415 1925 3454 un
1959 3441 1970 3452 .

1858 3408 1970 3454 tlnt.

1889 3470 1915 3508 ι)
1950 3471 2095 3526 Idem
2123 3484 2371 3527 aSIruuut
2407 3475 2585 3528 cmteri
2622 3474 2831 3531 Patres.
2861 3478 3090 3533 Basilius
3127 3481 3176 3534 in
3213 3480 3405 3540 Const.

1817 3543 2047 3623 nimiast.
2082 3559 2201 3623 cap.
2238 3544 2321 3623 'I'J,
2367 3544 2434 3623 de
2483 3547 2785 3623 cmnohitis
2823 3565 3024 3623 agens:
3059 3550 3164 3616 Hi,
3203 3552 3406 3623 inquit,

1815 3613 2128 3668 Liberatoris
2161 3617 2319 3668 nostri
2348 3617 2556 3684 ejusque
2585 3632 2715 3670 vute.
2753 3613 2880 3670 Διωιὶ
2901 3621 3032 3671 inter
3058 3613 3405 3679 nos-versare;

1815 3691 1925 3756 tur,
1967 3685 2319 3756 institutorum
2365 3687 2468 3736 veri
2501 3687 2810 3756 perfectique
2849 3689 3128 3742 imitatores
3158 3695 3402 3747 existunt.

1819 3754 2263 3820 Quemadmodum
2310 3756 2442 3806 enim
2487 3754 2576 3808 ille
2615 3754 2786 3810 coacto
2835 3758 3205 3820 discipulorum
3248 3763 3403 3817 choro

1813 3830 2102 3878 communia
2153 3834 2334 3896 cuncta
2384 3841 2531 3894 seque
2577 3826 2748 3893 ipsum
2796 3844 3114 3896 communem
3156 3834 3406 3896 apostolis

1811 3897 2058 3972 prtebuit;
2092 3896 2164 3946 ita
2191 3895 2244 3946 Ιιί
2269 3893 2708 3972 quoqueantistiti
2738 3915 2831 3950 suo
2861 3893 3260 3972 obtemperantes
3283 3906 3404 3972 (qui

1810 3965 1966 4041 modo
1993 3969 2104 4018 vita:
2140 3982 2247 4041 suae
2279 3968 2574 4041 prwscripta
2603 3979 2739 4022 recte
2777 3965 3094 4041 conservant)
3134 3965 3299 4039 genus
3322 3965 3401 4028 ui-

1811 4037 1959 4090 ventli
1991 4038 2358 4112 apostolorum
2403 4054 2460 4112 ac
2507 4037 2712 4112 Domini
2759 4041 3047 4094 imitantur.
3075 4037 3402 4112 Chrysosto-

1813 4123 1952 4172 mus,
1991 4108 2174 4162 homil.
2204 4110 2273 4182 ill
2299 4112 2359 4182 in
2393 4111 2558 4175 Acta,
2592 4111 2718 4182 dicit
2751 4114 3047 4165 monachos
3082 4113 3163 4167 sie
3189 4108 3393 4182 livere,

1812 4187 1870 4233 ut
1919 4181 2046 4233 Olim
2098 4181 2250 4234 initio
2295 4181 2550 4235 Ecclesia:
2592 4181 2844 4235 vivebant
2872 4197 3061 4237 omnes
3112 4183 3295 4240 ﬁdeles
3342 4181 3396 4242 in

1809 4251 2134 4306 Jerusalem.
2172 4253 2231 4306 Et
2266 4252 2356 4305 lib.
2392 4266 2448 4306 ιιι
2483 4261 2666 4306 contra
2703 4253 3099 4322 vituperatores
3135 4255 3256 4309 vitre
3284 4275 3399 4313 ino-

1810 4324 2031 4397 nasticzn
2050 4323 2264 4397 asserit
2290 4339 2346 4376 ea
2374 4322 2443 4375 ab
2475 4324 2748 4397 Apostolis
2774 4325 3021 4397 impleta,
3045 4343 3167 4397 qua;
3199 4344 3339 4385 nunc
3365 4347 3394 4386 a

1811 4394 2092 4469 monachis
2138 4395 2450 4469 implentur.
2498 4395 2722 4469 _llieron.
2777 4397 2828 4450 in
2873 4394 3177 4469 Catalogo:
3221 4399 3396 4469 Philo,

1809 4465 2246 4541 inquit,‘_natione
2267 4465 2674 4541 Alemandrinus,
2714 4468 2899 4520 librant
2942 4468 3004 4521 de
3031 4471 3198 4541 prima
3230 4465 3399 4528 Marci

1809 4538 2133 4608 euangelist
2170 4537 2308 4605 apud
2365 4535 2734 4591 Alexandriam
2766 4541 2988 4593 scribens
3031 4535 3294 4608 Ecclesia,
3344 4546 3399 4598 in

137 4611 488 4679 monstra‘aut
514 4603 676 4658 larva;
713 4603 1132 4679 monachorum;
1179 4619 1276 4658 nec
1310 4607 1427 4679 _veri
1459 4606 1698 4679 ordines,
1727 4605 1782 4670 D
1808 4603 2100 4679 nostrorum
2129 4603 2276 4660 (anile
2299 4617 2528 4679 versatus
2554 4619 2650 4672 est,
2681 4627 2780 4662 non
2810 4612 2972 4663 solum
2996 4628 3082 4665 eos
3108 4613 3198 4679 ibi,
3223 4603 3313 4667 sed
3342 4617 3395 4668 in

136 4671 228 4727 sed
262 4672 626 4739 confusiones,
655 4675 969 4730 eversiones
996 4686 1051 4729 et
1080 4675 1459 4745 corruptiones
1489 4671 1704 4745 religie-

134 4759 281 4807 num,
327 4747 635 4800 utuotavit
683 4745 1043 4800 Bellarminus
1090 4744 1234 4814 (Lib.
1276 4762 1316 4800 ιι
1345 4746 1406 4800 de
1434 4744 1705 4800 Monachis

136 4830 244 4884 cap.
276 4815 362 4884 5).
402 4815 536 4869 Nam
587 4816 804 4871 tertium
859 4830 1026 4886 genus
1067 4825 1264 4871 vocant
1311 4832 1498 4872 eorum
1530 4818 1702 4886 quiin

136 4887 390 4956 ctenobiis
413 4887 620 4951 vivunt,
652 4887 747 4942 sed
770 4886 946 4940 adhuc
967 4887 1178 4956 aliquas
1202 4889 1445 4956 pmprias
1467 4891 1706 4943 retinent

138 4955 428 5028 facultates,
449 4972 549 5012 nec
571 4958 623 5012 in
641 4958 890 5011 omnibus
911 4955 1287 5028 obtemperant
1307 4955 1702 5027 superioribus;

135 5041 250 5097 qua
267 5027 385 5082 sine
405 5027 573 5083 dubio
599 5039 684 5082 est
703 5030 979 5097 corruptio
1005 5027 1124 5082 vitae
1145 5030 1504 5084 cmnobiticze.
1537 5032 1706 5096 Quar-

136 5107 242 5153 tum
267 5113 444 5168 genus
466 5110 660 5153 vocant
689 5114 876 5154 eorum
906 5101 993 5169 qui
1023 5115 1087 5153 ex
1117 5100 1462 5155 monasteriis
1484 5100 1550 5153 ad
1579 5115 1704 5154 ere.

135 5184 270 5222 mum
303 5179 602 5234 transeunt,
649 5185 755 5225 non
807 5180 866 5224 ut
919 5171 1178 5234 sanctius,
1232 5170 1326 5225 sed
1378 5179 1435 5224 ut
1483 5170 1706 5224 liberius

136 5241 325 5307 vivant,
357 5241 612 5295 nimirum
655 5255 884 5295 excusso
908 5241 1038 5310 jugo
1069 5241 1413 5309 superiorum
1446 5251 1496 5296 et
1526 5242 1703 5308 legum

134 5310 596 5373 ctenobiticarum;
629 5326 749 5380 qua:
777 5321 864 5366 est
888 5313 1192 5378 corruptela
1223 5313 1349 5365 vita:
1376 5312 1702 5366 eremiticm:

135 5396 288 5451 quare
337 5383 534 5438 merito
577 5382 832 5438 dicuntur
878 5383 978 5437 ista
1031 5381 1138 5435 duo
1179 5383 1470 5436 deterrima
1507 5397 1704 5450 genera

137 5451 537 5507 monachorum.
568 5453 795 5508 Fallitur
817 5465 996 5508 autent
1023 5451 1264 5507 Isidorus
1287 5453 1379 5506 lib.
1408 5469 1444 5507 ιι
1465 5452 1533 5506 de
1563 5452 1705 5506 Divi-

138 5523 218 5578 nis
242 5524 444 5578 Olﬁciis
471 5523 634 5594 (Cap.
665 5523 776 5593 I5),
815 5525 902 5579 ubi
928 5539 1022 5578 sex
1043 5532 1325 5579 enumerat
1353 5539 1548 5592 genera
1588 5538 1701 5578 mo—

136 5595 441 5660 nachorum,
473 5593 792 5662 C(Bnllbilas,
829 5595 1100 5658 eremitas,
1122 5593 1512 5664 anaehoretas,
1542 5608 1702 5664 gyro-

137 5680 314 5735 vagos,
364 5666 831 5722 circumcelliones
887 5673 942 5721 et
991 5663 1308 5735 sarabaitas.
1349 5665 1480 5718 Nam
1539 5663 1699 5720 iidem

137 5734 253 5792 sunt
283 5735 626 5792 anachoreta;
653 5747 708 5790 et
746 5737 1006 5802 eremitae,
1037 5734 1176 5790 sicut
1206 5735 1366 5790 iidem
1405 5736 1563 5790 etiam
1596 5736 1702 5789 cir-

137 5807 509 5864 cumcelliones
536 5817 590 5864 et
608 5806 888 5874 gyrovagi,
915 5813 977 5859 ut
1000 5820 1068 5860 ex
1092 5808 1447 5874 sequentibus
1477 5806 1697 5878 patebit.

1809 4678 1985 4732 multis
2016 4695 2214 4746 quoque
2240 4677 2513 4748 prouinciis
2540 4694 2646 4750 esse
2672 4697 2977 4750 memorans,
3023 4693 3070 4736 et
3103 4677 3398 4741 habitacula

1807 4764 1985 4824 eorum
2005 4751 2174 4824 dicens
2199 4750 2526 4824 monasteria.
2552 4749 2637 4824 Eg
2651 4767 2751 4824 quo
2772 4749 2978 4823 apparet
3002 4753 3152 4808 talem
3175 4758 3396 4824 primum

1808 4818 2011 4892 Christo
2054 4820 2364 4872 credentium
2407 4819 2564 4888 fuisse
2592 4818 2896 4890 Ecclesium,
2930 4827 3103 4892 quales
3130 4818 3264 4880 nunc
3291 4845 3397 4881 mo-

1809 4889 1957 4968 nac/ti
1986 4907 2092 4968 esse
2121 4892 2352 4968 nituntur
2377 4901 2422 4941 et
2453 4893 2684 4968 cupiunt.
2707 4903 2760 4944 ut
2786 4895 2916 4968 nillil
2942 4889 3246 4966 cujusquam
3273 4915 3394 4968 prae

1807 4962 1975 5039 prium
1995 4962 2084 5023 sit,
2115 4961 2284 5039 nullus
2310 4962 2448 5039 inter
2484 4977 2568 5014 eos
2596 4963 2752 5039 diues,
2777 4965 2947 5039 nullus
2975 4961 3168 5036 pauper
3193 4983 3211 5021 :
3237 4961 3396 5039 patri-

1809 5031 1979 5107 monia
2002 5031 2263 5101 egentibus
2286 5032 2600 5107 dividantur,
2621 5035 2840 5086 orationi
2863 5031 3136 5107 uaceturet
3161 5031 3393 5107 psalmis,

1809 5102 2299 5176 doctrintequoque
2321 5112 2366 5155 et
2398 5105 2723 5176 continentiae
2744 5121 2761 5157 :
2785 5103 3030 5176 qualeset
3054 5102 3220 5160 Lucas
3243 5102 3396 5176 refert

1809 5174 2030 5246 primum
2060 5172 2109 5226 Η
2117 5173 2612 5246 ierosolymmfuisse
2632 5175 2891 5230 credentes
2919 5175 3053 5246 (Act.
3070 5177 3166 5246 iv).
3186 5172 3391 5236 Caséia-

1809 5260 1910 5297 nus
1938 5245 2032 5297 lib.
2064 5259 2097 5296 ιι
2134 5244 2257 5296 Inst.
2285 5260 2407 5312 cap.
2437 5244 2470 5298 5
2495 5254 2724 5300 testatur
2747 5247 2798 5298 in
2821 5244 3395 5315 primordiis—Ecclesite

1809 5316 2085 5368 monac/tos
2123 5316 2264 5390 apud
2302 5316 2673 5390 Alexandriam
2701 5335 2731 5370 a
2761 5315 2826 5369 Β.
2863 5315 3396 5390 Marcoevangelistr.

1810 5401 2040 5462 normam
2063 5386 2346 5456 suscepisse
2371 5389 2586 5462 uiuendi,
2601 5398 2661 5462 _et
2685 5405 2789 5462 non
2813 5388 2980 5442 soluat
3003 5389 3096 5462 illa
3118 5386 3396 5462 magni/ica

1808 5457 2099 5522 retinuisse,
2148 5472 2259 5524 qua:
2303 5457 2542 5523 primitus
2593 5456 2898 5524 Ecclesiam,
2949 5461 3026 5514 uel
3079 5456 3396 5516 credétttium

1811 5527 1981 5598 turbas
2026 5528 2078 5580 in
2136 5526 2343 5598 Actibus
2389 5529 2748 5595 Apostolorum
2794 5531 3005 5598 legimus
3055 5532 3336 5587 celebrasse
3380 5551 3394 5588 :

1811 5597 2157 5651 Multitudinis
2186 5597 2498 5670 credentium
2535 5607 2641 5652 eral
2674 5616 2761 5653 cor
2793 5597 2966 5667 unum,
2992 5611 3038 5654 et
3069 5605 3241 5656 anima
3273 5623 3396 5670 una,

1809 5677 1938 5732 etc.,
1979 5685 2161 5723 verum
2186 5670 2348 5723 etiam
2376 5668 2546 5724 multo
2567 5670 2879 5724 sublimiora
2903 5675 3229 5728 cumulasse.
3256 5668 3396 5728 Idm

1808 5740 2148 5814 Augustinus
2169 5740 2363 5814 (Serm.
2405 5737 2522 5814 iret
2559 5739 2594 5792 ‘2
2623 5741 2686 5794 de
2724 5741 2842 5796 Vita
2879 5745 3134 5799 communi
3163 5747 3396 5814 sterila),

1807 5809 2044 5867 Isidorus
2081 5809 2402 5884 (Etgmolog.
2447 5812 2538 5868 lib.
2575 5827 2648 5870 vn
2677 5829 2794 5886 cap.
2828 5814 2950 5886 ult.)
2979 5824 3036 5870 et
3061 5817 3174 5873 alii.
3224 5809 3400 5874 (ἐπιδ-ι
