4044 6190
630 220 769 280 1095

1709 213 1956 271 OANNIS
1993 211 2307 270 CASSIANI
2349 210 2844 270 COLLATIONES.

3778 210 3926 272 1036

628 333 912 391 dicationis
946 331 1270 403 apostolicae
1318 329 1550 399 sumpsit
1588 331 1891 386 exordium.
1924 330 2056 385 Nam
2090 331 2214 385 talis
2240 335 2288 394 Α
2320 332 2652 386 credulitatis
2698 330 2905 385 indulta
2952 335 3069 398 est,
3118 326 3279 385 etiam
3322 328 3465 384 illius
3495 329 3767 385 Ecclesia:
3797 349 3928 402 qua:

627 427 835 483 exstitit
862 425 913 480 in
937 425 1330 496 Hierosolymis
1354 424 1531 478 omnis
1554 423 1646 477 illa
1672 424 2008 478 credentium
2031 424 2213 478 multi-

630 520 781 585 tudo,
827 534 947 589 qute
992 518 1044 573 in
1089 517 1312 573 Actibus
1363 516 1745 586 Apostolorum
1798 517 1869 571 ita
1914 517 2210 573 scribitur:

630 611 984 666 Multitudinis
1010 611 1323 663 credentium
1356 618 1468 662 erat
1496 624 1582 663 cor
1612 626 1772 663 unum
1814 618 1861 663 et
1888 610 2062 662 anima
2090 627 2213 676 una,

629 723 720 760 nec
748 706 1020 774 quisquam
1047 719 1219 757 eorum
1242 718 1355 771 qua:
1380 701 1673 774 possidebat
1699 701 1896 772 aliquid
1922 718 2071 755 suum
2111 717 2218 755 esse

634 795 855 863 dicebat,
884 796 973 850 sed
1002 804 1149 849 erant
1174 794 1281 848 illis
1320 794 1493 848 omnia
1520 794 1830 847 communia.
1858 791 2218 847 Possessiones

632 901 679 945 et
723 890 1041 944 substantias
1084 888 1404 953 vendebant,
1447 895 1493 940 et
1540 886 1832 939 dividebant
1878 901 1936 939 ea
1982 884 2221 939 omnibus

635 990 785 1049 prout
814 982 995 1049 cuique
1024 996 1151 1046 apus
1175 988 1281 1033 erat
1314 978 1509 1048 (Actor.
1544 977 1641 1048 iv).
1676 977 1743 1032 Et
1774 978 1966 1033 iterum
1996 994 2008 1030 :
2047 977 2222 1045 Neque

634 1072 769 1126 enim
799 1072 1071 1143 quisquam
1110 1087 1258 1142 egens
1295 1083 1403 1125 erat
1444 1070 1578 1123 inter
1606 1070 1744 1123 illos.
1789 1069 2047 1139 Quotquot
2090 1069 2223 1122 enim

635 1178 951 1234 possessores
997 1177 1241 1231 agrorum
1289 1171 1376 1213 aut
1424 1159 1695 1213 domorum
1740 1167 1905 1224 erant,
1957 1158 2225 1212 rendentes

636 1256 919 1324 offerebant
950 1257 1112 1325 pretia
1159 1271 1335 1308 eorum
1375 1271 1491 1325 qua:
1536 1254 1838 1320 vendebant,
1886 1262 1931 1307 et
1975 1252 2228 1322 ponebant

637 1362 757 1405 ante
804 1352 957 1423 pedes
988 1350 1356 1422 apostolorum.
1416 1348 1753 1403 Diridebatur
1795 1358 1966 1400 autem
2005 1347 2225 1417 singulis

639 1456 787 1513 prout
831 1446 1011 1513 cuique
1041 1461 1167 1515 opus
1209 1451 1316 1498 erat
1347 1440 1579 1512 (Ibid.).
1624 1441 1798 1507 Talis,
1833 1441 2084 1510 inquam,
2113 1448 2229 1494 erat.

642 1545 770 1591 tunc
796 1538 974 1591 omnis
1005 1537 1242 1591 Ecclesia
1263 1576 1277 1599 ,
1304 1536 1492 1604 quales
1523 1550 1664 1590 nunc
1699 1550 1996 1605 perpaucos
2025 1535 2077 1588 in
2120 1548 2229 1589 cm-

643 1631 823 1686 nobiis
851 1630 1093 1685 invenire
1124 1628 1345 1684 difﬁcile
1375 1639 1480 1683 est.
1514 1628 1620 1683 Sed
1648 1643 1773 1681 cum
1813 1636 1933 1696 post
1958 1627 2227 1697 apostolo-

2323 424 2713 495 llierosolymis
2734 423 3068 478 consistebat
3093 422 3473 493 perfectionem
3494 423 3765 495 paulatim
3788 440 3928 480 con-

2322 518 2585 571 taminare
2614 516 2896 584 erepisset,
2922 525 2971 570 et
3002 526 3285 571 crescente
3315 515 3561 586 quotidie
3589 518 3680 572 vel
3714 519 3926 589 indige—

2323 625 2509 664 narum
2544 624 2797 675 numero,
2848 609 2934 664 vel
2981 609 3341 674 advenarum,
3393 610 3581 679 prima:
3611 611 3763 666 illius
3794 611 3922 667 ﬁdei

2321 702 2700 771 refrigesceret
2744 701 2953 767 fervor;
3011 718 3117 757 non
3170 702 3344 756 solum
3394 702 3447 756 hi
3495 703 3584 770 qui
3636 704 3704 757 ad
3760 704 3921 759 ﬁdem

2323 795 2525 851 Christi
2571 796 2971 862 confluxerant,
3020 811 3204 850 verum
3262 796 3421 851 etiam
3482 796 3560 849 illi
3613 797 3709 865 qui
3768 810 3924 853 erant

2331 888 2596 943 Ecclesiae
2625 888 2918 959 principes,
2950 888 3016 942 ab
3046 888 3135 943 illa
3178 888 3519 943 districtione
3560 888 3733 943 laxati
3773 903 3924 945 sunt.

2328 980 2583 1035 Nonnulli
2608 982 2753 1036 enim
2788 981 3163 1035 existimantes
3192 980 3242 1034 id
3272 981 3413 1051 quod
3454 980 3720 1036 videbant
3747 984 3927 1051 genti.

2329 1073 2429 1127 bus
2471 1088 2566 1142 pro
2612 1074 2924 1127 inﬁrmitate
2966 1087 3321 1137 concessum,
3358 1072 3455 1127 sibi
3489 1075 3654 1128 etiam
3687 1074 3922 1144 licitum,

2332 1163 2463 1217 nihil
2501 1180 2559 1219 se
2591 1164 2897 1218 detrimenti
2926 1167 3133 1235 perpeti
3166 1164 3533 1231 crediderunt,
3558 1168 3602 1220 si
3639 1184 3767 1221 cum
3795 1170 3927 1223 sub-

2331 1257 2544 1311 stantiis
2574 1271 2637 1311 ac
2668 1257 3005 1311 facultatibus
3042 1258 3158 1311 suis
3199 1258 3358 1312 fidem
3388 1258 3587 1313 Christi
3619 1262 3930 1318 confessio-

2334 1368 2567 1423 nemque
2589 1362 2967 1423 sequerentur.
2997 1352 3061 1407 lii
3086 1362 3263 1407 autem
3287 1354 3481 1422 quibus
3503 1354 3681 1410 adhuc
3706 1369 3930 1425 aposto-

2334 1444 2471 1500 licus
2506 1446 2677 1499 incrat
2730 1447 2929 1511 fervor,
2984 1460 3250 1499 memores
3308 1445 3458 1500 illius
3505 1448 3758 1515 pristina:
3811 1466 3931 1518 pcr-

2333 1538 2607 1602 fectionis,
2641 1538 2992 1593 discedentes
3022 1554 3049 1591 a
3081 1539 3390 1592 civitatibus
3424 1538 3558 1607 suis,
3594 1541 3930 1612 illorumque

2340 1634 2616 1687 consortio
2639 1634 2729 1703 qui
2762 1632 2865 1687 sibi
2891 1634 2974 1688 vel
3015 1633 3273 1688 Ecclesia:
3316 1633 3408 1687 Dei
3440 1636 3777 1691 remissioris
3809 1640 3933 1693 vitze

645 1743 763 1781 rum
793 1741 1075 1781 excessum
1103 1732 1383 1793 tepescere
1408 1724 1663 1792 coepisset
1688 1722 2026 1777 credentium
2052 1720 2231 1774 mulli-
2261 1729 2309 1790 B
2338 1726 2723 1797 negligentiam
2755 1726 2960 1781 licitam
2992 1741 3113 1781 esse
3145 1726 3459 1793 credebant,
3485 1728 3537 1781 in
3567 1729 3704 1785 locis
3738 1732 3935 1787 subur-

644 1818 805 1886 tudo,
839 1834 901 1872 ea
929 1818 1014 1872 vel
1048 1818 1279 1872 maxime
1308 1831 1429 1886 qua:
1459 1816 1529 1869 ad
1560 1815 1721 1871 ﬁdem
1768 1816 1965 1871 Chriin
2005 1814 2071 1869 de
2100 1815 2230 1869 alie-

644 1911 851 1979 nigenis
901 1925 965 1965 ac
1011 1909 1243 1964 diversis
1291 1909 1540 1977 gentibus
1594 1908 1920 1974 conﬂuebat,
1964 1925 1992 1961 a
2035 1908 2230 1978 quibus

642 2003 871 2072 apostoli
936 2018 1032 2072 pro
1076 2003 1214 2071 ipsis
1263 2002 1389 2055 ﬁdei
1438 2000 1766 2056 rudimentis
1814 2017 1875 2056 ac
1928 2002 2226 2056 inveterata

638 2097 959 2168 gentilitatis
1003 2096 1401 2152 consuetudine
1441 2094 1576 2149 nihil
1606 2095 1836 2164 amplius
1874 2094 2225 2164 expetebant,

642 2191 746 2247 nisi
775 2199 829 2245 ut
850 2192 913 2246 ab
934 2188 1275 2244 immolatitiis
1299 2188 1564 2242 idolorum
1593 2198 1641 2243 et
1670 2189 2015 2258 fornicatione
2034 2199 2078 2243 et
2109 2190 2225 2259 suf-

643 2285 827 2355 focatis
870 2294 918 2339 et
966 2283 1214 2354 sanguine
1259 2288 1623 2352 temperarent
1661 2280 1869 2351 (Actor.
1899 2282 2031 2350 xv),
2067 2290 2229 2350 atque

643 2378 744 2435 ista
770 2379 987 2435 libertas
1008 2392 1127 2448 qua:
1148 2376 1397 2447 gentibus
1416 2382 1637 2447 propter
1654 2374 2020 2429 inﬁrmitatem
2041 2375 2228 2444 primae

2339 1820 2494 1874 banis
2544 1834 2607 1873 ac
2656 1818 3045 1873 secretioribus
3088 1833 3457 1885 commanere,
3506 1829 3563 1875 et
3599 1836 3662 1875 ea
3708 1839 3833 1893 quae
3865 1825 3935 1878 ab

2338 1911 2595 1981 apostolis
2616 1926 2713 1980 per
2742 1911 3055 1966 universum
3081 1926 3282 1981 corpus
3312 1910 3576 1967 Ecclesia:
3598 1916 3933 1983 generaliter

2338 2001 2701 2057 meminerant
2733 2003 2997 2069 instituta,
3025 2002 3279 2071 privatim
3305 2018 3366 2057 ae
3393 2004 3741 2073 peculiariter
3771 2024 3936 2063 exer-

2337 2108 2462 2148 cere
2484 2103 2797 2161 coeperunt;
2829 2102 2988 2164 atque
3005 2095 3075 2149 ita
3102 2094 3302 2149 coaluit
3322 2094 3449 2161 ista,
3472 2111 3631 2165 quam
3650 2096 3935 2164 diximus,

2338 2187 2721 2257 discipulorum
2752 2188 2845 2258 qui
2885 2203 2944 2243 se
2970 2188 3039 2242 ab
3072 2189 3284 2243 illorum
3326 2192 3578 2259 contagio
3608 2202 3935 2260 sequestra-

2336 2290 2548 2348 verant,
2576 2279 2886 2350 disciplina.
2906 2278 3008 2346 Qui
3036 2279 3293 2350 paulatim
3324 2290 3565 2350 tempore
3595 2283 3931 2351 procedente

2335 2375 2602 2446 segregati
2627 2390 2659 2429 a
2688 2373 3026 2431 credentium
3052 2373 3246 2441 turbis,
3270 2374 3337 2429 ab
3357 2390 3420 2430 eo
3443 2383 3467 2411 ⁸
3492 2376 3636 2445 quod
3661 2378 3929 2447 conjugiis

1712 2509 1971 2564 ALARDI
2012 2508 2245 2565 GAZA‘II
2283 2508 2847 2566 COMMENTARIUS.

644 2628 763 2669 rum
788 2620 935 2667 recte
965 2606 1274 2663 observavit
1296 2605 1741 2659 Turrecrematus
1763 2604 1961 2671 (Trect.
1984 2604 2017 2657 8
2047 2606 2098 2656 in
2130 2603 2234 2657 Re-

643 2678 1200 2755 gulamAD._l_3ened.),
1248 2676 1558 2755 hoc_genus
1607 2676 2027 2755 cmnpbitarum,
2058 2676 2233 2743 quoad

643 2746 882 2820 aliquid,
915 2751 1124 2820 initium
1162 2746 1467 2820 sumpsisse
1516 2763 1544 2798 a
1586 2746 1769 2820 cuneis
1794 2746 2189 2820 (prophetarum
2219 2765 2230 2799 :

649 2817 819 2884 Unde.
853 2822 1043 2887 inquit,
1074 2819 1287 2873 Samuel
1315 2817 1501 2870 dicitur
1550 2818 1741 2887 primus
1786 2818 2066 2887 instituisse
2108 2818 2227 2871 reli-

642 2900 903 2969 giosorum
929 2885 1222 2969 confutatus,
1242 2888 1440 2969 jggiter;
1464 2885 1787 2969 psallentium
1808 2886 2056 2969 Blimina:
2089 2898 2144 2941 ut
2166 2891 2236 2942 ait

647 2957 905 3038 VMagister
924 2965 979 3038 in
1014 2957 1254 3038 istoria'
1274 2957 1599 3038 scholastica
1624 2975 1777 3038 super
1801 2958 1986 3038 illud_|
2014 2961 2143 3038 Iieg.
2168 2976 2232 3038 x_:

2339 2605 2491 2658 etiam
2517 2606 2830 2658 monasteria
2862 2604 3077 2674 peperit.
3100 2604 3181 2658 Ad
3203 2605 3333 2657 hunc
3359 2621 3531 2658 sonum
3555 2609 3772 2661 excitati
3807 2624 3934 2663 sunt

2340 2678 2547 2743 fratres,
2570 2679 2658 2747 qui
2685 2678 2739 2729 in
2765 2692 2919 2729 unum
2950 2676 3180 2728 habitare
3206 2678 3583 2744 concupierunt.
3616 2677 3638 2730 Ι
3654 2689 3730 2731 ste
3754 2697 3934 2733 versus

2339 2748 2441 2821 fuit
2472 2748 2595 2821 tuba
2623 2748 2867 2817 ipsorum.
2901 2746 3088 2821 Sonuit
3128 2763 3218 2817 per
3258 2749 3423 2821 orbem
3456 2757 3727 2821 terrarum,
3761 2762 3811 2803 et
3844 2753 3935 2821 qui

2339 2818 2562 2889 dispersi
2606 2830 2751 2871 erant
2793 2819 3090 2889 congregati
3137 2828 3258 2871 sunt
3296 2820 3348 2871 in
3395 2835 3570 2872 unum.
3623 2819 3691 2873 Et
3741 2818 3884 2875 infra
3922 2842 3931 2873 :

2344 2888 2518 2962 Quare
2537 2905 2637 2943 non
2666 2888 2988 2962 appellemus
3024 2890 3320 2951 monachos,
3347 2906 3461 2944 cum
3486 2892 3623 2962 dicat
3652 2892 3932 2962 psalmus:

2348 2960 2476 3015 Ecce
2501 2976 2656 3031 quant
2690 2961 2877 3031 bonum
2903 2970 2949 3013 et
2970 2976 3122 3025 quam
3149 2961 3443 3031 jucundum
3474 2960 3711 3014 habitare
3742 2966 3931 3029 fratres

648 3019 865 3094 Ebrinus
885 3034 1090 3088 habebis
1129 3047 1329 3102 gregem
1353 3019 1712 3103 praphetarum
1738 3019 2147 3103 descendentium
2173 3032 2235 3084 de
2261 3019 2308 3084 C
2340 3033 2394 3085 in
2424 3019 2605 3096 unum,
2652 3030 2803 3102 μόνος
2830 3032 2964 3086 enim
2983 3019 3130 3103 unus
3149 3019 3385 3103 'dicitur;
3413 3044 3459 3085 et
3499 3049 3601 3085 non
3630 3019 3769 3086 unus
3798 3052 3931 3103 quo-

642 3111 863 3169 excelso,
902 3116 949 3161 et
978 3113 1094 3157 ante
1126 3100 1570 3168 eos'psalterium.
1616 3100 1765 3165 Quod
1810 3111 1981 3155 autent
2020 3103 2233 3155 istorum

647 3180 1006 3253 prophetarum
1033 3182 1310 3253 conventus
1339 3188 1607 3253 personant
1658 3171 2018 3253 religiosorum
2048 3189 2235 3253 reprte‘

645 3241 925 3314 scularent,
947 3255 1161 3302 testatur
1193 3241 1535 3314 Hieronymus
1556 3244 1609 3295 in
1633 3241 1846 3313 epistola
1869 3244 1937 3296 ad
1962 3243 2234 3296 Rusticum

646 3311 950 3376 monachum
978 3317 1151 3370 dicens
1174 3330 1192 3367 :
1223 3311 1350 3365 Filii
1381 3311 1771 3384 prophetarum,
1794 3331 1920 3384 quos
1952 3314 2231 3366 monachos

645 3396 700 3448 in
723 3392 872 3448 reteri
894 3389 1215 3443 Testamento
1239 3384 1472 3454 legimus,
1490 3394 1587 3437 etc.
1614 3384 1797 3451 Quoad
1820 3385 2090 3452 perfectam
2114 3400 2230 3435 vero

648 3466 869 3534 formam
906 3456 1186 3514 communis
1226 3456 1359 3534 vitta,
1393 3464 1438 3506 et
1476 3454 1968 3534 abrenuntiationem
2005 3462 2228 3534 terreno-

646 3522 786 3597 rum,
820 3535 913 3586 hoc
939 3526 1515 3601 genus_mor_tachorum,
1547 3527 1654 3578 hac
1683 3525 2044 3601 ranobitrtrum
2071 3522 2229 3601 disci-

649 3592 814 3677 plina,
848 3612 901 3657 ut
933 3592 1058 3655 dicit
1078 3598 1387 3677 Cassianus,
1416 3613 1447 3649 a
1467 3607 1693 3677 tempore
1716 3592 2007 3665 apostolica
2031 3594 2225 3663 prardi-

649 3668 868 3754 cationis
893 3672 1110 3754 sumpsit
1138 3668 1592 3754 exordiumdltec
1620 3668 1727 3721 ille.

723 3757 747 3784 α
780 3734 1023 3801 Monachi
1049 3756 1216 3812 quare
1244 3741 1323 3794 sic
1349 3738 1499 3812 dicti,
1530 3748 1727 3812 etquze
1780 3734 2103 3812 fuerit_ejus
2132 3750 2230 3789 no-

649 3818 813 3874 minis
843 3817 993 3886 origo
1021 3807 1084 3886 et
1105 3811 1427 3886 etymologia
1446 3851 1461 3875 ,
1489 3809 1637 3863 varie
1666 3823 1693 3861 a
1725 3807 2080 3886 scriptoribus
2123 3815 2232 3861 tra-

648 3891 816 3945 ditur.
860 3880 1119 3953 Qu'amvis
1160 3880 1305 3938 enim
1339 3895 1535 3953 nomen
1569 3882 1818 3953 monachi
1863 3880 2003 3950 apud
2044 3894 2233 3953 omnes

646 3949 1003 4026 Patresftum
1028 3955 1417 4026 Grzecos,_tum
1452 3949 1697 4026 Latinos,
1730 3949 2230 4026 frequentissimum

650 4033 739 4097 sit,
767 4022 944 4085 tamen
970 4027 1094 4097 quid
1122 4023 1410 4097 signiﬁcet,
1432 4038 1538 4097 non
1567 4024 1769 4097 eodem
1788 4023 2039 4097 modoab
2059 4022 2235 4097 omni-

647 4092 750 4159 bus
772 4092 1072 4170 explicaiur
1091 4092 1423 4170 (Bellarmin.
1442 4092 1539 4170 lib.
1565 4108 1603 4147 ιι
1624 4094 1687 4146 de
1714 4092 1984 4147 Monarhis
2007 4094 2229 4170 rapui).

654 4162 905 4242 Plerique
939 4186 975 4242 Aa
1020 4162 1649 4242 solitudinendeductum
1685 4172 1894 4242 putant,
1928 4163 2051 4242 quiia
2082 4162 2233 4242 udae:

649 4230 845 4299 Latine
872 4240 1021 4295 solus
1050 4238 1269 4291 dicitur.
1311 4234 1518 4300 Quibus
1547 4230 1731 4287 favere
1768 4233 1985 4285 videtur
2012 4230 2070 4282 D.
2110 4232 2234 4285 Ilie—

650 4328 909 4384 ronymus
936 4312 986 4362 in
1030 4308 1187 4384 epist.
1213 4306 1279 4384 ad
1311 4302 1876 4384 Heliodoruni_(Epist.
1902 4300 1978 4384 l),
2005 4301 2094 4353 ubi
2123 4304 2225 4384 alti

2338 3104 2728 3169 modoeumque,
2773 3118 2893 3155 nam
2914 3110 2959 3154 et
3002 3102 3055 3155 in
3086 3102 3235 3155 turba
3276 3114 3350 3155 est
3375 3120 3531 3168 unus,
3569 3105 3657 3156 sed
3683 3122 3792 3157 una
3816 3122 3934 3158 cum

2336 3173 2509 3247 multis
2539 3174 2639 3226 dici
2661 3184 2843 3247 potest.
2870 3172 3023 3247 Move;
3045 3189 3146 3247 non
3175 3183 3360 3241 potest,
3390 3174 3444 3247 id
3470 3184 3561 3239 est,
3591 3177 3759 3237 solus;
3783 3178 3933 3247 μόνος

2336 3246 2468 3297 enim
2500 3260 2630 3297 unus
2668 3245 2805 3297 solus
2847 3256 2939 3296 est.
2978 3244 3083 3306 Qui
3112 3259 3231 3313 ergo
3259 3246 3332 3298 sic
3360 3246 3529 3298 vivunt
3573 3247 3625 3298 in
3655 3244 3847 3309 unum,
3886 3257 3934 3300 ut

2335 3329 2491 3365 unum
2519 3314 2776 3365 hominem
2818 3315 3036 3385 faciant,
3066 3322 3110 3365 et
3141 3318 3207 3366 sit
3237 3315 3343 3367 illis
3371 3332 3485 3369 vere
3522 3319 3785 3385 quomodo
3806 3321 3937 3370 scri-

2332 3392 2472 3448 ptum
2500 3392 2594 3454 est,
2627 3383 2942 3454 unaanima,
2971 3393 3019 3454 et
3043 3399 3202 3434 unum
3226 3400 3349 3449 cor;
3380 3383 3543 3438 multa
3564 3403 3817 3454 corpora,
3852 3391 3937 3442 sed

2329 3467 2429 3503 non
2454 3451 2630 3522 multa!
2650 3452 2859 3522 animw;
2884 3452 3050 3502 multa
3070 3467 3305 3522 corpora.
3325 3456 3417 3506 sed
3438 3471 3539 3508 non
3562 3451 3735 3511 multa
3755 3451 3938 3521 corda;

2328 3521 2674 3593 recterdicitur
2698 3518 2868 3593 μόνος,
2892 3521 2954 3593 id
2970 3529 3064 3593 est,
3092 3518 3225 3593 unus
3253 3527 3410 3593 solus.
3445 3524 3579 3578 Inde
3605 3536 3655 3577 et
3680 3529 3783 3582 ille
3805 3518 3934 3583 unus

2327 3592 2608 3669 satiabatur
2633 3588 2916 3669 in'piscina
2936 3588 3124 3669 (fleuit,
3146 3591 3223 3669 ν).
3255 3592 3384 3669 llaec
3402 3592 3791 3669 Augustinus,
3828 3604 3932 3669 qui-

2331 3663 2430 3718 bus
2457 3663 2638 3718 verbis
2666 3663 2867 3718 indicat
2897 3663 3028 3718 nihil
3059 3662 3207 3716 aliud
3250 3663 3558 3732 signiﬁcare
3588 3662 3929 3725 monachum

2332 3751 2490 3804 quam
2526 3735 2797 3789 hominem
2844 3734 2897 3786 in
2932 3734 3022 3787 tali
3054 3734 3258 3787 unitate
3287 3744 3342 3788 et
3370 3738 3779 3794 communitate
3808 3758 3926 3795 cum

2335 3807 2452 3861 aliis
2480 3807 2721 3873 ejusdem
2755 3806 2983 3859 instituti
3012 3806 3307 3870 viventem,
3340 3815 3400 3860 ut
3428 3821 3550 3859 cum
3582 3807 3695 3862 illis
3725 3810 3928 3867 efﬁcia-

2336 3888 2423 3933 tur
2465 3877 2631 3933 velnti
2676 3891 2813 3931 unus
2862 3879 3057 3943 homo,
3101 3891 3265 3929 unum
3319 3892 3437 3940 cor,
3485 3888 3539 3931 et
3571 3879 3754 3934 anima
3801 3900 3922 3945 una,

2337 3952 2478 4005 sicut
2507 3950 2711 4005 dictum
2744 3959 2828 4002 est
2853 3949 2921 4002 de
2966 3947 3157 4017 primis
3196 3945 3539 4011 Christianis,
3587 3951 3786 4015 quibus
3816 3964 3922 4006 erat

2338 4038 2427 4075 cor
2454 4037 2635 4081 unum,
2668 4020 2837 4091 anima
2867 4035 2993 4085 una,
3024 4028 3071 4071 et
3110 4020 3283 4071 omnia
3309 4021 3602 4091 communia
3630 4021 3779 4091 (Act.
3810 4026 3919 4089 tv).

2340 4092 2536 4145 Verum
2571 4092 2671 4144 hac
2703 4090 2914 4144 ratione
2953 4103 3151 4142 nomen
3182 4089 3437 4143 monachi
3480 4091 3610 4145 solis
3639 4089 3921 4147 emnobitis

2336 4160 2676 4232 conveniret,
2711 4161 2877 4232 immo
2906 4173 3035 4212 vero
3067 4160 3373 4232 nihilialiud
3396 4162 3729 4230 signiﬁcaret
3758 4179 3916 4232 quam

2335 4230 2684 4292 ccenobitam,
2709 4230 2763 4283 id
2793 4239 2897 4296 εει,
2934 4231 3300 4284 communiter
3327 4246 3448 4285 eum
3476 4234 3597 4286 aliis
3623 4230 3913 4287 viventem.

2334 4301 2678 4368 Relinquitur
2696 4314 2826 4367 ergo
2848 4300 3129 4354 verissima
3157 4303 3447 4369 explicatio
3472 4304 3631 4371 hujus
3652 4306 3916 4369 vocabuli,

648 4371 1000 4452 Interpretare
1026 4371 1323 4458 uocabulum
1358 4373 1617 4458 magachi,
1662 4371 1757 4425 hoc
1781 4381 1872 4452 est.
1906 4381 2043 4452 tuum
2061 4373 2230 4458 aquid
2258 4398 2307 4458 Β
2334 4386 2495 4458 quam
2522 4372 2624 4425 hoc
2652 4372 2775 4458 locg
2803 4371 2969 4454 tradit
2997 4371 3164 4426 abbas
3185 4372 3489 4458 Piatitmon,
3518 4378 3788 4455 μοηᾳχούς
3811 4378 3920 4429 sive

647 4456 776 4525 facis
801 4442 860 4505 in
895 4447 1349 4525 turba._qui_s_olus
1373 4444 1466 4525 es?
1494 4445 1775 4524 Etrursus
1806 4444 1856 4495 in
1888 4442 2136 4525 _epistola
2162 4443 2228 4525 ad

648 4513 931 4597 Paulinum
960 4513 1152 4597 (la‘pist2
1187 4518 1331 4597 1.5)}
1367 4514 1599 4597 Sincupis
1627 4531 1733 4568 esse
1760 4514 1897 4597 quod
1934 4513 2142 4581 diceris,
2176 4514 2230 4597 id

2333 4446 2647 4515 μονάζοντας
2670 4443 2795 4496 inde
2819 4442 3144 4503 nominatos,
3177 4444 3315 4510 quod
3345 4461 3376 4496 a
3407 4442 3657 4515 coniugiis
3678 4442 3920 4499 abstines

2333 4512 2468 4577 rent,
2501 4527 2547 4569 et
2570 4533 2601 4567 a
2630 4524 2903 4585 parentum
2931 4530 2985 4568 se
3011 4516 3268 4567 consortio
3306 4532 3367 4567 ac
3402 4512 3576 4567 mundi
3593 4513 3755 4584 hujus
3786 4533 3921 4571 con-

648 4606 742 4658 est,
774 4595 936 4654 salus,
969 4584 977 4590 ’
1005 4584 1095 4642 uid
1126 4587 1253 4655 faris
1280 4587 1335 4639 in
1368 4584 1602 4649 urbibus,
1630 4601 1746 4657 qua?
1784 4585 1957 4654 utique
1985 4600 2086 4636 non
2112 4595 2231 4638 sunt
2271 4610 2301 4643 ο
2333 4584 2984 4650 versationesecernerent,
3016 4594 3072 4637 ut
3104 4585 3358 4639 nimirum
3388 4587 3483 4639 soli
3516 4585 3619 4639 Deo
3652 4600 3749 4652 per
3782 4601 3920 4643 con-

648 4666 878 4714 solorum
905 4608 1224 4714 halitacula.
1266 4657 1355 4709 sed
1387 4656 1702 4710 multorum?
1735 4659 1890 4714 Atqui
1924 4656 2227 4710 secundum
2335 4658 2735 4714 templationem
2759 4656 3107 4710 inhrererent.
3132 4657 3286 4714 Quod
3318 4666 3372 4711 et
3399 4656 3680 4711 conﬁrmat
3704 4656 3767 4711 B.
3799 4658 3920 4713 Dio-

646 4656 878 4721 solorum
905 4656 1224 4724 habitacula,
1266 4657 1355 4709 sed
1387 4656 1702 4710 multorum?
1735 4659 1890 4723 Atqui
1924 4656 2227 4710 secundum

654 4739 791 4791 hanc
813 4737 1079 4789 rationem
1105 4740 1162 4785 et
1184 4729 1564 4799 etymologiam
1591 4744 1783 4783 nomen
1816 4727 2067 4799 monachi
2097 4728 2228 4781 solis

647 4807 890 4863 eremitis
936 4814 990 4859 et
1032 4798 1375 4857 anachoretis
1409 4800 1626 4870 proprie
1669 4798 2005 4862 conveniret,
2034 4808 2109 4870 _ut
2136 4800 2227 4865 qui

646 4882 747 4934 soli
784 4877 1100 4934 habitabant
1127 4874 1178 4928 in
1207 4872 1463 4937 desertis,
1488 4868 1611 4924 eum
1637 4880 1812 4925 tamen
1840 4868 2225 4924 monachorum

648 4967 844 5007 nomen
868 4959 921 5005 et
945 4947 1210 5002 institutio
1231 4944 1536 5011 reperiatur
1556 4942 1695 5010 apud
1724 4942 2035 5011 Dionysium
2060 4942 2229 4995 Areo-

650 5027 902 5094 pagitam,
948 5018 1039 5090 qui
1084 5017 1199 5072 fere
1236 5013 1503 5094 _lrecent_is
1543 5014 1696 5094 annis
1743 5013 1966 5094 l’attlum
1995 5013 2225 5094 primum

649 5083 939 5151 lirémitam
966 5083 1305 5151 antecessit;
1357 5093 1411 5139 et
1449 5085 1565 5154 ipse
1594 5086 1755 5139 etiam
1790 5084 2147 5154 Hieronymus
2172 5083 2224 5137 in

646 5167 875 5235 epistola
902 5160 1347 5235 adEustochium
1374 5154 1573 5235 (Epist,
1604 5155 1931 5235 22)ﬂnomen
1974 5154 2225 5209 monachi

646 5226 754 5291 tam
777 5233 1063 5291 cmnobitis
1084 5246 1243 5301 quam
1266 5226 1606 5301 anachoretis
1628 5226 1755 5301 velit
1778 5242 1899 5281 esse
1917 5241 2223 5301 commune.

645 5308 754 5362 Alii
783 5323 810 5359 a
844 5304 1071 5360 monade
1102 5298 1412 5356 ἰιιοηίιριιοε
1458 5299 1632 5352 dictos
1677 5298 2120 5365 interpretantur,
2173 5298 2224 5351 id

644 5388 749 5445 est,
780 5378 848 5431 ab
876 5377 1105 5437 unitate,
1130 5373 1243 5428 sive
1267 5371 1485 5445 unione.
1538 5369 2021 5445 Sed_lune_rnrsutn
2052 5369 2226 5445 unitas

646 5439 761 5505 sive
794 5448 919 5502 unio
953 5445 1244 5511 dupliciter
1285 5443 1602 5510 exponitur.
1633 5441 1763 5495 Nam
1795 5440 1854 5493 D.
1891 5439 2226 5511 Augustinus

641 5533 921 5588 exponens
973 5509 1124 5572 illum
1178 5509 1509 5568 versiculum
1553 5512 2040 5588 _psalmi__cxxxn:
2092 5509 2225 5588 Ecce

640 5582 792 5660 quam
839 5590 1056 5660 bonum_
1081 5594 1126 5637 et
1166 5602 1318 5654 quam
1356 5582 2146 5660 jucundum__ltabitare_fratres
2172 5583 2225 5634 in

640 5653 801 5710 unum
826 5672 845 5708 :
876 5657 1011 5720 Ista,
1044 5653 1235 5721 inquit,
1261 5653 1413 5709 verba
1442 5653 1705 5722 Psalterii,
1737 5656 1831 5706 iste
1852 5654 2019 5707 dulcis
2046 5668 2220 5717 sonus,

636 5727 743 5780 ista
770 5726 948 5778 suavis
977 5724 1199 5778 melodia
1225 5735 1328 5778 tam
1357 5727 1413 5779 in
1443 5728 1643 5780 cantico
1670 5740 1825 5796 quam
1850 5725 1904 5778 in
1934 5723 2220 5791 intellectu,

2335 4658 2735 4725 templationem
2759 4656 3107 4710 inhrererent.
3132 4657 3286 4721 Quod
3318 4666 3372 4711 et
3399 4656 3680 4711 conﬁrmat
3704 4656 3767 4711 Β.
3799 4658 3920 4713 Dao-

2333 4730 2520 4799 nysius
2552 4727 2876 4799 Areopagita
2906 4742 3035 4799 cap.
3080 4729 3112 4782 6
3158 4728 3368 4782 Eccles.
3399 4727 3633 4789 Hieran.
3673 4729 3920 4799 ubidieit

2333 4798 2628 4855 monachos
2661 4798 2941 4868 appellari.
2973 4798 3110 4865 quod
3137 4800 3285 4853 rebus
3322 4800 3660 4853 divisibilibus
3705 4798 3913 4865 relictis,

2334 4872 2563 4937 monadi,
2594 4872 2647 4923 id
2676 4880 2768 4932 est,
2801 4870 3059 4922 divinitati
3095 4871 3195 4924 soli
3221 4871 3422 4938 placere
3456 4882 3607 4939 atque
3631 4871 3769 4923 uniri
3794 4888 3917 4925 con-

2332 4943 2614 4995 tenderent.
2662 4941 2832 5006 lnde,
2895 4940 3099 5010 inquit,
3158 4943 3321 4995 sancti
3375 4951 3714 5011 praeceptores
3762 4946 3917 4997 nostri

2332 5013 2646 5084 (Apostoli)
2676 5012 2859 5065 divinis
2902 5028 2986 5084 eos
3028 5012 3457 5083 appellationibus
3486 5022 3605 5066 sunt
3645 5017 3913 5083 prosecuti,

2332 5082 2518 5152 partim
2542 5082 2884 5151 therapeutas,
2908 5082 2961 5135 id
2982 5092 3072 5147 est,
3100 5087 3336 5149 cultores,
3365 5099 3394 5135 a
3417 5084 3619 5137 sincero
3638 5082 3734 5136 Dei
3754 5085 3915 5150 fantu-

2331 5157 2439 5208 latu
2467 5165 2618 5224 atque
2645 5156 2819 5219 cultu;
2848 5155 3032 5220 partim
3060 5154 3333 5208 monachos
3360 5154 3423 5208 ab
3450 5154 3719 5207 individua
3740 5166 3786 5206 et
3814 5158 3916 5210 sin-

2330 5227 2499 5295 gulari
2526 5227 2627 5279 vita
2650 5225 2989 5295 appellantes,
3022 5234 3078 5277 ut
3105 5241 3219 5295 qua:
3258 5226 3371 5279 illos
3407 5243 3497 5296 per
3519 5237 3723 5279 sanctas
3743 5227 3913 5279 divisi-

2332 5296 2511 5350 bilium
2535 5296 2809 5364 affectuum
2836 5296 2889 5349 in
2911 5313 3069 5348 unum
3093 5298 3509 5364 complicationes
3532 5307 3578 5350 et
3599 5297 3911 5351 collectione:

2330 5369 2382 5420 in
2436 5369 2732 5439 deiformem
2783 5369 3049 5439 monadem
3096 5368 3507 5439 singularemque
3558 5370 3909 5438 perfectionem

2331 5438 2643 5508 promoveat.
2672 5439 2873 5492 Eodem
2908 5438 3095 5491 alludit
3122 5438 3293 5493 canon
3323 5438 3538 5494 concilii
3570 5439 3775 5493 Niczeni
3802 5442 3904 5507 (lli,

2328 5527 2381 5579 q.
2418 5510 2469 5574 1,
2498 5527 2543 5564 c.
2575 5510 2631 5577 1)
2662 5524 2690 5562 a
2729 5510 2984 5564 Gratiano
3026 5509 3220 5562 citatus
3249 5512 3299 5564 in
3335 5510 3451 5565 luce
3481 5510 3642 5565 verba
3674 5529 3687 5565 :
3716 5508 3905 5563 Placuit

2331 5580 2563 5634 omnibus
2584 5581 2921 5634 residentibus
2951 5582 3001 5633 in
3035 5591 3208 5633 sancta
3236 5581 3283 5634 Ν
3293 5583 3455 5635 ictena
3478 5582 3699 5652 synodo,
3734 5592 3789 5652 ut
3812 5596 3905 5631 mo-

2330 5653 2613 5725 nachorum
2646 5654 2965 5725 conversatio
2995 5662 3040 5705 et
3079 5655 3204 5719 vita,
3234 5651 3517 5725 secundum
3552 5651 3904 5725 etymologiam

2328 5724 2569 5788 nominis,
2602 5724 2664 5777 ab
2685 5726 2915 5778 omnibus
2936 5726 3208 5795 discrepet.
3241 5722 3529 5782 Monachus
3550 5720 3689 5778 enim
3718 5720 3900 5795 Graec,
