4014 6200
235 329 366 390 1101

840 331 1180 390 COLLATIO
1217 329 1406 389 XVIII.
1439 362 1508 376 —
1536 331 1627 389 DE
1667 325 1916 393 TRIBUS
1951 331 2342 393 GENERIBUS
2381 327 2884 393 MONACHOBUM.

3353 339 3498 398 1102

233 447 596 519 professionis
617 447 890 520 principes
916 447 1017 503 hos
1043 461 1176 517 quos
1204 448 1363 519 paulo
1393 456 1516 504 ante
1549 464 1820 505 memora-
1845 455 1898 515 Α
1922 451 2121 506 vincula
2149 452 2259 525 ejus
2285 453 2530 508 resolvit?
2575 449 2755 506 Posuit
2804 445 3157 504 habitaculum
3186 453 3297 524 ejus
3321 456 3498 512 deser-

237 541 455 607 vimus,
505 551 752 597 sanctum
801 540 1051 596 videlicet
1099 541 1322 596 Paulum
1355 543 1436 597 vel
1488 543 1818 612 Antonium,

234 635 486 692 novimus
513 633 814 690 exstitisse.
846 631 949 699 Qui
981 648 1088 686 non
1116 674 1130 699 ,
1165 641 1225 687 ut
1254 633 1470 702 quidam
1492 675 1506 699 ,
1544 634 1823 703 pusillani-

233 727 440 780 mitatis
470 739 635 780 causa
668 740 765 780 nec
802 724 1152 794 impatientia:
1177 726 1405 789 morbo,
1429 726 1524 781 sed
1553 726 1823 782 desiderio

232 817 575 872 sublimioris
624 815 901 886 profectus
958 817 1536 888 contemplationisque
1593 818 1819 886 divinat,

230 908 547 966 solitudinis
569 919 780 965 secreta
813 909 1002 964 sectati
1047 919 1192 974 sunt,
1225 911 1352 964 licet
1381 912 1528 979 prior
1557 918 1608 977 ι,
1633 924 1823 966 eorum

233 1004 578 1059 necessitatis
599 1001 848 1066 obtentu,
872 1002 998 1056 dum
1026 1010 1269 1073 tempore
1291 1004 1682 1074 persecutionis
1709 1003 1826 1059 alli-

233 1099 387 1152 nium
418 1111 638 1152 suorum
686 1095 888 1151 devitat
917 1093 1143 1149 insidias
1169 1137 1182 1159 ,
1217 1111 1456 1150 eremum
1505 1107 1824 1166 penetrasse

235 1189 470 1246 dicatur.
501 1189 576 1245 Ita
605 1205 734 1260 ergo
766 1187 1035 1258 processit
1083 1205 1150 1245 ex
1193 1189 1317 1253 illa,
1352 1206 1510 1260 quam
1553 1190 1820 1258 diximus,

237 1283 525 1351 disciplina
551 1282 695 1337 aliud
727 1282 1082 1353 perfectionis
1121 1298 1312 1354 genus,
1342 1283 1498 1352 cujus
1525 1291 1823 1341 sectatores

238 1375 607 1436 anachoreta»,
641 1375 696 1429 id
718 1381 821 1439 est,
855 1388 1166 1429 secessores
1194 1376 1388 1430 merito
1421 1384 1819 1444 nuncupantur,

238 1482 308 1524 eo
333 1467 475 1538 quod
505 1482 842 1537 nequaquam
875 1467 1118 1522 contenti
1159 1466 1262 1522 hac
1290 1467 1508 1523 victoria
1549 1483 1653 1536 qua
1680 1467 1822 1522 inter

232 1559 484 1617 homines
503 1558 987 1614 occultasinsidias
1004 1558 1200 1613 diaboli
1235 1559 1604 1623 calcaverunt,
1634 1565 1822 1628 aperto

233 1650 536 1706 certamine
554 1665 618 1704 ac
638 1649 924 1705 manifesto
942 1649 1198 1705 conflictu
1218 1649 1550 1704 daemonibus
1566 1649 1822 1719 congredi

232 1745 551 1811 cupientes,
579 1754 763 1797 vastos
791 1745 961 1798 eremi
1002 1758 1252 1798 recessus
1289 1753 1577 1813 penetrare
1616 1759 1724 1798 non
1758 1741 1822 1796 ti-

1926 555 2051 609 tum,
2082 556 2127 600 et
2155 545 2485 600 tabernacula
2519 547 2632 618 ejus
2661 541 3016 615 salsuginem?
3050 539 3284 598 lrridens
3324 547 3500 602 multi-

1925 638 2150 691 tudinem
2177 638 2418 704 civitatis,
2448 645 2498 690 et
2533 634 2795 704 querelam
2837 635 3090 690 exactaris
3128 651 3232 689 non
3260 636 3500 694 audiens.

1926 727 2276 783 Consideravit
2303 739 2500 783 montes
2529 744 2735 804 pascua:
2771 744 2897 791 sate,
2923 736 2971 781 et
2997 735 3110 796 post
3152 743 3297 780 omne
3341 727 3504 782 viride

1924 821 2106 888 quaerit
2132 818 2273 893 (Job.
2297 819 2504 891 XXXIX).
2533 819 2588 874 In
2617 818 2846 874 Psalmis
2873 833 3084 890 quoque
3108 837 3122 876 :
3150 814 3338 872 Dicant
3366 834 3504 872 nunc

1922 913 2012 981 qui
2036 912 2286 981 redempti
2329 923 2450 966 sunt
2485 929 2517 966 a
2543 910 2764 966 Domino
2782 953 2798 979 ,
2828 928 2954 982 quos
2980 910 3194 964 redemit
3237 911 3299 964 de
3343 926 3504 966 manu

1921 1003 2120 1056 inimici
2154 1001 2324 1072 (Psal.
2355 1003 2484 1074 cu).
2537 1002 2602 1057 Et
2654 1011 2774 1073 post
2823 1017 3030 1072 pauca:
3085 999 3400 1056 Erraverunt
3446 1004 3504 1056 in

1921 1097 2236 1166 solitudine,
2265 1097 2319 1150 in
2369 1097 2621 1168 inaquoso
2668 1095 2834 1169 [Lips.
2889 1099 2942 1151 in
2982 1112 3149 1168 marg.
3202 1096 3498 1168 siccitate],

1922 1189 2059 1243 viam
2079 1190 2298 1244 civitatis
2325 1187 2607 1243 habitaculi
2643 1205 2745 1243 non
2772 1190 3092 1244 invenerunt.
3127 1189 3425 1244 Esurientes
3455 1197 3504 1244 et

1922 1281 2146 1336 sitientes
2169 1300 2188 1349 ;
2218 1283 2389 1336 anima
2417 1298 2591 1336 eorum
2621 1283 2673 1336 in
2699 1282 2824 1350 ipsis
2841 1281 3043 1351 defecit.
3071 1277 3135 1336 Et
3156 1280 3506 1337 clamauerunt

1923 1373 1992 1428 ad
2021 1372 2300 1427 Dominum
2335 1391 2450 1427 cum
2493 1372 2892 1438 tribularentur,
2924 1381 2972 1426 et
3018 1375 3080 1427 de
3117 1374 3504 1428 necessitatibus

1922 1483 2098 1521 eorum
2151 1465 2382 1519 liberavit
2433 1482 2516 1520 eos
2567 1463 2980 1538 (lbid.).Quos
3025 1465 3184 1520 etiam
3241 1465 3505 1523 Jeremias

1925 1557 1995 1613 ita
2018 1558 2280 1614 de>cribit
2305 1576 2319 1614 :
2353 1557 2543 1612 Beatus
2571 1558 2660 1630 qui
2689 1559 2822 1612 tollit
2844 1561 3032 1631 jugum
3063 1557 3128 1612 ab
3154 1558 3506 1614 adolescentia

1924 1668 2038 1717 sua,
2069 1649 2259 1705 sedebit
2286 1650 2552 1705 solitarius
2581 1659 2627 1703 et
2659 1649 2859 1714 tacebit,
2886 1651 3007 1720 quia
3044 1650 3225 1705 levavit
3268 1669 3322 1706 se
3352 1670 3507 1725 super

1923 1759 1976 1797 se
1997 1741 2206 1813 (Thren.
2235 1739 2334 1812 tu).
2351 1741 2559 1814 Quique
2581 1741 2712 1798 illud
2733 1741 3034 1798 Psalmistte
3056 1742 3247 1800 aliectu
3269 1755 3324 1799 et
3341 1760 3507 1814 opere

235 1843 442 1898 meant,
465 1833 496 1873 δ
516 1834 580 1889 ad
603 1833 951 1888 imitationem
976 1834 1181 1889 scilicet
1203 1833 1428 1888 Joannis
1451 1833 1706 1904 Baptistae
1729 1833 1818 1903 qui
1849 1841 1897 1901 B
1923 1837 2215 1890 concinuut
2241 1853 2252 1887 :
2285 1835 2485 1890 Similis
2528 1835 2699 1905 factus
2742 1853 2858 1890 sum
2903 1837 3140 1904 pelicano
3185 1839 3503 1892 solitudinis.

234 1926 295 1980 in
341 1941 522 1981 eremo
572 1934 682 1980 tota
734 1925 1028 1995 permansit
1073 1934 1276 1980 astate:
1325 1926 1460 1982 Elia
1511 1940 1726 1996 quoque
1763 1933 1822 1982 et

233 2017 438 2086 Elismi,
472 2025 634 2087 atque
667 2017 882 2072 illorum
913 2017 982 2072 de
1009 2018 1207 2087 quibus
1232 2018 1525 2088 Apostolus
1557 2019 1630 2076 ita
1668 2033 1821 2075 com-

233 2120 506 2169 memoret
531 2127 548 2164 :
574 2107 948 2165 Circumierunt
979 2111 1032 2164 in
1062 2109 1279 2174 uelutis,
1310 2111 1368 2165 in
1401 2111 1620 2179 pellibus
1649 2114 1818 2180 capri-

234 2203 339 2266 nis,
363 2208 589 2272 egentes,
613 2202 1134 2273 angusttati,amicti,
1160 2204 1340 2268 quibus
1365 2205 1552 2275 dignus
1579 2220 1681 2258 non
1708 2211 1824 2260 erat

236 2297 488 2365 mundus,
516 2297 568 2351 in
585 2295 950 2352 solitudinibus
974 2309 1223 2367 errantes,
1249 2308 1296 2354 et
1323 2300 1375 2354 in
1396 2299 1668 2366 montibus,
1690 2307 1738 2353 et
1761 2297 1817 2353 in

234 2390 520 2461 speluncis,
549 2402 597 2446 et
622 2391 676 2446 its
705 2392 936 2446 munis
962 2401 1112 2446 terra
1159 2391 1343 2458 (Hebr.
1385 2392 1484 2462 ιι).
1519 2394 1596 2448 De
1621 2390 1819 2462 quibus

234 2487 406 2541 etiam
430 2485 686 2541 Dominus
716 2485 1012 2556 ﬁguraliter
1038 2486 1103 2539 ad
1129 2485 1232 2541 Job
1257 2503 1272 2539 :
1305 2496 1328 2525 ο
1363 2485 1508 2552 Quis,
1545 2487 1619 2538 ait
1645 2484 1814 2557 [Lips.

231 2581 291 2636 in
320 2597 484 2653 marg.
509 2578 742 2652 autem],
761 2589 838 2635 est
868 2580 957 2651 qui
986 2579 1179 2634 dimisit
1210 2594 1461 2652 onagrum
1491 2577 1705 2632 liberum
1726 2621 1741 2647 ,
1769 2585 1817 2631 et

1935 1926 2156 1996 Vigilaei
2183 1936 2230 1982 et
2255 1931 2420 1998 [actus
2447 1945 2562 1982 sum
2607 1929 2739 1982 sicut
2779 1945 2960 2000 passer
2995 1932 3261 1986 solitarius
3293 1933 3348 1986 in
3377 1939 3506 1987 tecto

1925 2019 2100 2092 (ML
2124 2020 2225 2092 ω’
2524 2091 2752 2150 CAPUT
2789 2093 2898 2150 vn.

2065 2180 2145 2237 De
2179 2180 2573 2238 Sarabaitarum
2603 2184 2854 2252 principio
2889 2192 2938 2238 et
2961 2192 3361 2243 conversatione.

1995 2293 2237 2364 Cumque
2283 2291 2366 2348 his
2393 2291 2601 2348 duabus
2644 2291 3072 2365 professionibus
3118 2300 3506 2356 monachorum

1924 2388 2116 2458 religio
2140 2387 2440 2443 Christiana
2469 2386 2748 2456 gauderet,
2781 2389 3040 2456 cupisset
3065 2400 3243 2447 autem
3274 2394 3327 2447 in
3353 2393 3508 2449 dete-

1924 2481 2036 2537 rius
2059 2481 2315 2551 paulatim
2346 2479 2434 2535 hic
2461 2495 2671 2551 quoque
2697 2481 2836 2538 ordo
2859 2483 3120 2550 recidere,
3145 2489 3363 2543 emersit
3387 2499 3508 2556 post

1926 2575 2043 2632 haec
2069 2573 2200 2630 illud
2222 2572 2249 2611 ἀ
2279 2573 2628 2632 deterrimum
2654 2583 2709 2631 et
2739 2573 2959 2633 inﬁdele
2997 2578 3382 2637 monachorum
3411 2596 3508 2652 ge-

1315 2739 1570 2798 Αωιωι
1606 2736 1843 2796 GAZIEI
1879 2737 2438 2795 COMMENTARIUS.

233 2875 266 2914 a
287 2855 457 2913 Paulo
489 2856 706 2924 incepta
731 2899 746 2922 ,
777 2855 847 2910 ab
893 2856 1128 2912 Antonio
1155 2868 1284 2911 vero
1315 2855 1613 2910 lntroducta
1647 2863 1729 2909 est
1754 2849 1858 2908 ει*

236 2930 472 2992 exculta,
497 2929 766 2997 certisque
784 2927 983 2998 regulis
1004 2927 1494 2998 etiustimtionihos
1519 2926 1806 2998 illustrata,

233 3011 400 3070 atque
427 3005 477 3053 iu
508 2996 716 3070 certum
741 2996 985 3054 ordinem
1020 3001 1376 3053 monasticum
1407 2997 1643 3070 redacta.
1697 2996 1807 3050 Etsi

234 3067 384 3127 cnim
417 3070 612 3124 Paulus
645 3069 847 3136 primus
873 3070 1110 3123 omnium
1159 3071 1209 3122 iu
1257 3083 1435 3123 eremo
1468 3067 1685 3129 vixerit,
1733 3077 1810 3120 ta-

237 3158 363 3197 men
393 3156 494 3195 non
528 3141 713 3195 habuit
738 3143 852 3210 ipse
895 3140 1216 3206 discipulos;
1250 3154 1347 3194 nec
1373 3139 1469 3192 iuit
1499 3146 1656 3210 notus
1706 3136 1810 3190 nisi

235 3214 398 3284 paulo
427 3219 554 3284 ante
597 3208 845 3280 mortem,
881 3221 937 3265 ut
973 3213 1174 3284 dictum
1221 3220 1329 3284 est.
1376 3208 1640 3284 A_otouius
1672 3223 1812 3284 _ve_ro

239 3264 360 3338 {alii
379 3264 932 3349 anachoretas‘qiiam
958 3281 1255 3337 cmnobitas
1281 3280 1572 3348 discipulos
1604 3279 1810 3334 habuit.
1838 3264 1885 3327 C

242 3354 404 3410 Unde
429 3352 567 3407 sicut
591 3353 712 3406 vitae
735 3352 1072 3408 cmuohiticzr
1095 3355 1392 3417 restitutor,
1421 3355 1488 3405 ita
1514 3361 1565 3405 et
1588 3350 1822 3404 anacho-

241 3425 432 3481 retica:
454 3424 725 3478 institutor
743 3437 794 3476 et
821 3437 1009 3477 δυο.οΓ
1033 3421 1135 3476 dici
1162 3425 1385 3488 meruit;
1413 3437 1517 3477 ηοω
1549 3430 1653 3477 tam
1678 3421 1819 3490 quod

241 3497 364 3562 ipse
392 3509 580 3548 omnes
613 3496 951 3564 praecesserit
976 3509 1133 3562 quam
1159 3493 1298 3564 quod
1331 3495 1399 3547 ab
1436 3495 1550 3558 ipso
1575 3495 1820 3564 omnium

242 3569 466 3621 incitata
497 3563 816 3630 siut’studia,
847 3575 904 3618 ut
943 3567 1015 3616 ait
1049 3565 1111 3617 D.
1154 3563 1533 3635 Hieronymus.
1559 3563 1821 3635 Quocirca

243 3645 468 3706 uterque
497 3637 602 3690 dici
639 3643 813 3703 potest
844 3635 1048 3703 primus
1077 3645 1129 3688 et
1160 3632 1408 3704 princeps
1438 3637 1558 3688 vitm
1589 3632 1822 3689 eremiti-

243 3724 364 3762 cat:
410 3709 605 3762 Paulus
643 3707 857 3774 quidem
890 3718 1129 3774 tempore
1154 3749 1168 3773 ,
1203 3710 1464 3758 Antonius
1491 3713 1669 3757 autem
1703 3720 1818 3774 tua,-

241 3780 466 3849 gisterio
489 3821 505 3845 ,
539 3786 598 3832 ut
625 3773 756 3832 scite
802 3773 1161 3831 Bellarmiuus
1211 3774 1351 3846 (Lib.
1384 3791 1420 3828 tt
1451 3775 1513 3828 de
1547 3773 1823 3827 Monachis

245 3866 364 3904 catt.
400 3850 476 3904 5i.

312 3868 364 3956 ξ·
397 3846 610 3975 ἓὲῖιίοει
655 3915 892 3983 Paulus,
925 3916 1015 3988 qui
1061 3931 1160 3987 qua
1207 3914 1496 3988 occasione
1534 3923 1634 3988 aut
1675 3912 1829 3988 cuius

245 3990 589 4046 necessitatis
620 3991 842 4043 obtentu
872 3984 1110 4042 erémutn
1143 3987 1374 4053 petierit,
1409 3985 1580 4053 refert
1604 3984 1665 4037 D.
1704 3985 1827 4038 Ilie-

247 4076 506 4132 ronymus
535 4063 585 4114 in
617 4060 757 4113 hunc
803 4059 1058 4112 modum:
1105 4052 1214 4132 Sub
1254 4052 1410 4132 Decio
1450 4064 1495 4132 e_t
1548 4052 1826 4132 Valeriano

247 4122 687 4202 persecutoribus,
729 4146 846 4202 qqu
871 4140 1094 4194 tempore
1139 4127 1426 4202 Corm-lius_
1448 4125 1627 4180 Romae
1656 4134 1700 4179 et
1729 4122 1829 4202 Cy-

248 4194 796 4274 priathCarthagine
811 4200 959 4274 [elici
990 4215 1171 4274 cruore
1198 4200 1427 4274 damnati
1465 4207 1605 4258 sunt,
1641 4194 1829 4250 multas

250 4269 396 4340 apud
426 4269 495 4323 1E
501 4269 714 4342 θυμιτιτῄ
736 4283 782 4322 et
809 4269 1070 4323 Thebaida
1107 4269 1364 4324 Ecclesias
1391 4277 1830 4342 tempestassteva

250 4335 634 4415 populata'_'.rst_.
680 4341 792 4394 Voti
834 4351 953 4415 tunc
992 4342 1298 4415 Christianis
1346 4351 1457 4415 erat
1486 4335 1594 4415 _'pro
1638 4335 1834 4415 Christi

249 4406 458 4467 nomine
478 4412 649 4485 gladio
676 4413 906 4485 percuti:
940 4427 1112 4464 verum
1142 4413 1303 4466 hostis
1334 4406 1555 4485 callidus
1585 4412 1732 4485 tara‘a
1762 4406 1832 4460 ad

251 4499 462 4538 mortem
478 4477 740 4555 supplicia
761 4484 1084 4553 conquirens.
1101 4498 1182 4534 an;
1194 4498 1299 4535 mas
1313 4483 1544 4547 cupiebat
1556 4477 1828 4602 jugulare,

253 4573 358 4602 nun
382 4571 598 4602 corpora
621 4570 638 4602 3
670 4564 716 4602 et
746 4563 799 4602 ut
831 4556 957 4602 inse-
982 4557 1071 4602 aui
1100 4553 1160 4602 ab
1187 4569 1243 4602 eo
1283 4567 1465 4602 passus
1486 4561 1580 4602 est.
1659 4551 1828 4602 unria~

252 4573 358 4609 non
382 4551 638 4622 corpora;
670 4564 716 4606 et
746 4563 799 4606 ut
831 4551 958 4616 ipse,
982 4557 1071 4623 qui
1100 4553 1160 4604 ab
1187 4569 1243 4605 eo
1283 4567 1465 4623 passus
1486 4561 1580 4608 est,
1614 4551 1830 4623 Cypria-

1914 2853 2131 2907 cutionis
2165 2853 2320 2920 ﬁnem
2352 2853 2762 2922 praestolaretur,
2807 2855 3151 2910 necessitatem
3182 2856 3236 2910 in
3265 2857 3504 2916 volunta-

1914 2934 2012 2978 tem
2040 2925 2216 2990 vertit,
2245 2925 2585 2998 capitulatim
2625 2925 2960 2998 progrediens
2983 2967 2998 2992 ,
3030 2943 3310 2998 rursusque
3339 2931 3506 2987 subsi-

1913 3003 2070 3062 stens,
2113 3002 2263 3064 atque
2309 2995 2403 3048 hoc
2443 2995 2574 3072 idem
2602 2995 2788 3072 saepius
2832 2997 3044 3072 faciens.
3079 2995 3282 3072 tandem
3312 3005 3505 3072 reperit

1912 3081 2122 3140 saxeum
2167 3077 2420 3140 montem,
2466 3065 2534 3118 ad
2563 3066 2710 3140 cujus
2751 3065 2978 3140 radicem
3005 3067 3149 3122 haud
3177 3065 3508 3140 procul'erat

1915 3136 2126 3205 grandis
2147 3135 2548 3210 spel_unca,-qua_a
2576 3135 2750 3206 lapide
2769 3137 3106 3210 claudebatur
3129 3135 3267 3210 :quo
3289 3155 3507 3207 remota,

1921 3218 1976 3260 ut
2005 3218 2076 3281 est
2108 3208 2367 3281 cupiditas
2404 3207 2666 3281 hominum
2705 3208 2901 3262 occulta
2933 3207 3232 3281 cognoscere
3256 3253 3270 3273 ,
3305 3213 3507 3268 avidius

1918 3277 2218 3353 explorans,
2250 3280 2608 3353 animadvertit
2639 3280 2778 3353 intus
2797 3277 3342 3353 grandinesfibulum.
3369 3288 3507 3353 quod

1923 3360 2099 3416 aperto
2128 3350 2344 3425 desuper
2373 3351 2520 3425 aceto,
2559 3351 2744 3425 patulis
2772 3350 2961 3418 diffusa
2989 3353 3144 3405 ramis
3170 3362 3310 3406 vetus
3339 3350 3511 3425 palma

1922 3431 2238 3482 contexerat,
2260 3421 2449 3490 fontem
2473 3421 2843 3474 lucidissimum
2866 3424 3154 3484 ostendens,
3177 3421 3510 3492 cujus'rtvum

1924 3498 2281 3564 tantummodo
2314 3493 2453 3559 foras
2491 3504 2868 3559 erumpentem,
2911 3494 3087 3544 statim
3135 3493 3334 3564 modico
3369 3497 3511 3564 fura-

1925 3562 2286 3642 mincneadeat
2316 3575 2429 3628 qua:
2456 3571 2699 3642 genuerat
2732 3578 2926 3642 aquas,
2948 3574 3080 3642 terra
3111 3562 3378 3642 sorbebat._
3398 3565 3509 3634 Igi-

1925 3639 2009 3683 tur
2034 3631 2292 3693 adamato,
2327 3629 2475 3694 quasi
2499 3633 2635 3698 quod
2665 3648 2694 3682 ιι
2728 3629 2834 3682 Deo
2861 3631 2958 3682 sibi
2981 3629 3274 3695 o/Terretur.
3307 3629 3512 3688 habita-

1925 3702 2040 3753 culo
2063 3743 2076 3764 ,
2106 3715 2299 3752 omnem
2329 3699 2516 3752 ibidem
2547 3702 2599 3752 in
2625 3698 2942 3752 Orationibus
2973 3708 3019 3753 et
3055 3700 3336 3753 solitudate
3362 3703 3512 3759 duxit

1925 3781 2159 3835 letalem;
2203 3769 2372 3840 cibum
2417 3781 2462 3821 et
2507 3774 2857 3824 vestimentum
2898 3771 2945 3823 ei
3002 3771 3177 3840 palma
3225 3771 3506 3840 praebebat.

1927 3840 2196 3893 Hactenus
2217 3837 2274 3890 S.
2311 3838 2684 3906 Hieronymus.

1998 3909 2024 3947 δ
2068 3909 2259 3972 Eliam,
2305 3909 2554 3962 Elizzeum
2590 3917 2646 3963 et
2673 3908 2933 3964 Joannem
2986 3909 3275 3978 Baptistam
3311 3915 3513 3970 eremi-

1929 3988 2009 4056 t_as
2037 3990 2103 4056 et
2144 3980 2414 4056 principes
2445 3982 2793 4056 eremitarum
2827 3991 3136 4056 nuncupant
3163 3981 3260 4036 SS.
3287 3981 3508 4056 ‘Patres,

1928 4050 2156 4104 Basilius
2193 4052 2243 4103 in
2274 4052 2430 4117 epist.
2459 4049 2523 4123 ad
2548 4049 2852 4123 Chilonem,
2885 4051 3254 4123 Naaiauzeuus
3285 4053 3337 4108 in
3365 4049 3513 4123 Apol

1931 4123 2064 4192 logia
2096 4129 2373 4191 postquam
2403 4137 2470 4175 ex
2497 4121 2927 4192 fugarediiss'et,
2961 4120 3378 4192 Chrysouomus
3411 4120 3512 4182 ho-

1931 4190 2043 4247 mil.
2076 4193 2144 4246 69
2176 4190 2584 4257 indiatthteutn,
2614 4190 2970 4262 Hieronymus
2991 4190 3152 4261 epist.
3188 4193 3253 4249 1³5
3277 4197 3342 4251 ad
3373 4196 3513 4254 Pau-

1932 4263 2098 4318 linum
2131 4271 2184 4318 et
2212 4268 2371 4332 epist.
2413 4263 2485 4318 22
2513 4263 2580 4316 ad
2612 4263 2958 4318 Eustochium
2986 4304 3001 4330 ,
3043 4264 3373 4322 Suzomeuus
3409 4269 3511 4330 lib.

1935 4335 2184 4458 Ellilstor.
2226 4349 2344 4404 cap.
2378 4335 2476 4401 12,
2507 4334 2742 4389 Isidorus
2771 4335 2867 4390 lib.
2899 4350 2938 4391 tt
2969 4351 3088 4406 cap.
3137 4336 3170 4393 5
3203 4338 3270 4394 de
3310 4339 3515 4397 Oiticiis

1983 4421 2042 4458 cc
2065 4421 2143 4458 es.

1983 4409 2143 4459 celes.

2012 4485 2034 4513 ο
2069 4473 2386 4551 Δ(ἶιιίξεφι--ῑυε
2425 4491 2583 4551 ξχιιη
2609 4474 2892 4531 Moralium
2947 4492 3066 4545 cap.
3097 4477 3170 4532 22
3217 4497 3227 4532 :
3272 4479 3514 4551 Onager,

1937 4547 2137 4622 inquit,
2174 4547 2258 4610 qui
2287 4546 2652 4622 insolitudine
2681 4557 3024 4622 conuttoratur
3047 4590 3062 4613 ,
3093 4566 3194 4622 non
3233 4546 3514 4622 incongrue

250 4643 352 4702 ηυξ
381 4617 790 4702 αἱιξέωεεὶπὶετιισ
812 4626 966 4682 mori,
994 4617 1099 4676 'non
1129 4617 1514 4702 permittebatur
1545 4617 1730 4702 occidi.
1767 4619 1831 4672 Et
1856 4641 1908 4702 ι)
1939 4620 2092 4669 vitam
2115 4633 2290 4669 eorum
2319 4617 2600 4702 signiﬁcat,
2624 4619 2710 4697 qui
2741 4619 2917 4702 remoti
2943 4619 3160 4702 anturbis
3180 4617 3512 4702 saecularibus

253 4696 430 4751 inira:
478 4695 581 4749 Per
621 4698 904 4765 idemergo
947 4691 1173 4765 tempus,
1220 4709 1318 4760 quo
1357 4693 1482 4765 talia
1529 4691 1833 4765 gerebantur

245 4767 398 4833 apud
414 4767 711 4836 inferiorem
745 4764 1024 4827 Thebaida,
1048 4763 1163 4817 cum
1185 4778 1369 4836 sorore
1377 4764 1493 4832 jam
1515 4767 1625 4836 viro
1645 4763 1836 4836 tradita

252 4830 369 4908 post
402 4830 612 4908 mortem
642 4837 906 4889 amborum
937 4848 1232 4902 parentum,
1271 4837 1323 4887 in
1350 4830 1646 4908 haereditate
1674 4830 1832 4908 locu-

256 4903 404 4979 pleti,
436 4905 636 4979 Paulus
667 4912 872 4959 reitctus
901 4917 996 4967 est,
1011 4923 1268 4979 annorum
1296 4907 1498 4979 circiter
1527 4903 1833 4979 quindecim,

253 4975 440 5032 litteris
465 4990 565 5031 tam
587 4976 953 5048 Grterisquam
981 4975 1303 5048 /Egyptiacis
1327 4976 1561 5048 apprime
1575 4975 1830 5037 eruditus,

252 5049 511 5101 mansueti
541 5049 722 5105 animi.
763 5045 925 5100 Deum
953 5045 1105 5098 valde
1144 5062 1359 5111 amans;
1384 5056 1430 5099 et
1461 5045 1571 5097 cum
1599 5059 1834 5114 persecu-

254 5119 419 5172 tionis
464 5120 690 5185 procella
737 5118 996 5172 detonaret
1022 5160 1035 5180 ,
1082 5117 1136 5170 in
1192 5119 1369 5170 villam
1423 5119 1744 5169 remotiorem
1793 5123 1842 5166 et

257 5189 583 5244 secretiorem
611 5190 836 5242 secessit.
874 5188 1063 5242 Verum
1083 5229 1098 5252 ,

596 5302 722 5364 Ouid
748 5315 843 5352 nou
856 5302 1072 5353 mortalia
1100 5307 1298 5364 pectora
1318 5301 1471 5360 cogis,

383 5367 508 5418 Auri
523 5377 661 5415 sacra
686 5363 862 5414 famosi

257 5469 468 5528 Sororis
495 5470 709 5540 maritus
735 5470 878 5540 cwpit
908 5467 1120 5540 prodere
1146 5465 1274 5518 velle
1291 5477 1435 5530 quem
1461 5462 1628 5515 celare
1648 5460 1842 5540 debued

255 5550 338 5596 rat
366 5555 385 5605 ;
434 5557 535 5593 non
569 5538 714 5592 illum
749 5534 922 5591 tutoris
959 5538 1232 5606 lacrymte,
1276 5550 1374 5606 non
1402 5534 1691 5606 communio
1717 5547 1840 5585 san-

256 5603 431 5684 guinis
457 5653 471 5676 ,
501 5627 604 5664 non
629 5620 878 5684 spectans
916 5603 1095 5684 cuncta
1138 5605 1348 5684 exnalto
1395 5603 1626 5684 Πρω..αρ
1651 5606 1844 5684 scelere

256 5673 546 5748 invocavit;
569 5681 637 5734 ad
659 5673 766 5735 hac
792 5680 1018 5748 instabat
1035 5675 1330 5748 crudelitas,
1360 5688 1477 5745 qua:
1503 5673 1738 5748 pietatem
1765 5674 1838 5726 vi-

259 5752 479 5806 debatur
506 5744 716 5805 imitari.
769 5749 917 5814 Quod
955 5747 1042 5800 ubi
1081 5744 1504 5813 prudentissimus
1546 5744 1839 5798 adolescens

257 5824 510 5879 intellexit
529 5865 545 5884 ,
582 5824 648 5875 ad
681 5821 922 5873 montium
951 5818 1149 5870 deserta
1175 5815 1492 5884 confugiens,
1521 5815 1644 5867 dum
1667 5829 1838 5880 perse-

1936 4697 2315 4761 conversantur.
2353 4687 2452 4761 Qui
2482 4699 2597 4761 apte
2623 4690 2923 4761 etiamliber
2952 4689 3158 4755 dicitur,
3187 4694 3306 4761 quia
3330 4709 3515 4757 magna

1937 4766 2008 4810 est
2032 4759 2242 4810 servitus
2264 4757 2592 4811 saecularium
2620 4759 2960 4829 negotiorum,
2985 4762 3166 4828 quibus
3195 4757 3332 4816 mens
3362 4763 3513 4816 vehe-

1936 4838 2134 4901 menter
2156 4832 2422 4901 atteritur,
2441 4829 2666 4895 quamvis
2699 4833 2749 4880 in
2772 4830 2842 4883 eis
2871 4839 3050 4897 sponte
3077 4832 3303 4885 desudet.
3354 4831 3515 4901 Cujus

1935 4899 2190 4974 servitutis
2232 4899 2520 4974 conditione
2558 4914 2764 4974 carere,
2810 4909 2879 4974 est
2929 4901 2982 4974 in
3021 4902 3210 4953 mundo
3230 4904 3344 4974 jam
3383 4899 3516 4956 nihil

1937 4971 2312 5029 concupiscere.
2349 4969 2510 5041 Quasi
2539 4970 2671 5022 enim
2699 4971 2918 5032 quodam
2950 4973 3085 5041 jugo
3111 4969 3364 5024 servitutis
3395 4989 3512 5038 pre-

1939 5050 2084 5091 munt
2122 5054 2408 5110 prospera,
2439 5040 2562 5092 dum
2607 5040 2960 5105 appetuntur;
2998 5051 3230 5110 premunt
3277 5043 3514 5110 adt-ersa,

1947 5109 2069 5162 dum
2102 5109 2469 5178 formidantur.
2508 5110 2573 5162 At
2600 5111 2646 5162 si
2683 5111 2795 5178 quis
2824 5110 2975 5164 semel
3004 5127 3034 5162 a
3060 5109 3404 5164 dominatione
3428 5113 3519 5165 de-

1943 5181 2246 5234 sideriorum
2276 5179 2632 5246 temmralium
2661 5179 2795 5232 colla
2837 5181 3016 5234 mentis
3051 5181 3322 5234 excusserit
3341 5219 3357 5246 ,
3389 5198 3519 5250 qua-

1945 5251 2062 5302 dam
2080 5252 2194 5321 jam
2224 5253 2378 5304 etiam
2429 5252 2480 5302 in
2531 5251 2626 5303 hac
2655 5251 2755 5303 vita
2795 5251 3023 5303 libertate
3052 5251 3351 5321 perfruitur.
3393 5257 3519 5304 dum

1944 5319 2090 5373 nullo
2137 5322 2389 5375 desiderio
2429 5321 2692 5392 felicitatis
2739 5322 2987 5392 afﬁcitur,
3019 5319 3162 5376 nullo
3193 5323 3517 5375 adversitatis

1942 5401 2132 5446 terrore
2155 5401 2464 5447 coarctatur.
2498 5390 2620 5446 Hac
2653 5391 2712 5448 S.
2735 5390 3028 5461 Gregorius
3052 5401 3105 5446 ct
3133 5407 3251 5463 quae
3277 5407 3516 5460 sequun-

1939 5473 2045 5517 llﬂ'.

2015 5530 2042 5571 δ
2083 5534 2316 5589 Primum
2353 5547 2520 5603 genus
2553 5549 2656 5587 non
2701 5532 3083 5588 monachorum
3112 5576 3126 5599 ,
3156 5532 3249 5589 sed
3283 5531 3516 5600 pseudo-

1943 5607 2328 5674 monachorum
2356 5620 2380 5674 εί
2437 5603 2506 5657 de
2558 5618 2664 5674 quo
2727 5604 2979 5658 similiter
3040 5605 3099 5657 Ι).
3157 5606 3516 5674 Hieronymus

1943 5673 2138 5747 (Epist.
2167 5675 2261 5741 ‘22)
2291 5691 2305 5728 :
2341 5673 2590 5747 Tertium,
2625 5674 2815 5742 inquit,
2843 5688 3000 5747 genus
3030 5683 3127 5743 est,
3158 5678 3297 5747 quod
3332 5673 3518 5747 Remu-

1944 5744 2059 5797 both
2085 5746 2281 5807 dicunt,
2315 5745 2624 5815 teterrimum
2666 5755 2816 5815 atque
2871 5744 3186 5815 neglectum,
3221 5758 3268 5802 et
3299 5744 3434 5813 quod
3463 5744 3521 5815 in

1943 5823 2115 5869 nostra
2141 5816 2402 5885 provincia
2425 5824 2512 5869 aut
2541 5813 2707 5870 solum
2731 5811 2826 5870 aut
2851 5811 3069 5884 primum
3093 5829 3185 5873 est.
3218 5815 3290 5874 Hi
3311 5811 3419 5869 bini
3440 5811 3518 5867 vel
