4014 6200
176 388 334 445 £105

814 386 1151 444 COLLATIO
1189 387 1376 445 XVIII.
1407 417 1479 431 -
1508 388 1599 446 DE
1641 390 1890 450 ’l‘llIBUS
1927 392 2322 451 GENERIBUS
2362 393 2871 452 MONACHORUM.

3337 402 3471 459 Hoc

166 501 609 570 renuntiantes,
661 510 755 555 aut
797 502 851 555 in
897 501 1008 554 suis
1038 486 1325 556 domiciliis
1356 502 1453 558 sub
1500 502 1785 575 privilegio
1810 509 1863 568 Α
1890 508 2133 563 omnium
2180 524 2362 564 rerum
2404 519 2880 580 paupertatemque
2922 509 3257 578 possideant,
3293 512 3378 566 isti
3418 525 3475 569 ut

170 591 357 663 hujus
388 593 625 648 nominis
662 592 851 647 iisdem
896 591 1140 648 obstricti
1188 594 1631 662 occupationibus
1660 611 1786 665 per-

163 668 469 750 severant,
493 694 583 739 aut
613 693 994 739 construentes
1030 684 1132 740 sibi
1162 685 1407 750 cellulas,
1440 702 1642 757 easque
1672 701 1785 742 mo-

169 780 430 833 nasteria
479 787 891 849 nuncupantes,
943 793 1041 832 suo
1090 780 1142 832 in
1187 781 1267 833 eis
1300 780 1421 848 jure
1451 796 1515 835 ac
1542 782 1782 836 libertate

162 872 532 934 consistunt,
578 886 912 942 nequaquam
956 872 1284 939 evangelicis
1331 876 1781 941 praeceptionibus

161 965 627 1027 succumbentes.
658 975 713 1017 ut
742 964 887 1019 nulla
916 964 1122 1019 scilicet
1147 966 1447 1035 quotidiani
1476 968 1648 1021 victus
1674 968 1780 1022 sol-

162 1057 463 1111 I'icitudiue
487 1098 503 1121 ,
537 1057 700 1111 nullis
748 1058 823 1111 rei
858 1057 960 1110 fam
989 1057 1137 1109 Iiaris
1169 1059 1588 1113 distentionibus
1619 1075 1780 1116 occu-

161 1160 404 1219 pentur.
458 1149 607 1217 Quod
656 1149 732 1203 illi
781 1150 882 1202 soli
932 1150 1134 1217 absque
1182 1150 1384 1205 intideli
1440 1152 1779 1209 dubitatione

162 1249 563 1295 con~umtnant
586 1281 602 1306 ,
648 1243 737 1310 qui
772 1241 981 1295 cunctis
1028 1241 1211 1295 mundi
1242 1241 1402 1308 huius
1435 1244 1778 1300 facultattbus

164 1333 442 1398 absoluti,
480 1334 547 1385 ita
580 1347 636 1385 se
660 1333 1031 1388 cretiobiorunt
1065 1336 1368 1403 praepositis
1397 1335 1775 1407 subdiderunt,

163 1432 243 1478 ut
274 1438 342 1477 ne
370 1422 453 1477 sui
484 1422 694 1493 quidem
744 1424 910 1491 ipsius
957 1422 1227 1478 fateantur
1254 1440 1379 1481 esse
1418 1442 1477 1482 se
1506 1427 1773 1484 dominos.

162 1513 262 1569 Illi
289 1522 466 1568 autem
491 1515 580 1584 qui
606 1515 1027 1578 districtionem,
1052 1525 1109 1569 ut
1135 1516 1395 1585 diximus,
1427 1520 1657 1574 ctenobii
1684 1521 1774 1575 de-

161 1606 492 1673 clinantes,
538 1606 648 1660 bini
679 1606 765 1660 vel
799 1608 935 1661 terni
989 1609 1039 1662 in
1087 1608 1300 1662 cellulis
1349 1622 1770 1679 commorantur,

163 1712 289 1753 non
321 1699 562 1753 contenti
594 1696 805 1752 abbatis
851 1714 977 1753 cura
1021 1710 1179 1769 atque
1208 1702 1435 1768 imperio
1462 1702 1772 1771 gubernari,

163 1791 274 1847 sed
302 1790 406 1846 hoc
429 1794 695 1860 praecipue
718 1800 1086 1859 procurantes.
1115 1800 1174 1845 ut
1195 1792 1422 1848 absoluti
1443 1809 1472 1847 a
1497 1795 1772 1849 seniorum

1888 603 2127 657 omnium
2161 605 2439 673 cupiarum
2470 604 2800 658 allluenliam
2833 610 3251 670 consequantur.
3296 600 3375 657 Illi
3407 605 3477 660 ob

1886 692 1991 748 ltoc
2012 699 2257 749 certatim
2284 704 2540 750 statutum
2570 697 2953 751 transcendere
2981 709 3243 749 canonem
3269 693 3477 749 diurnis

1886 790 2145 855 Operibus
2187 790 2503 855 elaborant,
2539 799 2595 843 ut
2624 788 2883 859 quidquid
2922 787 3234 841 monasterii
3272 787 3476 841 sanctis

1887 883 2073 936 usibus
2099 881 2436 945 redundarit,
2465 884 2547 936 vel
2576 884 2908 947 carceribus,
2940 883 3021 934 vel
3051 879 3079 918 ι’
3110 879 3471 944 xeuodocltio,

1884 976 1970 1031 vel
2001 977 2346 1041 nosocomio,
2382 977 2461 1031 vol
2496 977 2855 1047 indigentibus
2886 991 2983 1047 pro
3012 974 3221 1029 abbatis
3250 974 3473 1043 dispen-

1882 1078 2032 1122 setur
2059 1069 2304 1123 arbitrio.
2352 1070 2440 1123 Isti
2473 1080 2531 1125 ut
2555 1069 2809 1139 quidquid
2841 1068 3163 1137 quotidianae
3191 1064 3473 1135 superfue-

1882 1161 1951 1216 rit
1977 1163 2147 1232 gulae,
2176 1172 2267 1216 aut
2297 1162 2581 1230 profusiori
2613 1162 2860 1231 proﬁciat
2889 1161 3171 1228 voluptati,
3200 1166 3294 1212 aut
3322 1166 3472 1213 certe

1880 1253 2222 1325 pliilargyrias
2260 1254 2389 1308 vitio
2420 1254 2764 1309 rectutdatur.
2805 1256 3082 1309 Postremo
3110 1262 3167 1306 ut
3204 1251 3471 1305 Conceda-

1882 1360 2003 1400 mus
2032 1346 2099 1399 ab
2128 1346 2243 1399 istis
2270 1345 2385 1399 haec
2418 1362 2631 1416 quoque
2661 1362 2781 1417 quat.
2814 1362 2917 1399 non
2956 1347 3160 1414 optimo
3191 1343 3469 1413 preposilo

1879 1448 2270 1507 congeruntur,
2305 1441 2497 1493 melius
2534 1454 2692 1508 quam
2734 1438 2976 1493 diximus
3004 1451 3161 1506 posse
3191 1434 3465 1500 distribui,

1880 1546 1981 1585 nec
2006 1532 2083 1584 sic
2112 1531 2328 1599 quidem
2360 1532 2425 1584 ad
2455 1535 2704 1585 meritum
2752 1530 2964 1585 virtutis
3010 1529 3221 1583 illorum
3253 1543 3315 1582 ac
3346 1542 3469 1596 per-

1879 1623 2128 1681 fectionis
2172 1627 2430 1693 aSpIrant.
2475 1626 2555 1679 Illi
2600 1627 2740 1681 enim
2774 1634 2952 1679 tantos
2982 1622 3310 1677 monastt-rio
3342 1620 3468 1673 red-

1879 1718 2023 1770 ditus
2051 1717 2390 1772 conferentes
2418 1758 2432 1781 ,
2461 1717 2645 1786 eisque
2685 1716 2923 1786 quotidie
2961 1714 3329 1769 renuntiantes
3350 1756 3365 1779 ,
3409 1712 3463 1765 in

1879 1817 2025 1862 tanta
2057 1808 2407 1877 subjectionis
2441 1809 2742 1862 humilitate
2774 1808 3093 1871 perdurant,
3124 1814 3183 1858 ut
3206 1802 3466 1874 quemad-

160 1884 342 1955 jugo,
381 1883 669 1937 exercendi
718 1883 1024 1937 voluntates
1054 1897 1207 1946 suas,
1241 1890 1297 1937 et
1326 1884 1649 1952 procedendi
1686 1887 1765 1941 vel

1878 1899 2096 1954 modum
2145 1902 2265 1963 sui,
2317 1901 2386 1953 ita
2418 1901 2578 1953 etiam
2620 1914 2806 1953 eorum
2854 1914 2974 1967 qua:
3021 1897 3238 1965 proprio
3265 1895 3465 1947 sudore

163 1992 290 2049 quo
314 1977 574 2047 placuerit
595 1976 877 2045 evagandi,
910 1978 1169 2045 agendive
1197 1978 1337 2045 quod
1371 1976 1576 2031 libitum
1612 1977 1776 2033 fuerit

164 2070 415 2125 habeant
444 2069 766 2133 libertatem,
791 2069 960 2124 etiam
988 2070 1222 2137 amplius
1256 2073 1307 2125 in
1338 2072 1595 2140 operibus
1623 2071 1772 2127 diur-

162 2163 265 2219 nis
287 2178 448 2232 quam
483 2162 535 2215 bi
559 2161 647 2231 qui
670 2160 722 2215 in
746 2163 1006 2216 coenobiis
1036 2165 1252 2231 degunt.
1285 2161 1478 2218 diebus
1507 2179 1569 2218 ac
1597 2165 1773 2219 nocti-

161 2258 278 2314 bus
309 2265 716 2320 consumuntur,
758 2256 853 2310 sed
884 2271 988 2309 non
1018 2270 1079 2311 ea
1112 2255 1215 2310 lidc
1244 2257 1541 2323 eodemque
1576 2272 1771 2325 pr0po-

164 2354 306 2408 sito.
339 2350 450 2405 IIoc
471 2350 612 2406 enim
641 2349 727 2403 isti
755 2350 974 2408 faciunt.
1003 2365 1107 2402 non
1140 2358 1197 2403 ut
1224 2350 1452 2405 fructum
1480 2352 1560 2405 sui
1589 2351 1770 2419 Operis

160 2446 471 2515 sultjiciant
515 2444 902 2514 dispensatoris
946 2443 1169 2497 arbitrio
1197 2484 1212 2508 ,
1256 2444 1350 2498 sed
1392 2454 1447 2498 ut
1484 2447 1770 2514 acquirant

160 2540 435 2611 pecunias
455 2554 586 2609 quas
610 2538 923 2592 recondam.
956 2536 1098 2592 Inter
1116 2552 1250 2606 quos
1270 2548 1527 2606 quantum
1556 2538 1769 2593 intersit

164 2633 467 2689 advertite.
518 2632 596 2686 Illi
631 2630 767 2685 nihil
797 2630 864 2684 de
890 2631 1131 2685 crastino
1159 2628 1456 2694 cogitantes
1480 2674 1494 2699 ,
1527 2630 1766 2699 gratissi-

160 2740 291 2780 mos
320 2724 430 2778 Deo
459 2722 674 2776 sudoris
712 2722 795 2775 sui
837 2720 1075 2775 offerunt
1103 2719 1327 2774 fructus.
1379 2720 1468 2774 Isti
1501 2735 1628 2777 vero
1656 2736 1763 2775 non

158 2818 346 2873 solum
379 2816 432 2870 in
464 2814 763 2869 crastinum
790 2853 805 2878 ,
855 2812 949 2867 sed
981 2812 1144 2868 etiam
1178 2814 1230 2867 in
1261 2812 1552 2867 multorum
1596 2828 1766 2867 anno-

159 2924 290 2966 rum
323 2910 499 2979 spatia
531 2907 802 2962 inﬁdelem
824 2905 1243 2961 sollicitudinem
1276 2918 1649 2975 prorogantes,
1674 2915 1766 2961 aut

160 3003 490 3060 mendacem
516 3001 684 3056 Deum
712 3008 805 3054 aut
826 3001 1041 3068 inopem
1066 3000 1312 3065 credunt,
1332 2999 1420 3069 qui
1445 3000 1762 3069 promissam

160 3095 470 3169 quotidiani
508 3095 679 3149 victus
723 3101 886 3163 atque
917 3093 1355 3148 indumentorum
1384 3091 1761 3147 sufﬁcientiam

160 3189 420 3263 praebere
445 3189 521 3244 eis
539 3198 628 3242 aut
656 3203 762 3241 non
793 3187 979 3256 possit,
999 3194 1093 3240 aut
1124 3186 1275 3240 nolit.
1295 3185 1374 3240 Illi
1392 3191 1492 3240 hoc
1512 3186 1761 3239 Omnibus

1875 1995 2201 2061 COIIQUII'IIIII.
2230 2000 2494 2061 potestate
2522 1992 2823 2059 priventur,
2847 1987 3329 2043 abrenuntiationis
3355 1985 3466 2053 pri-

1874 2101 1978 2140 mae
2009 2085 2280 2139 fervorem
2304 2130 2318 2153 ,
2352 2085 2477 2138 dum
2511 2084 2754 2153 quotidie
2784 2083 3107 2152 semetipsos
3138 2080 3341 2135 laboris
3376 2080 3462 2133 sui

1869 2177 2137 2233 fructibus
2168 2177 2394 2242 nudant,
2440 2178 2641 2248 jttgiter
2678 2178 3016 2232 innovautes.
3069 2176 3157 2229 Isti
3188 2190 3365 2229 autem
3403 2174 3463 2229 in

1870 2283 1937 2325 eo
1968 2272 2088 2340 ipso
2111 2271 2251 2340 quod
2285 2270 2483 2337 aliquid
2514 2270 2836 2338 pauperibus
2876 2268 3176 2337 largiuntur
3216 2266 3373 2329 elati,
3406 2265 3462 2320 in

1872 2376 2113 2430 praeceps
2149 2360 2392 2430 quotidie
2420 2359 2781 2413 collabttntur.
2836 2358 2958 2412 Illos
2998 2359 3250 2426 patientia
3296 2364 3461 2424 atque

1869 2451 2157 2517 districtio,
2205 2464 2307 2520 qua
2341 2458 2449 2503 tam
2481 2449 2674 2504 devote
2715 2448 2767 2502 in
2802 2449 2899 2502 hac
2925 2462 3090 2517 quam
3123 2446 3291 2500 semel
3320 2446 3462 2499 arri-

1869 2552 2104 2615 puerunt
2150 2543 2489 2615 professione
2531 2543 2860 2613 perdurant,
2896 2552 2950 2597 ttt
2993 2556 3287 2607 numquam
3330 2554 3459 2596 suas

1868 2638 2121 2707 expleant
2151 2637 2478 2699 voluntates,
2514 2647 2537 2674 ο
2566 2634 2852 2689 crucillxos
2880 2634 3002 2687 huic
3033 2631 3194 2686 modo
3217 2630 3460 2701 quotidie

1866 2734 2127 2802 vivosque
2149 2741 2416 2803 martyres
2441 2729 2601 2795 facit;
2636 2729 2735 2782 hos
2767 2727 2983 2783 arbitrii
3011 2727 3093 2780 sui
3124 2736 3279 2793 tepor
3306 2724 3461 2780 vivos

1867 2824 1934 2880 ad
1964 2823 2171 2878 inferna
2217 2822 2503 2891 demergit.
2563 2821 2687 2875 Ilaec
2720 2821 2879 2889 igitur
2909 2820 3016 2873 duo
3044 2833 3240 2889 genera
3271 2833 3461 2872 mona-

1866 2917 2092 2972 cltorum
2112 2916 2164 2969 in
2191 2916 2291 2969 bac
2313 2916 2527 2984 quidem
2554 2914 2826 2984 provincia
2854 2911 3043 2981 aquati
3069 2911 3457 2980 propemodum

1868 3008 2257 3063 numerositate
2287 3009 2427 3062 inter
2449 3023 2508 3062 se
2537 3007 2886 3061 contendunt.
2912 3006 3174 3060 Cancrum
3209 3021 3304 3071 per
3326 3004 3459 3060 alias

1867 3101 2118 3170 regiones
2139 3115 2271 3170 quas
2297 3114 2384 3156 me
2416 3102 2711 3154 necessitas
2741 3099 3022 3153 catholicae
3051 3098 3169 3152 fidei
3198 3097 3459 3167 compulit

1868 3207 2157 3263 peragrare
2178 3236 2193 3261 ,
2226 3193 2364 3247 istud
2399 3194 2615 3248 tertium
2655 3190 3054 3247 Sarabaitarum
3086 3205 3258 3260 genus
3289 3189 3458 3243 abun-

160 3290 433 3354 espetunt
476 3282 648 3349 votis,
677 3289 738 3335 ut
764 3290 789 3318 ι
816 3281 1206 3354 ἀκτημοσύνην,
1236 3280 1290 3336 id
1321 3289 1427 3347 εει,
1462 3280 1759 3335 nuditatem

1872 3284 1999 3339 dare
2024 3300 2086 3339 ac
2110 3299 2277 3354 pr0pe
2305 3286 2478 3339 solum
2507 3298 2629 3340 esse
2649 3284 3021 3353 cognovimus.
3045 3278 3071 3317 ά
3097 3280 3459 3351 Temporibus

1251 3392 1507 3448 ALARDI
1547 3392 1781 3450 GAZASI
1817 3394 2382 3454 COMMENTARIUS.

245 3499 276 3527 ³
315 3488 657 3561 Ἀκτημοσύνηᾼ
678 3527 692 3550 ,
724 3494 782 3540 ttt
811 3494 961 3539 notat
998 3484 1284 3561 Ciaconitts
1311 3527 1326 3550 ,
1359 3486 1559 3561 aliquid
1588 3488 1765 3561 magis

166 3571 255 3617 est
288 3557 693 3626 quant'penoria
717 3568 772 3612 et
792 3567 1004 3620 egestas
1029 3573 1043 3610 :
1072 3574 1194 3629 nam
1222 3558 1480 3629 ’Λκτήμων
1503 3557 1767 3629 ἱξόίυἱῐιιι·

166 3633 263 3701 qui
290 3631 421 3685 ttiltil
446 3629 942 3701 omninopositidet,
969 3639 1017 3681 ttt
1048 3628 1121 3681 illi
1145 3630 1483 3682 anachoreta:
1508 3628 1723 3701 Absyrti
1748 3648 1762 3684 :

169 3699 365 3758 contra
394 3709 574 3761 κτῆσις
606 3699 682 3753 rei
723 3700 949 3768 alicujus
977 3701 1247 3763 possessio
1273 3708 1378 3763 est,
1411 3715 1568 3768 quam
1597 3700 1765 3753 abbas

170 3774 417 3829 Joannes
467 3774 517 3824 in
564 3771 806 3823 solitario
852 3769 1081 3823 maxime
1128 3769 1436 3837 improbat.
1480 3770 1660 3822 collat.
1697 3770 1763 3825 19

171 3861 297 3909 cap.
326 3840 669 3912 fizquamvis,
701 3839 863 3909 inquit
890 3841 1279 3912 Ciaconittstin
1301 3838 1577 3912 Itucusqtte
1599 3855 1765 3893 excu-

172 3918 247 3970 sis
272 3910 551 3969 codicibus
569 3913 718 3972 ὰλκῆς
741 3920 918 3982 κρῆσις
935 3920 1189 3980 corrupte
1210 3910 1423 3979 legitur,
1447 3925 1544 3977 pro
1560 3919 1759 3971 κτῆσις.

173 3988 265 4041 Sic
304 3990 409 4039 ille.

244 4057 275 4096 δ
320 4056 395 4109 De
434 4053 773 4109 xenodocbio
811 4053 1062 4123 superius
1100 4061 1278 4106 artum
1316 4062 1395 4106 est
1431 4048 1661 4123 (Cellat.
1695 4050 1762 4107 M

174 4143 277 4199 cap
332 4125 428 4194 4).
476 4126 644 4199 Porro
686 4125 825 4177 sicut
867 4121 1261 4179 senodot-hiunt
1315 4121 1761 4199 peregrinorum,

174 4192 251 4251 ita'
304 4192 701 4253 nosoconiium.
744 4211 921 4265 gnere
960 4202 1311 4264 νοσοκομεῖον,
1344 4192 1542 4265 dicitur
1576 4193 1761 4261 ltospi-

178 4271 319 4321 tium
366 4263 879 4334 a-grotantinmfseu
924 4263 1301 4329 infirmoruttt,
1346 4280 1441 4318 seu
1477 4263 1624 4317 locus
1655 4278 1762 4333 quo

175 4338 527 4405 recipiuntur
570 4346 623 4391 et
662 4351 921 4391 curantur
965 4337 1267 4405 aterotiiD.
1302 4334 1661 4403 Ilio-rouymtts
1708 4336 1758 4388 in

176 4403 349 4476 epist.
380 4407 444 4459 ad
473 4408 742 4462 Ot'ervnttut
775 4407 963 4477 (Ερὶςι.
991 4407 1083 4475 30)
1116 4450 1121 4456 .
1158 4403 1372 4459 Censnm
1405 4420 1551 4474 quem
1581 4406 1763 4459 habere

177 4488 387 4547 poterat
417 4480 707 4543 distribuit,
734 4478 1042 4547 dilapidauit
1072 4493 1133 4529 ac
1159 4478 1389 4529 vendidit
1409 4516 1423 4539 ,
1451 4485 1497 4528 et
1527 4492 1577 4526 tn
1608 4492 1763 4547 pecu-

177 4545 324 4604 niam
368 4562 731 4621 congregatum
773 4545 949 4603 usibus
993 4564 1273 4621 pauperum
1319 4545 1643 4621 pt'tvpttrttvif.
1694 4545 1761 4621 Et

179 4626 350 4689 primo
377 4617 607 4674 omnium
637 4617 1000 4682 nosocomion,
1042 4618 1094 4671 id
1138 4628 1208 4672 est
1230 4659 1244 4677 .
1289 4618 1637 4689 languentium
1664 4617 1759 4670 vil-

178 4686 283 4744 lam
313 4692 530 4745 instituit
550 4734 563 4753 ,
596 4694 647 4743 in
677 4709 776 4761 quo
803 4698 1111 4761 wgrotantes
1139 4698 1188 4761 et
1216 4686 1512 4757 consumpta
1542 4686 1763 4761 languo-

177 4762 324 4815 ribus
348 4772 498 4829 atque
519 4756 698 4816 inedia
716 4756 1016 4815 miserorum
1038 4759 1263 4813 membra
1290 4756 1557 4829 refoveret.
1585 4756 1762 4811 Utitur

176 4843 233 4887 et
254 4828 593 4888 Justiniautts
616 4834 648 4885 I.
673 4834 804 4885 illud
833 4832 897 4885 I6
918 4844 963 4884 et
990 4832 1026 4884 l.
1052 4831 1325 4884 Sancimus
1350 4831 1437 4889 18.
1458 4828 1524 4881 de
1551 4844 1759 4882 sat-res.

178 4900 336 4959 Eccl.
374 4903 428 4957 ltt
469 4904 812 4957 monasteriis
846 4902 1062 4971 vulgato
1099 4902 1364 4954 vocalmlo
1387 4900 1584 4971 dicitur
1616 4901 1765 4952 inlir-

177 4976 384 5037 maria,
421 4974 501 5026 vel
542 4970 1037 5036 ittfttmarium,rde
1078 4988 1186 5041 quo
1228 4973 1378 5041 plttra
1431 4970 1559 5024 alibi
1608 4983 1763 5024 uota-

176 5045 353 5097 vitttus
383 5047 400 5113 (
428 5045 507 5097 Ad
543 5044 668 5113 Reg.
705 5045 739 5098 5
778 5042 1042 5096 Pachomii
1158 5042 1421 5113 Ejusdem
1465 5044 1761 5113 meminere

176 5110 695 5185 sumnti'pontilices
737 5110 1080 5169 Innocentius
1122 5110 1510 5185 ItI'it-ap.7Cum
1536 5112 1758 5185 atting-

174 5181 461 5239 nasteriuin
501 5185 568 5239 de
610 5194 736 5237 stat.
782 5195 1051 5248 tnonast.,
1097 5193 1152 5237 et
1210 5184 1531 5237 Bt‘llt‘dtcms
1565 5181 1655 5235 ΧΙΙ
1703 5182 1756 5234 in

177 5268 274 5308 sua
307 5258 696 5310 constitutione
727 5269 845 5321 cap.
878 5254 948 5310 26
970 5297 983 5318 ,
1013 5255 1102 5324 qui
1134 5265 1309 5309 tamen
1353 5253 1756 5324 ioftrtnitoriutn

179 5337 397 5382 Vocant.
430 5327 565 5380 Huic
595 5325 759 5379 aftine
791 5323 1107 5380 vocabulum
1150 5335 1206 5378 et
1242 5324 1572 5379 domicilium
1616 5323 1757 5393 quod

176 5408 355 5463 grtece
389 5398 589 5472 dicitur
616 5405 1060 5472 γιρᾳντρκοιέεῖον,
1099 5396 1248 5472 locus
1281 5395 1502 5472 senibus
1534 5393 1761 5472 deputa-

176 5475 261 5519 tu.
282 5509 299 5532 ,
330 5470 483 5594 ggjus
518 5464 767 5523 meminit
800 5468 859 5521 υ.
892 5464 1188 5537 Gregorius
1216 5466 1267 5519 in
1299 5464 1550 5533 Registro
1583 5465 1676 5518 lib.
1706 5480 1758 5519 st

176 5550 297 5594 catt.
403 5578 420 5594 .

176 5550 297 5596 eat).
330 5550 420 5596 16.

282 5581 297 5596 .
330 5555 352 5591 1
387 5555 420 5596 ’.

244 5555 276 5647 Β
318 5555 438 5663 Viia
482 5608 779 5663 monastica
823 5608 953 5679 (cui
984 5607 1270 5679 conjuttcta
1304 5613 1387 5679 est
1416 5604 1763 5679 mortificatio

178 5682 412 5746 propria!
444 5680 738 5734 voluntatis
767 5694 814 5733 et
836 5678 1137 5733 carnalium
1166 5678 1519 5746 cupiditatum
1554 5682 1569 5742 )
1600 5678 1759 5731 apiri-

179 5750 341 5803 tualis
370 5763 454 5806 est
480 5751 762 5805 ctucilixio
792 5749 891 5817 (de
920 5765 1017 5814 qua
1050 5747 1341 5802 Cassianus-
1372 5748 1463 5800 lib.
1497 5761 1545 5800 tv
1579 5747 1752 5805 Instit.

181 5831 301 5888 cap.
332 5820 437 5891 54)
465 5832 518 5876 et
547 5836 716 5891 genus
743 5820 1013 5891 quoddam
1048 5820 1313 5890 mtrtyrii.
1361 5818 1493 5891 Ilinc
1527 5819 1752 5891 [)A._llie-

181 5886 440 5961 rohttmus
464 5892 520 5951 in
548 5886 827 5970 épitaptiio
865 5890 1047 5954 Paulae
1074 5892 1144 5951 ad
1175 5886 1525 5953 Eustochium
1558 5886 1750 5967 (Epist,

1794 4798 1840 4857 D

1872 3490 1940 3544 27
1965 3490 1983 3560 )
2011 3510 2023 3544 :
2056 3491 2189 3563 Pars
2216 3505 2304 3546 tua
2337 3493 2583 3548 Dominus
2607 3509 2626 3557 ,'
2657 3500 2706 3547 et
2732 3510 2834 3563 quo
2862 3491 3025 3563 magis
3055 3491 3283 3559 gaudeas
3304 3532 3317 3546 .
3348 3506 3459 3563 nta-

1873 3573 1947 3615 ter
1979 3572 2065 3615 tua
2092 3562 2246 3630 longo
2278 3567 2524 3632 martyrio
2555 3561 2803 3616 coronata
2833 3574 2925 3615 est.
2966 3561 3082 3613 Non
3124 3566 3292 3632 solum
3319 3561 3456 3614 enim

1872 3632 2061 3697 e/fusio
2092 3635 2358 3699 sanguinis
2386 3630 2438 3684 in
2471 3634 2791 3698 confessione
2816 3639 3106 3697 reputatur,
3139 3630 3229 3681 sed
3260 3631 3459 3684 devoti:

1869 3719 2069 3772 quoque
2097 3704 2277 3754 utentis
2304 3704 2520 3755 servitus
2555 3700 3281 3772 inmmenlataquotidianum
3318 3716 3458 3751 mar-

1871 3769 2063 3853 tyrium
2088 3781 2178 3853 est.
2219 3772 2276 3823 Et
2307 3770 2641 3853 rursusalibt
2669 3769 2859 3853 (Epist.
2886 3770 2977 3853 8).:
3009 3770 3224 3850 ᾼεειιηιε
3252 3776 3457 3853 salutant

1869 3838 2031 3909 ﬁdti,
2080 3842 2292 3893 loricam
2331 3842 2584 3908 justitiw.
2632 3843 2829 3908 galeam
2874 3839 3077 3898 salutis,
3126 3838 3342 3907 procede
3386 3838 3456 3891 ad

1870 3914 2127 3981 proelium.
2165 3910 2331 3963 Habet
2362 3920 2408 3963 el
2441 3910 2692 3980 pudicitia
2722 3923 2921 3963 serrata
2950 3911 3248 3981 martyrium
3281 3924 3452 3981 suum.

1873 3978 1933 4034 D.
1981 3983 2314 4049 Augustinus
2356 3983 2407 4034 itt
2444 3978 2795 4034 'serutontbth
2835 3983 2899 4032 de
2945 3978 3187 4047 tempore.
3230 3978 3448 4048 (Serm.

1869 4051 1972 4122 50)
2001 4069 2013 4105 :
2055 4052 2218 4105 Nemo
2248 4052 2384 4105 dicat
2415 4052 2553 4122 quod
2585 4053 2895 4121 temporibus
2937 4054 3125 4103 nostris
3165 4058 3455 4117 martyrum

1866 4126 2143 4177 certamina
2172 4140 2282 4177 esse
2310 4140 2411 4177 non
2445 4125 2637 4189 possint
2663 4141 2681 4187 ;
2713 4124 2860 4176 habet
2899 4122 3032 4175 enim
3064 4132 3111 4173 et
3143 4137 3244 4188 pax
3274 4130 3457 4174 nostra

1866 4206 2120 4264 martyres
2146 4210 2289 4248 suos.
2340 4194 2511 4257 Nam,
2555 4196 2688 4247 sicut
2730 4196 3023 4263 frequenter
3067 4193 3449 4264 suggessimus,

1867 4265 2186 4319 iraruttdiaitt
2219 4267 2456 4336 mitigare
2476 4306 2489 4324 .
2523 4266 2783 4319 libidinem
2813 4266 3015 4336 fugere.
3040 4264 3301 4333 justitiam
3331 4278 3447 4315 cns-

1868 4338 2067 4399 todire,
2108 4335 2380 4390 avaritiam
2414 4349 2763 4409 contentnore,
2807 4335 3096 4409 superbiam
3136 4335 3450 4409 humiliore,

1866 4424 1984 4479 pars
2015 4425 2201 4479 magna
2218 4409 2464 4479 martyrii
2493 4416 2586 4459 est.
2612 4407 2673 4460 D.
2708 4404 3003 4475 Gregorius
3036 4406 3225 4460 Itotttil.
3256 4407 3324 4479 56
3358 4404 3453 4472 (In

1871 4477 2141 4549 Evang.)':
2180 4478 2296 4531 Mar
2319 4496 2432 4549 yres
2460 4479 2569 4531 sine
2608 4483 2744 4547 (erro
2783 4496 2891 4534 esse
2924 4494 3227 4545 possumus,
3267 4477 3312 4529 si
3355 4493 3452 4545 pa-

1867 4548 2100 4601 tientiam
2125 4548 2371 4602 veraciter
2399 4549 2451 4601 in
2479 4565 2651 4601 animo
2676 4552 3014 4603 custodimus.

1937 4616 1963 4654 τι
2007 4618 2199 4673 Lurius
2224 4629 2342 4688 p--st
2373 4630 2615 4672 sanctum
2648 4624 2996 4674 Athanasium
3029 4620 3246 4673 Arianae
3278 4618 3450 4684 partis

1866 4689 2184 4756 episcopus,
2221 4705 2391 4757 usque
2420 4691 2485 4743 ad
2516 4690 2879 4745 Theodosium
2915 4695 3207 4760 princ:pem
3228 4732 3243 4754 ,
3284 4703 3316 4760 a
3346 4704 3453 4753 quo

1866 4770 1949 4814 est
1975 4762 2227 4825 expulsus
2249 4801 2265 4825 ,
2303 4761 2713 4815 AIeXandt-inam
2742 4762 3035 4816 Ecclestam
3067 4759 3255 4815 timuit.
3281 4759 3453 4826 Cujus

1870 4830 2123 4884 immania
2155 4836 2356 4885 scelera
2387 4843 2547 4901 atque
2574 4830 2811 4885 facinora
2846 4835 2896 4885 in
2925 4834 3279 4894 orthodoxos,
3310 4846 3449 4901 prie-

1868 4906 2051 4954 Sortito
2112 4899 2796 4970 tttottacltos,perpetrata
2855 4903 2969 4957 fuse
3020 4911 3343 4957 enarrantur
3393 4899 3447 4952 in

1868 4973 2092 5041 epistola
2129 4972 2272 5026 Petri
2304 4974 2540 5038 episcopi
2577 4973 2923 5026 Alexandrini
2954 4988 2999 5025 at
3024 4976 3093 5027 ud
3126 4972 3447 5024 Theodore-

1866 5050 1978 5096 tum
2001 5083 2016 5106 ,
2051 5044 2139 5095 ttlti
2175 5043 2287 5095 Inec
2318 5042 2461 5097 inter
2490 5042 2593 5097 alia
2628 5045 2930 5097 Italtenlur:
2968 5042 3033 5095 fit
3078 5043 3299 5111 primum
3331 5053 3449 5111 vero

1866 5112 2073 5166 athleta
2101 5111 2325 5178 Christi,
2359 5116 2495 5179 quod
2527 5114 2782 5175 diximus.
2815 5110 3410 5182 apnulereiﬂeliopolint
3432 5149 3449 5175 ,

1868 5185 1952 5237 ubi
1989 5200 2159 5236 omnes
2201 5195 2344 5253 erant
2386 5185 2741 5245 superstitioni
2783 5181 2987 5249 dediti;
3031 5182 3084 5234 hi
3124 5196 3230 5253 pra:
3270 5181 3449 5253 divino

1864 5254 1976 5307 solo
2016 5256 2211 5308 strenui
2250 5252 2497 5309 Ecclesia:
2536 5264 2945 5327 propugnatores
2986 5251 3183 5327 arrepti
3225 5251 3450 5327 primum

1864 5327 1918 5378 in
1950 5326 2235 5378 custodiant
2263 5322 2684 5395 conﬁciebantur.
2705 5322 2925 5378 'Deinde
2961 5323 3260 5395 verberibus
3290 5322 3409 5375 ι·ωεὶ
3430 5364 3447 5388 ,

1865 5397 2109 5461 lacerati,
2153 5407 2198 5449 et
2238 5391 2502 5449 tormentis
2532 5396 2703 5462 (iliceti
2724 5441 2737 5461 ,
2769 5397 2837 5447 ad
2868 5397 3071 5447 metalla
3105 5395 3159 5447 in
3191 5391 3371 5445 Pheno
3401 5401 3448 5445 et

1866 5465 2197 5520 Proconneso
2223 5466 2629 5520 amandnbantur
2653 5485 2671 5521 .'
2696 5469 2826 5519 inter
2848 5483 2975 5535 quos
2997 5466 3281 5529 complures
3302 5470 3451 5515 erant

1866 5538 2133 5601 monachi,
2165 5547 2271 5590 etc.
2306 5536 2530 5590 Rulitttts
2560 5538 2799 5602 t-ittsdt-tn
2831 5534 3106 5602 trttgaadue
3138 5534 3287 5589 testis
3318 5548 3451 5586 ncu-

1864 5608 2024 5675 latus,
2063 5618 2118 5662 ut
2165 5609 2253 5674 qtti
2290 5610 2500 5678 tumin
2531 5607 2767 5678 Egypto
2799 5607 3010 5678 agebat,
3046 5608 3159 5659 lta'c
3184 5607 3252 5659 de
3283 5604 3449 5678 [.ttcio

1866 5681 2083 5748 Scriptis
2114 5679 2326 5732 tradidit
2363 5677 2519 5748 (Lib.
2554 5695 2590 5733 tt
2622 5675 2653 5732 ὁ
2695 5682 2728 5734 5
2760 5692 2803 5730 et
2832 5677 2866 5731 4
2892 5687 2909 5746 )
2937 5696 2948 5729 :
2982 5676 3111 5731 Inde
3144 5688 3255 5743 post
3297 5675 3447 5744 fugas

1864 5751 2049 5803 civium
2078 5761 2123 5803 et
2156 5752 2353 5808 exsilia.
2386 5761 2499 5817 post
2528 5751 2689 5802 (πάθε
2719 5759 2765 5802 et
2807 5760 3076 5811 tormenta,
3107 5751 3448 5819 flammasque

1861 5820 2043 5890 quibus
2081 5816 2392 5892 innumeros
2419 5825 2740 5892 confecerat,
2783 5820 2855 5872 ad
2900 5816 3212 5892 monasteria
3252 5816 3444 5889 furoris

1861 5892 1943 5951 sui
1970 5909 2116 5956 arma
2144 5891 2390 5957 convertit
2409 5934 2423 5961 ,
2453 5891 2618 5952 vastat
2646 5909 2872 5953 eremum
2893 5938 2907 5966 ,
2940 5903 2986 5951 et
3015 5891 3151 5959 bella
3181 5896 3441 5962 quiescens
