  <div class='ocr_page' id='page_1' title='image "/cluster/home/n/w/nwhite01/storage/ocr_20150623/49/uva.x000827093/562.png"; bbox 0 0 4014 6200; ppageno 0'>
   <div class='ocr_carea' id='block_1_1' title="bbox 889 311 2933 377">
    <p class='ocr_par' dir='ltr' id='par_1_1' title="bbox 889 311 2933 377">
     <span class='ocr_line' id='line_1_1' title="bbox 889 311 2933 377; baseline 0.003 -7"><span class='ocrx_word' id='word_1_1' title='bbox 889 311 1228 370; x_wconf 82' lang='lat' dir='ltr'><strong>COLLATIO</strong></span> <span class='ocrx_word' id='word_1_2' title='bbox 1265 313 1450 371; x_wconf 74' lang='lat' dir='ltr'><strong>XVill.</strong></span> <span class='ocrx_word' id='word_1_3' title='bbox 1477 341 1549 359; x_wconf 79' lang='grc' dir='ltr'><strong>-ι</strong></span> <span class='ocrx_word' id='word_1_4' title='bbox 1577 314 1666 372; x_wconf 82' lang='lat' dir='ltr'><strong><em>DE</em></strong></span> <span class='ocrx_word' id='word_1_5' title='bbox 1700 312 1951 375; x_wconf 76' lang='lat' dir='ltr'><strong>TRIBUS</strong></span> <span class='ocrx_word' id='word_1_6' title='bbox 1988 311 2389 371; x_wconf 68' lang='lat' dir='ltr'><strong>GENERIWS</strong></span> <span class='ocrx_word' id='word_1_7' title='bbox 2426 314 2933 377; x_wconf 73' lang='lat' dir='ltr'><strong>MONACHORUM.</strong></span> 
     </span>
    </p>
   </div>
   <div class='ocr_carea' id='block_1_2' title="bbox 856 424 1259 483">
    <p class='ocr_par' dir='ltr' id='par_1_2' title="bbox 856 424 1259 483">
     <span class='ocr_line' id='line_1_2' title="bbox 856 424 1259 483; baseline -0.005 0"><span class='ocrx_word' id='word_1_8' title='bbox 856 424 1086 483; x_wconf 78' lang='lat' dir='ltr'><strong>CAPUT</strong></span> <span class='ocrx_word' id='word_1_9' title='bbox 1126 426 1259 483; x_wconf 80' lang='lat' dir='ltr'><strong>Vill.</strong></span> 
     </span>
    </p>
   </div>
   <div class='ocr_carea' id='block_1_3' title="bbox 581 541 1532 615">
    <p class='ocr_par' dir='ltr' id='par_1_3' title="bbox 581 541 1532 615">
     <span class='ocr_line' id='line_1_3' title="bbox 581 541 1532 615; baseline -0.001 -19"><span class='ocrx_word' id='word_1_10' title='bbox 581 541 661 597; x_wconf 87' lang='lat' dir='ltr'><strong>De</strong></span> <span class='ocrx_word' id='word_1_11' title='bbox 696 551 885 615; x_wconf 86' lang='lat' dir='ltr'><strong>quarto</strong></span> <span class='ocrx_word' id='word_1_12' title='bbox 923 556 1105 613; x_wconf 86' lang='lat' dir='ltr'><strong>genere</strong></span> <span class='ocrx_word' id='word_1_13' title='bbox 1140 542 1532 596; x_wconf 79' lang='lat' dir='ltr'><strong>monachorum.</strong></span> 
     </span>
    </p>
   </div>
   <div class='ocr_carea' id='block_1_4' title="bbox 3396 322 3532 379">
    <p class='ocr_par' dir='ltr' id='par_1_4' title="bbox 3396 322 3532 379">
     <span class='ocr_line' id='line_1_4' title="bbox 3396 322 3532 379; baseline 0.015 -2"><span class='ocrx_word' id='word_1_14' title='bbox 3396 322 3532 379; x_wconf 73' lang='grc'><strong>1110</strong></span> 
     </span>
    </p>
   </div>
   <div class='ocr_carea' id='block_1_5' title="bbox 1952 430 3533 499">
    <p class='ocr_par' dir='ltr' id='par_1_5' title="bbox 1952 430 3533 499">
     <span class='ocr_line' id='line_1_5' title="bbox 1952 430 3533 499; baseline 0.008 -18"><span class='ocrx_word' id='word_1_15' title='bbox 1952 442 2241 499; x_wconf 86' lang='lat' dir='ltr'><strong>numquam</strong></span> <span class='ocrx_word' id='word_1_16' title='bbox 2292 430 2563 499; x_wconf 88' lang='lat' dir='ltr'><strong>permittit</strong></span> <span class='ocrx_word' id='word_1_17' title='bbox 2612 432 2897 489; x_wconf 76' lang='lat' dir='ltr'><strong>accedere.</strong></span> <span class='ocrx_word' id='word_1_18' title='bbox 2941 430 2969 471; x_wconf 70' lang='grc' dir='ltr'>δ</span> <span class='ocrx_word' id='word_1_19' title='bbox 3013 432 3125 489; x_wconf 88' lang='lat' dir='ltr'><strong>Hoc</strong></span> <span class='ocrx_word' id='word_1_20' title='bbox 3173 435 3316 490; x_wconf 87' lang='lat' dir='ltr'><strong>enim</strong></span> <span class='ocrx_word' id='word_1_21' title='bbox 3371 439 3533 493; x_wconf 91' lang='lat' dir='ltr'><strong>modo</strong></span> 
     </span>
    </p>
   </div>
   <div class='ocr_carea' id='block_1_6' title="bbox 1957 522 3533 592">
    <p class='ocr_par' dir='ltr' id='par_1_6' title="bbox 1957 522 3533 592">
     <span class='ocr_line' id='line_1_6' title="bbox 1957 522 3533 592; baseline 0.006 -19"><span class='ocrx_word' id='word_1_22' title='bbox 1957 536 2063 574; x_wconf 94' lang='lat' dir='ltr'><strong>non</strong></span> <span class='ocrx_word' id='word_1_23' title='bbox 2094 522 2267 576; x_wconf 89' lang='lat' dir='ltr'><strong>solum</strong></span> <span class='ocrx_word' id='word_1_24' title='bbox 2301 536 2408 577; x_wconf 91' lang='lat' dir='ltr'><strong>non</strong></span> <span class='ocrx_word' id='word_1_25' title='bbox 2441 523 2851 592; x_wconf 75' lang='lat' dir='ltr'><strong>abscinduntur,</strong></span> <span class='ocrx_word' id='word_1_26' title='bbox 2882 539 3071 581; x_wconf 86' lang='lat' dir='ltr'><strong>verum</strong></span> <span class='ocrx_word' id='word_1_27' title='bbox 3102 525 3267 581; x_wconf 87' lang='lat' dir='ltr'><strong>etiam</strong></span> <span class='ocrx_word' id='word_1_28' title='bbox 3299 527 3351 581; x_wconf 90' lang='lat' dir='ltr'><strong>in</strong></span> <span class='ocrx_word' id='word_1_29' title='bbox 3379 528 3533 583; x_wconf 82' lang='lat' dir='ltr'><strong>dete-</strong></span> 
     </span>
    </p>
   </div>
   <div class='ocr_carea' id='block_1_7' title="bbox 1950 612 3536 688">
    <p class='ocr_par' dir='ltr' id='par_1_7' title="bbox 1950 612 3536 688">
     <span class='ocr_line' id='line_1_7' title="bbox 1950 612 3536 688; baseline 0.004 -21"><span class='ocrx_word' id='word_1_30' title='bbox 1950 612 2069 668; x_wconf 87' lang='lat' dir='ltr'><strong>rius</strong></span> <span class='ocrx_word' id='word_1_31' title='bbox 2094 625 2282 669; x_wconf 86' lang='lat' dir='ltr'><strong>eorum</strong></span> <span class='ocrx_word' id='word_1_32' title='bbox 2310 616 2438 669; x_wconf 83' lang='lat' dir='ltr'><strong>vitia</strong></span> <span class='ocrx_word' id='word_1_33' title='bbox 2467 617 2886 687; x_wconf 65' lang='lat' dir='ltr'><strong>convalescent,</strong></span> <span class='ocrx_word' id='word_1_34' title='bbox 2919 618 3046 672; x_wconf 88' lang='lat' dir='ltr'><strong>dum</strong></span> <span class='ocrx_word' id='word_1_35' title='bbox 3070 628 3103 671; x_wconf 76' lang='grc' dir='ltr'>ι</span> <span class='ocrx_word' id='word_1_36' title='bbox 3150 615 3368 672; x_wconf 82' lang='lat' dir='ltr'><strong>nemine</strong></span> <span class='ocrx_word' id='word_1_37' title='bbox 3407 628 3536 688; x_wconf 78' lang='lat' dir='ltr'><strong>pro-</strong></span> 
     </span>
    </p>
   </div>
   <div class='ocr_carea' id='block_1_8' title="bbox 1952 708 3534 781">
    <p class='ocr_par' dir='ltr' id='par_1_8' title="bbox 1952 708 3534 781">
     <span class='ocr_line' id='line_1_8' title="bbox 1952 708 3534 781; baseline 0.003 -20"><span class='ocrx_word' id='word_1_38' title='bbox 1952 708 2167 773; x_wconf 75' lang='lat' dir='ltr'><strong>vocati,</strong></span> <span class='ocrx_word' id='word_1_39' title='bbox 2216 716 2279 763; x_wconf 91' lang='lat' dir='ltr'><strong>ut</strong></span> <span class='ocrx_word' id='word_1_40' title='bbox 2318 709 2591 778; x_wconf 82' lang='lat' dir='ltr'><strong>quoddam</strong></span> <span class='ocrx_word' id='word_1_41' title='bbox 2636 711 2839 766; x_wconf 81' lang='lat' dir='ltr'><strong>letbale</strong></span> <span class='ocrx_word' id='word_1_42' title='bbox 2882 722 2936 767; x_wconf 85' lang='lat' dir='ltr'><strong>et</strong></span> <span class='ocrx_word' id='word_1_43' title='bbox 2980 711 3299 766; x_wconf 84' lang='lat' dir='ltr'><strong>intestinum</strong></span> <span class='ocrx_word' id='word_1_44' title='bbox 3347 710 3534 781; x_wconf 79' lang='lat' dir='ltr'><strong>virus,</strong></span> 
     </span>
    </p>
   </div>
   <div class='ocr_carea' id='block_1_9' title="bbox 1950 802 3537 872">
    <p class='ocr_par' dir='ltr' id='par_1_9' title="bbox 1950 802 3537 872">
     <span class='ocr_line' id='line_1_9' title="bbox 1950 802 3537 872; baseline 0.004 -20"><span class='ocrx_word' id='word_1_45' title='bbox 1950 808 2155 869; x_wconf 85' lang='lat' dir='ltr'><strong>quanto</strong></span> <span class='ocrx_word' id='word_1_46' title='bbox 2198 802 2433 870; x_wconf 79' lang='lat' dir='ltr'><strong>amplius</strong></span> <span class='ocrx_word' id='word_1_47' title='bbox 2476 804 2716 858; x_wconf 81' lang='lat' dir='ltr'><strong>celatum</strong></span> <span class='ocrx_word' id='word_1_48' title='bbox 2765 803 2962 870; x_wconf 88' lang='lat' dir='ltr'><strong>fuerit,</strong></span> <span class='ocrx_word' id='word_1_49' title='bbox 3012 809 3168 858; x_wconf 78' lang='lat' dir='ltr'><strong>tanto</strong></span> <span class='ocrx_word' id='word_1_50' title='bbox 3216 803 3537 872; x_wconf 81' lang='lat' dir='ltr'><strong>profundius</strong></span> 
     </span>
    </p>
   </div>
   <div class='ocr_carea' id='block_1_10' title="bbox 228 316 396 375">
    <p class='ocr_par' dir='ltr' id='par_1_10' title="bbox 228 316 396 375">
     <span class='ocr_line' id='line_1_10' title="bbox 228 316 396 375; baseline 0.012 -2"><span class='ocrx_word' id='word_1_51' title='bbox 228 316 396 375; x_wconf 71' lang='grc'><strong>1109</strong></span> 
     </span>
    </p>
   </div>
   <div class='ocr_carea' id='block_1_11' title="bbox 1874 490 1929 551">
    <p class='ocr_par' dir='ltr' id='par_1_11' title="bbox 1874 490 1929 551">
     <span class='ocr_line' id='line_1_11' title="bbox 1874 490 1929 551; baseline 0 -2"><span class='ocrx_word' id='word_1_52' title='bbox 1874 490 1929 551; x_wconf 80' lang='grc' dir='ltr'><strong>Δ</strong></span> 
     </span>
    </p>
   </div>
   <div class='ocr_carea' id='block_1_12' title="bbox 327 678 1854 751">
    <p class='ocr_par' dir='ltr' id='par_1_12' title="bbox 327 678 1854 751">
     <span class='ocr_line' id='line_1_12' title="bbox 327 678 1854 751; baseline -0.002 -11"><span class='ocrx_word' id='word_1_53' title='bbox 327 683 475 740; x_wconf 83' lang='lat' dir='ltr'><strong>Sane</strong></span> <span class='ocrx_word' id='word_1_54' title='bbox 517 692 601 739; x_wconf 87' lang='lat' dir='ltr'><strong>est</strong></span> <span class='ocrx_word' id='word_1_55' title='bbox 632 681 797 739; x_wconf 87' lang='lat' dir='ltr'><strong>etiam</strong></span> <span class='ocrx_word' id='word_1_56' title='bbox 829 688 855 717; x_wconf 79' lang='grc' dir='ltr'>ι</span> <span class='ocrx_word' id='word_1_57' title='bbox 885 678 1033 735; x_wconf 82' lang='lat' dir='ltr'><strong>aliud</strong></span> <span class='ocrx_word' id='word_1_58' title='bbox 1070 689 1324 750; x_wconf 87' lang='lat' dir='ltr'><strong>quartum</strong></span> <span class='ocrx_word' id='word_1_59' title='bbox 1364 695 1532 751; x_wconf 86' lang='lat' dir='ltr'><strong>genus</strong></span> <span class='ocrx_word' id='word_1_60' title='bbox 1570 679 1715 751; x_wconf 87' lang='lat' dir='ltr'><strong>quod</strong></span> <span class='ocrx_word' id='word_1_61' title='bbox 1755 695 1854 737; x_wconf 84' lang='lat' dir='ltr'><strong>nu—</strong></span> 
     </span>
    </p>
   </div>
   <div class='ocr_carea' id='block_1_13' title="bbox 226 771 1852 848">
    <p class='ocr_par' dir='ltr' id='par_1_13' title="bbox 226 771 1852 848">
     <span class='ocr_line' id='line_1_13' title="bbox 226 771 1852 848; baseline -0.001 -17"><span class='ocrx_word' id='word_1_62' title='bbox 226 789 358 848; x_wconf 86' lang='lat' dir='ltr'><strong>per</strong></span> <span class='ocrx_word' id='word_1_63' title='bbox 399 774 677 831; x_wconf 86' lang='lat' dir='ltr'><strong>cernimus</strong></span> <span class='ocrx_word' id='word_1_64' title='bbox 718 772 1015 829; x_wconf 80' lang='lat' dir='ltr'><strong>emersisse</strong></span> <span class='ocrx_word' id='word_1_65' title='bbox 1044 771 1098 827; x_wconf 89' lang='lat' dir='ltr'><strong>in</strong></span> <span class='ocrx_word' id='word_1_66' title='bbox 1142 772 1229 829; x_wconf 90' lang='lat' dir='ltr'><strong>bis</strong></span> <span class='ocrx_word' id='word_1_67' title='bbox 1270 774 1361 843; x_wconf 89' lang='lat' dir='ltr'><strong>qui</strong></span> <span class='ocrx_word' id='word_1_68' title='bbox 1403 772 1852 831; x_wconf 84' lang='lat' dir='ltr'><strong>anachoretarum</strong></span> 
     </span>
    </p>
   </div>
   <div class='ocr_carea' id='block_1_14' title="bbox 231 866 1850 939">
    <p class='ocr_par' dir='ltr' id='par_1_14' title="bbox 231 866 1850 939">
     <span class='ocr_line' id='line_1_14' title="bbox 231 866 1850 939; baseline 0 -14"><span class='ocrx_word' id='word_1_69' title='bbox 231 868 357 925; x_wconf 82' lang='lat' dir='ltr'><strong>sibi</strong></span> <span class='ocrx_word' id='word_1_70' title='bbox 410 869 595 936; x_wconf 87' lang='lat' dir='ltr'><strong>specie</strong></span> <span class='ocrx_word' id='word_1_71' title='bbox 642 874 805 936; x_wconf 82' lang='lat' dir='ltr'><strong>atque</strong></span> <span class='ocrx_word' id='word_1_72' title='bbox 852 866 1089 934; x_wconf 72' lang='lat' dir='ltr'><strong>imagine</strong></span> <span class='ocrx_word' id='word_1_73' title='bbox 1136 866 1507 933; x_wconf 86' lang='lat' dir='ltr'><strong>blandiuntur,</strong></span> <span class='ocrx_word' id='word_1_74' title='bbox 1551 870 1750 939; x_wconf 78' lang='lat' dir='ltr'><strong>quique</strong></span> <span class='ocrx_word' id='word_1_75' title='bbox 1795 867 1850 924; x_wconf 91' lang='lat' dir='ltr'><strong>in</strong></span> 
     </span>
    </p>
   </div>
   <div class='ocr_carea' id='block_1_15' title="bbox 233 957 1851 1035">
    <p class='ocr_par' dir='ltr' id='par_1_15' title="bbox 233 957 1851 1035">
     <span class='ocr_line' id='line_1_15' title="bbox 233 957 1851 1035; baseline -0.001 -18"><span class='ocrx_word' id='word_1_76' title='bbox 233 959 573 1035; x_wconf 75' lang='lat' dir='ltr'><strong>primordiis</strong></span> <span class='ocrx_word' id='word_1_77' title='bbox 624 960 737 1016; x_wconf 85' lang='lat' dir='ltr'><strong>suis</strong></span> <span class='ocrx_word' id='word_1_78' title='bbox 790 957 1013 1015; x_wconf 88' lang='lat' dir='ltr'><strong>fervore</strong></span> <span class='ocrx_word' id='word_1_79' title='bbox 1070 958 1308 1027; x_wconf 89' lang='lat' dir='ltr'><strong>quodam</strong></span> <span class='ocrx_word' id='word_1_80' title='bbox 1363 959 1555 1027; x_wconf 90' lang='lat' dir='ltr'><strong>brevi,</strong></span> <span class='ocrx_word' id='word_1_81' title='bbox 1615 961 1851 1017; x_wconf 72' lang='lat' dir='ltr'><strong>ctenobii</strong></span> 
     </span>
    </p>
   </div>
   <div class='ocr_carea' id='block_1_16' title="bbox 236 1051 1848 1126">
    <p class='ocr_par' dir='ltr' id='par_1_16' title="bbox 236 1051 1848 1126">
     <span class='ocr_line' id='line_1_16' title="bbox 236 1051 1848 1126; baseline 0 -17"><span class='ocrx_word' id='word_1_82' title='bbox 236 1054 652 1126; x_wconf 72' lang='lat' dir='ltr'><strong>perfectionem</strong></span> <span class='ocrx_word' id='word_1_83' title='bbox 696 1051 945 1108; x_wconf 88' lang='lat' dir='ltr'><strong>videntur</strong></span> <span class='ocrx_word' id='word_1_84' title='bbox 986 1061 1283 1121; x_wconf 88' lang='lat' dir='ltr'><strong>expetere,</strong></span> <span class='ocrx_word' id='word_1_85' title='bbox 1329 1052 1424 1107; x_wconf 92' lang='lat' dir='ltr'><strong>sed</strong></span> <span class='ocrx_word' id='word_1_86' title='bbox 1464 1052 1725 1109; x_wconf 89' lang='lat' dir='ltr'><strong>continuo</strong></span> <span class='ocrx_word' id='word_1_87' title='bbox 1768 1064 1848 1109; x_wconf 91' lang='lat' dir='ltr'><strong>te-</strong></span> 
     </span>
    </p>
   </div>
   <div class='ocr_carea' id='block_1_17' title="bbox 238 1144 1849 1219">
    <p class='ocr_par' dir='ltr' id='par_1_17' title="bbox 238 1144 1849 1219">
     <span class='ocr_line' id='line_1_17' title="bbox 238 1144 1849 1219; baseline 0.002 -20"><span class='ocrx_word' id='word_1_88' title='bbox 238 1145 462 1219; x_wconf 76' lang='lat' dir='ltr'><strong>pefacti</strong></span> <span class='ocrx_word' id='word_1_89' title='bbox 483 1187 499 1211; x_wconf 90' lang='lat'><strong>,</strong></span> <span class='ocrx_word' id='word_1_90' title='bbox 532 1146 657 1201; x_wconf 88' lang='lat' dir='ltr'><strong>dum</strong></span> <span class='ocrx_word' id='word_1_91' title='bbox 690 1144 953 1218; x_wconf 87' lang='lat' dir='ltr'><strong>pristinos</strong></span> <span class='ocrx_word' id='word_1_92' title='bbox 985 1157 1166 1198; x_wconf 89' lang='lat' dir='ltr'><strong>mores</strong></span> <span class='ocrx_word' id='word_1_93' title='bbox 1193 1157 1259 1199; x_wconf 93' lang='lat' dir='ltr'><strong>ac</strong></span> <span class='ocrx_word' id='word_1_94' title='bbox 1282 1147 1409 1199; x_wconf 80' lang='lat' dir='ltr'><strong>vitia</strong></span> <span class='ocrx_word' id='word_1_95' title='bbox 1438 1157 1691 1202; x_wconf 80' lang='lat' dir='ltr'><strong>resecare</strong></span> <span class='ocrx_word' id='word_1_96' title='bbox 1720 1160 1849 1203; x_wconf 91' lang='lat' dir='ltr'><strong>con-</strong></span> 
     </span>
    </p>
   </div>
   <div class='ocr_carea' id='block_1_18' title="bbox 241 1237 1848 1309">
    <p class='ocr_par' dir='ltr' id='par_1_18' title="bbox 241 1237 1848 1309">
     <span class='ocr_line' id='line_1_18' title="bbox 241 1237 1848 1309; baseline 0.001 -13"><span class='ocrx_word' id='word_1_97' title='bbox 241 1246 547 1305; x_wconf 78' lang='lat' dir='ltr'><strong>temnunt,</strong></span> <span class='ocrx_word' id='word_1_98' title='bbox 580 1252 681 1294; x_wconf 89' lang='lat' dir='ltr'><strong>nec</strong></span> <span class='ocrx_word' id='word_1_99' title='bbox 718 1240 905 1306; x_wconf 80' lang='lat' dir='ltr'><strong>jugum</strong></span> <span class='ocrx_word' id='word_1_100' title='bbox 953 1237 1274 1292; x_wconf 66' lang='lat' dir='ltr'><strong>humilitatis</strong></span> <span class='ocrx_word' id='word_1_101' title='bbox 1313 1251 1376 1291; x_wconf 91' lang='lat' dir='ltr'><strong>ac</strong></span> <span class='ocrx_word' id='word_1_102' title='bbox 1418 1240 1691 1309; x_wconf 71' lang='lat' dir='ltr'><strong>patientiae</strong></span> <span class='ocrx_word' id='word_1_103' title='bbox 1729 1239 1848 1297; x_wconf 89' lang='lat' dir='ltr'><strong>diu-</strong></span> 
     </span>
    </p>
   </div>
   <div class='ocr_carea' id='block_1_19' title="bbox 248 1328 1848 1401">
    <p class='ocr_par' dir='ltr' id='par_1_19' title="bbox 248 1328 1848 1401">
     <span class='ocr_line' id='line_1_19' title="bbox 248 1328 1848 1401; baseline 0.001 -12"><span class='ocrx_word' id='word_1_104' title='bbox 248 1332 373 1389; x_wconf 90' lang='lat' dir='ltr'><strong>tius</strong></span> <span class='ocrx_word' id='word_1_105' title='bbox 425 1332 695 1387; x_wconf 69' lang='lat' dir='ltr'><strong>sustinere</strong></span> <span class='ocrx_word' id='word_1_106' title='bbox 743 1328 987 1386; x_wconf 80' lang='lat' dir='ltr'><strong>contenti</strong></span> <span class='ocrx_word' id='word_1_107' title='bbox 1032 1338 1196 1397; x_wconf 82' lang='lat' dir='ltr'><strong>sum,</strong></span> <span class='ocrx_word' id='word_1_108' title='bbox 1246 1330 1515 1401; x_wconf 85' lang='lat' dir='ltr'><strong>subdique</strong></span> <span class='ocrx_word' id='word_1_109' title='bbox 1567 1332 1848 1390; x_wconf 85' lang='lat' dir='ltr'><strong>seniorum</strong></span> 
     </span>
    </p>
   </div>
   <div class='ocr_carea' id='block_1_20' title="bbox 245 1424 1849 1496">
    <p class='ocr_par' dir='ltr' id='par_1_20' title="bbox 245 1424 1849 1496">
     <span class='ocr_line' id='line_1_20' title="bbox 245 1424 1849 1496; baseline 0.001 -14"><span class='ocrx_word' id='word_1_110' title='bbox 245 1424 496 1496; x_wconf 85' lang='lat' dir='ltr'><strong>imperio</strong></span> <span class='ocrx_word' id='word_1_111' title='bbox 522 1424 901 1495; x_wconf 72' lang='lat' dir='ltr'><strong>dedignantur,</strong></span> <span class='ocrx_word' id='word_1_112' title='bbox 939 1432 1216 1492; x_wconf 87' lang='lat' dir='ltr'><strong>separatas</strong></span> <span class='ocrx_word' id='word_1_113' title='bbox 1246 1432 1513 1493; x_wconf 89' lang='lat' dir='ltr'><strong>expetunt</strong></span> <span class='ocrx_word' id='word_1_114' title='bbox 1550 1424 1755 1494; x_wconf 82' lang='lat' dir='ltr'><strong>cellas,</strong></span> <span class='ocrx_word' id='word_1_115' title='bbox 1785 1440 1849 1483; x_wconf 87' lang='lat' dir='ltr'><strong>ac</strong></span> 
     </span>
    </p>
   </div>
   <div class='ocr_carea' id='block_1_21' title="bbox 243 1518 1848 1588">
    <p class='ocr_par' dir='ltr' id='par_1_21' title="bbox 243 1518 1848 1588">
     <span class='ocr_line' id='line_1_21' title="bbox 243 1518 1848 1588; baseline 0.001 -12"><span class='ocrx_word' id='word_1_116' title='bbox 243 1520 488 1576; x_wconf 70' lang='lat' dir='ltr'><strong>solitarii</strong></span> <span class='ocrx_word' id='word_1_117' title='bbox 518 1518 713 1577; x_wconf 83' lang='lat' dir='ltr'><strong>sedere</strong></span> <span class='ocrx_word' id='word_1_118' title='bbox 740 1518 1054 1575; x_wconf 86' lang='lat' dir='ltr'><strong>desiderant</strong></span> <span class='ocrx_word' id='word_1_119' title='bbox 1075 1562 1089 1588; x_wconf 95' lang='lat'><strong>,</strong></span> <span class='ocrx_word' id='word_1_120' title='bbox 1127 1527 1185 1574; x_wconf 90' lang='lat' dir='ltr'><strong>ut</strong></span> <span class='ocrx_word' id='word_1_121' title='bbox 1229 1520 1300 1574; x_wconf 88' lang='lat' dir='ltr'><strong>ita</strong></span> <span class='ocrx_word' id='word_1_122' title='bbox 1330 1518 1539 1576; x_wconf 88' lang='lat' dir='ltr'><strong>scilicet</strong></span> <span class='ocrx_word' id='word_1_123' title='bbox 1570 1535 1600 1575; x_wconf 89' lang='lat' dir='ltr'><strong>a</strong></span> <span class='ocrx_word' id='word_1_124' title='bbox 1633 1521 1848 1578; x_wconf 88' lang='lat' dir='ltr'><strong>nemine</strong></span> 
     </span>
    </p>
   </div>
   <div class='ocr_carea' id='block_1_22' title="bbox 245 1612 1849 1686">
    <p class='ocr_par' dir='ltr' id='par_1_22' title="bbox 245 1612 1849 1686">
     <span class='ocr_line' id='line_1_22' title="bbox 245 1612 1849 1686; baseline -0.001 -16"><span class='ocrx_word' id='word_1_125' title='bbox 245 1612 538 1680; x_wconf 82' lang='lat' dir='ltr'><strong>lacessiti,</strong></span> <span class='ocrx_word' id='word_1_126' title='bbox 585 1614 889 1684; x_wconf 63' lang='lat' dir='ltr'><strong>patmntes,</strong></span> <span class='ocrx_word' id='word_1_127' title='bbox 938 1612 1211 1669; x_wconf 83' lang='lat' dir='ltr'><strong>mansueti</strong></span> <span class='ocrx_word' id='word_1_128' title='bbox 1252 1628 1315 1668; x_wconf 88' lang='lat' dir='ltr'><strong>ac</strong></span> <span class='ocrx_word' id='word_1_129' title='bbox 1362 1612 1597 1670; x_wconf 86' lang='lat' dir='ltr'><strong>humiles</strong></span> <span class='ocrx_word' id='word_1_130' title='bbox 1636 1613 1849 1686; x_wconf 83' lang='lat' dir='ltr'><strong>possint</strong></span> 
     </span>
    </p>
   </div>
   <div class='ocr_carea' id='block_1_23' title="bbox 242 1708 1846 1779">
    <p class='ocr_par' dir='ltr' id='par_1_23' title="bbox 242 1708 1846 1779">
     <span class='ocr_line' id='line_1_23' title="bbox 242 1708 1846 1779; baseline 0.001 -15"><span class='ocrx_word' id='word_1_131' title='bbox 242 1708 328 1764; x_wconf 79' lang='lat' dir='ltr'><strong>ab</strong></span> <span class='ocrx_word' id='word_1_132' title='bbox 384 1708 695 1765; x_wconf 84' lang='lat' dir='ltr'><strong>hominibus</strong></span> <span class='ocrx_word' id='word_1_133' title='bbox 726 1708 1008 1763; x_wconf 65' lang='lat' dir='ltr'><strong>mstimari.</strong></span> <span class='ocrx_word' id='word_1_134' title='bbox 1055 1708 1187 1775; x_wconf 80' lang='lat' dir='ltr'><strong>Quae</strong></span> <span class='ocrx_word' id='word_1_135' title='bbox 1233 1708 1533 1779; x_wconf 83' lang='lat' dir='ltr'><strong>institutio,</strong></span> <span class='ocrx_word' id='word_1_136' title='bbox 1570 1710 1736 1767; x_wconf 90' lang='lat' dir='ltr'><strong>immo</strong></span> <span class='ocrx_word' id='word_1_137' title='bbox 1766 1719 1846 1766; x_wconf 89' lang='lat' dir='ltr'><strong>te-</strong></span> 
     </span>
    </p>
   </div>
   <div class='ocr_carea' id='block_1_24' title="bbox 249 1801 1842 1873">
    <p class='ocr_par' dir='ltr' id='par_1_24' title="bbox 249 1801 1842 1873">
     <span class='ocr_line' id='line_1_24' title="bbox 249 1801 1842 1873; baseline 0.003 -17"><span class='ocrx_word' id='word_1_138' title='bbox 249 1814 386 1871; x_wconf 87' lang='lat' dir='ltr'><strong>por,</strong></span> <span class='ocrx_word' id='word_1_139' title='bbox 436 1816 532 1858; x_wconf 81' lang='lat' dir='ltr'><strong>eos</strong></span> <span class='ocrx_word' id='word_1_140' title='bbox 580 1815 713 1871; x_wconf 80' lang='lat' dir='ltr'><strong>quos</strong></span> <span class='ocrx_word' id='word_1_141' title='bbox 759 1801 931 1857; x_wconf 83' lang='lat' dir='ltr'><strong>semel</strong></span> <span class='ocrx_word' id='word_1_142' title='bbox 979 1801 1266 1867; x_wconf 87' lang='lat' dir='ltr'><strong>infecerit,</strong></span> <span class='ocrx_word' id='word_1_143' title='bbox 1322 1802 1391 1858; x_wconf 84' lang='lat' dir='ltr'><strong>ad</strong></span> <span class='ocrx_word' id='word_1_144' title='bbox 1446 1802 1842 1873; x_wconf 84' lang='lat' dir='ltr'><strong>perfectionem</strong></span> 
     </span>
    </p>
   </div>
   <div class='ocr_carea' id='block_1_25' title="bbox 1950 893 3536 966">
    <p class='ocr_par' dir='ltr' id='par_1_25' title="bbox 1950 893 3536 966">
     <span class='ocr_line' id='line_1_25' title="bbox 1950 893 3536 966; baseline 0.001 -19"><span class='ocrx_word' id='word_1_145' title='bbox 1950 906 2177 962; x_wconf 74' lang='lat' dir='ltr'><strong>serpens</strong></span> <span class='ocrx_word' id='word_1_146' title='bbox 2224 893 2583 951; x_wconf 87' lang='lat' dir='ltr'><strong>insanabilem</strong></span> <span class='ocrx_word' id='word_1_147' title='bbox 2638 897 2885 952; x_wconf 86' lang='lat' dir='ltr'><strong>morbum</strong></span> <span class='ocrx_word' id='word_1_148' title='bbox 2937 906 3168 966; x_wconf 76' lang='lat' dir='ltr'><strong>generat</strong></span> <span class='ocrx_word' id='word_1_149' title='bbox 3222 895 3536 963; x_wconf 66' lang='lat' dir='ltr'><strong>rgrotsnti.</strong></span> 
     </span>
    </p>
   </div>
   <div class='ocr_carea' id='block_1_26' title="bbox 1951 982 3535 1057">
    <p class='ocr_par' dir='ltr' id='par_1_26' title="bbox 1951 982 3535 1057">
     <span class='ocr_line' id='line_1_26' title="bbox 1951 982 3535 1057; baseline 0.001 -18"><span class='ocrx_word' id='word_1_150' title='bbox 1951 982 2061 1039; x_wconf 85' lang='lat' dir='ltr'><strong>Pro</strong></span> <span class='ocrx_word' id='word_1_151' title='bbox 2089 987 2391 1040; x_wconf 76' lang='lat' dir='ltr'><strong>reverentia</strong></span> <span class='ocrx_word' id='word_1_152' title='bbox 2432 987 2579 1042; x_wconf 83' lang='lat' dir='ltr'><strong>enim</strong></span> <span class='ocrx_word' id='word_1_153' title='bbox 2623 987 2916 1056; x_wconf 83' lang='lat' dir='ltr'><strong>singularis</strong></span> <span class='ocrx_word' id='word_1_154' title='bbox 2954 987 3147 1054; x_wconf 65' lang='lat' dir='ltr'><strong>cella,</strong></span> <span class='ocrx_word' id='word_1_155' title='bbox 3198 986 3380 1041; x_wconf 88' lang='lat' dir='ltr'><strong>nullus</strong></span> <span class='ocrx_word' id='word_1_156' title='bbox 3422 986 3535 1057; x_wconf 79' lang='lat' dir='ltr'><strong>jam</strong></span> 
     </span>
    </p>
   </div>
   <div class='ocr_carea' id='block_1_27' title="bbox 1951 1078 3535 1151">
    <p class='ocr_par' dir='ltr' id='par_1_27' title="bbox 1951 1078 3535 1151">
     <span class='ocr_line' id='line_1_27' title="bbox 1951 1078 3535 1151; baseline 0.001 -19"><span class='ocrx_word' id='word_1_157' title='bbox 1951 1078 2077 1133; x_wconf 88' lang='lat' dir='ltr'><strong>vitia</strong></span> <span class='ocrx_word' id='word_1_158' title='bbox 2106 1079 2334 1135; x_wconf 78' lang='lat' dir='ltr'><strong>solitarii</strong></span> <span class='ocrx_word' id='word_1_159' title='bbox 2365 1079 2528 1135; x_wconf 83' lang='lat' dir='ltr'><strong>sudet</strong></span> <span class='ocrx_word' id='word_1_160' title='bbox 2555 1096 2784 1151; x_wconf 76' lang='lat' dir='ltr'><strong>arguere</strong></span> <span class='ocrx_word' id='word_1_161' title='bbox 2806 1122 2823 1149; x_wconf 90' lang='lat'><strong>,</strong></span> <span class='ocrx_word' id='word_1_162' title='bbox 2852 1097 2971 1151; x_wconf 74' lang='lat' dir='ltr'><strong>qusi</strong></span> <span class='ocrx_word' id='word_1_163' title='bbox 3002 1081 3094 1135; x_wconf 87' lang='lat' dir='ltr'><strong>ille</strong></span> <span class='ocrx_word' id='word_1_164' title='bbox 3136 1080 3375 1151; x_wconf 82' lang='lat' dir='ltr'><strong>ignorari</strong></span> <span class='ocrx_word' id='word_1_165' title='bbox 3419 1093 3535 1134; x_wconf 81' lang='lat' dir='ltr'><strong>ma-</strong></span> 
     </span>
    </p>
   </div>
   <div class='ocr_carea' id='block_1_28' title="bbox 1950 1172 3533 1244">
    <p class='ocr_par' dir='ltr' id='par_1_28' title="bbox 1950 1172 3533 1244">
     <span class='ocr_line' id='line_1_28' title="bbox 1950 1172 3533 1244; baseline 0.001 -16"><span class='ocrx_word' id='word_1_166' title='bbox 1950 1173 2052 1229; x_wconf 90' lang='lat' dir='ltr'><strong>luit</strong></span> <span class='ocrx_word' id='word_1_167' title='bbox 2093 1189 2254 1244; x_wconf 85' lang='lat' dir='ltr'><strong>quam</strong></span> <span class='ocrx_word' id='word_1_168' title='bbox 2296 1176 2496 1229; x_wconf 88' lang='lat' dir='ltr'><strong>curari.</strong></span> <span class='ocrx_word' id='word_1_169' title='bbox 2544 1174 2712 1231; x_wconf 89' lang='lat' dir='ltr'><strong>Porro</strong></span> <span class='ocrx_word' id='word_1_170' title='bbox 2751 1178 2977 1232; x_wconf 78' lang='lat' dir='ltr'><strong>virtutes</strong></span> <span class='ocrx_word' id='word_1_171' title='bbox 3016 1190 3127 1231; x_wconf 88' lang='lat' dir='ltr'><strong>non</strong></span> <span class='ocrx_word' id='word_1_172' title='bbox 3167 1172 3533 1231; x_wconf 75' lang='lat' dir='ltr'><strong>occultatione</strong></span> 
     </span>
    </p>
   </div>
   <div class='ocr_carea' id='block_1_29' title="bbox 1947 1266 3152 1340">
    <p class='ocr_par' dir='ltr' id='par_1_29' title="bbox 1947 1266 3152 1340">
     <span class='ocr_line' id='line_1_29' title="bbox 1947 1266 3152 1340; baseline 0.002 -18"><span class='ocrx_word' id='word_1_173' title='bbox 1947 1268 2225 1332; x_wconf 76' lang='lat' dir='ltr'><strong>vitiorum,</strong></span> <span class='ocrx_word' id='word_1_174' title='bbox 2256 1266 2354 1323; x_wconf 88' lang='lat' dir='ltr'><strong>sed</strong></span> <span class='ocrx_word' id='word_1_175' title='bbox 2385 1271 2785 1339; x_wconf 74' lang='lat' dir='ltr'><strong>expugnatione</strong></span> <span class='ocrx_word' id='word_1_176' title='bbox 2805 1314 2820 1339; x_wconf 93' lang='lat'><strong>,</strong></span> <span class='ocrx_word' id='word_1_177' title='bbox 2849 1270 3152 1340; x_wconf 79' lang='lat' dir='ltr'><strong>pariuntur.</strong></span> 
     </span>
    </p>
   </div>
   <div class='ocr_carea' id='block_1_30' title="bbox 2560 1361 2921 1418">
    <p class='ocr_par' dir='ltr' id='par_1_30' title="bbox 2560 1361 2921 1418">
     <span class='ocr_line' id='line_1_30' title="bbox 2560 1361 2921 1418; baseline -0.003 -1"><span class='ocrx_word' id='word_1_178' title='bbox 2560 1361 2791 1418; x_wconf 83' lang='lat' dir='ltr'><strong>CAPUT</strong></span> <span class='ocrx_word' id='word_1_179' title='bbox 2828 1361 2921 1417; x_wconf 77' lang='lat' dir='ltr'><strong>ix.</strong></span> 
     </span>
    </p>
   </div>
   <div class='ocr_carea' id='block_1_31' title="bbox 2055 1450 3434 1536">
    <p class='ocr_par' dir='ltr' id='par_1_31' title="bbox 2055 1450 3434 1536">
     <span class='ocr_line' id='line_1_31' title="bbox 2055 1450 3434 1536; baseline -0.002 -29"><span class='ocrx_word' id='word_1_180' title='bbox 2055 1452 2406 1525; x_wconf 74' lang='lat' dir='ltr'><strong>Interrogatio</strong></span> <span class='ocrx_word' id='word_1_181' title='bbox 2453 1456 2581 1525; x_wconf 84' lang='lat' dir='ltr'><strong>quid</strong></span> <span class='ocrx_word' id='word_1_182' title='bbox 2622 1454 2831 1536; x_wconf 38' lang='lat' dir='ltr'><strong>intersit.</strong></span> <span class='ocrx_word' id='word_1_183' title='bbox 2874 1454 3011 1508; x_wconf 88' lang='lat' dir='ltr'><strong>inter</strong></span> <span class='ocrx_word' id='word_1_184' title='bbox 3061 1450 3347 1507; x_wconf 72' lang='lat' dir='ltr'><strong>mobium</strong></span> <span class='ocrx_word' id='word_1_185' title='bbox 3380 1457 3434 1505; x_wconf 86' lang='lat' dir='ltr'><strong>et</strong></span> 
     </span>
    </p>
   </div>
   <div class='ocr_carea' id='block_1_32' title="bbox 2552 1536 2943 1581">
    <p class='ocr_par' dir='ltr' id='par_1_32' title="bbox 2552 1536 2943 1581">
     <span class='ocr_line' id='line_1_32' title="bbox 2552 1536 2943 1581; baseline 0 0"><span class='ocrx_word' id='word_1_186' title='bbox 2552 1536 2943 1581; x_wconf 82' lang='lat' dir='ltr'><strong>monasterium.</strong></span> 
     </span>
    </p>
   </div>
   <div class='ocr_carea' id='block_1_33' title="bbox 2019 1614 3537 1689">
    <p class='ocr_par' dir='ltr' id='par_1_33' title="bbox 2019 1614 3537 1689">
     <span class='ocr_line' id='line_1_33' title="bbox 2019 1614 3537 1689; baseline -0.003 -15"><span class='ocrx_word' id='word_1_187' title='bbox 2019 1616 2320 1674; x_wconf 88' lang='lat' dir='ltr'><strong>Germanus</strong></span> <span class='ocrx_word' id='word_1_188' title='bbox 2349 1638 2362 1674; x_wconf 89' lang='lat'><strong>:</strong></span> <span class='ocrx_word' id='word_1_189' title='bbox 2399 1620 2572 1675; x_wconf 87' lang='lat' dir='ltr'><strong>Estne</strong></span> <span class='ocrx_word' id='word_1_190' title='bbox 2599 1619 2782 1689; x_wconf 85' lang='lat' dir='ltr'><strong>aliqua</strong></span> <span class='ocrx_word' id='word_1_191' title='bbox 2814 1619 2952 1672; x_wconf 90' lang='lat' dir='ltr'><strong>inter</strong></span> <span class='ocrx_word' id='word_1_192' title='bbox 2995 1614 3305 1671; x_wconf 83' lang='lat' dir='ltr'><strong>coenobium</strong></span> <span class='ocrx_word' id='word_1_193' title='bbox 3349 1627 3537 1670; x_wconf 50' lang='lat' dir='ltr'><strong>monas</strong></span> 
     </span>
    </p>
   </div>
   <div class='ocr_carea' id='block_1_34' title="bbox 1948 1710 3539 1782">
    <p class='ocr_par' dir='ltr' id='par_1_34' title="bbox 1948 1710 3539 1782">
     <span class='ocr_line' id='line_1_34' title="bbox 1948 1710 3539 1782; baseline -0.001 -17"><span class='ocrx_word' id='word_1_194' title='bbox 1948 1713 2280 1782; x_wconf 82' lang='lat' dir='ltr'><strong>steriumque</strong></span> <span class='ocrx_word' id='word_1_195' title='bbox 2310 1712 2583 1780; x_wconf 83' lang='lat' dir='ltr'><strong>distantia,</strong></span> <span class='ocrx_word' id='word_1_196' title='bbox 2617 1727 2683 1767; x_wconf 87' lang='lat' dir='ltr'><strong>an</strong></span> <span class='ocrx_word' id='word_1_197' title='bbox 2717 1710 2771 1766; x_wconf 91' lang='lat' dir='ltr'><strong>in</strong></span> <span class='ocrx_word' id='word_1_198' title='bbox 2800 1717 3035 1782; x_wconf 90' lang='lat' dir='ltr'><strong>utroque</strong></span> <span class='ocrx_word' id='word_1_199' title='bbox 3062 1710 3285 1767; x_wconf 84' lang='lat' dir='ltr'><strong>nomine</strong></span> <span class='ocrx_word' id='word_1_200' title='bbox 3315 1722 3405 1765; x_wconf 84' lang='lat' dir='ltr'><strong>res</strong></span> <span class='ocrx_word' id='word_1_201' title='bbox 3434 1720 3539 1767; x_wconf 80' lang='lat' dir='ltr'><strong>una</strong></span> 
     </span>
    </p>
   </div>
   <div class='ocr_carea' id='block_1_35' title="bbox 1948 1806 2235 1862">
    <p class='ocr_par' dir='ltr' id='par_1_35' title="bbox 1948 1806 2235 1862">
     <span class='ocr_line' id='line_1_35' title="bbox 1948 1806 2235 1862; baseline 0.003 -1"><span class='ocrx_word' id='word_1_202' title='bbox 1948 1806 2235 1862; x_wconf 78' lang='lat' dir='ltr'><strong>censetur?</strong></span> 
     </span>
    </p>
   </div>
   <div class='ocr_carea' id='block_1_36' title="bbox 1322 2006 2457 2068">
    <p class='ocr_par' dir='ltr' id='par_1_36' title="bbox 1322 2006 2457 2068">
     <span class='ocr_line' id='line_1_36' title="bbox 1322 2006 2457 2068; baseline 0.002 -6"><span class='ocrx_word' id='word_1_203' title='bbox 1322 2008 1579 2065; x_wconf 75' lang='lat' dir='ltr'><strong>ALABDI</strong></span> <span class='ocrx_word' id='word_1_204' title='bbox 1622 2006 1859 2065; x_wconf 71' lang='grc' dir='ltr'><strong>ΟΔΖΔΕΙ</strong></span> <span class='ocrx_word' id='word_1_205' title='bbox 1894 2008 2457 2068; x_wconf 72' lang='lat' dir='ltr'><strong>COMMENTARIUS.</strong></span> 
     </span>
    </p>
   </div>
   <div class='ocr_carea' id='block_1_37' title="bbox 258 2139 1926 2211">
    <p class='ocr_par' dir='ltr' id='par_1_37' title="bbox 258 2139 1926 2211">
     <span class='ocr_line' id='line_1_37' title="bbox 258 2139 1926 2211; baseline 0.001 -13"><span class='ocrx_word' id='word_1_206' title='bbox 258 2144 450 2211; x_wconf 83' lang='lat' dir='ltr'><strong>plures</strong></span> <span class='ocrx_word' id='word_1_207' title='bbox 492 2141 547 2195; x_wconf 88' lang='lat' dir='ltr'><strong>in</strong></span> <span class='ocrx_word' id='word_1_208' title='bbox 601 2139 776 2196; x_wconf 88' lang='lat' dir='ltr'><strong>Ponto</strong></span> <span class='ocrx_word' id='word_1_209' title='bbox 829 2142 1104 2196; x_wconf 80' lang='lat' dir='ltr'><strong>exstitisse</strong></span> <span class='ocrx_word' id='word_1_210' title='bbox 1147 2140 1509 2199; x_wconf 84' lang='lat' dir='ltr'><strong>disertissime</strong></span> <span class='ocrx_word' id='word_1_211' title='bbox 1555 2152 1846 2200; x_wconf 85' lang='lat' dir='ltr'><strong>testantur.</strong></span> <span class='ocrx_word' id='word_1_212' title='bbox 1878 2147 1926 2208; x_wconf 86' lang='lat' dir='ltr'><strong>B</strong></span> 
     </span>
    </p>
   </div>
   <div class='ocr_carea' id='block_1_38' title="bbox 258 2213 1852 2297">
    <p class='ocr_par' dir='ltr' id='par_1_38' title="bbox 258 2213 1852 2297">
     <span class='ocr_line' id='line_1_38' title="bbox 258 2213 1852 2297; baseline 0.003 -31"><span class='ocrx_word' id='word_1_213' title='bbox 258 2213 423 2297; x_wconf 79' lang='lat' dir='ltr'><strong>Quod</strong></span> <span class='ocrx_word' id='word_1_214' title='bbox 454 2221 510 2267; x_wconf 89' lang='lat' dir='ltr'><strong>et</strong></span> <span class='ocrx_word' id='word_1_215' title='bbox 539 2213 747 2268; x_wconf 71' lang='lat' dir='ltr'><strong>notavit</strong></span> <span class='ocrx_word' id='word_1_216' title='bbox 782 2214 1115 2269; x_wconf 84' lang='lat' dir='ltr'><strong>Possevinus</strong></span> <span class='ocrx_word' id='word_1_217' title='bbox 1145 2213 1248 2283; x_wconf 84' lang='lat' dir='ltr'><strong>(In</strong></span> <span class='ocrx_word' id='word_1_218' title='bbox 1278 2215 1583 2286; x_wconf 79' lang='lat' dir='ltr'><strong>Apparatu)</strong></span> <span class='ocrx_word' id='word_1_219' title='bbox 1614 2217 1669 2271; x_wconf 91' lang='lat' dir='ltr'><strong>in</strong></span> <span class='ocrx_word' id='word_1_220' title='bbox 1715 2216 1852 2271; x_wconf 79' lang='lat' dir='ltr'><strong>Cas-</strong></span> 
     </span>
    </p>
   </div>
   <div class='ocr_carea' id='block_1_39' title="bbox 260 2299 1852 2427">
    <p class='ocr_par' dir='ltr' id='par_1_39' title="bbox 260 2299 1852 2427">
     <span class='ocr_line' id='line_1_39' title="bbox 260 2299 1852 2427; baseline 0.006 -20"><span class='ocrx_word' id='word_1_221' title='bbox 260 2299 656 2423; x_wconf 56' lang='grc' dir='ltr'><strong>1⁵1³ιξηδιιιπιυπιι</strong></span> <span class='ocrx_word' id='word_1_222' title='bbox 688 2354 791 2411; x_wconf 77' lang='lat' dir='ltr'><strong>hoc</strong></span> <span class='ocrx_word' id='word_1_223' title='bbox 820 2370 991 2424; x_wconf 81' lang='lat' dir='ltr'><strong>genus</strong></span> <span class='ocrx_word' id='word_1_224' title='bbox 1020 2356 1407 2413; x_wconf 86' lang='lat' dir='ltr'><strong>monachorum</strong></span> <span class='ocrx_word' id='word_1_225' title='bbox 1428 2398 1445 2423; x_wconf 89' lang='lat'><strong>,</strong></span> <span class='ocrx_word' id='word_1_226' title='bbox 1472 2359 1616 2427; x_wconf 90' lang='lat' dir='ltr'><strong>quod</strong></span> <span class='ocrx_word' id='word_1_227' title='bbox 1645 2358 1735 2415; x_wconf 88' lang='lat' dir='ltr'><strong>hic</strong></span> <span class='ocrx_word' id='word_1_228' title='bbox 1760 2358 1852 2415; x_wconf 85' lang='lat' dir='ltr'><strong>ab-</strong></span> 
     </span>
    </p>
   </div>
   <div class='ocr_carea' id='block_1_40' title="bbox 267 2426 1850 2500">
    <p class='ocr_par' dir='ltr' id='par_1_40' title="bbox 267 2426 1850 2500">
     <span class='ocr_line' id='line_1_40' title="bbox 267 2426 1850 2500; baseline 0.003 -19"><span class='ocrx_word' id='word_1_229' title='bbox 267 2428 747 2500; x_wconf 65' lang='lat' dir='ltr'><strong>basanonymum</strong></span> <span class='ocrx_word' id='word_1_230' title='bbox 780 2426 897 2482; x_wconf 83' lang='lat' dir='ltr'><strong>sive</strong></span> <span class='ocrx_word' id='word_1_231' title='bbox 935 2428 1326 2500; x_wconf 88' lang='lat' dir='ltr'><strong>innominatum</strong></span> <span class='ocrx_word' id='word_1_232' title='bbox 1365 2426 1616 2500; x_wconf 80' lang='lat' dir='ltr'><strong>reliquit,</strong></span> <span class='ocrx_word' id='word_1_233' title='bbox 1655 2431 1715 2485; x_wconf 92' lang='lat' dir='ltr'><strong>D.</strong></span> <span class='ocrx_word' id='word_1_234' title='bbox 1751 2429 1850 2485; x_wconf 89' lang='lat' dir='ltr'><strong>Be-</strong></span> 
     </span>
    </p>
   </div>
   <div class='ocr_carea' id='block_1_41' title="bbox 266 2496 1848 2572">
    <p class='ocr_par' dir='ltr' id='par_1_41' title="bbox 266 2496 1848 2572">
     <span class='ocr_line' id='line_1_41' title="bbox 266 2496 1848 2572; baseline 0.001 -20"><span class='ocrx_word' id='word_1_235' title='bbox 266 2496 522 2572; x_wconf 74' lang='lat' dir='ltr'><strong>nedictus</strong></span> <span class='ocrx_word' id='word_1_236' title='bbox 558 2496 788 2572; x_wconf 62' lang='lat' dir='ltr'><strong>&#39;prOprio</strong></span> <span class='ocrx_word' id='word_1_237' title='bbox 829 2499 1114 2572; x_wconf 12' lang='lat' dir='ltr'><strong>vocabulo;</strong></span> <span class='ocrx_word' id='word_1_238' title='bbox 1140 2515 1467 2572; x_wconf 78' lang='lat' dir='ltr'><strong>gyrovagum</strong></span> <span class='ocrx_word' id='word_1_239' title='bbox 1486 2496 1493 2499; x_wconf 54' lang='grc'>⁷</span> <span class='ocrx_word' id='word_1_240' title='bbox 1514 2496 1812 2572; x_wconf 74' lang='lat' dir='ltr'><strong>nominavit</strong></span> <span class='ocrx_word' id='word_1_241' title='bbox 1832 2542 1848 2569; x_wconf 94' lang='lat'><strong>,</strong></span> 
     </span>
    </p>
   </div>
   <div class='ocr_carea' id='block_1_42' title="bbox 188 2568 1849 2655">
    <p class='ocr_par' dir='ltr' id='par_1_42' title="bbox 188 2568 1849 2655">
     <span class='ocr_line' id='line_1_42' title="bbox 188 2568 1849 2655; baseline 0.001 -31"><span class='ocrx_word' id='word_1_242' title='bbox 188 2606 199 2613; x_wconf 68' lang='grc' dir='ltr'><strong><em>η</em></strong></span> <span class='ocrx_word' id='word_1_243' title='bbox 262 2568 493 2655; x_wconf 62' lang='lat' dir='ltr'><strong>quodet</strong></span> <span class='ocrx_word' id='word_1_244' title='bbox 523 2569 640 2624; x_wconf 89' lang='lat' dir='ltr'><strong>suis</strong></span> <span class='ocrx_word' id='word_1_245' title='bbox 676 2570 953 2655; x_wconf 76' lang='lat' dir='ltr'><strong>coloribus</strong></span> <span class='ocrx_word' id='word_1_246' title='bbox 982 2569 1058 2623; x_wconf 88' lang='lat' dir='ltr'><strong>ita</strong></span> <span class='ocrx_word' id='word_1_247' title='bbox 1085 2568 1383 2655; x_wconf 52' lang='lat' dir='ltr'><strong>depinxit]</strong></span> <span class='ocrx_word' id='word_1_248' title='bbox 1408 2572 1537 2643; x_wconf 87' lang='lat' dir='ltr'><strong>Cap.</strong></span> <span class='ocrx_word' id='word_1_249' title='bbox 1626 2571 1755 2655; x_wconf 53' lang='lat' dir='ltr'><strong>Reg:</strong></span> <span class='ocrx_word' id='word_1_250' title='bbox 1783 2570 1803 2642; x_wconf 97' lang='lat'><strong>)</strong></span> <span class='ocrx_word' id='word_1_251' title='bbox 1834 2568 1849 2626; x_wconf 68' lang='grc' dir='ltr'>ὲ</span> 
     </span>
    </p>
   </div>
   <div class='ocr_carea' id='block_1_43' title="bbox 270 2639 1853 2713">
    <p class='ocr_par' dir='ltr' id='par_1_43' title="bbox 270 2639 1853 2713">
     <span class='ocr_line' id='line_1_43' title="bbox 270 2639 1853 2713; baseline 0.001 -18"><span class='ocrx_word' id='word_1_252' title='bbox 270 2639 530 2709; x_wconf 81' lang='lat' dir='ltr'><strong>Quartum</strong></span> <span class='ocrx_word' id='word_1_253' title='bbox 560 2657 677 2695; x_wconf 83' lang='lat' dir='ltr'><strong>vero</strong></span> <span class='ocrx_word' id='word_1_254' title='bbox 705 2650 776 2694; x_wconf 90' lang='lat' dir='ltr'><strong>est</strong></span> <span class='ocrx_word' id='word_1_255' title='bbox 802 2658 963 2711; x_wconf 86' lang='lat' dir='ltr'><strong>genus</strong></span> <span class='ocrx_word' id='word_1_256' title='bbox 990 2639 1395 2708; x_wconf 71' lang='lat' dir='ltr'><strong>monachorum,</strong></span> <span class='ocrx_word' id='word_1_257' title='bbox 1438 2639 1577 2713; x_wconf 85' lang='lat' dir='ltr'><strong>quod</strong></span> <span class='ocrx_word' id='word_1_258' title='bbox 1618 2639 1853 2697; x_wconf 79' lang='lat' dir='ltr'><strong>nomina-</strong></span> 
     </span>
    </p>
   </div>
   <div class='ocr_carea' id='block_1_44' title="bbox 269 2713 1851 2784">
    <p class='ocr_par' dir='ltr' id='par_1_44' title="bbox 269 2713 1851 2784">
     <span class='ocr_line' id='line_1_44' title="bbox 269 2713 1851 2784; baseline 0.002 -18"><span class='ocrx_word' id='word_1_259' title='bbox 269 2721 355 2766; x_wconf 88' lang='lat' dir='ltr'><strong>tur</strong></span> <span class='ocrx_word' id='word_1_260' title='bbox 382 2726 727 2784; x_wconf 80' lang='lat' dir='ltr'><strong>gyrovagum,</strong></span> <span class='ocrx_word' id='word_1_261' title='bbox 758 2713 845 2780; x_wconf 85' lang='lat' dir='ltr'><strong>qui</strong></span> <span class='ocrx_word' id='word_1_262' title='bbox 870 2722 975 2765; x_wconf 89' lang='lat' dir='ltr'><strong>tota</strong></span> <span class='ocrx_word' id='word_1_263' title='bbox 1002 2713 1107 2784; x_wconf 83' lang='lat' dir='ltr'><strong>rita</strong></span> <span class='ocrx_word' id='word_1_264' title='bbox 1131 2730 1228 2767; x_wconf 86' lang='lat' dir='ltr'><strong>sua</strong></span> <span class='ocrx_word' id='word_1_265' title='bbox 1268 2730 1359 2782; x_wconf 90' lang='lat' dir='ltr'><strong>per</strong></span> <span class='ocrx_word' id='word_1_266' title='bbox 1388 2716 1613 2769; x_wconf 84' lang='lat' dir='ltr'><strong>diversas</strong></span> <span class='ocrx_word' id='word_1_267' title='bbox 1644 2716 1851 2782; x_wconf 86' lang='lat' dir='ltr'><strong>provin-</strong></span> 
     </span>
    </p>
   </div>
   <div class='ocr_carea' id='block_1_45' title="bbox 267 2783 1851 2854">
    <p class='ocr_par' dir='ltr' id='par_1_45' title="bbox 267 2783 1851 2854">
     <span class='ocr_line' id='line_1_45' title="bbox 267 2783 1851 2854; baseline 0.003 -18"><span class='ocrx_word' id='word_1_268' title='bbox 267 2783 561 2836; x_wconf 40' lang='lat' dir='ltr'><strong>cias&#39;ternis</strong></span> <span class='ocrx_word' id='word_1_269' title='bbox 592 2794 679 2835; x_wconf 88' lang='lat' dir='ltr'><strong>aut</strong></span> <span class='ocrx_word' id='word_1_270' title='bbox 705 2785 963 2847; x_wconf 78' lang='lat' dir='ltr'><strong>quaternis</strong></span> <span class='ocrx_word' id='word_1_271' title='bbox 989 2783 1164 2838; x_wconf 87' lang='lat' dir='ltr'><strong>diebus</strong></span> <span class='ocrx_word' id='word_1_272' title='bbox 1195 2801 1283 2854; x_wconf 88' lang='lat' dir='ltr'><strong>per</strong></span> <span class='ocrx_word' id='word_1_273' title='bbox 1325 2786 1642 2839; x_wconf 84' lang='lat' dir='ltr'><strong>diversorum</strong></span> <span class='ocrx_word' id='word_1_274' title='bbox 1686 2786 1851 2840; x_wconf 90' lang='lat' dir='ltr'><strong>cellas</strong></span> 
     </span>
    </p>
   </div>
   <div class='ocr_carea' id='block_1_46' title="bbox 267 2854 1849 2926">
    <p class='ocr_par' dir='ltr' id='par_1_46' title="bbox 267 2854 1849 2926">
     <span class='ocr_line' id='line_1_46' title="bbox 267 2854 1849 2926; baseline 0.002 -20"><span class='ocrx_word' id='word_1_275' title='bbox 267 2854 644 2926; x_wconf 9' lang='lat' dir='ltr'><strong>hospitanturr;</strong></span> <span class='ocrx_word' id='word_1_276' title='bbox 673 2869 871 2924; x_wconf 81' lang='lat' dir='ltr'><strong>semper</strong></span> <span class='ocrx_word' id='word_1_277' title='bbox 894 2856 1035 2926; x_wconf 82' lang='lat' dir='ltr'><strong>vagi,</strong></span> <span class='ocrx_word' id='word_1_278' title='bbox 1079 2865 1129 2908; x_wconf 89' lang='lat' dir='ltr'><strong>et</strong></span> <span class='ocrx_word' id='word_1_279' title='bbox 1166 2871 1449 2921; x_wconf 76' lang='lat' dir='ltr'><strong>numquam</strong></span> <span class='ocrx_word' id='word_1_280' title='bbox 1481 2857 1721 2922; x_wconf 77' lang='lat' dir='ltr'><strong>stabiles;</strong></span> <span class='ocrx_word' id='word_1_281' title='bbox 1758 2857 1849 2913; x_wconf 86' lang='lat' dir='ltr'><strong>sed</strong></span> 
     </span>
    </p>
   </div>
   <div class='ocr_carea' id='block_1_47' title="bbox 266 2925 1849 2998">
    <p class='ocr_par' dir='ltr' id='par_1_47' title="bbox 266 2925 1849 2998">
     <span class='ocr_line' id='line_1_47' title="bbox 266 2925 1849 2998; baseline 0.003 -21"><span class='ocrx_word' id='word_1_282' title='bbox 266 2940 470 2998; x_wconf 80' lang='lat' dir='ltr'><strong>semper</strong></span> <span class='ocrx_word' id='word_1_283' title='bbox 495 2934 543 2979; x_wconf 87' lang='lat' dir='ltr'><strong>et</strong></span> <span class='ocrx_word' id='word_1_284' title='bbox 570 2925 751 2995; x_wconf 88' lang='lat' dir='ltr'><strong>ubique</strong></span> <span class='ocrx_word' id='word_1_285' title='bbox 778 2925 1001 2996; x_wconf 80' lang='lat' dir='ltr'><strong>propriis</strong></span> <span class='ocrx_word' id='word_1_286' title='bbox 1031 2927 1374 2997; x_wconf 84' lang='lat' dir='ltr'><strong>voluptatibus</strong></span> <span class='ocrx_word' id='word_1_287' title='bbox 1411 2937 1463 2982; x_wconf 80' lang='lat' dir='ltr'><strong>et</strong></span> <span class='ocrx_word' id='word_1_288' title='bbox 1498 2930 1635 2998; x_wconf 82' lang='lat' dir='ltr'><strong>gulte</strong></span> <span class='ocrx_word' id='word_1_289' title='bbox 1678 2928 1849 2982; x_wconf 79' lang='lat' dir='ltr'><strong>illece-</strong></span> 
     </span>
    </p>
   </div>
   <div class='ocr_carea' id='block_1_48' title="bbox 271 2996 1852 3065">
    <p class='ocr_par' dir='ltr' id='par_1_48' title="bbox 271 2996 1852 3065">
     <span class='ocr_line' id='line_1_48' title="bbox 271 2996 1852 3065; baseline 0.003 -17"><span class='ocrx_word' id='word_1_290' title='bbox 271 2996 379 3048; x_wconf 82' lang='lat' dir='ltr'><strong>bris</strong></span> <span class='ocrx_word' id='word_1_291' title='bbox 405 2998 703 3055; x_wconf 72' lang='lat' dir='ltr'><strong>servientes,</strong></span> <span class='ocrx_word' id='word_1_292' title='bbox 736 3004 783 3049; x_wconf 91' lang='lat' dir='ltr'><strong>et</strong></span> <span class='ocrx_word' id='word_1_293' title='bbox 817 3013 903 3064; x_wconf 89' lang='lat' dir='ltr'><strong>per</strong></span> <span class='ocrx_word' id='word_1_294' title='bbox 930 2999 1106 3049; x_wconf 86' lang='lat' dir='ltr'><strong>omnia</strong></span> <span class='ocrx_word' id='word_1_295' title='bbox 1145 2996 1421 3052; x_wconf 80' lang='lat' dir='ltr'><strong>deteriores</strong></span> <span class='ocrx_word' id='word_1_296' title='bbox 1455 2996 1755 3065; x_wconf 79' lang='lat' dir='ltr'><strong>sarabaitis,</strong></span> <span class='ocrx_word' id='word_1_297' title='bbox 1789 3000 1852 3055; x_wconf 87' lang='lat' dir='ltr'><strong>de</strong></span> 
     </span>
    </p>
   </div>
   <div class='ocr_carea' id='block_1_49' title="bbox 272 3067 1851 3135">
    <p class='ocr_par' dir='ltr' id='par_1_49' title="bbox 272 3067 1851 3135">
     <span class='ocr_line' id='line_1_49' title="bbox 272 3067 1851 3135; baseline 0.003 -17"><span class='ocrx_word' id='word_1_298' title='bbox 272 3081 490 3135; x_wconf 88' lang='lat' dir='ltr'><strong>quorum</strong></span> <span class='ocrx_word' id='word_1_299' title='bbox 540 3067 764 3119; x_wconf 88' lang='lat' dir='ltr'><strong>omnium</strong></span> <span class='ocrx_word' id='word_1_300' title='bbox 808 3068 1093 3121; x_wconf 89' lang='lat' dir='ltr'><strong>miserrima</strong></span> <span class='ocrx_word' id='word_1_301' title='bbox 1133 3071 1509 3122; x_wconf 82' lang='lat' dir='ltr'><strong>conversatione</strong></span> <span class='ocrx_word' id='word_1_302' title='bbox 1554 3070 1730 3123; x_wconf 86' lang='lat' dir='ltr'><strong>melius</strong></span> <span class='ocrx_word' id='word_1_303' title='bbox 1777 3079 1851 3123; x_wconf 87' lang='lat' dir='ltr'><strong>est</strong></span> 
     </span>
    </p>
   </div>
   <div class='ocr_carea' id='block_1_50' title="bbox 271 3136 1851 3207">
    <p class='ocr_par' dir='ltr' id='par_1_50' title="bbox 271 3136 1851 3207">
     <span class='ocr_line' id='line_1_50' title="bbox 271 3136 1851 3207; baseline 0.003 -16"><span class='ocrx_word' id='word_1_304' title='bbox 271 3136 425 3191; x_wconf 86' lang='lat' dir='ltr'><strong>silere</strong></span> <span class='ocrx_word' id='word_1_305' title='bbox 443 3154 595 3207; x_wconf 89' lang='lat' dir='ltr'><strong>quam</strong></span> <span class='ocrx_word' id='word_1_306' title='bbox 630 3139 786 3203; x_wconf 83' lang='lat' dir='ltr'><strong>loqui.</strong></span> <span class='ocrx_word' id='word_1_307' title='bbox 815 3136 974 3192; x_wconf 88' lang='lat' dir='ltr'><strong>Tales</strong></span> <span class='ocrx_word' id='word_1_308' title='bbox 998 3144 1156 3193; x_wconf 85' lang='lat' dir='ltr'><strong>etiam</strong></span> <span class='ocrx_word' id='word_1_309' title='bbox 1200 3140 1525 3204; x_wconf 82' lang='lat' dir='ltr'><strong>monachos,</strong></span> <span class='ocrx_word' id='word_1_310' title='bbox 1558 3141 1639 3193; x_wconf 85' lang='lat' dir='ltr'><strong>vel</strong></span> <span class='ocrx_word' id='word_1_311' title='bbox 1675 3141 1851 3207; x_wconf 82' lang='lat' dir='ltr'><strong>pulius</strong></span> 
     </span>
    </p>
   </div>
   <div class='ocr_carea' id='block_1_51' title="bbox 274 3208 1851 3332">
    <p class='ocr_par' dir='ltr' id='par_1_51' title="bbox 274 3208 1851 3332">
     <span class='ocr_line' id='line_1_51' title="bbox 274 3208 1851 3332; baseline 0.003 -70"><span class='ocrx_word' id='word_1_312' title='bbox 274 3209 809 3332; x_wconf 61' lang='lat' dir='ltr'><strong>gseudomonacbos,</strong></span> <span class='ocrx_word' id='word_1_313' title='bbox 844 3208 908 3262; x_wconf 84' lang='grc' dir='ltr'><strong>ι).</strong></span> <span class='ocrx_word' id='word_1_314' title='bbox 942 3208 1278 3279; x_wconf 82' lang='lat' dir='ltr'><strong>Augustinus</strong></span> <span class='ocrx_word' id='word_1_315' title='bbox 1306 3211 1603 3281; x_wconf 71' lang='lat' dir='ltr'><strong>depingere</strong></span> <span class='ocrx_word' id='word_1_316' title='bbox 1634 3211 1851 3266; x_wconf 78' lang='lat' dir='ltr'><strong>videtur</strong></span> 
     </span>
     <span class='ocr_line' id='line_1_52' title="bbox 320 3278 1846 3332; baseline 0.001 -2"><span class='ocrx_word' id='word_1_317' title='bbox 320 3280 360 3331; x_wconf 81' lang='lat' dir='ltr'><strong>is</strong></span> <span class='ocrx_word' id='word_1_318' title='bbox 384 3281 561 3332; x_wconf 83' lang='lat' dir='ltr'><strong>verbis</strong></span> <span class='ocrx_word' id='word_1_319' title='bbox 579 3278 679 3332; x_wconf 84' lang='lat' dir='ltr'><strong>(De</strong></span> <span class='ocrx_word' id='word_1_320' title='bbox 695 3281 1095 3332; x_wconf 84' lang='lat' dir='ltr'><strong>onet&#39;emonach.</strong></span> <span class='ocrx_word' id='word_1_321' title='bbox 1115 3297 1164 3332; x_wconf 88' lang='lat' dir='ltr'><strong>c.</strong></span> <span class='ocrx_word' id='word_1_322' title='bbox 1182 3280 1307 3332; x_wconf 72' lang='lat'><strong>‘28):</strong></span> <span class='ocrx_word' id='word_1_323' title='bbox 1336 3280 1459 3332; x_wconf 80' lang='lat' dir='ltr'><strong>Tant</strong></span> <span class='ocrx_word' id='word_1_324' title='bbox 1487 3284 1668 3332; x_wconf 83' lang='lat' dir='ltr'><strong>multos</strong></span> <span class='ocrx_word' id='word_1_325' title='bbox 1689 3284 1846 3332; x_wconf 79' lang='lat' dir='ltr'><strong>hunc-</strong></span> 
     </span>
    </p>
   </div>
   <div class='ocr_carea' id='block_1_52' title="bbox 320 3278 1846 3353">
    <p class='ocr_par' dir='ltr' id='par_1_52' title="bbox 320 3278 1846 3353">
     <span class='ocr_line' id='line_1_53' title="bbox 320 3278 1846 3353; baseline 0.004 -23"><span class='ocrx_word' id='word_1_326' title='bbox 320 3280 360 3353; x_wconf 76' lang='lat' dir='ltr'><strong>is</strong></span> <span class='ocrx_word' id='word_1_327' title='bbox 384 3281 561 3353; x_wconf 82' lang='lat' dir='ltr'><strong>verbis</strong></span> <span class='ocrx_word' id='word_1_328' title='bbox 579 3278 679 3353; x_wconf 85' lang='lat' dir='ltr'><strong>(De</strong></span> <span class='ocrx_word' id='word_1_329' title='bbox 695 3296 845 3343; x_wconf 86' lang='lat' dir='ltr'><strong>apere</strong></span> <span class='ocrx_word' id='word_1_330' title='bbox 859 3278 1095 3333; x_wconf 82' lang='lat' dir='ltr'><strong>monach.</strong></span> <span class='ocrx_word' id='word_1_331' title='bbox 1115 3297 1164 3334; x_wconf 90' lang='lat' dir='ltr'><strong>c.</strong></span> <span class='ocrx_word' id='word_1_332' title='bbox 1182 3280 1307 3349; x_wconf 71' lang='lat'><strong>28):</strong></span> <span class='ocrx_word' id='word_1_333' title='bbox 1336 3280 1459 3334; x_wconf 86' lang='lat' dir='ltr'><strong>Tam</strong></span> <span class='ocrx_word' id='word_1_334' title='bbox 1481 3278 1668 3335; x_wconf 78' lang='lat' dir='ltr'><strong>multos</strong></span> <span class='ocrx_word' id='word_1_335' title='bbox 1689 3284 1846 3353; x_wconf 83' lang='lat' dir='ltr'><strong>hypo-</strong></span> 
     </span>
    </p>
   </div>
   <div class='ocr_carea' id='block_1_53' title="bbox 274 3350 1851 3423">
    <p class='ocr_par' dir='ltr' id='par_1_53' title="bbox 274 3350 1851 3423">
     <span class='ocr_line' id='line_1_54' title="bbox 274 3350 1851 3423; baseline 0.004 -22"><span class='ocrx_word' id='word_1_336' title='bbox 274 3351 432 3423; x_wconf 80' lang='lat' dir='ltr'><strong>critas</strong></span> <span class='ocrx_word' id='word_1_337' title='bbox 458 3350 759 3423; x_wconf 9' lang='lat' dir='ltr'><strong>subighabitu</strong></span> <span class='ocrx_word' id='word_1_338' title='bbox 795 3353 1169 3423; x_wconf 72' lang='lat' dir='ltr'><strong>monachorum</strong></span> <span class='ocrx_word' id='word_1_339' title='bbox 1208 3369 1570 3423; x_wconf 76' lang='lat' dir='ltr'><strong>usquequaque</strong></span> <span class='ocrx_word' id='word_1_340' title='bbox 1606 3350 1851 3421; x_wconf 75' lang='lat' dir='ltr'><strong>dispersit</strong></span> 
     </span>
    </p>
   </div>
   <div class='ocr_carea' id='block_1_54' title="bbox 275 3420 1849 3493">
    <p class='ocr_par' dir='ltr' id='par_1_54' title="bbox 275 3420 1849 3493">
     <span class='ocr_line' id='line_1_55' title="bbox 275 3420 1849 3493; baseline 0.003 -21"><span class='ocrx_word' id='word_1_341' title='bbox 275 3420 437 3493; x_wconf 87' lang='lat' dir='ltr'><strong>hostis</strong></span> <span class='ocrx_word' id='word_1_342' title='bbox 467 3421 653 3474; x_wconf 80' lang='lat' dir='ltr'><strong>scilicet</strong></span> <span class='ocrx_word' id='word_1_343' title='bbox 692 3420 905 3474; x_wconf 89' lang='lat' dir='ltr'><strong>humani</strong></span> <span class='ocrx_word' id='word_1_344' title='bbox 951 3424 1181 3493; x_wconf 87' lang='lat' dir='ltr'><strong>generis,</strong></span> <span class='ocrx_word' id='word_1_345' title='bbox 1229 3420 1598 3477; x_wconf 81' lang='lat' dir='ltr'><strong>circumeuntes</strong></span> <span class='ocrx_word' id='word_1_346' title='bbox 1640 3420 1849 3491; x_wconf 74' lang='lat' dir='ltr'><strong>provin-</strong></span> 
     </span>
    </p>
   </div>
   <div class='ocr_carea' id='block_1_55' title="bbox 273 3492 1849 3563">
    <p class='ocr_par' dir='ltr' id='par_1_55' title="bbox 273 3492 1849 3563">
     <span class='ocr_line' id='line_1_56' title="bbox 273 3492 1849 3563; baseline 0.003 -17"><span class='ocrx_word' id='word_1_347' title='bbox 273 3492 380 3546; x_wconf 78' lang='lat' dir='ltr'><strong>cias</strong></span> <span class='ocrx_word' id='word_1_348' title='bbox 401 3532 414 3551; x_wconf 84' lang='grc'>,</span> <span class='ocrx_word' id='word_1_349' title='bbox 448 3509 700 3563; x_wconf 83' lang='lat' dir='ltr'><strong>nusquam</strong></span> <span class='ocrx_word' id='word_1_350' title='bbox 732 3494 935 3557; x_wconf 89' lang='lat' dir='ltr'><strong>missos,</strong></span> <span class='ocrx_word' id='word_1_351' title='bbox 956 3492 1214 3561; x_wconf 80' lang='lat' dir='ltr'><strong>nusquam</strong></span> <span class='ocrx_word' id='word_1_352' title='bbox 1245 3494 1397 3563; x_wconf 73' lang='lat' dir='ltr'><strong>ﬁxos,</strong></span> <span class='ocrx_word' id='word_1_353' title='bbox 1424 3512 1676 3563; x_wconf 82' lang='lat' dir='ltr'><strong>nusquam</strong></span> <span class='ocrx_word' id='word_1_354' title='bbox 1708 3506 1849 3550; x_wconf 78' lang='lat' dir='ltr'><strong>stan-</strong></span> 
     </span>
    </p>
   </div>
   <div class='ocr_carea' id='block_1_56' title="bbox 272 3634 1849 3709">
    <p class='ocr_par' dir='ltr' id='par_1_56' title="bbox 272 3634 1849 3709">
     <span class='ocr_line' id='line_1_57' title="bbox 272 3634 1849 3709; baseline 0.003 -24"><span class='ocrx_word' id='word_1_355' title='bbox 272 3645 449 3709; x_wconf 74' lang='lat' dir='ltr'><strong>tamen</strong></span> <span class='ocrx_word' id='word_1_356' title='bbox 495 3634 1163 3709; x_wconf 28' lang='lat' dir='ltr'><strong>martyrumhvenditant;</strong></span> <span class='ocrx_word' id='word_1_357' title='bbox 1202 3637 1294 3688; x_wconf 86' lang='lat' dir='ltr'><strong>alii</strong></span> <span class='ocrx_word' id='word_1_358' title='bbox 1344 3634 1587 3705; x_wconf 74' lang='lat' dir='ltr'><strong>ﬁmbrias</strong></span> <span class='ocrx_word' id='word_1_359' title='bbox 1622 3647 1667 3689; x_wconf 92' lang='lat' dir='ltr'><strong>et</strong></span> <span class='ocrx_word' id='word_1_360' title='bbox 1718 3638 1849 3709; x_wconf 82' lang='lat' dir='ltr'><strong>phy-</strong></span> 
     </span>
    </p>
   </div>
   <div class='ocr_carea' id='block_1_57' title="bbox 272 3705 1847 3777">
    <p class='ocr_par' dir='ltr' id='par_1_57' title="bbox 272 3705 1847 3777">
     <span class='ocr_line' id='line_1_58' title="bbox 272 3705 1847 3777; baseline 0.002 -20"><span class='ocrx_word' id='word_1_361' title='bbox 272 3705 483 3758; x_wconf 83' lang='lat' dir='ltr'><strong>lacteria</strong></span> <span class='ocrx_word' id='word_1_362' title='bbox 512 3721 610 3758; x_wconf 89' lang='lat' dir='ltr'><strong>sua</strong></span> <span class='ocrx_word' id='word_1_363' title='bbox 634 3705 1011 3777; x_wconf 75' lang='lat' dir='ltr'><strong>magniﬁcam;</strong></span> <span class='ocrx_word' id='word_1_364' title='bbox 1040 3705 1131 3759; x_wconf 88' lang='lat' dir='ltr'><strong>alii</strong></span> <span class='ocrx_word' id='word_1_365' title='bbox 1164 3719 1396 3773; x_wconf 87' lang='lat' dir='ltr'><strong>parentes</strong></span> <span class='ocrx_word' id='word_1_366' title='bbox 1426 3708 1503 3761; x_wconf 82' lang='lat' dir='ltr'><strong>vel</strong></span> <span class='ocrx_word' id='word_1_367' title='bbox 1528 3705 1847 3777; x_wconf 76' lang='lat' dir='ltr'><strong>consangui-</strong></span> 
     </span>
    </p>
   </div>
   <div class='ocr_carea' id='block_1_58' title="bbox 270 3776 1849 3848">
    <p class='ocr_par' dir='ltr' id='par_1_58' title="bbox 270 3776 1849 3848">
     <span class='ocr_line' id='line_1_59' title="bbox 270 3776 1849 3848; baseline 0.001 -18"><span class='ocrx_word' id='word_1_368' title='bbox 270 3792 392 3830; x_wconf 86' lang='lat' dir='ltr'><strong>neos</strong></span> <span class='ocrx_word' id='word_1_369' title='bbox 421 3793 540 3829; x_wconf 89' lang='lat' dir='ltr'><strong>suos</strong></span> <span class='ocrx_word' id='word_1_370' title='bbox 582 3778 637 3829; x_wconf 87' lang='lat' dir='ltr'><strong>in</strong></span> <span class='ocrx_word' id='word_1_371' title='bbox 683 3776 780 3829; x_wconf 86' lang='lat' dir='ltr'><strong>illa</strong></span> <span class='ocrx_word' id='word_1_372' title='bbox 824 3776 900 3830; x_wconf 84' lang='lat' dir='ltr'><strong>vel</strong></span> <span class='ocrx_word' id='word_1_373' title='bbox 942 3778 1036 3830; x_wconf 86' lang='lat' dir='ltr'><strong>illa</strong></span> <span class='ocrx_word' id='word_1_374' title='bbox 1076 3780 1282 3848; x_wconf 87' lang='lat' dir='ltr'><strong>regione</strong></span> <span class='ocrx_word' id='word_1_375' title='bbox 1324 3777 1443 3848; x_wconf 78' lang='grc' dir='ltr'><strong>[ΑΙ.</strong></span> <span class='ocrx_word' id='word_1_376' title='bbox 1477 3776 1765 3848; x_wconf 82' lang='lat' dir='ltr'><strong>religione]</strong></span> <span class='ocrx_word' id='word_1_377' title='bbox 1795 3793 1849 3831; x_wconf 87' lang='lat' dir='ltr'><strong>se</strong></span> 
     </span>
    </p>
   </div>
   <div class='ocr_carea' id='block_1_59' title="bbox 267 3848 1847 3917">
    <p class='ocr_par' dir='ltr' id='par_1_59' title="bbox 267 3848 1847 3917">
     <span class='ocr_line' id='line_1_60' title="bbox 267 3848 1847 3917; baseline 0.001 -16"><span class='ocrx_word' id='word_1_378' title='bbox 267 3848 473 3902; x_wconf 80' lang='lat' dir='ltr'><strong>audisse</strong></span> <span class='ocrx_word' id='word_1_379' title='bbox 501 3848 665 3901; x_wconf 87' lang='lat' dir='ltr'><strong>vivere</strong></span> <span class='ocrx_word' id='word_1_380' title='bbox 689 3855 735 3900; x_wconf 88' lang='lat' dir='ltr'><strong>et</strong></span> <span class='ocrx_word' id='word_1_381' title='bbox 767 3848 838 3901; x_wconf 89' lang='lat' dir='ltr'><strong>ad</strong></span> <span class='ocrx_word' id='word_1_382' title='bbox 863 3862 945 3900; x_wconf 87' lang='lat' dir='ltr'><strong>eos</strong></span> <span class='ocrx_word' id='word_1_383' title='bbox 974 3863 1180 3917; x_wconf 84' lang='lat' dir='ltr'><strong>pergere</strong></span> <span class='ocrx_word' id='word_1_384' title='bbox 1208 3852 1542 3914; x_wconf 87' lang='lat' dir='ltr'><strong>mentiuntur,</strong></span> <span class='ocrx_word' id='word_1_385' title='bbox 1568 3860 1615 3901; x_wconf 83' lang='lat' dir='ltr'><strong>et</strong></span> <span class='ocrx_word' id='word_1_386' title='bbox 1645 3851 1709 3902; x_wconf 90' lang='lat' dir='ltr'><strong>ab</strong></span> <span class='ocrx_word' id='word_1_387' title='bbox 1737 3864 1847 3902; x_wconf 90' lang='lat' dir='ltr'><strong>om-</strong></span> 
     </span>
    </p>
   </div>
   <div class='ocr_carea' id='block_1_60' title="bbox 268 3916 1846 3989">
    <p class='ocr_par' dir='ltr' id='par_1_60' title="bbox 268 3916 1846 3989">
     <span class='ocr_line' id='line_1_61' title="bbox 268 3916 1846 3989; baseline 0.001 -17"><span class='ocrx_word' id='word_1_388' title='bbox 268 3916 413 3972; x_wconf 87' lang='lat' dir='ltr'><strong>nibus</strong></span> <span class='ocrx_word' id='word_1_389' title='bbox 438 3927 639 3989; x_wconf 77' lang='lat' dir='ltr'><strong>petunt,</strong></span> <span class='ocrx_word' id='word_1_390' title='bbox 666 3933 841 3989; x_wconf 86' lang='lat' dir='ltr'><strong>omnes</strong></span> <span class='ocrx_word' id='word_1_391' title='bbox 866 3916 1077 3989; x_wconf 74' lang='lat' dir='ltr'><strong>exigunt</strong></span> <span class='ocrx_word' id='word_1_392' title='bbox 1098 3927 1188 3971; x_wconf 90' lang='lat' dir='ltr'><strong>aut</strong></span> <span class='ocrx_word' id='word_1_393' title='bbox 1215 3928 1444 3987; x_wconf 86' lang='lat' dir='ltr'><strong>sumptus</strong></span> <span class='ocrx_word' id='word_1_394' title='bbox 1467 3920 1681 3972; x_wconf 67' lang='lat' dir='ltr'><strong>lucrost:</strong></span> <span class='ocrx_word' id='word_1_395' title='bbox 1701 3936 1846 3988; x_wconf 86' lang='lat' dir='ltr'><strong>eges-</strong></span> 
     </span>
    </p>
   </div>
   <div class='ocr_carea' id='block_1_61' title="bbox 271 3988 1846 4059">
    <p class='ocr_par' dir='ltr' id='par_1_61' title="bbox 271 3988 1846 4059">
     <span class='ocr_line' id='line_1_62' title="bbox 271 3988 1846 4059; baseline 0.001 -18"><span class='ocrx_word' id='word_1_396' title='bbox 271 3989 411 4059; x_wconf 85' lang='lat' dir='ltr'><strong>tatis,</strong></span> <span class='ocrx_word' id='word_1_397' title='bbox 440 3988 528 4040; x_wconf 87' lang='lat' dir='ltr'><strong>aut</strong></span> <span class='ocrx_word' id='word_1_398' title='bbox 572 3988 827 4042; x_wconf 75' lang='lat' dir='ltr'><strong>simulata:</strong></span> <span class='ocrx_word' id='word_1_399' title='bbox 864 3990 1086 4059; x_wconf 84' lang='lat' dir='ltr'><strong>pretium</strong></span> <span class='ocrx_word' id='word_1_400' title='bbox 1128 3989 1455 4041; x_wconf 85' lang='lat' dir='ltr'><strong>sanctitatis:</strong></span> <span class='ocrx_word' id='word_1_401' title='bbox 1498 4004 1610 4040; x_wconf 80' lang='lat' dir='ltr'><strong>cum</strong></span> <span class='ocrx_word' id='word_1_402' title='bbox 1650 3990 1846 4043; x_wconf 89' lang='lat' dir='ltr'><strong>interea</strong></span> 
     </span>
    </p>
   </div>
   <div class='ocr_carea' id='block_1_62' title="bbox 270 4058 1845 4131">
    <p class='ocr_par' dir='ltr' id='par_1_62' title="bbox 270 4058 1845 4131">
     <span class='ocr_line' id='line_1_63' title="bbox 270 4058 1845 4131; baseline 0.002 -19"><span class='ocrx_word' id='word_1_403' title='bbox 270 4058 567 4127; x_wconf 73' lang='lat' dir='ltr'><strong>ubicumque</strong></span> <span class='ocrx_word' id='word_1_404' title='bbox 592 4061 644 4111; x_wconf 90' lang='lat' dir='ltr'><strong>in</strong></span> <span class='ocrx_word' id='word_1_405' title='bbox 675 4059 827 4128; x_wconf 79' lang='lat' dir='ltr'><strong>factis</strong></span> <span class='ocrx_word' id='word_1_406' title='bbox 857 4058 963 4113; x_wconf 87' lang='lat' dir='ltr'><strong>suis</strong></span> <span class='ocrx_word' id='word_1_407' title='bbox 990 4059 1141 4113; x_wconf 90' lang='lat' dir='ltr'><strong>malis</strong></span> <span class='ocrx_word' id='word_1_408' title='bbox 1169 4059 1473 4131; x_wconf 87' lang='lat' dir='ltr'><strong>depreltensi</strong></span> <span class='ocrx_word' id='word_1_409' title='bbox 1502 4061 1732 4130; x_wconf 79' lang='lat' dir='ltr'><strong>fuerint,</strong></span> <span class='ocrx_word' id='word_1_410' title='bbox 1767 4064 1845 4115; x_wconf 80' lang='lat' dir='ltr'><strong>vel</strong></span> 
     </span>
    </p>
   </div>
   <div class='ocr_carea' id='block_1_63' title="bbox 268 4131 1843 4201">
    <p class='ocr_par' dir='ltr' id='par_1_63' title="bbox 268 4131 1843 4201">
     <span class='ocr_line' id='line_1_64' title="bbox 268 4131 1843 4201; baseline 0.004 -21"><span class='ocrx_word' id='word_1_411' title='bbox 268 4146 465 4197; x_wconf 86' lang='lat' dir='ltr'><strong>quoquo</strong></span> <span class='ocrx_word' id='word_1_412' title='bbox 496 4131 649 4184; x_wconf 87' lang='lat' dir='ltr'><strong>modo</strong></span> <span class='ocrx_word' id='word_1_413' title='bbox 687 4132 1035 4194; x_wconf 87' lang='lat' dir='ltr'><strong>innotuerint,</strong></span> <span class='ocrx_word' id='word_1_414' title='bbox 1072 4132 1166 4186; x_wconf 88' lang='lat' dir='ltr'><strong>sub</strong></span> <span class='ocrx_word' id='word_1_415' title='bbox 1213 4133 1444 4201; x_wconf 85' lang='lat' dir='ltr'><strong>generali</strong></span> <span class='ocrx_word' id='word_1_416' title='bbox 1481 4132 1688 4185; x_wconf 88' lang='lat' dir='ltr'><strong>nomine</strong></span> <span class='ocrx_word' id='word_1_417' title='bbox 1736 4148 1843 4187; x_wconf 84' lang='lat' dir='ltr'><strong>me-</strong></span> 
     </span>
    </p>
   </div>
   <div class='ocr_carea' id='block_1_64' title="bbox 270 4201 1844 4273">
    <p class='ocr_par' dir='ltr' id='par_1_64' title="bbox 270 4201 1844 4273">
     <span class='ocr_line' id='line_1_65' title="bbox 270 4201 1844 4273; baseline 0.003 -22"><span class='ocrx_word' id='word_1_418' title='bbox 270 4201 554 4252; x_wconf 89' lang='lat' dir='ltr'><strong>nachorum</strong></span> <span class='ocrx_word' id='word_1_419' title='bbox 584 4212 803 4253; x_wconf 85' lang='lat' dir='ltr'><strong>vestrum</strong></span> <span class='ocrx_word' id='word_1_420' title='bbox 831 4204 1165 4273; x_wconf 65' lang='lat' dir='ltr'><strong>propositum</strong></span> <span class='ocrx_word' id='word_1_421' title='bbox 1186 4202 1588 4272; x_wconf 69' lang='lat' dir='ltr'><strong>blasphematur,</strong></span> <span class='ocrx_word' id='word_1_422' title='bbox 1624 4214 1724 4255; x_wconf 91' lang='lat' dir='ltr'><strong>tam</strong></span> <span class='ocrx_word' id='word_1_423' title='bbox 1754 4202 1844 4256; x_wconf 85' lang='lat' dir='ltr'><strong>bo-</strong></span> 
     </span>
    </p>
   </div>
   <div class='ocr_carea' id='block_1_65' title="bbox 268 4271 1843 4342">
    <p class='ocr_par' dir='ltr' id='par_1_65' title="bbox 268 4271 1843 4342">
     <span class='ocr_line' id='line_1_66' title="bbox 268 4271 1843 4342; baseline 0.004 -21"><span class='ocrx_word' id='word_1_424' title='bbox 268 4286 389 4342; x_wconf 87' lang='lat' dir='ltr'><strong>num</strong></span> <span class='ocrx_word' id='word_1_425' title='bbox 410 4315 422 4333; x_wconf 87' lang='lat'><strong>,</strong></span> <span class='ocrx_word' id='word_1_426' title='bbox 449 4280 554 4322; x_wconf 88' lang='lat' dir='ltr'><strong>tam</strong></span> <span class='ocrx_word' id='word_1_427' title='bbox 583 4280 814 4342; x_wconf 81' lang='lat' dir='ltr'><strong>sanctum</strong></span> <span class='ocrx_word' id='word_1_428' title='bbox 832 4271 850 4336; x_wconf 66' lang='grc'><strong>⁷,</strong></span> <span class='ocrx_word' id='word_1_429' title='bbox 876 4275 1018 4342; x_wconf 86' lang='lat' dir='ltr'><strong>quod</strong></span> <span class='ocrx_word' id='word_1_430' title='bbox 1045 4274 1098 4325; x_wconf 89' lang='lat' dir='ltr'><strong>in</strong></span> <span class='ocrx_word' id='word_1_431' title='bbox 1128 4271 1323 4327; x_wconf 84' lang='lat' dir='ltr'><strong>Christi</strong></span> <span class='ocrx_word' id='word_1_432' title='bbox 1352 4276 1558 4327; x_wconf 89' lang='lat' dir='ltr'><strong>nomine</strong></span> <span class='ocrx_word' id='word_1_433' title='bbox 1583 4274 1843 4341; x_wconf 83' lang='lat' dir='ltr'><strong>cupimus,</strong></span> 
     </span>
    </p>
   </div>
   <div class='ocr_carea' id='block_1_66' title="bbox 270 4340 1840 4415">
    <p class='ocr_par' dir='ltr' id='par_1_66' title="bbox 270 4340 1840 4415">
     <span class='ocr_line' id='line_1_67' title="bbox 270 4340 1840 4415; baseline 0.006 -24"><span class='ocrx_word' id='word_1_434' title='bbox 270 4340 401 4415; x_wconf 64' lang='lat' dir='ltr'><strong>sicut</strong></span> <span class='ocrx_word' id='word_1_435' title='bbox 428 4357 518 4415; x_wconf 79' lang='lat' dir='ltr'><strong>per</strong></span> <span class='ocrx_word' id='word_1_436' title='bbox 544 4341 675 4415; x_wconf 83' lang='lat' dir='ltr'><strong>alias</strong></span> <span class='ocrx_word' id='word_1_437' title='bbox 703 4340 898 4403; x_wconf 64' lang='lat' dir='ltr'><strong>terras,</strong></span> <span class='ocrx_word' id='word_1_438' title='bbox 919 4344 992 4397; x_wconf 87' lang='lat' dir='ltr'><strong>sic</strong></span> <span class='ocrx_word' id='word_1_439' title='bbox 1019 4360 1107 4412; x_wconf 89' lang='lat' dir='ltr'><strong>per</strong></span> <span class='ocrx_word' id='word_1_440' title='bbox 1133 4352 1288 4397; x_wconf 91' lang='lat' dir='ltr'><strong>totam</strong></span> <span class='ocrx_word' id='word_1_441' title='bbox 1311 4345 1537 4412; x_wconf 73' lang='lat' dir='ltr'><strong>Africam</strong></span> <span class='ocrx_word' id='word_1_442' title='bbox 1560 4340 1840 4415; x_wconf 79' lang='lat' dir='ltr'><strong>pullulare.</strong></span> 
     </span>
    </p>
   </div>
   <div class='ocr_carea' id='block_1_67' title="bbox 268 4411 1844 4485">
    <p class='ocr_par' dir='ltr' id='par_1_67' title="bbox 268 4411 1844 4485">
     <span class='ocr_line' id='line_1_68' title="bbox 268 4411 1844 4485; baseline 0.006 -22"><span class='ocrx_word' id='word_1_443' title='bbox 268 4411 783 4485; x_wconf 5' lang='lat' dir='ltr'><strong>Porroqhujustnodi</strong></span> <span class='ocrx_word' id='word_1_444' title='bbox 826 4411 1119 4468; x_wconf 85' lang='lat' dir='ltr'><strong>monachos</strong></span> <span class='ocrx_word' id='word_1_445' title='bbox 1156 4411 1458 4485; x_wconf 51' lang='lat' dir='ltr'><strong>gymnasiis</strong></span> <span class='ocrx_word' id='word_1_446' title='bbox 1483 4411 1844 4485; x_wconf 24' lang='lat' dir='ltr'><strong>etVVagabun-</strong></span> 
     </span>
    </p>
   </div>
   <div class='ocr_carea' id='block_1_68' title="bbox 267 4482 1841 4553">
    <p class='ocr_par' dir='ltr' id='par_1_68' title="bbox 267 4482 1841 4553">
     <span class='ocr_line' id='line_1_69' title="bbox 267 4482 1841 4553; baseline 0.003 -16"><span class='ocrx_word' id='word_1_447' title='bbox 267 4482 363 4537; x_wconf 88' lang='lat' dir='ltr'><strong>dos</strong></span> <span class='ocrx_word' id='word_1_448' title='bbox 391 4483 499 4535; x_wconf 89' lang='lat' dir='ltr'><strong>alio</strong></span> <span class='ocrx_word' id='word_1_449' title='bbox 527 4484 745 4538; x_wconf 87' lang='lat' dir='ltr'><strong>nomine</strong></span> <span class='ocrx_word' id='word_1_450' title='bbox 773 4482 1263 4549; x_wconf 73' lang='lat' dir='ltr'><strong>circunncellioaés,</strong></span> <span class='ocrx_word' id='word_1_451' title='bbox 1291 4482 1382 4541; x_wconf 75' lang='lat' dir='ltr'><strong>vel</strong></span> <span class='ocrx_word' id='word_1_452' title='bbox 1400 4482 1841 4553; x_wconf 78' lang='lat' dir='ltr'><strong>Circumcellitss,</strong></span> 
     </span>
    </p>
   </div>
   <div class='ocr_carea' id='block_1_69' title="bbox 265 4555 1841 4625">
    <p class='ocr_par' dir='ltr' id='par_1_69' title="bbox 265 4555 1841 4625">
     <span class='ocr_line' id='line_1_70' title="bbox 265 4555 1841 4625; baseline 0.003 -17"><span class='ocrx_word' id='word_1_453' title='bbox 265 4566 599 4620; x_wconf 77' lang='lat' dir='ltr'><strong>nuncupatos</strong></span> <span class='ocrx_word' id='word_1_454' title='bbox 628 4555 828 4609; x_wconf 89' lang='lat' dir='ltr'><strong>indicat</strong></span> <span class='ocrx_word' id='word_1_455' title='bbox 858 4556 999 4611; x_wconf 89' lang='lat' dir='ltr'><strong>idem</strong></span> <span class='ocrx_word' id='word_1_456' title='bbox 1031 4558 1359 4625; x_wconf 78' lang='lat' dir='ltr'><strong>Augustinus</strong></span> <span class='ocrx_word' id='word_1_457' title='bbox 1398 4557 1451 4609; x_wconf 91' lang='lat' dir='ltr'><strong>in</strong></span> <span class='ocrx_word' id='word_1_458' title='bbox 1494 4558 1841 4625; x_wconf 74' lang='lat' dir='ltr'><strong>espositionc</strong></span> 
     </span>
    </p>
   </div>
   <div class='ocr_carea' id='block_1_70' title="bbox 266 4626 1840 4697">
    <p class='ocr_par' dir='ltr' id='par_1_70' title="bbox 266 4626 1840 4697">
     <span class='ocr_line' id='line_1_71' title="bbox 266 4626 1840 4697; baseline 0.004 -21"><span class='ocrx_word' id='word_1_459' title='bbox 266 4626 449 4697; x_wconf 85' lang='lat' dir='ltr'><strong>psalmi</strong></span> <span class='ocrx_word' id='word_1_460' title='bbox 479 4640 690 4691; x_wconf 81' lang='lat' dir='ltr'><strong>cxxxu,</strong></span> <span class='ocrx_word' id='word_1_461' title='bbox 725 4626 813 4680; x_wconf 87' lang='lat' dir='ltr'><strong>ubi</strong></span> <span class='ocrx_word' id='word_1_462' title='bbox 847 4642 941 4681; x_wconf 88' lang='lat' dir='ltr'><strong>eos</strong></span> <span class='ocrx_word' id='word_1_463' title='bbox 970 4626 1292 4697; x_wconf 79' lang='lat' dir='ltr'><strong>suggillatis,</strong></span> <span class='ocrx_word' id='word_1_464' title='bbox 1321 4637 1373 4683; x_wconf 89' lang='lat' dir='ltr'><strong>et</strong></span> <span class='ocrx_word' id='word_1_465' title='bbox 1398 4642 1518 4680; x_wconf 91' lang='lat' dir='ltr'><strong>cum</strong></span> <span class='ocrx_word' id='word_1_466' title='bbox 1552 4633 1695 4682; x_wconf 87' lang='lat' dir='ltr'><strong>veris</strong></span> <span class='ocrx_word' id='word_1_467' title='bbox 1725 4644 1840 4683; x_wconf 85' lang='lat' dir='ltr'><strong>tuo-</strong></span> 
     </span>
    </p>
   </div>
   <div class='ocr_carea' id='block_1_71' title="bbox 270 4695 1841 4767">
    <p class='ocr_par' dir='ltr' id='par_1_71' title="bbox 270 4695 1841 4767">
     <span class='ocr_line' id='line_1_72' title="bbox 270 4695 1841 4767; baseline 0.004 -19"><span class='ocrx_word' id='word_1_468' title='bbox 270 4695 453 4749; x_wconf 67' lang='lat' dir='ltr'><strong>nachis</strong></span> <span class='ocrx_word' id='word_1_469' title='bbox 480 4710 842 4764; x_wconf 67' lang='lat' dir='ltr'><strong>comparans:</strong></span> <span class='ocrx_word' id='word_1_470' title='bbox 875 4698 1014 4764; x_wconf 82' lang='lat' dir='ltr'><strong>Quid</strong></span> <span class='ocrx_word' id='word_1_471' title='bbox 1044 4695 1171 4767; x_wconf 79' lang='lat' dir='ltr'><strong>opus</strong></span> <span class='ocrx_word' id='word_1_472' title='bbox 1200 4706 1306 4764; x_wconf 80' lang='lat' dir='ltr'><strong>est,</strong></span> <span class='ocrx_word' id='word_1_473' title='bbox 1342 4700 1546 4765; x_wconf 84' lang='lat' dir='ltr'><strong>inquit.</strong></span> <span class='ocrx_word' id='word_1_474' title='bbox 1588 4709 1643 4752; x_wconf 90' lang='lat' dir='ltr'><strong>ut</strong></span> <span class='ocrx_word' id='word_1_475' title='bbox 1680 4700 1841 4755; x_wconf 79' lang='lat' dir='ltr'><strong>verbis</strong></span> 
     </span>
    </p>
   </div>
   <div class='ocr_carea' id='block_1_72' title="bbox 268 4768 1840 4840">
    <p class='ocr_par' dir='ltr' id='par_1_72' title="bbox 268 4768 1840 4840">
     <span class='ocr_line' id='line_1_73' title="bbox 268 4768 1840 4840; baseline 0.004 -22"><span class='ocrx_word' id='word_1_476' title='bbox 268 4768 449 4840; x_wconf 82' lang='lat' dir='ltr'><strong>nostris</strong></span> <span class='ocrx_word' id='word_1_477' title='bbox 472 4778 838 4839; x_wconf 76' lang='lat' dir='ltr'><strong>comparentur</strong></span> <span class='ocrx_word' id='word_1_478' title='bbox 848 4771 1035 4823; x_wconf 81' lang='lat' dir='ltr'><strong>ebriosi</strong></span> <span class='ocrx_word' id='word_1_479' title='bbox 1058 4784 1171 4821; x_wconf 86' lang='lat' dir='ltr'><strong>cum</strong></span> <span class='ocrx_word' id='word_1_480' title='bbox 1195 4769 1397 4829; x_wconf 86' lang='lat' dir='ltr'><strong>sobriis,</strong></span> <span class='ocrx_word' id='word_1_481' title='bbox 1413 4770 1700 4840; x_wconf 67' lang='lat' dir='ltr'><strong>prmeipites</strong></span> <span class='ocrx_word' id='word_1_482' title='bbox 1722 4787 1840 4825; x_wconf 88' lang='lat' dir='ltr'><strong>cum</strong></span> 
     </span>
    </p>
   </div>
   <div class='ocr_carea' id='block_1_73' title="bbox 261 4838 1839 4911">
    <p class='ocr_par' dir='ltr' id='par_1_73' title="bbox 261 4838 1839 4911">
     <span class='ocr_line' id='line_1_74' title="bbox 261 4838 1839 4911; baseline 0.004 -21"><span class='ocrx_word' id='word_1_483' title='bbox 261 4838 593 4911; x_wconf 72' lang='lat' dir='ltr'><strong>consideratis</strong></span> <span class='ocrx_word' id='word_1_484' title='bbox 612 4878 627 4900; x_wconf 89' lang='lat'><strong>,</strong></span> <span class='ocrx_word' id='word_1_485' title='bbox 660 4842 884 4911; x_wconf 74' lang='lat' dir='ltr'><strong>{urentes</strong></span> <span class='ocrx_word' id='word_1_486' title='bbox 925 4856 1040 4893; x_wconf 87' lang='lat' dir='ltr'><strong>cum</strong></span> <span class='ocrx_word' id='word_1_487' title='bbox 1070 4840 1385 4911; x_wconf 84' lang='lat' dir='ltr'><strong>simplicibus</strong></span> <span class='ocrx_word' id='word_1_488' title='bbox 1406 4885 1421 4907; x_wconf 89' lang='lat'><strong>,</strong></span> <span class='ocrx_word' id='word_1_489' title='bbox 1452 4838 1694 4911; x_wconf 81' lang='lat' dir='ltr'><strong>vagantes</strong></span> <span class='ocrx_word' id='word_1_490' title='bbox 1724 4858 1839 4896; x_wconf 86' lang='lat' dir='ltr'><strong>cum</strong></span> 
     </span>
    </p>
   </div>
   <div class='ocr_carea' id='block_1_74' title="bbox 1953 2146 3543 2273">
    <p class='ocr_par' dir='ltr' id='par_1_74' title="bbox 1953 2146 3543 2273">
     <span class='ocr_line' id='line_1_75' title="bbox 1953 2146 3543 2273; baseline 0.003 -72"><span class='ocrx_word' id='word_1_491' title='bbox 1953 2163 2345 2273; x_wconf 51' lang='lat' dir='ltr'><strong>f’yrovagorum</strong></span> <span class='ocrx_word' id='word_1_492' title='bbox 2385 2150 2517 2234; x_wconf 78' lang='lat' dir='ltr'><strong>satis</strong></span> <span class='ocrx_word' id='word_1_493' title='bbox 2549 2148 2823 2234; x_wconf 73' lang='lat' dir='ltr'><strong>exprimit.</strong></span> <span class='ocrx_word' id='word_1_494' title='bbox 2869 2148 2981 2205; x_wconf 90' lang='lat' dir='ltr'><strong>Cur</strong></span> <span class='ocrx_word' id='word_1_495' title='bbox 3005 2158 3184 2231; x_wconf 85' lang='lat' dir='ltr'><strong>autem</strong></span> <span class='ocrx_word' id='word_1_496' title='bbox 3215 2146 3480 2233; x_wconf 41' lang='lat' dir='ltr'><strong>.gyroragi</strong></span> <span class='ocrx_word' id='word_1_497' title='bbox 3510 2160 3543 2206; x_wconf 83' lang='lat' dir='ltr'><strong>s</strong></span> 
     </span>
     <span class='ocr_line' id='line_1_76' title="bbox 2007 2220 3543 2273; baseline 0.001 -1"><span class='ocrx_word' id='word_1_498' title='bbox 2007 2258 2020 2270; x_wconf 93' lang='lat'><strong>.</strong></span> <span class='ocrx_word' id='word_1_499' title='bbox 2054 2220 2343 2273; x_wconf 84' lang='lat' dir='ltr'><strong>Benedicto</strong></span> <span class='ocrx_word' id='word_1_500' title='bbox 2372 2223 2621 2273; x_wconf 82' lang='lat' dir='ltr'><strong>dicantur</strong></span> <span class='ocrx_word' id='word_1_501' title='bbox 2639 2221 2944 2273; x_wconf 81' lang='lat' dir='ltr'><strong>deteriores</strong></span> <span class='ocrx_word' id='word_1_502' title='bbox 2974 2221 3279 2273; x_wconf 84' lang='lat' dir='ltr'><strong>sarabattts.</strong></span> <span class='ocrx_word' id='word_1_503' title='bbox 3313 2229 3420 2273; x_wconf 84' lang='lat' dir='ltr'><strong>tres</strong></span> <span class='ocrx_word' id='word_1_504' title='bbox 3453 2230 3543 2272; x_wconf 87' lang='lat' dir='ltr'><strong>ra-</strong></span> 
     </span>
    </p>
   </div>
   <div class='ocr_carea' id='block_1_75' title="bbox 2007 2220 3544 2285">
    <p class='ocr_par' dir='ltr' id='par_1_75' title="bbox 2007 2220 3544 2285">
     <span class='ocr_line' id='line_1_77' title="bbox 2007 2220 3544 2285; baseline 0.001 -15"><span class='ocrx_word' id='word_1_505' title='bbox 2007 2258 2020 2270; x_wconf 94' lang='lat'><strong>.</strong></span> <span class='ocrx_word' id='word_1_506' title='bbox 2054 2220 2343 2277; x_wconf 81' lang='lat' dir='ltr'><strong>Benedicto</strong></span> <span class='ocrx_word' id='word_1_507' title='bbox 2372 2222 2621 2276; x_wconf 90' lang='lat' dir='ltr'><strong>dicantur</strong></span> <span class='ocrx_word' id='word_1_508' title='bbox 2639 2221 2944 2276; x_wconf 90' lang='lat' dir='ltr'><strong>deteriores</strong></span> <span class='ocrx_word' id='word_1_509' title='bbox 2974 2220 3279 2285; x_wconf 86' lang='lat' dir='ltr'><strong>sarabaitis,</strong></span> <span class='ocrx_word' id='word_1_510' title='bbox 3313 2229 3420 2274; x_wconf 84' lang='lat' dir='ltr'><strong>tres</strong></span> <span class='ocrx_word' id='word_1_511' title='bbox 3453 2230 3544 2272; x_wconf 85' lang='lat' dir='ltr'><strong>ra-</strong></span> 
     </span>
    </p>
   </div>
   <div class='ocr_carea' id='block_1_76' title="bbox 1957 2288 3541 2359">
    <p class='ocr_par' dir='ltr' id='par_1_76' title="bbox 1957 2288 3541 2359">
     <span class='ocr_line' id='line_1_78' title="bbox 1957 2288 3541 2359; baseline -0.001 -15"><span class='ocrx_word' id='word_1_512' title='bbox 1957 2290 2131 2345; x_wconf 90' lang='lat' dir='ltr'><strong>tiones</strong></span> <span class='ocrx_word' id='word_1_513' title='bbox 2172 2292 2351 2347; x_wconf 87' lang='lat' dir='ltr'><strong>reddit</strong></span> <span class='ocrx_word' id='word_1_514' title='bbox 2387 2293 2835 2347; x_wconf 82' lang='lat' dir='ltr'><strong>Turrecrematus</strong></span> <span class='ocrx_word' id='word_1_515' title='bbox 2878 2307 2892 2344; x_wconf 87' lang='lat'><strong>:</strong></span> <span class='ocrx_word' id='word_1_516' title='bbox 2946 2289 3148 2354; x_wconf 83' lang='lat' dir='ltr'><strong>Primo,</strong></span> <span class='ocrx_word' id='word_1_517' title='bbox 3190 2291 3382 2359; x_wconf 87' lang='lat' dir='ltr'><strong>inquit,</strong></span> <span class='ocrx_word' id='word_1_518' title='bbox 3420 2288 3541 2357; x_wconf 87' lang='lat' dir='ltr'><strong>quia</strong></span> 
     </span>
    </p>
   </div>
   <div class='ocr_carea' id='block_1_77' title="bbox 1952 2360 3543 2430">
    <p class='ocr_par' dir='ltr' id='par_1_77' title="bbox 1952 2360 3543 2430">
     <span class='ocr_line' id='line_1_79' title="bbox 1952 2360 3543 2430; baseline -0.002 -15"><span class='ocrx_word' id='word_1_519' title='bbox 1952 2362 2228 2416; x_wconf 77' lang='lat' dir='ltr'><strong>sarabaita:</strong></span> <span class='ocrx_word' id='word_1_520' title='bbox 2265 2363 2427 2416; x_wconf 85' lang='lat' dir='ltr'><strong>cellas</strong></span> <span class='ocrx_word' id='word_1_521' title='bbox 2460 2362 2740 2430; x_wconf 77' lang='lat' dir='ltr'><strong>tediﬁcant,</strong></span> <span class='ocrx_word' id='word_1_522' title='bbox 2773 2372 2820 2415; x_wconf 91' lang='lat' dir='ltr'><strong>et</strong></span> <span class='ocrx_word' id='word_1_523' title='bbox 2860 2370 3069 2415; x_wconf 78' lang='lat' dir='ltr'><strong>manent</strong></span> <span class='ocrx_word' id='word_1_524' title='bbox 3107 2361 3320 2428; x_wconf 80' lang='lat' dir='ltr'><strong>ﬁrmiter</strong></span> <span class='ocrx_word' id='word_1_525' title='bbox 3348 2362 3403 2414; x_wconf 87' lang='lat' dir='ltr'><strong>in</strong></span> <span class='ocrx_word' id='word_1_526' title='bbox 3432 2360 3543 2425; x_wconf 85' lang='lat' dir='ltr'><strong>eis;</strong></span> 
     </span>
    </p>
   </div>
   <div class='ocr_carea' id='block_1_78' title="bbox 1952 2431 3543 2504">
    <p class='ocr_par' dir='ltr' id='par_1_78' title="bbox 1952 2431 3543 2504">
     <span class='ocr_line' id='line_1_80' title="bbox 1952 2431 3543 2504; baseline -0.001 -20"><span class='ocrx_word' id='word_1_527' title='bbox 1952 2435 2198 2503; x_wconf 82' lang='lat' dir='ltr'><strong>gyrovaqi</strong></span> <span class='ocrx_word' id='word_1_528' title='bbox 2227 2449 2345 2488; x_wconf 88' lang='lat' dir='ltr'><strong>vero</strong></span> <span class='ocrx_word' id='word_1_529' title='bbox 2376 2449 2478 2487; x_wconf 91' lang='lat' dir='ltr'><strong>non</strong></span> <span class='ocrx_word' id='word_1_530' title='bbox 2505 2433 2599 2500; x_wconf 83' lang='lat' dir='ltr'><strong>sic,</strong></span> <span class='ocrx_word' id='word_1_531' title='bbox 2631 2434 2721 2504; x_wconf 79' lang='lat' dir='ltr'><strong>sed</strong></span> <span class='ocrx_word' id='word_1_532' title='bbox 2748 2444 3010 2504; x_wconf 88' lang='lat' dir='ltr'><strong>tamquam</strong></span> <span class='ocrx_word' id='word_1_533' title='bbox 3036 2431 3280 2504; x_wconf 79' lang='lat' dir='ltr'><strong>hospites,</strong></span> <span class='ocrx_word' id='word_1_534' title='bbox 3314 2432 3543 2504; x_wconf 80' lang='lat' dir='ltr'><strong>diversas</strong></span> 
     </span>
    </p>
   </div>
   <div class='ocr_carea' id='block_1_79' title="bbox 1952 2500 3544 2575">
    <p class='ocr_par' dir='ltr' id='par_1_79' title="bbox 1952 2500 3544 2575">
     <span class='ocr_line' id='line_1_81' title="bbox 1952 2500 3544 2575; baseline 0.001 -22"><span class='ocrx_word' id='word_1_535' title='bbox 1952 2500 2242 2573; x_wconf 71' lang='lat' dir='ltr'><strong>provincias</strong></span> <span class='ocrx_word' id='word_1_536' title='bbox 2271 2513 2601 2575; x_wconf 86' lang='lat' dir='ltr'><strong>percurrunt.</strong></span> <span class='ocrx_word' id='word_1_537' title='bbox 2645 2500 2905 2575; x_wconf 84' lang='lat' dir='ltr'><strong>Secundo,</strong></span> <span class='ocrx_word' id='word_1_538' title='bbox 2953 2504 3076 2574; x_wconf 88' lang='lat' dir='ltr'><strong>quia</strong></span> <span class='ocrx_word' id='word_1_539' title='bbox 3116 2500 3231 2555; x_wconf 88' lang='lat' dir='ltr'><strong>licet</strong></span> <span class='ocrx_word' id='word_1_540' title='bbox 3267 2500 3544 2555; x_wconf 73' lang='lat' dir='ltr'><strong>sarabaittz</strong></span> 
     </span>
    </p>
   </div>
   <div class='ocr_carea' id='block_1_80' title="bbox 1953 2573 3544 2645">
    <p class='ocr_par' dir='ltr' id='par_1_80' title="bbox 1953 2573 3544 2645">
     <span class='ocr_line' id='line_1_82' title="bbox 1953 2573 3544 2645; baseline -0.002 -18"><span class='ocrx_word' id='word_1_541' title='bbox 1953 2575 2055 2628; x_wconf 86' lang='lat' dir='ltr'><strong>sint</strong></span> <span class='ocrx_word' id='word_1_542' title='bbox 2085 2576 2226 2636; x_wconf 83' lang='lat' dir='ltr'><strong>mali,</strong></span> <span class='ocrx_word' id='word_1_543' title='bbox 2263 2573 2595 2629; x_wconf 81' lang='lat' dir='ltr'><strong>nihilominus</strong></span> <span class='ocrx_word' id='word_1_544' title='bbox 2627 2575 2690 2627; x_wconf 87' lang='lat' dir='ltr'><strong>de</strong></span> <span class='ocrx_word' id='word_1_545' title='bbox 2722 2573 2892 2627; x_wconf 88' lang='lat' dir='ltr'><strong>labore</strong></span> <span class='ocrx_word' id='word_1_546' title='bbox 2920 2574 3127 2645; x_wconf 88' lang='lat' dir='ltr'><strong>proprio</strong></span> <span class='ocrx_word' id='word_1_547' title='bbox 3156 2575 3359 2638; x_wconf 77' lang='lat' dir='ltr'><strong>vivunt;</strong></span> <span class='ocrx_word' id='word_1_548' title='bbox 3386 2583 3544 2644; x_wconf 78' lang='lat' dir='ltr'><strong>gyro-</strong></span> 
     </span>
    </p>
   </div>
   <div class='ocr_carea' id='block_1_81' title="bbox 1952 2646 3543 2715">
    <p class='ocr_par' dir='ltr' id='par_1_81' title="bbox 1952 2646 3543 2715">
     <span class='ocr_line' id='line_1_83' title="bbox 1952 2646 3543 2715; baseline -0.001 -17"><span class='ocrx_word' id='word_1_549' title='bbox 1952 2647 2070 2715; x_wconf 81' lang='lat' dir='ltr'><strong>vagi</strong></span> <span class='ocrx_word' id='word_1_550' title='bbox 2100 2647 2164 2700; x_wconf 91' lang='lat' dir='ltr'><strong>de</strong></span> <span class='ocrx_word' id='word_1_551' title='bbox 2194 2646 2454 2701; x_wconf 85' lang='lat' dir='ltr'><strong>laboribus</strong></span> <span class='ocrx_word' id='word_1_552' title='bbox 2479 2648 2701 2710; x_wconf 87' lang='lat' dir='ltr'><strong>alienis;</strong></span> <span class='ocrx_word' id='word_1_553' title='bbox 2724 2647 2879 2699; x_wconf 85' lang='lat' dir='ltr'><strong>immo</strong></span> <span class='ocrx_word' id='word_1_554' title='bbox 2897 2647 3031 2715; x_wconf 88' lang='lat' dir='ltr'><strong>quod</strong></span> <span class='ocrx_word' id='word_1_555' title='bbox 3056 2647 3217 2697; x_wconf 84' lang='lat' dir='ltr'><strong>multo</strong></span> <span class='ocrx_word' id='word_1_556' title='bbox 3241 2654 3464 2712; x_wconf 87' lang='lat' dir='ltr'><strong>tempore</strong></span> <span class='ocrx_word' id='word_1_557' title='bbox 3491 2650 3543 2715; x_wconf 76' lang='lat' dir='ltr'><strong>et</strong></span> 
     </span>
    </p>
   </div>
   <div class='ocr_carea' id='block_1_82' title="bbox 1953 2664 3544 2788">
    <p class='ocr_par' dir='ltr' id='par_1_82' title="bbox 1953 2664 3544 2788">
     <span class='ocr_line' id='line_1_84' title="bbox 1953 2664 3542 2715; baseline -0.002 -17"><span class='ocrx_word' id='word_1_558' title='bbox 1953 2664 2013 2698; x_wconf 83' lang='lat' dir='ltr'><strong>va</strong></span> <span class='ocrx_word' id='word_1_559' title='bbox 2052 2664 2069 2699; x_wconf 76' lang='grc' dir='ltr'><strong><em>ι</em></strong></span> <span class='ocrx_word' id='word_1_560' title='bbox 2100 2664 2164 2700; x_wconf 91' lang='lat' dir='ltr'><strong>ae</strong></span> <span class='ocrx_word' id='word_1_561' title='bbox 2194 2664 2454 2701; x_wconf 82' lang='lat' dir='ltr'><strong>taoortous</strong></span> <span class='ocrx_word' id='word_1_562' title='bbox 2479 2664 2701 2710; x_wconf 86' lang='lat' dir='ltr'><strong>auems;</strong></span> <span class='ocrx_word' id='word_1_563' title='bbox 2724 2664 2879 2699; x_wconf 79' lang='lat' dir='ltr'><strong>immo</strong></span> <span class='ocrx_word' id='word_1_564' title='bbox 2897 2664 3031 2715; x_wconf 89' lang='lat' dir='ltr'><strong>quoa</strong></span> <span class='ocrx_word' id='word_1_565' title='bbox 3056 2664 3217 2697; x_wconf 77' lang='lat' dir='ltr'><strong>murta</strong></span> <span class='ocrx_word' id='word_1_566' title='bbox 3241 2664 3464 2712; x_wconf 84' lang='lat' dir='ltr'><strong>tempore</strong></span> <span class='ocrx_word' id='word_1_567' title='bbox 3491 2664 3542 2696; x_wconf 79' lang='grc' dir='ltr'><strong>σι</strong></span> 
     </span>
     <span class='ocr_line' id='line_1_85' title="bbox 1953 2664 3544 2788; baseline -0.003 -18"><span class='ocrx_word' id='word_1_568' title='bbox 1953 2664 2127 2772; x_wconf 66' lang='lat' dir='ltr'><strong>labqore</strong></span> <span class='ocrx_word' id='word_1_569' title='bbox 2154 2719 2423 2787; x_wconf 74' lang='lat' dir='ltr'><strong>qutesitum</strong></span> <span class='ocrx_word' id='word_1_570' title='bbox 2465 2724 2554 2771; x_wconf 89' lang='lat' dir='ltr'><strong>aut</strong></span> <span class='ocrx_word' id='word_1_571' title='bbox 2589 2730 2950 2788; x_wconf 80' lang='lat' dir='ltr'><strong>congregatum</strong></span> <span class='ocrx_word' id='word_1_572' title='bbox 2988 2725 3087 2781; x_wconf 87' lang='lat' dir='ltr'><strong>est,</strong></span> <span class='ocrx_word' id='word_1_573' title='bbox 3126 2716 3263 2788; x_wconf 76' lang='lat' dir='ltr'><strong>brevi</strong></span> <span class='ocrx_word' id='word_1_574' title='bbox 3294 2716 3421 2788; x_wconf 83' lang='lat' dir='ltr'><strong>hora</strong></span> <span class='ocrx_word' id='word_1_575' title='bbox 3454 2713 3544 2766; x_wconf 82' lang='lat' dir='ltr'><strong>isti</strong></span> 
     </span>
    </p>
   </div>
   <div class='ocr_carea' id='block_1_83' title="bbox 1954 2783 3543 2859">
    <p class='ocr_par' dir='ltr' id='par_1_83' title="bbox 1954 2783 3543 2859">
     <span class='ocr_line' id='line_1_86' title="bbox 1954 2783 3543 2859; baseline -0.003 -19"><span class='ocrx_word' id='word_1_576' title='bbox 1954 2783 2284 2843; x_wconf 80' lang='lat' dir='ltr'><strong>consumunt.</strong></span> <span class='ocrx_word' id='word_1_577' title='bbox 2321 2788 2511 2851; x_wconf 86' lang='lat' dir='ltr'><strong>Tertio,</strong></span> <span class='ocrx_word' id='word_1_578' title='bbox 2544 2791 2663 2859; x_wconf 88' lang='lat' dir='ltr'><strong>quia</strong></span> <span class='ocrx_word' id='word_1_579' title='bbox 2685 2783 2793 2840; x_wconf 72' lang='grc' dir='ltr'><strong>’ἱσιῖ</strong></span> <span class='ocrx_word' id='word_1_580' title='bbox 2828 2804 2918 2857; x_wconf 84' lang='lat' dir='ltr'><strong>per</strong></span> <span class='ocrx_word' id='word_1_581' title='bbox 2945 2788 3142 2840; x_wconf 84' lang='lat' dir='ltr'><strong>diversa</strong></span> <span class='ocrx_word' id='word_1_582' title='bbox 3184 2783 3300 2859; x_wconf 86' lang='lat' dir='ltr'><strong>loca</strong></span> <span class='ocrx_word' id='word_1_583' title='bbox 3340 2786 3543 2838; x_wconf 86' lang='lat' dir='ltr'><strong>discur-</strong></span> 
     </span>
    </p>
   </div>
   <div class='ocr_carea' id='block_1_84' title="bbox 1952 2858 3541 2928">
    <p class='ocr_par' dir='ltr' id='par_1_84' title="bbox 1952 2858 3541 2928">
     <span class='ocr_line' id='line_1_87' title="bbox 1952 2858 3541 2928; baseline -0.003 -18"><span class='ocrx_word' id='word_1_584' title='bbox 1952 2870 2140 2923; x_wconf 88' lang='lat' dir='ltr'><strong>rentes,</strong></span> <span class='ocrx_word' id='word_1_585' title='bbox 2185 2861 2433 2928; x_wconf 89' lang='lat' dir='ltr'><strong>plurimos</strong></span> <span class='ocrx_word' id='word_1_586' title='bbox 2473 2858 2626 2912; x_wconf 68' lang='lat' dir='ltr'><strong>mala-</strong></span> <span class='ocrx_word' id='word_1_587' title='bbox 2662 2859 2781 2913; x_wconf 83' lang='lat' dir='ltr'><strong>vita:</strong></span> <span class='ocrx_word' id='word_1_588' title='bbox 2824 2861 3057 2925; x_wconf 73' lang='lat' dir='ltr'><strong>exemplo</strong></span> <span class='ocrx_word' id='word_1_589' title='bbox 3096 2858 3327 2928; x_wconf 75' lang='lat' dir='ltr'><strong>perdunt</strong></span> <span class='ocrx_word' id='word_1_590' title='bbox 3350 2865 3541 2928; x_wconf 81' lang='lat' dir='ltr'><strong>eteor-</strong></span> 
     </span>
    </p>
   </div>
   <div class='ocr_carea' id='block_1_85' title="bbox 1951 2926 3539 2999">
    <p class='ocr_par' dir='ltr' id='par_1_85' title="bbox 1951 2926 3539 2999">
     <span class='ocr_line' id='line_1_88' title="bbox 1951 2926 3539 2999; baseline 0.001 -19"><span class='ocrx_word' id='word_1_591' title='bbox 1951 2926 2219 2999; x_wconf 88' lang='lat' dir='ltr'><strong>rumpunt.</strong></span> <span class='ocrx_word' id='word_1_592' title='bbox 2270 2931 2440 2983; x_wconf 87' lang='lat' dir='ltr'><strong>Porro</strong></span> <span class='ocrx_word' id='word_1_593' title='bbox 2482 2930 2563 2983; x_wconf 84' lang='lat' dir='ltr'><strong>his</strong></span> <span class='ocrx_word' id='word_1_594' title='bbox 2601 2930 2853 2983; x_wconf 85' lang='lat' dir='ltr'><strong>omnibus</strong></span> <span class='ocrx_word' id='word_1_595' title='bbox 2897 2930 3168 2997; x_wconf 77' lang='lat' dir='ltr'><strong>antiquior</strong></span> <span class='ocrx_word' id='word_1_596' title='bbox 3202 2926 3263 2981; x_wconf 92' lang='lat' dir='ltr'><strong>D.</strong></span> <span class='ocrx_word' id='word_1_597' title='bbox 3307 2927 3539 2982; x_wconf 76' lang='lat' dir='ltr'><strong>Basilius</strong></span> 
     </span>
    </p>
   </div>
   <div class='ocr_carea' id='block_1_86' title="bbox 1951 2999 3541 3070">
    <p class='ocr_par' dir='ltr' id='par_1_86' title="bbox 1951 2999 3541 3070">
     <span class='ocr_line' id='line_1_89' title="bbox 1951 2999 3541 3070; baseline -0.001 -16"><span class='ocrx_word' id='word_1_598' title='bbox 1951 3002 2169 3055; x_wconf 72' lang='lat' dir='ltr'><strong>eosdem</strong></span> <span class='ocrx_word' id='word_1_599' title='bbox 2200 3015 2508 3070; x_wconf 73' lang='lat' dir='ltr'><strong>gyrovagos</strong></span> <span class='ocrx_word' id='word_1_600' title='bbox 2537 3000 2851 3070; x_wconf 79' lang='lat' dir='ltr'><strong>designasse</strong></span> <span class='ocrx_word' id='word_1_601' title='bbox 2892 3014 2956 3055; x_wconf 90' lang='lat' dir='ltr'><strong>ac</strong></span> <span class='ocrx_word' id='word_1_602' title='bbox 2994 3001 3158 3054; x_wconf 89' lang='lat' dir='ltr'><strong>veluti</strong></span> <span class='ocrx_word' id='word_1_603' title='bbox 3189 2999 3355 3067; x_wconf 81' lang='lat' dir='ltr'><strong>digito</strong></span> <span class='ocrx_word' id='word_1_604' title='bbox 3385 3012 3541 3070; x_wconf 81' lang='lat' dir='ltr'><strong>mon-</strong></span> 
     </span>
    </p>
   </div>
   <div class='ocr_carea' id='block_1_87' title="bbox 1952 3067 3539 3140">
    <p class='ocr_par' dir='ltr' id='par_1_87' title="bbox 1952 3067 3539 3140">
     <span class='ocr_line' id='line_1_90' title="bbox 1952 3067 3539 3140; baseline -0.001 -16"><span class='ocrx_word' id='word_1_605' title='bbox 1952 3082 2152 3126; x_wconf 86' lang='lat' dir='ltr'><strong>strasse</strong></span> <span class='ocrx_word' id='word_1_606' title='bbox 2184 3067 2477 3140; x_wconf 35' lang='lat' dir='ltr'><strong>videtur—in</strong></span> <span class='ocrx_word' id='word_1_607' title='bbox 2517 3067 3005 3140; x_wconf 75' lang='lat' dir='ltr'><strong>Consiitutionibus</strong></span> <span class='ocrx_word' id='word_1_608' title='bbox 3037 3072 3346 3127; x_wconf 77' lang='lat' dir='ltr'><strong>Monasticis</strong></span> <span class='ocrx_word' id='word_1_609' title='bbox 3380 3067 3539 3140; x_wconf 88' lang='lat' dir='ltr'><strong>(Cap.</strong></span> 
     </span>
    </p>
   </div>
   <div class='ocr_carea' id='block_1_88' title="bbox 1950 3134 3542 3212">
    <p class='ocr_par' dir='ltr' id='par_1_88' title="bbox 1950 3134 3542 3212">
     <span class='ocr_line' id='line_1_91' title="bbox 1950 3134 3542 3212; baseline -0.003 -15"><span class='ocrx_word' id='word_1_610' title='bbox 1950 3140 2029 3211; x_wconf 88' lang='lat'><strong>9),</strong></span> <span class='ocrx_word' id='word_1_611' title='bbox 2072 3142 2160 3197; x_wconf 88' lang='lat' dir='ltr'><strong>ubi</strong></span> <span class='ocrx_word' id='word_1_612' title='bbox 2206 3143 2278 3196; x_wconf 89' lang='lat' dir='ltr'><strong>ait</strong></span> <span class='ocrx_word' id='word_1_613' title='bbox 2314 3160 2325 3195; x_wconf 91' lang='lat'>:</span> <span class='ocrx_word' id='word_1_614' title='bbox 2360 3138 2453 3196; x_wconf 85' lang='lat' dir='ltr'><strong>Illi</strong></span> <span class='ocrx_word' id='word_1_615' title='bbox 2492 3134 2646 3197; x_wconf 74' lang='lat' dir='ltr'><strong>etiam</strong></span> <span class='ocrx_word' id='word_1_616' title='bbox 2688 3142 2952 3197; x_wconf 80' lang='lat' dir='ltr'><strong>devitandi</strong></span> <span class='ocrx_word' id='word_1_617' title='bbox 2993 3152 3109 3196; x_wconf 89' lang='lat' dir='ltr'><strong>sunt</strong></span> <span class='ocrx_word' id='word_1_618' title='bbox 3148 3143 3237 3212; x_wconf 86' lang='lat' dir='ltr'><strong>qui</strong></span> <span class='ocrx_word' id='word_1_619' title='bbox 3274 3134 3542 3212; x_wconf 78' lang='lat' dir='ltr'><strong>instabiles</strong></span> 
     </span>
    </p>
   </div>
   <div class='ocr_carea' id='block_1_89' title="bbox 1948 3210 3540 3278">
    <p class='ocr_par' dir='ltr' id='par_1_89' title="bbox 1948 3210 3540 3278">
     <span class='ocr_line' id='line_1_92' title="bbox 1948 3210 3540 3278; baseline 0 -12"><span class='ocrx_word' id='word_1_620' title='bbox 1948 3210 2231 3267; x_wconf 80' lang='lat' dir='ltr'><strong>identidem</strong></span> <span class='ocrx_word' id='word_1_621' title='bbox 2262 3216 2430 3268; x_wconf 80' lang='lat' dir='ltr'><strong>locum</strong></span> <span class='ocrx_word' id='word_1_622' title='bbox 2460 3214 2753 3278; x_wconf 81' lang='lat' dir='ltr'><strong>demutant,</strong></span> <span class='ocrx_word' id='word_1_623' title='bbox 2780 3222 2828 3266; x_wconf 90' lang='lat' dir='ltr'><strong>et</strong></span> <span class='ocrx_word' id='word_1_624' title='bbox 2857 3214 3009 3268; x_wconf 91' lang='lat' dir='ltr'><strong>modo</strong></span> <span class='ocrx_word' id='word_1_625' title='bbox 3030 3215 3099 3267; x_wconf 88' lang='lat' dir='ltr'><strong>ad</strong></span> <span class='ocrx_word' id='word_1_626' title='bbox 3138 3210 3249 3277; x_wconf 85' lang='lat' dir='ltr'><strong>hos,</strong></span> <span class='ocrx_word' id='word_1_627' title='bbox 3284 3212 3436 3265; x_wconf 89' lang='lat' dir='ltr'><strong>modo</strong></span> <span class='ocrx_word' id='word_1_628' title='bbox 3467 3210 3540 3266; x_wconf 83' lang='lat' dir='ltr'><strong>ad</strong></span> 
     </span>
    </p>
   </div>
   <div class='ocr_carea' id='block_1_90' title="bbox 1950 3285 3544 3357">
    <p class='ocr_par' dir='ltr' id='par_1_90' title="bbox 1950 3285 3544 3357">
     <span class='ocr_line' id='line_1_93' title="bbox 1950 3285 3544 3357; baseline 0.001 -19"><span class='ocrx_word' id='word_1_629' title='bbox 1950 3285 2068 3339; x_wconf 88' lang='lat' dir='ltr'><strong>illos</strong></span> <span class='ocrx_word' id='word_1_630' title='bbox 2098 3286 2286 3357; x_wconf 81' lang='lat' dir='ltr'><strong>fratres</strong></span> <span class='ocrx_word' id='word_1_631' title='bbox 2324 3303 2377 3341; x_wconf 91' lang='lat' dir='ltr'><strong>se</strong></span> <span class='ocrx_word' id='word_1_632' title='bbox 2416 3287 2709 3355; x_wconf 77' lang='lat' dir='ltr'><strong>conferunt,</strong></span> <span class='ocrx_word' id='word_1_633' title='bbox 2740 3295 2788 3339; x_wconf 90' lang='lat' dir='ltr'><strong>et</strong></span> <span class='ocrx_word' id='word_1_634' title='bbox 2817 3287 3089 3355; x_wconf 87' lang='lat' dir='ltr'><strong>irrequieta</strong></span> <span class='ocrx_word' id='word_1_635' title='bbox 3124 3285 3225 3339; x_wconf 86' lang='lat' dir='ltr'><strong>acti</strong></span> <span class='ocrx_word' id='word_1_636' title='bbox 3264 3286 3459 3351; x_wconf 77' lang='lat' dir='ltr'><strong>impetu</strong></span> <span class='ocrx_word' id='word_1_637' title='bbox 3486 3299 3544 3339; x_wconf 82' lang='lat' dir='ltr'><strong>ss</strong></span> 
     </span>
    </p>
   </div>
   <div class='ocr_carea' id='block_1_91' title="bbox 1952 3356 3544 3428">
    <p class='ocr_par' dir='ltr' id='par_1_91' title="bbox 1952 3356 3544 3428">
     <span class='ocr_line' id='line_1_94' title="bbox 1952 3356 3544 3428; baseline -0.001 -19"><span class='ocrx_word' id='word_1_638' title='bbox 1952 3356 2004 3409; x_wconf 89' lang='lat' dir='ltr'><strong>in</strong></span> <span class='ocrx_word' id='word_1_639' title='bbox 2044 3356 2525 3412; x_wconf 87' lang='lat' dir='ltr'><strong>circumlustrandis</strong></span> <span class='ocrx_word' id='word_1_640' title='bbox 2567 3358 2775 3428; x_wconf 83' lang='lat' dir='ltr'><strong>assidue</strong></span> <span class='ocrx_word' id='word_1_641' title='bbox 2813 3358 3138 3428; x_wconf 81' lang='lat' dir='ltr'><strong>monasteriis</strong></span> <span class='ocrx_word' id='word_1_642' title='bbox 3174 3367 3448 3428; x_wconf 89' lang='lat' dir='ltr'><strong>occupant,</strong></span> <span class='ocrx_word' id='word_1_643' title='bbox 3490 3361 3544 3428; x_wconf 83' lang='lat' dir='ltr'><strong>et</strong></span> 
     </span>
    </p>
   </div>
   <div class='ocr_carea' id='block_1_92' title="bbox 1954 3426 3541 3498">
    <p class='ocr_par' dir='ltr' id='par_1_92' title="bbox 1954 3426 3541 3498">
     <span class='ocr_line' id='line_1_95' title="bbox 1954 3426 3541 3498; baseline -0.001 -16"><span class='ocrx_word' id='word_1_644' title='bbox 1954 3443 2041 3494; x_wconf 84' lang='lat' dir='ltr'><strong>per</strong></span> <span class='ocrx_word' id='word_1_645' title='bbox 2070 3429 2451 3483; x_wconf 85' lang='lat' dir='ltr'><strong>simulationem</strong></span> <span class='ocrx_word' id='word_1_646' title='bbox 2485 3427 2771 3498; x_wconf 86' lang='lat' dir='ltr'><strong>spiritualis</strong></span> <span class='ocrx_word' id='word_1_647' title='bbox 2798 3429 3063 3483; x_wconf 85' lang='lat' dir='ltr'><strong>charitatis</strong></span> <span class='ocrx_word' id='word_1_648' title='bbox 3090 3426 3341 3483; x_wconf 80' lang='lat' dir='ltr'><strong>charitate</strong></span> <span class='ocrx_word' id='word_1_649' title='bbox 3369 3426 3541 3498; x_wconf 87' lang='lat' dir='ltr'><strong>carnis</strong></span> 
     </span>
    </p>
   </div>
   <div class='ocr_carea' id='block_1_93' title="bbox 274 3498 3543 3638">
    <p class='ocr_par' dir='ltr' id='par_1_93' title="bbox 274 3498 3543 3638">
     <span class='ocr_line' id='line_1_96' title="bbox 274 3498 3543 3589; baseline 0.001 -43"><span class='ocrx_word' id='word_1_650' title='bbox 274 3498 380 3546; x_wconf 74' lang='lat' dir='ltr'><strong>cias</strong></span> <span class='ocrx_word' id='word_1_651' title='bbox 401 3532 414 3551; x_wconf 84' lang='grc'>,</span> <span class='ocrx_word' id='word_1_652' title='bbox 448 3509 700 3563; x_wconf 86' lang='lat' dir='ltr'><strong>nusquam</strong></span> <span class='ocrx_word' id='word_1_653' title='bbox 732 3498 935 3557; x_wconf 88' lang='lat' dir='ltr'><strong>missos,</strong></span> <span class='ocrx_word' id='word_1_654' title='bbox 964 3509 1214 3576; x_wconf 72' lang='lat' dir='ltr'><strong>nusquam</strong></span> <span class='ocrx_word' id='word_1_655' title='bbox 1245 3498 1397 3563; x_wconf 73' lang='lat' dir='ltr'><strong>ﬁxos,</strong></span> <span class='ocrx_word' id='word_1_656' title='bbox 1424 3512 1676 3563; x_wconf 83' lang='lat' dir='ltr'><strong>nusquam</strong></span> <span class='ocrx_word' id='word_1_657' title='bbox 1708 3506 1850 3578; x_wconf 38' lang='lat' dir='ltr'><strong>stant</strong></span> <span class='ocrx_word' id='word_1_658' title='bbox 1877 3532 1921 3589; x_wconf 64' lang='grc' dir='ltr'><strong><em>Γ</em></strong></span> <span class='ocrx_word' id='word_1_659' title='bbox 1953 3500 2252 3581; x_wconf 75' lang='lat' dir='ltr'><strong>libidinibus</strong></span> <span class='ocrx_word' id='word_1_660' title='bbox 2275 3506 2620 3581; x_wconf 76' lang='lat' dir='ltr'><strong>obsequuntur</strong></span> <span class='ocrx_word' id='word_1_661' title='bbox 2646 3515 2663 3551; x_wconf 92' lang='lat'><strong><em>:</em></strong></span> <span class='ocrx_word' id='word_1_662' title='bbox 2686 3514 2902 3569; x_wconf 82' lang='lat' dir='ltr'><strong>quorum</strong></span> <span class='ocrx_word' id='word_1_663' title='bbox 2930 3501 2983 3553; x_wconf 88' lang='lat' dir='ltr'><strong>in</strong></span> <span class='ocrx_word' id='word_1_664' title='bbox 3011 3501 3195 3579; x_wconf 76' lang='lat' dir='ltr'><strong>animis</strong></span> <span class='ocrx_word' id='word_1_665' title='bbox 3226 3498 3543 3578; x_wconf 39' lang='lat' dir='ltr'><strong>nihil&#39;ﬁrmi-</strong></span> 
     </span>
     <span class='ocr_line' id='line_1_97' title="bbox 274 3564 3542 3638; baseline 0.002 -23"><span class='ocrx_word' id='word_1_666' title='bbox 274 3572 383 3628; x_wconf 86' lang='lat' dir='ltr'><strong>tes,</strong></span> <span class='ocrx_word' id='word_1_667' title='bbox 425 3581 676 3634; x_wconf 86' lang='lat' dir='ltr'><strong>nusquam</strong></span> <span class='ocrx_word' id='word_1_668' title='bbox 721 3564 1121 3638; x_wconf 26' lang='lat' dir='ltr'><strong>sedentesLAln</strong></span> <span class='ocrx_word' id='word_1_669' title='bbox 1172 3566 1395 3638; x_wconf 83' lang='lat' dir='ltr'><strong>membra</strong></span> <span class='ocrx_word' id='word_1_670' title='bbox 1435 3578 1752 3638; x_wconf 82' lang='lat' dir='ltr'><strong>martyrum,</strong></span> <span class='ocrx_word' id='word_1_671' title='bbox 1802 3584 1850 3620; x_wconf 86' lang='lat' dir='ltr'><strong>st</strong></span> <span class='ocrx_word' id='word_1_672' title='bbox 1902 3574 1923 3595; x_wconf 87' lang='grc'><em>⁴</em></span> <span class='ocrx_word' id='word_1_673' title='bbox 1954 3579 2094 3635; x_wconf 81' lang='lat' dir='ltr'><strong>tatis,</strong></span> <span class='ocrx_word' id='word_1_674' title='bbox 2124 3570 2252 3624; x_wconf 83' lang='lat' dir='ltr'><strong>nihil</strong></span> <span class='ocrx_word' id='word_1_675' title='bbox 2283 3570 2459 3628; x_wconf 81' lang='lat' dir='ltr'><strong>solidi.</strong></span> <span class='ocrx_word' id='word_1_676' title='bbox 2502 3568 2633 3622; x_wconf 76' lang='lat' dir='ltr'><strong>nihil</strong></span> <span class='ocrx_word' id='word_1_677' title='bbox 2672 3572 2809 3638; x_wconf 85' lang='lat' dir='ltr'><strong>quod</strong></span> <span class='ocrx_word' id='word_1_678' title='bbox 2838 3568 3128 3638; x_wconf 74' lang='lat' dir='ltr'><strong>disciplina:</strong></span> <span class='ocrx_word' id='word_1_679' title='bbox 3163 3578 3425 3622; x_wconf 80' lang='lat' dir='ltr'><strong>conveniat</strong></span> <span class='ocrx_word' id='word_1_680' title='bbox 3454 3583 3542 3620; x_wconf 84' lang='lat' dir='ltr'><strong>or-</strong></span> 
     </span>
    </p>
   </div>
   <div class='ocr_carea' id='block_1_94' title="bbox 1952 3639 3542 3709">
    <p class='ocr_par' dir='ltr' id='par_1_94' title="bbox 1952 3639 3542 3709">
     <span class='ocr_line' id='line_1_98' title="bbox 1952 3639 3542 3709; baseline -0.001 -17"><span class='ocrx_word' id='word_1_681' title='bbox 1952 3642 2111 3705; x_wconf 85' lang='lat' dir='ltr'><strong>dinis,</strong></span> <span class='ocrx_word' id='word_1_682' title='bbox 2135 3641 2264 3694; x_wconf 84' lang='lat' dir='ltr'><strong>nihil</strong></span> <span class='ocrx_word' id='word_1_683' title='bbox 2285 3642 2503 3709; x_wconf 85' lang='lat' dir='ltr'><strong>denique</strong></span> <span class='ocrx_word' id='word_1_684' title='bbox 2523 3639 2807 3706; x_wconf 78' lang='lat' dir='ltr'><strong>prudentia:</strong></span> <span class='ocrx_word' id='word_1_685' title='bbox 2835 3642 2963 3692; x_wconf 86' lang='lat' dir='ltr'><strong>inest</strong></span> <span class='ocrx_word' id='word_1_686' title='bbox 2987 3647 3073 3691; x_wconf 90' lang='lat' dir='ltr'><strong>aut</strong></span> <span class='ocrx_word' id='word_1_687' title='bbox 3094 3640 3391 3709; x_wconf 82' lang='lat' dir='ltr'><strong>gravitatis;</strong></span> <span class='ocrx_word' id='word_1_688' title='bbox 3416 3653 3542 3709; x_wconf 79' lang='lat' dir='ltr'><strong>con-</strong></span> 
     </span>
    </p>
   </div>
   <div class='ocr_carea' id='block_1_95' title="bbox 1951 3707 3538 3781">
    <p class='ocr_par' dir='ltr' id='par_1_95' title="bbox 1951 3707 3538 3781">
     <span class='ocr_line' id='line_1_99' title="bbox 1951 3707 3538 3781; baseline -0.003 -18"><span class='ocrx_word' id='word_1_689' title='bbox 1951 3720 2130 3781; x_wconf 84' lang='lat' dir='ltr'><strong>traque</strong></span> <span class='ocrx_word' id='word_1_690' title='bbox 2171 3725 2371 3781; x_wconf 83' lang='lat' dir='ltr'><strong>summa</strong></span> <span class='ocrx_word' id='word_1_691' title='bbox 2411 3707 2704 3781; x_wconf 69' lang='lat' dir='ltr'><strong>curiositas,</strong></span> <span class='ocrx_word' id='word_1_692' title='bbox 2754 3723 2951 3781; x_wconf 82' lang='lat' dir='ltr'><strong>morum</strong></span> <span class='ocrx_word' id='word_1_693' title='bbox 2980 3712 3302 3781; x_wconf 79' lang='lat' dir='ltr'><strong>perversitas,</strong></span> <span class='ocrx_word' id='word_1_694' title='bbox 3337 3707 3538 3772; x_wconf 85' lang='lat' dir='ltr'><strong>levitas,</strong></span> 
     </span>
    </p>
   </div>
   <div class='ocr_carea' id='block_1_96' title="bbox 1947 3777 3539 3846">
    <p class='ocr_par' dir='ltr' id='par_1_96' title="bbox 1947 3777 3539 3846">
     <span class='ocr_line' id='line_1_100' title="bbox 1947 3777 3539 3846; baseline -0.003 -13"><span class='ocrx_word' id='word_1_695' title='bbox 1947 3777 2407 3839; x_wconf 79' lang='lat' dir='ltr'><strong>inconsiderantia,</strong></span> <span class='ocrx_word' id='word_1_696' title='bbox 2438 3779 2609 3839; x_wconf 89' lang='lat' dir='ltr'><strong>dolus,</strong></span> <span class='ocrx_word' id='word_1_697' title='bbox 2641 3778 2944 3846; x_wconf 83' lang='lat' dir='ltr'><strong>hypocrisis,</strong></span> <span class='ocrx_word' id='word_1_698' title='bbox 2978 3777 3240 3828; x_wconf 78' lang='lat' dir='ltr'><strong>rnrndocis</strong></span> <span class='ocrx_word' id='word_1_699' title='bbox 3271 3786 3317 3827; x_wconf 80' lang='lat' dir='ltr'><strong>et</strong></span> <span class='ocrx_word' id='word_1_700' title='bbox 3339 3783 3539 3846; x_wconf 81' lang='lat' dir='ltr'><strong>vetera-</strong></span> 
     </span>
    </p>
   </div>
   <div class='ocr_carea' id='block_1_97' title="bbox 1950 3845 3532 3916">
    <p class='ocr_par' dir='ltr' id='par_1_97' title="bbox 1950 3845 3532 3916">
     <span class='ocr_line' id='line_1_101' title="bbox 1950 3845 3532 3916; baseline -0.001 -13"><span class='ocrx_word' id='word_1_701' title='bbox 1950 3853 2091 3903; x_wconf 75' lang='lat' dir='ltr'><strong>torite</strong></span> <span class='ocrx_word' id='word_1_702' title='bbox 2114 3848 2358 3903; x_wconf 88' lang='lat' dir='ltr'><strong>orationis</strong></span> <span class='ocrx_word' id='word_1_703' title='bbox 2384 3845 2996 3916; x_wconf 24' lang='lat' dir='ltr'><strong>plenissima’assentatio,</strong></span> <span class='ocrx_word' id='word_1_704' title='bbox 3030 3847 3084 3899; x_wconf 84' lang='lat' dir='ltr'><strong>in</strong></span> <span class='ocrx_word' id='word_1_705' title='bbox 3111 3847 3189 3900; x_wconf 84' lang='lat' dir='ltr'><strong>his</strong></span> <span class='ocrx_word' id='word_1_706' title='bbox 3216 3845 3532 3902; x_wconf 75' lang='lat' dir='ltr'><strong>redundant.</strong></span> 
     </span>
    </p>
   </div>
   <div class='ocr_carea' id='block_1_98' title="bbox 1953 3918 3534 3989">
    <p class='ocr_par' dir='ltr' id='par_1_98' title="bbox 1953 3918 3534 3989">
     <span class='ocr_line' id='line_1_102' title="bbox 1953 3918 3534 3989; baseline -0.002 -16"><span class='ocrx_word' id='word_1_707' title='bbox 1953 3919 2024 3973; x_wconf 84' lang='lat' dir='ltr'><strong>Hi</strong></span> <span class='ocrx_word' id='word_1_708' title='bbox 2053 3922 2183 3973; x_wconf 89' lang='lat' dir='ltr'><strong>enim</strong></span> <span class='ocrx_word' id='word_1_709' title='bbox 2212 3929 2257 3972; x_wconf 91' lang='lat' dir='ltr'><strong>et</strong></span> <span class='ocrx_word' id='word_1_710' title='bbox 2286 3919 2464 3989; x_wconf 84' lang='lat' dir='ltr'><strong>lingua</strong></span> <span class='ocrx_word' id='word_1_711' title='bbox 2493 3918 2669 3983; x_wconf 88' lang='lat' dir='ltr'><strong>rudes,</strong></span> <span class='ocrx_word' id='word_1_712' title='bbox 2698 3927 2743 3971; x_wconf 90' lang='lat' dir='ltr'><strong>et</strong></span> <span class='ocrx_word' id='word_1_713' title='bbox 2775 3928 2946 3989; x_wconf 87' lang='lat' dir='ltr'><strong>ventre</strong></span> <span class='ocrx_word' id='word_1_714' title='bbox 2973 3919 3534 3989; x_wconf 28' lang='lat' dir='ltr'><strong>intemperqntes‘sunt,</strong></span> 
     </span>
    </p>
   </div>
   <div class='ocr_carea' id='block_1_99' title="bbox 1947 3985 3536 4055">
    <p class='ocr_par' dir='ltr' id='par_1_99' title="bbox 1947 3985 3536 4055">
     <span class='ocr_line' id='line_1_103' title="bbox 1947 3985 3536 4055; baseline -0.001 -14"><span class='ocrx_word' id='word_1_715' title='bbox 1947 4003 2078 4055; x_wconf 88' lang='lat' dir='ltr'><strong>etc.,</strong></span> <span class='ocrx_word' id='word_1_716' title='bbox 2115 3992 2204 4043; x_wconf 86' lang='lat' dir='ltr'><strong>ubi</strong></span> <span class='ocrx_word' id='word_1_717' title='bbox 2249 3985 2436 4044; x_wconf 75' lang='lat' dir='ltr'><strong>eorum</strong></span> <span class='ocrx_word' id='word_1_718' title='bbox 2484 4004 2663 4043; x_wconf 84' lang='lat' dir='ltr'><strong>mores</strong></span> <span class='ocrx_word' id='word_1_719' title='bbox 2707 3988 2865 4041; x_wconf 78' lang='lat' dir='ltr'><strong>latius</strong></span> <span class='ocrx_word' id='word_1_720' title='bbox 2907 3985 3185 4042; x_wconf 79' lang='lat' dir='ltr'><strong>describit.</strong></span> <span class='ocrx_word' id='word_1_721' title='bbox 3233 3986 3312 4040; x_wconf 89' lang='lat' dir='ltr'><strong>De</strong></span> <span class='ocrx_word' id='word_1_722' title='bbox 3342 3985 3536 4045; x_wconf 85' lang='lat' dir='ltr'><strong>iisdem</strong></span> 
     </span>
    </p>
   </div>
   <div class='ocr_carea' id='block_1_100' title="bbox 1949 4056 3533 4129">
    <p class='ocr_par' dir='ltr' id='par_1_100' title="bbox 1949 4056 3533 4129">
     <span class='ocr_line' id='line_1_104' title="bbox 1949 4056 3533 4129; baseline -0.002 -13"><span class='ocrx_word' id='word_1_723' title='bbox 1949 4062 2138 4116; x_wconf 82' lang='lat' dir='ltr'><strong>Petrus</strong></span> <span class='ocrx_word' id='word_1_724' title='bbox 2165 4061 2314 4115; x_wconf 89' lang='lat' dir='ltr'><strong>card.</strong></span> <span class='ocrx_word' id='word_1_725' title='bbox 2358 4058 2623 4115; x_wconf 81' lang='lat' dir='ltr'><strong>Ostiensis</strong></span> <span class='ocrx_word' id='word_1_726' title='bbox 2666 4060 2825 4129; x_wconf 87' lang='lat' dir='ltr'><strong>epist.</strong></span> <span class='ocrx_word' id='word_1_727' title='bbox 2870 4058 2925 4121; x_wconf 89' lang='lat'><strong>9,</strong></span> <span class='ocrx_word' id='word_1_728' title='bbox 2969 4058 3059 4111; x_wconf 91' lang='lat' dir='ltr'><strong>lib.</strong></span> <span class='ocrx_word' id='word_1_729' title='bbox 3101 4073 3155 4123; x_wconf 91' lang='lat' dir='ltr'><strong>v,</strong></span> <span class='ocrx_word' id='word_1_730' title='bbox 3190 4056 3533 4129; x_wconf 62' lang='lat' dir='ltr'><strong>bisverbis:</strong></span> 
     </span>
    </p>
   </div>
   <div class='ocr_carea' id='block_1_101' title="bbox 1948 4126 3536 4201">
    <p class='ocr_par' dir='ltr' id='par_1_101' title="bbox 1948 4126 3536 4201">
     <span class='ocr_line' id='line_1_105' title="bbox 1948 4126 3536 4201; baseline -0.002 -14"><span class='ocrx_word' id='word_1_731' title='bbox 1948 4131 2015 4187; x_wconf 87' lang='lat' dir='ltr'><strong>In</strong></span> <span class='ocrx_word' id='word_1_732' title='bbox 2041 4133 2342 4186; x_wconf 87' lang='lat' dir='ltr'><strong>monachico</strong></span> <span class='ocrx_word' id='word_1_733' title='bbox 2366 4147 2491 4186; x_wconf 83' lang='lat' dir='ltr'><strong>sane</strong></span> <span class='ocrx_word' id='word_1_734' title='bbox 2511 4126 2714 4190; x_wconf 53' lang='lat' dir='ltr'><strong>ordine;</strong></span> <span class='ocrx_word' id='word_1_735' title='bbox 2733 4147 2858 4201; x_wconf 85' lang='lat' dir='ltr'><strong>quos</strong></span> <span class='ocrx_word' id='word_1_736' title='bbox 2879 4131 2933 4183; x_wconf 89' lang='lat' dir='ltr'><strong>in</strong></span> <span class='ocrx_word' id='word_1_737' title='bbox 2959 4129 3199 4183; x_wconf 89' lang='lat' dir='ltr'><strong>claustris</strong></span> <span class='ocrx_word' id='word_1_738' title='bbox 3220 4127 3309 4181; x_wconf 88' lang='lat' dir='ltr'><strong>sub</strong></span> <span class='ocrx_word' id='word_1_739' title='bbox 3335 4126 3536 4184; x_wconf 80' lang='lat' dir='ltr'><strong>abbatis</strong></span> 
     </span>
    </p>
   </div>
   <div class='ocr_carea' id='block_1_102' title="bbox 1945 4201 3537 4274">
    <p class='ocr_par' dir='ltr' id='par_1_102' title="bbox 1945 4201 3537 4274">
     <span class='ocr_line' id='line_1_106' title="bbox 1945 4201 3537 4274; baseline -0.001 -17"><span class='ocrx_word' id='word_1_740' title='bbox 1945 4206 2161 4274; x_wconf 89' lang='lat' dir='ltr'><strong>imperio</strong></span> <span class='ocrx_word' id='word_1_741' title='bbox 2192 4204 2499 4273; x_wconf 79' lang='lat' dir='ltr'><strong>regulariter</strong></span> <span class='ocrx_word' id='word_1_742' title='bbox 2529 4218 2735 4256; x_wconf 87' lang='lat' dir='ltr'><strong>manere</strong></span> <span class='ocrx_word' id='word_1_743' title='bbox 2772 4201 3139 4267; x_wconf 88' lang='lat' dir='ltr'><strong>conspicimus,</strong></span> <span class='ocrx_word' id='word_1_744' title='bbox 3170 4210 3537 4274; x_wconf 86' lang='lat' dir='ltr'><strong>consequenter</strong></span> 
     </span>
    </p>
   </div>
   <div class='ocr_carea' id='block_1_103' title="bbox 1944 4273 3535 4343">
    <p class='ocr_par' dir='ltr' id='par_1_103' title="bbox 1944 4273 3535 4343">
     <span class='ocr_line' id='line_1_107' title="bbox 1944 4273 3535 4343; baseline -0.003 -12"><span class='ocrx_word' id='word_1_745' title='bbox 1944 4273 2120 4343; x_wconf 78' lang='lat' dir='ltr'><strong>utique</strong></span> <span class='ocrx_word' id='word_1_746' title='bbox 2157 4275 2428 4329; x_wconf 87' lang='lat' dir='ltr'><strong>monachos</strong></span> <span class='ocrx_word' id='word_1_747' title='bbox 2465 4274 2789 4342; x_wconf 86' lang='lat' dir='ltr'><strong>appellamus</strong></span> <span class='ocrx_word' id='word_1_748' title='bbox 2838 4288 2854 4323; x_wconf 92' lang='lat'><strong><em>:</em></strong></span> <span class='ocrx_word' id='word_1_749' title='bbox 2900 4287 3026 4340; x_wconf 89' lang='lat' dir='ltr'><strong>quos</strong></span> <span class='ocrx_word' id='word_1_750' title='bbox 3066 4283 3237 4325; x_wconf 89' lang='lat' dir='ltr'><strong>autem</strong></span> <span class='ocrx_word' id='word_1_751' title='bbox 3268 4273 3535 4339; x_wconf 88' lang='lat' dir='ltr'><strong>praprium</strong></span> 
     </span>
    </p>
   </div>
   <div class='ocr_carea' id='block_1_104' title="bbox 1945 4343 3534 4418">
    <p class='ocr_par' dir='ltr' id='par_1_104' title="bbox 1945 4343 3534 4418">
     <span class='ocr_line' id='line_1_108' title="bbox 1945 4343 3534 4418; baseline -0.001 -19"><span class='ocrx_word' id='word_1_752' title='bbox 1945 4348 2223 4418; x_wconf 83' lang='lat' dir='ltr'><strong>possidere,</strong></span> <span class='ocrx_word' id='word_1_753' title='bbox 2256 4344 2607 4418; x_wconf 75' lang='lat' dir='ltr'><strong>indiﬂ&#39;erenter</strong></span> <span class='ocrx_word' id='word_1_754' title='bbox 2629 4343 2972 4418; x_wconf 64' lang='lat' dir='ltr'><strong>hucillucque</strong></span> <span class='ocrx_word' id='word_1_755' title='bbox 2996 4344 3306 4418; x_wconf 78' lang='lat' dir='ltr'><strong>discurrere,</strong></span> <span class='ocrx_word' id='word_1_756' title='bbox 3325 4343 3534 4418; x_wconf 63' lang='lat' dir='ltr'><strong>solutos</strong></span> 
     </span>
    </p>
   </div>
   <div class='ocr_carea' id='block_1_105' title="bbox 1944 4413 3533 4490">
    <p class='ocr_par' dir='ltr' id='par_1_105' title="bbox 1944 4413 3533 4490">
     <span class='ocr_line' id='line_1_109' title="bbox 1944 4413 3533 4490; baseline -0.002 -19"><span class='ocrx_word' id='word_1_757' title='bbox 1944 4413 2160 4490; x_wconf 82' lang='lat' dir='ltr'><strong>legibus,</strong></span> <span class='ocrx_word' id='word_1_758' title='bbox 2202 4420 2355 4489; x_wconf 66' lang='lat' dir='ltr'><strong>juxta</strong></span> <span class='ocrx_word' id='word_1_759' title='bbox 2396 4416 2618 4490; x_wconf 60' lang='lat' dir='ltr'><strong>propriis</strong></span> <span class='ocrx_word' id='word_1_760' title='bbox 2661 4413 2940 4490; x_wconf 73' lang='lat' dir='ltr'><strong>uoluntatis</strong></span> <span class='ocrx_word' id='word_1_761' title='bbox 2983 4413 3257 4468; x_wconf 86' lang='lat' dir='ltr'><strong>arbitrium</strong></span> <span class='ocrx_word' id='word_1_762' title='bbox 3301 4414 3533 4490; x_wconf 69' lang='lat' dir='ltr'><strong>difﬂuere</strong></span> 
     </span>
    </p>
   </div>
   <div class='ocr_carea' id='block_1_106' title="bbox 1948 4486 3531 4557">
    <p class='ocr_par' dir='ltr' id='par_1_106' title="bbox 1948 4486 3531 4557">
     <span class='ocr_line' id='line_1_110' title="bbox 1948 4486 3531 4557; baseline -0.002 -15"><span class='ocrx_word' id='word_1_763' title='bbox 1948 4486 2224 4551; x_wconf 68' lang='lat' dir='ltr'><strong>cernimus,</strong></span> <span class='ocrx_word' id='word_1_764' title='bbox 2270 4504 2373 4541; x_wconf 89' lang='lat' dir='ltr'><strong>non</strong></span> <span class='ocrx_word' id='word_1_765' title='bbox 2399 4486 2787 4553; x_wconf 86' lang='lat' dir='ltr'><strong>monachorum,</strong></span> <span class='ocrx_word' id='word_1_766' title='bbox 2828 4487 2917 4539; x_wconf 86' lang='lat' dir='ltr'><strong>sed</strong></span> <span class='ocrx_word' id='word_1_767' title='bbox 2951 4500 3323 4557; x_wconf 74' lang='lat' dir='ltr'><strong>ggrooagorum</strong></span> <span class='ocrx_word' id='word_1_768' title='bbox 3358 4486 3531 4554; x_wconf 84' lang='lat' dir='ltr'><strong>potius</strong></span> 
     </span>
    </p>
   </div>
   <div class='ocr_carea' id='block_1_107' title="bbox 1946 4558 2729 4628">
    <p class='ocr_par' dir='ltr' id='par_1_107' title="bbox 1946 4558 2729 4628">
     <span class='ocr_line' id='line_1_111' title="bbox 1946 4558 2729 4628; baseline -0.003 -16"><span class='ocrx_word' id='word_1_769' title='bbox 1946 4561 2129 4628; x_wconf 80' lang='lat' dir='ltr'><strong>dignos</strong></span> <span class='ocrx_word' id='word_1_770' title='bbox 2154 4559 2398 4613; x_wconf 86' lang='lat' dir='ltr'><strong>vocabulo</strong></span> <span class='ocrx_word' id='word_1_771' title='bbox 2426 4558 2729 4611; x_wconf 88' lang='lat' dir='ltr'><strong>indicamus.</strong></span> 
     </span>
    </p>
   </div>
   <div class='ocr_carea' id='block_1_108' title="bbox 2012 4625 3521 4684">
    <p class='ocr_par' dir='ltr' id='par_1_108' title="bbox 2012 4625 3521 4684">
     <span class='ocr_line' id='line_1_112' title="bbox 2012 4625 3521 4684; baseline -0.002 -1"><span class='ocrx_word' id='word_1_772' title='bbox 2012 4630 2040 4670; x_wconf 74' lang='grc' dir='ltr'><strong>ιι</strong></span> <span class='ocrx_word' id='word_1_773' title='bbox 2082 4630 2325 4684; x_wconf 84' lang='lat' dir='ltr'><strong>Pluribus</strong></span> <span class='ocrx_word' id='word_1_774' title='bbox 2351 4630 2404 4683; x_wconf 90' lang='lat' dir='ltr'><strong>id</strong></span> <span class='ocrx_word' id='word_1_775' title='bbox 2438 4629 2665 4682; x_wconf 82' lang='lat' dir='ltr'><strong>inculcat</strong></span> <span class='ocrx_word' id='word_1_776' title='bbox 2696 4627 2985 4682; x_wconf 80' lang='lat' dir='ltr'><strong>Cassianus</strong></span> <span class='ocrx_word' id='word_1_777' title='bbox 3023 4626 3116 4683; x_wconf 85' lang='lat' dir='ltr'><strong>lib.</strong></span> <span class='ocrx_word' id='word_1_778' title='bbox 3152 4642 3246 4681; x_wconf 80' lang='lat' dir='ltr'><strong>vrtt</strong></span> <span class='ocrx_word' id='word_1_779' title='bbox 3277 4625 3521 4680; x_wconf 87' lang='lat' dir='ltr'><strong>lnstitut.</strong></span> 
     </span>
    </p>
   </div>
   <div class='ocr_carea' id='block_1_109' title="bbox 1942 4695 3528 4771">
    <p class='ocr_par' dir='ltr' id='par_1_109' title="bbox 1942 4695 3528 4771">
     <span class='ocr_line' id='line_1_113' title="bbox 1942 4695 3528 4771; baseline -0.011 -14"><span class='ocrx_word' id='word_1_780' title='bbox 1942 4716 2063 4770; x_wconf 85' lang='lat' dir='ltr'><strong>cap.</strong></span> <span class='ocrx_word' id='word_1_781' title='bbox 2096 4701 2159 4755; x_wconf 86' lang='lat' dir='ltr'><strong>t7</strong></span> <span class='ocrx_word' id='word_1_782' title='bbox 2184 4701 2345 4771; x_wconf 82' lang='lat' dir='ltr'><strong>(Vide</strong></span> <span class='ocrx_word' id='word_1_783' title='bbox 2372 4698 2551 4751; x_wconf 82' lang='lat' dir='ltr'><strong>collat.</strong></span> <span class='ocrx_word' id='word_1_784' title='bbox 2583 4698 2649 4753; x_wconf 80' lang='grc'><strong>19</strong></span> <span class='ocrx_word' id='word_1_785' title='bbox 2672 4716 2717 4751; x_wconf 91' lang='lat' dir='ltr'><strong>c.</strong></span> <span class='ocrx_word' id='word_1_786' title='bbox 2742 4699 2830 4757; x_wconf 71' lang='grc'><strong>10.</strong></span> <span class='ocrx_word' id='word_1_787' title='bbox 2855 4711 2903 4754; x_wconf 85' lang='lat' dir='ltr'><strong>et</strong></span> <span class='ocrx_word' id='word_1_788' title='bbox 2929 4698 3111 4753; x_wconf 88' lang='lat' dir='ltr'><strong>collat.</strong></span> <span class='ocrx_word' id='word_1_789' title='bbox 3139 4700 3173 4753; x_wconf 82' lang='lat'><strong>5</strong></span> <span class='ocrx_word' id='word_1_790' title='bbox 3192 4714 3239 4751; x_wconf 94' lang='lat' dir='ltr'><strong>c.</strong></span> <span class='ocrx_word' id='word_1_791' title='bbox 3261 4695 3344 4771; x_wconf 74' lang='grc'><strong>4).</strong></span> <span class='ocrx_word' id='word_1_792' title='bbox 3372 4696 3528 4771; x_wconf 60' lang='grc' dir='ltr'><strong>ρεφ-</strong></span> 
     </span>
    </p>
   </div>
   <div class='ocr_carea' id='block_1_110' title="bbox 1942 4769 3528 4840">
    <p class='ocr_par' dir='ltr' id='par_1_110' title="bbox 1942 4769 3528 4840">
     <span class='ocr_line' id='line_1_114' title="bbox 1942 4769 3528 4840; baseline -0.004 -14"><span class='ocrx_word' id='word_1_793' title='bbox 1942 4769 2201 4840; x_wconf 75' lang='lat' dir='ltr'><strong>cumque,</strong></span> <span class='ocrx_word' id='word_1_794' title='bbox 2242 4772 2441 4837; x_wconf 79' lang='lat' dir='ltr'><strong>inquit.</strong></span> <span class='ocrx_word' id='word_1_795' title='bbox 2489 4772 2611 4823; x_wconf 86' lang='lat' dir='ltr'><strong>vitia</strong></span> <span class='ocrx_word' id='word_1_796' title='bbox 2653 4772 2887 4824; x_wconf 86' lang='lat' dir='ltr'><strong>incurata</strong></span> <span class='ocrx_word' id='word_1_797' title='bbox 2925 4773 2977 4823; x_wconf 87' lang='lat' dir='ltr'><strong>in</strong></span> <span class='ocrx_word' id='word_1_798' title='bbox 3010 4784 3235 4824; x_wconf 87' lang='lat' dir='ltr'><strong>eremum</strong></span> <span class='ocrx_word' id='word_1_799' title='bbox 3278 4769 3528 4840; x_wconf 78' lang='lat' dir='ltr'><strong>detuleri-</strong></span> 
     </span>
    </p>
   </div>
   <div class='ocr_carea' id='block_1_111' title="bbox 1942 4838 3518 4912">
    <p class='ocr_par' dir='ltr' id='par_1_111' title="bbox 1942 4838 3518 4912">
     <span class='ocr_line' id='line_1_115' title="bbox 1942 4838 3518 4912; baseline -0.003 -17"><span class='ocrx_word' id='word_1_800' title='bbox 1942 4838 2080 4899; x_wconf 72' lang='lat' dir='ltr'><strong>mus.</strong></span> <span class='ocrx_word' id='word_1_801' title='bbox 2105 4850 2284 4912; x_wconf 86' lang='lat' dir='ltr'><strong>operta</strong></span> <span class='ocrx_word' id='word_1_802' title='bbox 2314 4844 2367 4894; x_wconf 87' lang='lat' dir='ltr'><strong>in</strong></span> <span class='ocrx_word' id='word_1_803' title='bbox 2396 4841 2561 4906; x_wconf 84' lang='lat' dir='ltr'><strong>nobis,</strong></span> <span class='ocrx_word' id='word_1_804' title='bbox 2595 4857 2695 4893; x_wconf 91' lang='lat' dir='ltr'><strong>non</strong></span> <span class='ocrx_word' id='word_1_805' title='bbox 2722 4843 2915 4894; x_wconf 86' lang='lat' dir='ltr'><strong>abolita</strong></span> <span class='ocrx_word' id='word_1_806' title='bbox 2936 4844 3238 4912; x_wconf 87' lang='lat' dir='ltr'><strong>sentiemus.</strong></span> <span class='ocrx_word' id='word_1_807' title='bbox 3271 4838 3518 4912; x_wconf 75' lang='lat' dir='ltr'><strong>Solitudo</strong></span> 
     </span>
    </p>
   </div>
   <div class='ocr_carea' id='block_1_112' title="bbox 260 4908 3525 4982">
    <p class='ocr_par' dir='ltr' id='par_1_112' title="bbox 260 4908 3525 4982">
     <span class='ocr_line' id='line_1_116' title="bbox 260 4908 3525 4982; baseline -0.001 -21"><span class='ocrx_word' id='word_1_808' title='bbox 260 4909 615 4978; x_wconf 74' lang='lat' dir='ltr'><strong>congregatis?</strong></span> <span class='ocrx_word' id='word_1_809' title='bbox 637 4908 744 4963; x_wconf 84' lang='lat' dir='ltr'><strong>Sed</strong></span> <span class='ocrx_word' id='word_1_810' title='bbox 769 4919 939 4963; x_wconf 88' lang='lat' dir='ltr'><strong>tamen</strong></span> <span class='ocrx_word' id='word_1_811' title='bbox 961 4911 1129 4965; x_wconf 83' lang='lat' dir='ltr'><strong>dicere</strong></span> <span class='ocrx_word' id='word_1_812' title='bbox 1148 4908 1558 4969; x_wconf 70' lang='lat' dir='ltr'><strong>consueverunt:</strong></span> <span class='ocrx_word' id='word_1_813' title='bbox 1584 4913 1720 4979; x_wconf 80' lang='lat' dir='ltr'><strong>Quid</strong></span> <span class='ocrx_word' id='word_1_814' title='bbox 1742 4914 1839 4968; x_wconf 86' lang='lat' dir='ltr'><strong>sibi</strong></span> <span class='ocrx_word' id='word_1_815' title='bbox 1866 4916 1919 4977; x_wconf 89' lang='lat' dir='ltr'><strong>D</strong></span> <span class='ocrx_word' id='word_1_816' title='bbox 1942 4908 2158 4982; x_wconf 84' lang='lat' dir='ltr'><strong>namque</strong></span> <span class='ocrx_word' id='word_1_817' title='bbox 2179 4913 2308 4965; x_wconf 89' lang='lat' dir='ltr'><strong>sicut</strong></span> <span class='ocrx_word' id='word_1_818' title='bbox 2330 4915 2467 4964; x_wconf 86' lang='lat' dir='ltr'><strong>novit</strong></span> <span class='ocrx_word' id='word_1_819' title='bbox 2492 4913 2772 4965; x_wconf 88' lang='lat' dir='ltr'><strong>emendatis</strong></span> <span class='ocrx_word' id='word_1_820' title='bbox 2793 4911 3017 4965; x_wconf 86' lang='lat' dir='ltr'><strong>moribus</strong></span> <span class='ocrx_word' id='word_1_821' title='bbox 3042 4908 3525 4982; x_wconf 69' lang='lat' dir='ltr'><strong>contemplationem</strong></span> 
     </span>
    </p>
   </div>
   <div class='ocr_carea' id='block_1_113' title="bbox 258 4982 1834 5048">
    <p class='ocr_par' dir='ltr' id='par_1_113' title="bbox 258 4982 1834 5048">
     <span class='ocr_line' id='line_1_117' title="bbox 258 4982 1834 5048; baseline 0.004 -15"><span class='ocrx_word' id='word_1_822' title='bbox 258 4984 359 5033; x_wconf 87' lang='lat' dir='ltr'><strong>vult</strong></span> <span class='ocrx_word' id='word_1_823' title='bbox 383 4996 563 5032; x_wconf 85' lang='lat' dir='ltr'><strong>nomen</strong></span> <span class='ocrx_word' id='word_1_824' title='bbox 594 4982 1002 5035; x_wconf 82' lang='lat' dir='ltr'><strong>monachorum?</strong></span> <span class='ocrx_word' id='word_1_825' title='bbox 1026 4984 1231 5048; x_wconf 81' lang='lat' dir='ltr'><strong>Quanto</strong></span> <span class='ocrx_word' id='word_1_826' title='bbox 1256 4986 1434 5036; x_wconf 77' lang='lat' dir='ltr'><strong>melius</strong></span> <span class='ocrx_word' id='word_1_827' title='bbox 1463 4984 1679 5037; x_wconf 85' lang='lat' dir='ltr'><strong>dicimus</strong></span> <span class='ocrx_word' id='word_1_828' title='bbox 1707 5000 1834 5039; x_wconf 89' lang='lat' dir='ltr'><strong>nos:</strong></span> 
     </span>
    </p>
   </div>
   <div class='ocr_carea' id='block_1_114' title="bbox 264 5048 1832 5121">
    <p class='ocr_par' dir='ltr' id='par_1_114' title="bbox 264 5048 1832 5121">
     <span class='ocr_line' id='line_1_118' title="bbox 264 5048 1832 5121; baseline 0.004 -20"><span class='ocrx_word' id='word_1_829' title='bbox 264 5050 396 5114; x_wconf 83' lang='lat' dir='ltr'><strong>Quid</strong></span> <span class='ocrx_word' id='word_1_830' title='bbox 415 5050 513 5102; x_wconf 85' lang='lat' dir='ltr'><strong>sibi</strong></span> <span class='ocrx_word' id='word_1_831' title='bbox 540 5048 647 5103; x_wconf 89' lang='lat' dir='ltr'><strong>vult</strong></span> <span class='ocrx_word' id='word_1_832' title='bbox 670 5066 853 5121; x_wconf 81' lang='lat' dir='ltr'><strong>nomen</strong></span> <span class='ocrx_word' id='word_1_833' title='bbox 878 5053 1227 5121; x_wconf 76' lang='lat' dir='ltr'><strong>circellionum</strong></span> <span class='ocrx_word' id='word_1_834' title='bbox 1247 5055 1270 5107; x_wconf 84' lang='lat'><strong><em>?</em></strong></span> <span class='ocrx_word' id='word_1_835' title='bbox 1292 5053 1398 5108; x_wconf 83' lang='lat' dir='ltr'><strong>Sed</strong></span> <span class='ocrx_word' id='word_1_836' title='bbox 1423 5070 1543 5109; x_wconf 87' lang='lat' dir='ltr'><strong>non.</strong></span> <span class='ocrx_word' id='word_1_837' title='bbox 1570 5055 1832 5121; x_wconf 84' lang='lat' dir='ltr'><strong>inquiunt,</strong></span> 
     </span>
    </p>
   </div>
   <div class='ocr_carea' id='block_1_115' title="bbox 260 5119 1835 5193">
    <p class='ocr_par' dir='ltr' id='par_1_115' title="bbox 260 5119 1835 5193">
     <span class='ocr_line' id='line_1_119' title="bbox 260 5119 1835 5193; baseline 0.004 -21"><span class='ocrx_word' id='word_1_838' title='bbox 260 5130 499 5193; x_wconf 77' lang='lat' dir='ltr'><strong>vocantur</strong></span> <span class='ocrx_word' id='word_1_839' title='bbox 526 5119 867 5193; x_wconf 85' lang='lat' dir='ltr'><strong>circelliones.</strong></span> <span class='ocrx_word' id='word_1_840' title='bbox 900 5120 1059 5176; x_wconf 86' lang='lat' dir='ltr'><strong>Forte</strong></span> <span class='ocrx_word' id='word_1_841' title='bbox 1087 5133 1327 5193; x_wconf 85' lang='lat' dir='ltr'><strong>corrupte</strong></span> <span class='ocrx_word' id='word_1_842' title='bbox 1352 5140 1481 5178; x_wconf 84' lang='lat' dir='ltr'><strong>sono</strong></span> <span class='ocrx_word' id='word_1_843' title='bbox 1503 5126 1725 5178; x_wconf 88' lang='lat' dir='ltr'><strong>nominis</strong></span> <span class='ocrx_word' id='word_1_844' title='bbox 1749 5119 1835 5180; x_wconf 82' lang='lat' dir='ltr'><strong>eos</strong></span> 
     </span>
    </p>
   </div>
   <div class='ocr_carea' id='block_1_116' title="bbox 259 5190 1835 5265">
    <p class='ocr_par' dir='ltr' id='par_1_116' title="bbox 259 5190 1835 5265">
     <span class='ocr_line' id='line_1_120' title="bbox 259 5190 1835 5265; baseline 0.005 -23"><span class='ocrx_word' id='word_1_845' title='bbox 259 5190 611 5265; x_wconf 62' lang='lat' dir='ltr'><strong>appellamus;</strong></span> <span class='ocrx_word' id='word_1_846' title='bbox 634 5192 829 5265; x_wconf 78' lang='lat' dir='ltr'><strong>dicmri</strong></span> <span class='ocrx_word' id='word_1_847' title='bbox 854 5210 1030 5265; x_wconf 79' lang='lat' dir='ltr'><strong>sumus</strong></span> <span class='ocrx_word' id='word_1_848' title='bbox 1053 5194 1190 5247; x_wconf 68' lang='lat' dir='ltr'><strong>vobis</strong></span> <span class='ocrx_word' id='word_1_849' title='bbox 1210 5190 1463 5265; x_wconf 82' lang='lat' dir='ltr'><strong>integrum</strong></span> <span class='ocrx_word' id='word_1_850' title='bbox 1489 5211 1671 5265; x_wconf 86' lang='lat' dir='ltr'><strong>nomen</strong></span> <span class='ocrx_word' id='word_1_851' title='bbox 1694 5196 1835 5259; x_wconf 86' lang='lat' dir='ltr'><strong>ipso-</strong></span> 
     </span>
    </p>
   </div>
   <div class='ocr_carea' id='block_1_117' title="bbox 258 5260 1827 5328">
    <p class='ocr_par' dir='ltr' id='par_1_117' title="bbox 258 5260 1827 5328">
     <span class='ocr_line' id='line_1_121' title="bbox 258 5260 1827 5328; baseline 0.004 -15"><span class='ocrx_word' id='word_1_852' title='bbox 258 5276 384 5313; x_wconf 79' lang='lat' dir='ltr'><strong>rum.</strong></span> <span class='ocrx_word' id='word_1_853' title='bbox 410 5260 567 5316; x_wconf 81' lang='lat' dir='ltr'><strong>Forte</strong></span> <span class='ocrx_word' id='word_1_854' title='bbox 594 5263 1033 5317; x_wconf 86' lang='lat' dir='ltr'><strong>circumcelliones</strong></span> <span class='ocrx_word' id='word_1_855' title='bbox 1056 5260 1338 5328; x_wconf 54' lang='lat' dir='ltr'><strong>vocantur;</strong></span> <span class='ocrx_word' id='word_1_856' title='bbox 1358 5281 1459 5317; x_wconf 90' lang='lat' dir='ltr'><strong>non</strong></span> <span class='ocrx_word' id='word_1_857' title='bbox 1492 5264 1827 5321; x_wconf 87' lang='lat' dir='ltr'><strong>circelliones.</strong></span> 
     </span>
    </p>
   </div>
   <div class='ocr_carea' id='block_1_118' title="bbox 262 5329 1831 5401">
    <p class='ocr_par' dir='ltr' id='par_1_118' title="bbox 262 5329 1831 5401">
     <span class='ocr_line' id='line_1_122' title="bbox 262 5329 1831 5401; baseline 0.004 -17"><span class='ocrx_word' id='word_1_858' title='bbox 262 5329 421 5385; x_wconf 83' lang='lat' dir='ltr'><strong>Plane</strong></span> <span class='ocrx_word' id='word_1_859' title='bbox 448 5335 488 5385; x_wconf 88' lang='lat' dir='ltr'><strong>si</strong></span> <span class='ocrx_word' id='word_1_860' title='bbox 517 5334 612 5388; x_wconf 85' lang='lat' dir='ltr'><strong>hoc</strong></span> <span class='ocrx_word' id='word_1_861' title='bbox 640 5334 795 5386; x_wconf 87' lang='lat' dir='ltr'><strong>modo</strong></span> <span class='ocrx_word' id='word_1_862' title='bbox 818 5343 1082 5397; x_wconf 88' lang='lat' dir='ltr'><strong>vocantur,</strong></span> <span class='ocrx_word' id='word_1_863' title='bbox 1112 5344 1367 5396; x_wconf 73' lang='lat' dir='ltr'><strong>exponant</strong></span> <span class='ocrx_word' id='word_1_864' title='bbox 1394 5336 1516 5401; x_wconf 88' lang='lat' dir='ltr'><strong>quid</strong></span> <span class='ocrx_word' id='word_1_865' title='bbox 1544 5338 1678 5399; x_wconf 87' lang='lat' dir='ltr'><strong>sint;</strong></span> <span class='ocrx_word' id='word_1_866' title='bbox 1708 5353 1831 5391; x_wconf 78' lang='lat' dir='ltr'><strong>nam</strong></span> 
     </span>
    </p>
   </div>
   <div class='ocr_carea' id='block_1_119' title="bbox 258 5403 1824 5475">
    <p class='ocr_par' dir='ltr' id='par_1_119' title="bbox 258 5403 1824 5475">
     <span class='ocr_line' id='line_1_123' title="bbox 258 5403 1824 5475; baseline 0.004 -22"><span class='ocrx_word' id='word_1_867' title='bbox 258 5403 683 5475; x_wconf 61' lang='lat' dir='ltr'><strong>circumcelliones</strong></span> <span class='ocrx_word' id='word_1_868' title='bbox 713 5403 838 5456; x_wconf 88' lang='lat' dir='ltr'><strong>dicti</strong></span> <span class='ocrx_word' id='word_1_869' title='bbox 865 5414 1005 5469; x_wconf 87' lang='lat' dir='ltr'><strong>sunt,</strong></span> <span class='ocrx_word' id='word_1_870' title='bbox 1038 5407 1123 5475; x_wconf 87' lang='lat' dir='ltr'><strong>qui</strong></span> <span class='ocrx_word' id='word_1_871' title='bbox 1152 5406 1343 5457; x_wconf 84' lang='lat' dir='ltr'><strong>circum</strong></span> <span class='ocrx_word' id='word_1_872' title='bbox 1367 5403 1523 5458; x_wconf 86' lang='lat' dir='ltr'><strong>cellas</strong></span> <span class='ocrx_word' id='word_1_873' title='bbox 1550 5415 1824 5473; x_wconf 84' lang='lat' dir='ltr'><strong>vagantur.</strong></span> 
     </span>
    </p>
   </div>
   <div class='ocr_carea' id='block_1_120' title="bbox 260 5471 1832 5543">
    <p class='ocr_par' dir='ltr' id='par_1_120' title="bbox 260 5471 1832 5543">
     <span class='ocr_line' id='line_1_124' title="bbox 260 5471 1832 5543; baseline 0.003 -15"><span class='ocrx_word' id='word_1_874' title='bbox 260 5471 433 5528; x_wconf 80' lang='lat' dir='ltr'><strong>Solent</strong></span> <span class='ocrx_word' id='word_1_875' title='bbox 477 5480 614 5527; x_wconf 80' lang='lat' dir='ltr'><strong>enin.</strong></span> <span class='ocrx_word' id='word_1_876' title='bbox 653 5475 733 5528; x_wconf 87' lang='lat' dir='ltr'><strong>ire</strong></span> <span class='ocrx_word' id='word_1_877' title='bbox 768 5476 862 5527; x_wconf 88' lang='lat' dir='ltr'><strong>hac</strong></span> <span class='ocrx_word' id='word_1_878' title='bbox 903 5471 1059 5541; x_wconf 76' lang='lat' dir='ltr'><strong>atque</strong></span> <span class='ocrx_word' id='word_1_879' title='bbox 1094 5476 1246 5537; x_wconf 85' lang='lat' dir='ltr'><strong>illac,</strong></span> <span class='ocrx_word' id='word_1_880' title='bbox 1292 5491 1543 5543; x_wconf 85' lang='lat' dir='ltr'><strong>nusquam</strong></span> <span class='ocrx_word' id='word_1_881' title='bbox 1590 5471 1832 5533; x_wconf 76' lang='lat' dir='ltr'><strong>habentes</strong></span> 
     </span>
    </p>
   </div>
   <div class='ocr_carea' id='block_1_121' title="bbox 251 5544 1830 5615">
    <p class='ocr_par' dir='ltr' id='par_1_121' title="bbox 251 5544 1830 5615">
     <span class='ocr_line' id='line_1_125' title="bbox 251 5544 1830 5615; baseline 0 -14"><span class='ocrx_word' id='word_1_882' title='bbox 251 5546 408 5612; x_wconf 73' lang='lat' dir='ltr'><strong>sedes,</strong></span> <span class='ocrx_word' id='word_1_883' title='bbox 447 5554 495 5599; x_wconf 85' lang='lat' dir='ltr'><strong>et</strong></span> <span class='ocrx_word' id='word_1_884' title='bbox 529 5544 700 5611; x_wconf 79' lang='lat' dir='ltr'><strong>Iacere</strong></span> <span class='ocrx_word' id='word_1_885' title='bbox 724 5561 840 5613; x_wconf 73' lang='lat' dir='ltr'><strong>quas</strong></span> <span class='ocrx_word' id='word_1_886' title='bbox 868 5547 1046 5608; x_wconf 85' lang='lat' dir='ltr'><strong>nostis,</strong></span> <span class='ocrx_word' id='word_1_887' title='bbox 1089 5556 1135 5599; x_wconf 87' lang='lat' dir='ltr'><strong>st</strong></span> <span class='ocrx_word' id='word_1_888' title='bbox 1162 5560 1277 5614; x_wconf 81' lang='lat' dir='ltr'><strong>gnte</strong></span> <span class='ocrx_word' id='word_1_889' title='bbox 1306 5544 1384 5598; x_wconf 90' lang='lat' dir='ltr'><strong>illi</strong></span> <span class='ocrx_word' id='word_1_890' title='bbox 1410 5555 1617 5611; x_wconf 79' lang='lat' dir='ltr'><strong>norunt,</strong></span> <span class='ocrx_word' id='word_1_891' title='bbox 1651 5548 1830 5615; x_wconf 83' lang='lat' dir='ltr'><strong>velint,</strong></span> 
     </span>
    </p>
   </div>
   <div class='ocr_carea' id='block_1_122' title="bbox 257 5616 1834 5685">
    <p class='ocr_par' dir='ltr' id='par_1_122' title="bbox 257 5616 1834 5685">
     <span class='ocr_line' id='line_1_126' title="bbox 257 5616 1834 5685; baseline 0.002 -16"><span class='ocrx_word' id='word_1_892' title='bbox 257 5618 432 5671; x_wconf 87' lang='lat' dir='ltr'><strong>nolint.</strong></span> <span class='ocrx_word' id='word_1_893' title='bbox 478 5616 609 5671; x_wconf 69' lang='lat' dir='ltr'><strong>Haec</strong></span> <span class='ocrx_word' id='word_1_894' title='bbox 634 5616 987 5684; x_wconf 71' lang='lat' dir='ltr'><strong>Augustinus.</strong></span> <span class='ocrx_word' id='word_1_895' title='bbox 1030 5616 1108 5671; x_wconf 75' lang='lat' dir='ltr'><strong>Ex</strong></span> <span class='ocrx_word' id='word_1_896' title='bbox 1148 5618 1345 5681; x_wconf 83' lang='lat' dir='ltr'><strong>quibus</strong></span> <span class='ocrx_word' id='word_1_897' title='bbox 1376 5626 1521 5685; x_wconf 74' lang='lat' dir='ltr'><strong>patet</strong></span> <span class='ocrx_word' id='word_1_898' title='bbox 1549 5630 1654 5670; x_wconf 91' lang='lat' dir='ltr'><strong>non</strong></span> <span class='ocrx_word' id='word_1_899' title='bbox 1685 5628 1834 5676; x_wconf 88' lang='lat' dir='ltr'><strong>recte</strong></span> 
     </span>
    </p>
   </div>
   <div class='ocr_carea' id='block_1_123' title="bbox 259 5684 1830 5758">
    <p class='ocr_par' dir='ltr' id='par_1_123' title="bbox 259 5684 1830 5758">
     <span class='ocr_line' id='line_1_127' title="bbox 259 5684 1830 5758; baseline 0.003 -19"><span class='ocrx_word' id='word_1_900' title='bbox 259 5688 321 5739; x_wconf 82' lang='lat' dir='ltr'><strong>ab</strong></span> <span class='ocrx_word' id='word_1_901' title='bbox 366 5686 574 5741; x_wconf 84' lang='lat' dir='ltr'><strong>Isidoro</strong></span> <span class='ocrx_word' id='word_1_902' title='bbox 624 5684 878 5754; x_wconf 75' lang='lat' dir='ltr'><strong>distingui</strong></span> <span class='ocrx_word' id='word_1_903' title='bbox 929 5684 1395 5742; x_wconf 76' lang='lat' dir='ltr'><strong>circumcelltones</strong></span> <span class='ocrx_word' id='word_1_904' title='bbox 1441 5702 1471 5741; x_wconf 85' lang='lat' dir='ltr'><strong>a</strong></span> <span class='ocrx_word' id='word_1_905' title='bbox 1515 5690 1830 5758; x_wconf 80' lang='lat' dir='ltr'><strong>gyrovagis;</strong></span> 
     </span>
    </p>
   </div>
   <div class='ocr_carea' id='block_1_124' title="bbox 258 5758 1829 5828">
    <p class='ocr_par' dir='ltr' id='par_1_124' title="bbox 258 5758 1829 5828">
     <span class='ocr_line' id='line_1_128' title="bbox 258 5758 1829 5828; baseline 0.003 -17"><span class='ocrx_word' id='word_1_906' title='bbox 258 5772 365 5811; x_wconf 86' lang='lat' dir='ltr'><strong>Cum</strong></span> <span class='ocrx_word' id='word_1_907' title='bbox 415 5758 536 5811; x_wconf 88' lang='lat' dir='ltr'><strong>ideo</strong></span> <span class='ocrx_word' id='word_1_908' title='bbox 581 5758 1053 5813; x_wconf 71' lang='lat' dir='ltr'><strong>circumcellioues</strong></span> <span class='ocrx_word' id='word_1_909' title='bbox 1098 5761 1223 5815; x_wconf 89' lang='lat' dir='ltr'><strong>dicti</strong></span> <span class='ocrx_word' id='word_1_910' title='bbox 1273 5758 1402 5823; x_wconf 88' lang='lat' dir='ltr'><strong>sint,</strong></span> <span class='ocrx_word' id='word_1_911' title='bbox 1457 5762 1583 5828; x_wconf 77' lang='lat' dir='ltr'><strong>quis</strong></span> <span class='ocrx_word' id='word_1_912' title='bbox 1627 5759 1829 5816; x_wconf 90' lang='lat' dir='ltr'><strong>circum</strong></span> 
     </span>
    </p>
   </div>
   <div class='ocr_carea' id='block_1_125' title="bbox 260 5828 1831 5904">
    <p class='ocr_par' dir='ltr' id='par_1_125' title="bbox 260 5828 1831 5904">
     <span class='ocr_line' id='line_1_129' title="bbox 260 5828 1831 5904; baseline 0.004 -20"><span class='ocrx_word' id='word_1_913' title='bbox 260 5828 415 5885; x_wconf 81' lang='lat' dir='ltr'><strong>cellas</strong></span> <span class='ocrx_word' id='word_1_914' title='bbox 439 5837 787 5900; x_wconf 86' lang='lat' dir='ltr'><strong>vagarentur,</strong></span> <span class='ocrx_word' id='word_1_915' title='bbox 823 5838 881 5885; x_wconf 89' lang='lat' dir='ltr'><strong>ut</strong></span> <span class='ocrx_word' id='word_1_916' title='bbox 909 5828 985 5889; x_wconf 85' lang='lat' dir='ltr'><strong>ait</strong></span> <span class='ocrx_word' id='word_1_917' title='bbox 1008 5830 1357 5903; x_wconf 81' lang='lat' dir='ltr'><strong>Augustinus,</strong></span> <span class='ocrx_word' id='word_1_918' title='bbox 1382 5830 1525 5904; x_wconf 83' lang='lat' dir='ltr'><strong>quod</strong></span> <span class='ocrx_word' id='word_1_919' title='bbox 1555 5837 1609 5884; x_wconf 85' lang='lat' dir='ltr'><strong>et</strong></span> <span class='ocrx_word' id='word_1_920' title='bbox 1635 5842 1831 5891; x_wconf 86' lang='lat' dir='ltr'><strong>nomen</strong></span> 
     </span>
    </p>
   </div>
   <div class='ocr_carea' id='block_1_126' title="bbox 1943 4978 3526 5053">
    <p class='ocr_par' dir='ltr' id='par_1_126' title="bbox 1943 4978 3526 5053">
     <span class='ocr_line' id='line_1_130' title="bbox 1943 4978 3526 5053; baseline -0.003 -18"><span class='ocrx_word' id='word_1_921' title='bbox 1943 4978 2276 5053; x_wconf 80' lang='lat' dir='ltr'><strong>purissimam</strong></span> <span class='ocrx_word' id='word_1_922' title='bbox 2306 4998 2573 5046; x_wconf 82' lang='lat' dir='ltr'><strong>reserare;</strong></span> <span class='ocrx_word' id='word_1_923' title='bbox 2617 4983 2689 5034; x_wconf 89' lang='lat' dir='ltr'><strong>ita</strong></span> <span class='ocrx_word' id='word_1_924' title='bbox 2732 4998 2908 5035; x_wconf 82' lang='lat' dir='ltr'><strong>eorum</strong></span> <span class='ocrx_word' id='word_1_925' title='bbox 2937 4984 3021 5050; x_wconf 84' lang='lat' dir='ltr'><strong>qui</strong></span> <span class='ocrx_word' id='word_1_926' title='bbox 3051 4982 3223 5035; x_wconf 87' lang='lat' dir='ltr'><strong>minus</strong></span> <span class='ocrx_word' id='word_1_927' title='bbox 3244 4978 3526 5031; x_wconf 78' lang='lat' dir='ltr'><strong>emendati</strong></span> 
     </span>
    </p>
   </div>
   <div class='ocr_carea' id='block_1_127' title="bbox 1940 5054 3525 5117">
    <p class='ocr_par' dir='ltr' id='par_1_127' title="bbox 1940 5054 3525 5117">
     <span class='ocr_line' id='line_1_131' title="bbox 1940 5054 3525 5117; baseline -0.003 -10"><span class='ocrx_word' id='word_1_928' title='bbox 1940 5065 2059 5107; x_wconf 90' lang='lat' dir='ltr'><strong>sunt</strong></span> <span class='ocrx_word' id='word_1_929' title='bbox 2092 5054 2215 5107; x_wconf 86' lang='lat' dir='ltr'><strong>vitia</strong></span> <span class='ocrx_word' id='word_1_930' title='bbox 2253 5070 2352 5106; x_wconf 86' lang='lat' dir='ltr'><strong>non</strong></span> <span class='ocrx_word' id='word_1_931' title='bbox 2392 5054 2559 5106; x_wconf 89' lang='lat' dir='ltr'><strong>solum</strong></span> <span class='ocrx_word' id='word_1_932' title='bbox 2589 5068 2809 5116; x_wconf 88' lang='lat' dir='ltr'><strong>servare,</strong></span> <span class='ocrx_word' id='word_1_933' title='bbox 2837 5066 3012 5104; x_wconf 81' lang='lat' dir='ltr'><strong>verum</strong></span> <span class='ocrx_word' id='word_1_934' title='bbox 3036 5054 3186 5105; x_wconf 82' lang='lat' dir='ltr'><strong>etiam</strong></span> <span class='ocrx_word' id='word_1_935' title='bbox 3212 5064 3525 5117; x_wconf 71' lang='lat' dir='ltr'><strong>exaggerari:</strong></span> 
     </span>
    </p>
   </div>
   <div class='ocr_carea' id='block_1_128' title="bbox 1940 5119 3521 5193">
    <p class='ocr_par' dir='ltr' id='par_1_128' title="bbox 1940 5119 3521 5193">
     <span class='ocr_line' id='line_1_132' title="bbox 1940 5119 3521 5193; baseline -0.004 -15"><span class='ocrx_word' id='word_1_936' title='bbox 1940 5125 2221 5179; x_wconf 83' lang='lat' dir='ltr'><strong>consuevit.</strong></span> <span class='ocrx_word' id='word_1_937' title='bbox 2255 5124 2577 5193; x_wconf 79' lang='lat' dir='ltr'><strong>Tamdiuque</strong></span> <span class='ocrx_word' id='word_1_938' title='bbox 2606 5123 2701 5176; x_wconf 86' lang='lat' dir='ltr'><strong>sibi</strong></span> <span class='ocrx_word' id='word_1_939' title='bbox 2742 5124 2939 5188; x_wconf 86' lang='lat' dir='ltr'><strong>patiens</strong></span> <span class='ocrx_word' id='word_1_940' title='bbox 2962 5123 3080 5191; x_wconf 83' lang='lat' dir='ltr'><strong>quis</strong></span> <span class='ocrx_word' id='word_1_941' title='bbox 3114 5119 3315 5172; x_wconf 74' lang='lat' dir='ltr'><strong>videtur</strong></span> <span class='ocrx_word' id='word_1_942' title='bbox 3341 5125 3392 5171; x_wconf 81' lang='lat' dir='ltr'><strong>et</strong></span> <span class='ocrx_word' id='word_1_943' title='bbox 3418 5119 3521 5172; x_wconf 88' lang='lat' dir='ltr'><strong>hu-</strong></span> 
     </span>
    </p>
   </div>
   <div class='ocr_carea' id='block_1_129' title="bbox 1940 5194 3519 5257">
    <p class='ocr_par' dir='ltr' id='par_1_129' title="bbox 1940 5194 3519 5257">
     <span class='ocr_line' id='line_1_133' title="bbox 1940 5194 3519 5257; baseline -0.003 -8"><span class='ocrx_word' id='word_1_944' title='bbox 1940 5196 2095 5255; x_wconf 87' lang='lat' dir='ltr'><strong>milis.</strong></span> <span class='ocrx_word' id='word_1_945' title='bbox 2138 5196 2301 5250; x_wconf 89' lang='lat' dir='ltr'><strong>donec</strong></span> <span class='ocrx_word' id='word_1_946' title='bbox 2334 5195 2531 5248; x_wconf 87' lang='lat' dir='ltr'><strong>nullius</strong></span> <span class='ocrx_word' id='word_1_947' title='bbox 2560 5194 2783 5247; x_wconf 87' lang='lat' dir='ltr'><strong>hominis</strong></span> <span class='ocrx_word' id='word_1_948' title='bbox 2823 5194 3211 5247; x_wconf 83' lang='lat' dir='ltr'><strong>commisceatur</strong></span> <span class='ocrx_word' id='word_1_949' title='bbox 3235 5194 3519 5257; x_wconf 87' lang='lat' dir='ltr'><strong>consortio,</strong></span> 
     </span>
    </p>
   </div>
   <div class='ocr_carea' id='block_1_130' title="bbox 1939 5262 3522 5331">
    <p class='ocr_par' dir='ltr' id='par_1_130' title="bbox 1939 5262 3522 5331">
     <span class='ocr_line' id='line_1_134' title="bbox 1939 5262 3522 5331; baseline -0.002 -12"><span class='ocrx_word' id='word_1_950' title='bbox 1939 5267 2009 5319; x_wconf 90' lang='lat' dir='ltr'><strong>ad</strong></span> <span class='ocrx_word' id='word_1_951' title='bbox 2051 5276 2284 5320; x_wconf 87' lang='lat' dir='ltr'><strong>naturam</strong></span> <span class='ocrx_word' id='word_1_952' title='bbox 2320 5267 2593 5331; x_wconf 87' lang='lat' dir='ltr'><strong>pristinam</strong></span> <span class='ocrx_word' id='word_1_953' title='bbox 2632 5280 2752 5319; x_wconf 72' lang='lat' dir='ltr'><strong>mox</strong></span> <span class='ocrx_word' id='word_1_954' title='bbox 2778 5279 3097 5331; x_wconf 75' lang='lat' dir='ltr'><strong>reversurus,</strong></span> <span class='ocrx_word' id='word_1_955' title='bbox 3130 5277 3243 5314; x_wconf 90' lang='lat' dir='ltr'><strong>cum</strong></span> <span class='ocrx_word' id='word_1_956' title='bbox 3273 5262 3522 5328; x_wconf 86' lang='lat' dir='ltr'><strong>interpel-</strong></span> 
     </span>
    </p>
   </div>
   <div class='ocr_carea' id='block_1_131' title="bbox 1938 5334 3522 5407">
    <p class='ocr_par' dir='ltr' id='par_1_131' title="bbox 1938 5334 3522 5407">
     <span class='ocr_line' id='line_1_135' title="bbox 1938 5334 3522 5407; baseline -0.004 -17"><span class='ocrx_word' id='word_1_957' title='bbox 1938 5338 2117 5391; x_wconf 87' lang='lat' dir='ltr'><strong>laverit</strong></span> <span class='ocrx_word' id='word_1_958' title='bbox 2129 5337 2404 5407; x_wconf 82' lang='lat' dir='ltr'><strong>cujuslibet</strong></span> <span class='ocrx_word' id='word_1_959' title='bbox 2416 5336 2771 5389; x_wconf 86' lang='lat' dir='ltr'><strong>commotionis</strong></span> <span class='ocrx_word' id='word_1_960' title='bbox 2784 5338 3001 5407; x_wconf 84' lang='lat' dir='ltr'><strong>occasio.</strong></span> <span class='ocrx_word' id='word_1_961' title='bbox 3026 5334 3309 5402; x_wconf 84' lang='lat' dir='ltr'><strong>Emergunt</strong></span> <span class='ocrx_word' id='word_1_962' title='bbox 3322 5335 3522 5407; x_wconf 69' lang='lat' dir='ltr'><strong>quippe</strong></span> 
     </span>
    </p>
   </div>
   <div class='ocr_carea' id='block_1_132' title="bbox 1936 5405 3521 5475">
    <p class='ocr_par' dir='ltr' id='par_1_132' title="bbox 1936 5405 3521 5475">
     <span class='ocr_line' id='line_1_136' title="bbox 1936 5405 3521 5475; baseline -0.004 -12"><span class='ocrx_word' id='word_1_963' title='bbox 1936 5424 1997 5463; x_wconf 77' lang='lat' dir='ltr'><strong>ea:</strong></span> <span class='ocrx_word' id='word_1_964' title='bbox 2016 5423 2075 5462; x_wconf 86' lang='lat' dir='ltr'><strong>eo</strong></span> <span class='ocrx_word' id='word_1_965' title='bbox 2102 5405 2371 5475; x_wconf 75' lang='lat' dir='ltr'><strong>confestim</strong></span> <span class='ocrx_word' id='word_1_966' title='bbox 2390 5408 2511 5460; x_wconf 82' lang='lat' dir='ltr'><strong>vitia</strong></span> <span class='ocrx_word' id='word_1_967' title='bbox 2533 5421 2647 5473; x_wconf 68' lang='lat' dir='ltr'><strong>quia</strong></span> <span class='ocrx_word' id='word_1_968' title='bbox 2672 5406 2933 5468; x_wconf 74' lang='lat' dir='ltr'><strong>latebant;</strong></span> <span class='ocrx_word' id='word_1_969' title='bbox 2957 5415 3025 5464; x_wconf 89' lang='lat' dir='ltr'><strong>et.</strong></span> <span class='ocrx_word' id='word_1_970' title='bbox 3053 5407 3186 5458; x_wconf 74' lang='lat' dir='ltr'><strong>velut</strong></span> <span class='ocrx_word' id='word_1_971' title='bbox 3213 5406 3330 5473; x_wconf 75' lang='lat' dir='ltr'><strong>equi</strong></span> <span class='ocrx_word' id='word_1_972' title='bbox 3357 5405 3521 5471; x_wconf 71' lang='lat' dir='ltr'><strong>intre-</strong></span> 
     </span>
    </p>
   </div>
   <div class='ocr_carea' id='block_1_133' title="bbox 1937 5475 3519 5548">
    <p class='ocr_par' dir='ltr' id='par_1_133' title="bbox 1937 5475 3519 5548">
     <span class='ocr_line' id='line_1_137' title="bbox 1937 5475 3519 5548; baseline -0.003 -15"><span class='ocrx_word' id='word_1_973' title='bbox 1937 5496 2054 5540; x_wconf 79' lang='lat' dir='ltr'><strong>nes,</strong></span> <span class='ocrx_word' id='word_1_974' title='bbox 2104 5480 2334 5532; x_wconf 85' lang='lat' dir='ltr'><strong>certatim</strong></span> <span class='ocrx_word' id='word_1_975' title='bbox 2374 5494 2403 5531; x_wconf 90' lang='lat' dir='ltr'><strong>e</strong></span> <span class='ocrx_word' id='word_1_976' title='bbox 2447 5479 2555 5530; x_wconf 85' lang='lat' dir='ltr'><strong>suis</strong></span> <span class='ocrx_word' id='word_1_977' title='bbox 2602 5477 2863 5547; x_wconf 86' lang='lat' dir='ltr'><strong>repagulis</strong></span> <span class='ocrx_word' id='word_1_978' title='bbox 2914 5478 3019 5529; x_wconf 84' lang='lat' dir='ltr'><strong>otio</strong></span> <span class='ocrx_word' id='word_1_979' title='bbox 3049 5475 3294 5548; x_wconf 82' lang='lat' dir='ltr'><strong>longiore</strong></span> <span class='ocrx_word' id='word_1_980' title='bbox 3337 5475 3519 5529; x_wconf 77' lang='lat' dir='ltr'><strong>nutriti</strong></span> 
     </span>
    </p>
   </div>
   <div class='ocr_carea' id='block_1_134' title="bbox 1935 5547 3517 5619">
    <p class='ocr_par' dir='ltr' id='par_1_134' title="bbox 1935 5547 3517 5619">
     <span class='ocr_line' id='line_1_138' title="bbox 1935 5547 3517 5619; baseline -0.004 -15"><span class='ocrx_word' id='word_1_981' title='bbox 1935 5552 2107 5605; x_wconf 80' lang='lat' dir='ltr'><strong>acrius</strong></span> <span class='ocrx_word' id='word_1_982' title='bbox 2133 5550 2203 5602; x_wconf 85' lang='lat' dir='ltr'><strong>ad</strong></span> <span class='ocrx_word' id='word_1_983' title='bbox 2244 5549 2515 5619; x_wconf 84' lang='lat' dir='ltr'><strong>perniciem</strong></span> <span class='ocrx_word' id='word_1_984' title='bbox 2556 5550 2756 5616; x_wconf 73' lang='lat' dir='ltr'><strong>aurigae</strong></span> <span class='ocrx_word' id='word_1_985' title='bbox 2795 5548 2991 5614; x_wconf 76' lang='lat' dir='ltr'><strong>proprii</strong></span> <span class='ocrx_word' id='word_1_986' title='bbox 3032 5547 3350 5615; x_wconf 75' lang='lat' dir='ltr'><strong>ferociusque</strong></span> <span class='ocrx_word' id='word_1_987' title='bbox 3388 5561 3517 5614; x_wconf 78' lang='lat' dir='ltr'><strong>pro-</strong></span> 
     </span>
    </p>
   </div>
   <div class='ocr_carea' id='block_1_135' title="bbox 1935 5618 3516 5690">
    <p class='ocr_par' dir='ltr' id='par_1_135' title="bbox 1935 5618 3516 5690">
     <span class='ocr_line' id='line_1_139' title="bbox 1935 5618 3516 5690; baseline -0.001 -17"><span class='ocrx_word' id='word_1_988' title='bbox 1935 5629 2202 5685; x_wconf 82' lang='lat' dir='ltr'><strong>rumpunt.</strong></span> <span class='ocrx_word' id='word_1_989' title='bbox 2246 5618 2420 5690; x_wconf 71' lang='lat' dir='ltr'><strong>Magis</strong></span> <span class='ocrx_word' id='word_1_990' title='bbox 2460 5620 2597 5671; x_wconf 88' lang='lat' dir='ltr'><strong>enim</strong></span> <span class='ocrx_word' id='word_1_991' title='bbox 2636 5620 2881 5672; x_wconf 70' lang='lat' dir='ltr'><strong>exercitio</strong></span> <span class='ocrx_word' id='word_1_992' title='bbox 2917 5633 3112 5689; x_wconf 83' lang='lat' dir='ltr'><strong>usuque</strong></span> <span class='ocrx_word' id='word_1_993' title='bbox 3154 5619 3380 5690; x_wconf 77' lang='lat' dir='ltr'><strong>humano</strong></span> <span class='ocrx_word' id='word_1_994' title='bbox 3406 5632 3516 5672; x_wconf 82' lang='lat' dir='ltr'><strong>css-</strong></span> 
     </span>
    </p>
   </div>
   <div class='ocr_carea' id='block_1_136' title="bbox 1936 5688 3514 5763">
    <p class='ocr_par' dir='ltr' id='par_1_136' title="bbox 1936 5688 3514 5763">
     <span class='ocr_line' id='line_1_140' title="bbox 1936 5688 3514 5763; baseline -0.002 -18"><span class='ocrx_word' id='word_1_995' title='bbox 1936 5703 2080 5746; x_wconf 87' lang='lat' dir='ltr'><strong>sante</strong></span> <span class='ocrx_word' id='word_1_996' title='bbox 2105 5688 2389 5763; x_wconf 53' lang='lat' dir='ltr'><strong>(ferantur</strong></span> <span class='ocrx_word' id='word_1_997' title='bbox 2413 5691 2465 5763; x_wconf 82' lang='lat' dir='ltr'><strong>in</strong></span> <span class='ocrx_word' id='word_1_998' title='bbox 2492 5690 2639 5763; x_wconf 83' lang='lat' dir='ltr'><strong>nobis</strong></span> <span class='ocrx_word' id='word_1_999' title='bbox 2660 5692 2806 5753; x_wconf 81' lang='lat' dir='ltr'><strong>vitia,</strong></span> <span class='ocrx_word' id='word_1_1000' title='bbox 2834 5690 2881 5742; x_wconf 87' lang='lat' dir='ltr'><strong>si</strong></span> <span class='ocrx_word' id='word_1_1001' title='bbox 2904 5703 3005 5742; x_wconf 83' lang='lat' dir='ltr'><strong>non</strong></span> <span class='ocrx_word' id='word_1_1002' title='bbox 3028 5688 3224 5763; x_wconf 74' lang='lat' dir='ltr'><strong>fuerint</strong></span> <span class='ocrx_word' id='word_1_1003' title='bbox 3247 5697 3514 5763; x_wconf 53' lang='lat' dir='ltr'><strong>antefer-</strong></span> 
     </span>
    </p>
   </div>
   <div class='ocr_carea' id='block_1_137' title="bbox 1975 5760 3510 5829">
    <p class='ocr_par' dir='ltr' id='par_1_137' title="bbox 1975 5760 3510 5829">
     <span class='ocr_line' id='line_1_141' title="bbox 1975 5760 3510 5829; baseline 0.001 -14"><span class='ocrx_word' id='word_1_1004' title='bbox 1975 5772 2079 5818; x_wconf 89' lang='lat' dir='ltr'><strong>ata.</strong></span> <span class='ocrx_word' id='word_1_1005' title='bbox 2115 5762 2249 5817; x_wconf 81' lang='lat' dir='ltr'><strong>Vide</strong></span> <span class='ocrx_word' id='word_1_1006' title='bbox 2274 5761 2355 5816; x_wconf 84' lang='lat' dir='ltr'><strong>his</strong></span> <span class='ocrx_word' id='word_1_1007' title='bbox 2385 5760 2583 5814; x_wconf 81' lang='lat' dir='ltr'><strong>similia</strong></span> <span class='ocrx_word' id='word_1_1008' title='bbox 2614 5772 2665 5816; x_wconf 87' lang='lat' dir='ltr'><strong>et</strong></span> <span class='ocrx_word' id='word_1_1009' title='bbox 2696 5771 3058 5815; x_wconf 80' lang='lat' dir='ltr'><strong>consentanea</strong></span> <span class='ocrx_word' id='word_1_1010' title='bbox 3088 5762 3227 5829; x_wconf 75' lang='lat' dir='ltr'><strong>apud</strong></span> <span class='ocrx_word' id='word_1_1011' title='bbox 3264 5761 3325 5814; x_wconf 81' lang='grc' dir='ltr'><strong>υ.</strong></span> <span class='ocrx_word' id='word_1_1012' title='bbox 3356 5760 3510 5817; x_wconf 60' lang='grc' dir='ltr'><strong>διαί·</strong></span> 
     </span>
    </p>
   </div>
   <div class='ocr_carea' id='block_1_138' title="bbox 1960 5830 3342 5907">
    <p class='ocr_par' dir='ltr' id='par_1_138' title="bbox 1960 5830 3342 5907">
     <span class='ocr_line' id='line_1_142' title="bbox 1960 5830 3342 5907; baseline -0.004 -18"><span class='ocrx_word' id='word_1_1013' title='bbox 1960 5833 2069 5889; x_wconf 87' lang='lat' dir='ltr'><strong>ium</strong></span> <span class='ocrx_word' id='word_1_1014' title='bbox 2101 5833 2291 5907; x_wconf 78' lang='lat' dir='ltr'><strong>(Basil.</strong></span> <span class='ocrx_word' id='word_1_1015' title='bbox 2323 5834 2380 5888; x_wconf 88' lang='lat' dir='ltr'><strong>in</strong></span> <span class='ocrx_word' id='word_1_1016' title='bbox 2412 5830 2596 5903; x_wconf 74' lang='lat' dir='ltr'><strong>Regni.</strong></span> <span class='ocrx_word' id='word_1_1017' title='bbox 2629 5834 2797 5905; x_wconf 64' lang='lat' dir='ltr'><strong>[udus</strong></span> <span class='ocrx_word' id='word_1_1018' title='bbox 2820 5832 2961 5903; x_wconf 78' lang='lat' dir='ltr'><strong>disp.</strong></span> <span class='ocrx_word' id='word_1_1019' title='bbox 2984 5833 3231 5905; x_wconf 72' lang='lat' dir='ltr'><strong>interrog.</strong></span> <span class='ocrx_word' id='word_1_1020' title='bbox 3262 5830 3342 5906; x_wconf 81' lang='grc' dir='ltr'><strong>η.</strong></span> 
     </span>
    </p>
   </div>
  </div>
