4014 6200
536 301 673 361 NH

1169 412 1397 471 CAPUT
1436 411 1504 470 Χ.

1176 508 1483 581 Responsio.

607 603 893 659 Piammon
925 620 937 657 :
969 602 1123 658 Licet
1151 616 1180 655 a
1211 600 1491 657 nonnullis
1516 601 1726 658 soleant
1755 601 2128 657 indifferenter

533 698 872 754 monasteria
918 712 1019 767 pro
1065 694 1333 750 coenobiis
1372 696 1655 765 appellari,
1688 705 1867 752 tamen
1906 696 2006 750 hoc
2045 695 2128 749 in-

533 799 739 857 terest,
794 790 937 859 quod
995 790 1387 845 monasterium
1440 805 1637 845 nomen
1684 801 1767 845 est
1815 790 2126 854 diversorii,

534 885 671 941 nihil
721 886 950 953 amplius
1002 899 1161 955 quam
1211 884 1422 947 locum,
1472 883 1523 938 id
1570 892 1681 946 est.
1737 883 2125 949 habitaculum,

534 974 847 1043 significans
875 978 1264 1029 monachorum
1288 990 1303 1039 ;
1333 976 1642 1029 ctenobium
1667 989 1800 1027 vero
1821 975 1983 1029 etiam
2006 988 2129 1043 pro-

536 1067 794 1121 fessionis
821 1067 992 1136 ipsius
1022 1067 1339 1136 qualitatem
1380 1066 1829 1137 disciplinamque
1859 1066 2126 1135 designat.

524 1162 607 1218 Et
634 1173 658 1199 η
691 1162 1083 1217 monasterium
1121 1171 1299 1232 potest
1342 1162 1507 1216 etiam
1553 1161 1713 1215 unius
1755 1158 2002 1214 monachi
2035 1158 2132 1213 ba-

533 1256 728 1312 bitatio
779 1257 1086 1322 nominari;
1120 1255 1432 1312 cmuobium
1484 1264 1667 1309 autem
1711 1253 1971 1324 appellari
2021 1268 2129 1307 non

535 1360 738 1419 potest,
788 1349 892 1403 nisi
943 1348 1035 1403 ubi
1092 1349 1450 1416 plurimorum
1501 1348 1933 1403 cohabitantium
1986 1345 2132 1416 degit

536 1441 685 1495 unita
727 1443 1059 1497 communio.
1095 1442 1367 1497 Dicuntur
1405 1458 1537 1497 sane
1578 1441 1928 1508 monasteria,
1968 1441 2129 1496 etiam

537 1533 595 1588 in
625 1534 822 1605 quibus
851 1533 1246 1591 sarabaitarum
1275 1536 1504 1605 collegia
1535 1542 1958 1590 commorantur.

1148 1646 1379 1705 CAPUT
1419 1648 1515 1703 XI.

537 1736 623 1793 De
673 1754 792 1812 vera
846 1739 1145 1795 humilitate
1200 1753 1247 1795 et
1308 1742 1565 1808 quomodo
1620 1741 1807 1811 falsam
1859 1739 2133 1812 cujusdam

747 1811 1098 1864 humilitatem
1129 1812 1417 1881 prodiderit
1449 1812 1605 1865 abbas
1635 1811 1922 1881 Serapion.

610 1899 973 1966 Quamobrem
1000 1902 1255 1973 quoniam
1283 1902 1350 1956 de
1379 1905 1585 1968 Optimo
1609 1918 1813 1971 genere
1838 1903 2131 1958 monacho-

539 2008 663 2048 rum
705 1993 869 2049 video
894 2010 992 2049 vos
1021 1994 1377 2064 professionis
1407 1994 1571 2062 hujus
1596 1996 1891 2065 arripuisse
1930 1997 2130 2067 princi-

539 2086 652 2158 pia,
684 2087 736 2141 id
767 2096 872 2152 est,
920 2086 988 2141 de
1032 2086 1292 2141 laudabili
1341 2088 1715 2142 cmuobiorum
1764 2089 2014 2159 palmstra
2064 2089 2132 2143 ad

540 2182 757 2236 excelsa
814 2180 1025 2252 fastigia
1079 2180 1478 2236 anachoretica)
1535 2182 1757 2238 tendere
1806 2181 2129 2253 disciplinae,

546 2272 872 2327 humilitatis
920 2272 1305 2343 patientiaeque
1352 2274 1630 2339 virtutem,
1677 2289 1836 2344 quam
1885 2290 1982 2329 vos
2029 2275 2137 2330 illic

542 2363 806 2419 didicisse
835 2380 943 2419 non
972 2365 1182 2433 dubito,
1216 2379 1351 2419 vero
1396 2365 1675 2420 sectamini
1707 2365 1891 2421 cordis
1919 2364 2134 2431 affectu,

544 2470 657 2510 non
687 2470 809 2511 eam
836 2457 977 2511 sicut
1008 2456 1223 2526 quidam
1258 2458 1388 2510 falsa
1419 2456 1796 2512 humiliatione
1826 2459 2137 2523 verborum,

543 2560 652 2601 nec
696 2546 941 2601 affectata
981 2556 1146 2615 atque
1177 2549 1453 2617 superﬂua
1486 2549 1540 2602 in
1573 2549 1898 2615 quibusdam
1942 2550 2142 2603 ofﬁciis

546 2639 795 2706 corporis
849 2638 1231 2703 inclinatione,
1282 2639 1568 2707 fingentes.
1621 2639 1773 2707 Quod
1828 2640 2143 2696 humilitatis

548 2726 922 2797 ﬁgmentumb
946 2728 1112 2782 abbas
1158 2728 1422 2798 Serapion
1468 2730 1701 2795 quodam
1754 2738 2001 2802 tempore
2035 2733 2149 2788 ele-

548 2829 741 2891 ganter
772 2818 963 2875 irrisit.
997 2820 1128 2875 Cum
1160 2821 1304 2874 enim
1344 2821 1562 2891 quidam
1604 2822 1670 2878 ad
1711 2839 1834 2878 eum
1878 2840 2141 2879 summam

549 2911 634 2966 sui
656 2910 1017 2980 abjectionem
1043 2912 1229 2967 habitu
1259 2928 1322 2968 ac
1348 2913 1530 2969 verbis
1557 2917 1849 2983 praeferens
1880 2919 2140 2985 venisset,

526 3018 792 3072 eumque
813 3019 1005 3071 senex,
1036 3004 1331 3059 secundum
1366 3021 1593 3073 morem,
1627 3016 1683 3061 ut
1708 3009 2009 3064 orationem
2035 3010 2144 3065 col-

547 3090 745 3165 ligeret
774 3094 883 3168 [AL
918 3095 1158 3168 offerret]
1192 3097 1523 3166 hortaretur,
1554 3100 1646 3154 ille
1680 3115 2017 3171 nequaquam
2047 3118 2145 3157 an-

1570 298 1856 359 JOANNIS
1894 297 2208 358 CASSIANI
2246 296 2743 355 COLLATIONES.

2150 418 2394 485 Aopere
2438 428 2599 484 quam
2646 412 2824 468 aliena
2863 410 3052 467 mallet
3098 408 3480 467 muniﬁcentia
3510 411 3871 464 sustentari.
3956 408 3957 437 ἦ

2229 506 2287 563 ln
2316 506 2461 577 quod
2510 521 2580 561 ne
2617 504 2814 560 Paulus
2861 503 3144 574 apostolus
3192 502 3490 567 incideret,
3533 510 3589 556 et
3616 500 3874 571 quidem

2229 616 2349 656 cum
2382 599 2433 654 ei
2462 598 2514 653 in
2558 597 2856 669 Evangelia
2887 596 3154 651 laboranti
3190 597 3305 651 ha'c
3336 594 3598 666 praebitio
3648 594 3873 648 merito

2230 693 2546 755 deberetur,
2567 690 2762 746 diebus
2788 701 2965 745 tamen
2997 704 3060 744 ac
3090 688 3341 743 noctibus
3369 687 3565 742 maluit
3594 686 3870 755 Operari,

2232 799 2289 843 ut
2320 786 2693 857 qumidianum
2736 784 2934 840 victum
2968 786 3055 839 vel
3094 784 3217 848 sibi,
3248 783 3336 837 vel
3380 782 3463 836 bis
3510 782 3608 851 qui
3668 780 3874 836 eidem

2231 881 2603 936 ministrantes
2633 895 2767 947 opus
2796 893 3055 933 exercere
3077 893 3181 931 non
3209 886 3479 946 poterant,
3512 876 3639 929 suis
3672 875 3872 929 mani-

2233 977 2333 1031 bus
2357 986 2687 1044 praspararct
2713 974 2853 1044 (Act.
2878 971 2999 1044 xx).
3024 973 3104 1026 Ad
3128 971 3244 1026 hmo
3266 972 3354 1025 ille
3381 981 3531 1025 tanta
3559 980 3656 1025 est
3685 968 3874 1023 triui—

2235 1068 2308 1122 tia
2337 1077 2391 1121 et
2420 1068 2613 1121 dolore
2638 1067 2941 1135 suppletus,
2974 1073 3033 1118 ut
3060 1064 3476 1117 amaritudinem
3500 1061 3691 1116 corde
3727 1076 3873 1114 con-

2233 1172 2468 1228 ceptam,
2503 1176 2569 1215 ne
2603 1162 2751 1213 vultu
2791 1157 3009 1227 quidem
3055 1156 3405 1211 dissimulare
3437 1155 3722 1224 potuerit.
3762 1154 3870 1209 Cui

2235 1266 2424 1319 senex,
2459 1250 2756 1315 Hactenus,
2787 1250 2982 1318 inquit,
3014 1263 3046 1301 ο
3075 1250 3174 1312 fili,
3196 1247 3412 1301 cunctis
3439 1255 3494 1301 te
3527 1246 3868 1300 facinorum

2235 1345 2569 1415 ponderibus
2596 1344 2887 1407 onerabas,
2921 1358 3026 1396 non
3062 1352 3307 1396 metuens
3338 1340 3713 1395 confessione
3749 1350 3863 1394 tam

2236 1439 2500 1493 atrocium
2525 1437 2815 1490 criminum
2839 1445 3021 1489 notam
3048 1433 3467 1489 existimationis
3489 1432 3859 1495 incurreres;

2235 1530 2386 1602 quid,
2427 1544 2633 1600 quaeso,
2671 1542 2816 1582 nunc
2862 1536 2945 1580 est
2987 1528 3136 1597 quod
3180 1525 3249 1579 ad
3293 1524 3606 1591 simplicem
3652 1524 3861 1579 admo-

2237 1625 2595 1680 nitiunculam
2630 1632 2893 1689 nostram,
2937 1634 3060 1691 qua:
3101 1630 3276 1673 tamen
3325 1618 3379 1671 in
3408 1631 3471 1671 se
3515 1632 3632 1671 non
3684 1616 3858 1672 modo

2239 1720 2447 1775 nullum
2488 1718 2865 1789 cpprobrium,
2904 1715 3000 1771 sed
3038 1714 3199 1768 etiam
3232 1710 3620 1767 aediﬁcationis
3653 1710 3855 1765 habuit

2166 1806 2213 1867 B
2240 1830 2305 1870 ac
2331 1813 2640 1868 dilectionis
2669 1811 2946 1874 affectum,
2975 1816 3119 1861 tanta
3168 1815 3219 1861 te
3260 1804 3419 1860 video
3466 1802 3853 1872 indignatione

2232 1916 2562 1976 permutum,
2605 1912 2663 1957 ut
2705 1917 2822 1956 eam
2866 1914 2933 1955 ne
2960 1901 3112 1953 vultu
3153 1897 3375 1967 quidem
3424 1897 3715 1951 occultare
3756 1906 3851 1949 aut

2234 1998 2433 2053 frontis
2462 1995 2758 2050 serenitate
2796 1982 3143 2047 dissimulare
3174 1988 3458 2059 potueris?
3489 1986 3574 2042 An
3609 1989 3851 2042 fortasse

2235 2092 2361 2148 dum
2396 2102 2449 2145 te
2482 2088 2831 2153 butuiliabas,
2880 2086 3024 2139 illam
3074 2082 3430 2149 exspectabas
3462 2097 3493 2135 a
3521 2091 3708 2135 nostro
3739 2096 3843 2134 ore

2238 2184 2598 2247 sententiam,
2645 2181 2831 2236 Justus
2877 2189 3148 2234 accusator
3196 2178 3277 2231 sui
3316 2188 3392 2230 est
3436 2178 3493 2230 in
3543 2176 3847 2245 primordio

2237 2278 2490 2332 sermonis
2537 2273 2720 2347 (Prov.
2762 2272 2955 2341 xvtti)?
3010 2270 3246 2325 Proinde
3278 2279 3300 2306 ε
3336 2282 3465 2323 vera
3516 2279 3606 2322 est
3655 2268 3843 2323 cordis

2241 2372 2527 2426 humilitas
2574 2367 2880 2432 retinenda,
2910 2380 3031 2435 qua:
3062 2378 3168 2419 non
3198 2363 3268 2418 de
3296 2362 3544 2417 atl‘ectata
3589 2363 3844 2432 corporis

2242 2473 2406 2534 atque
2434 2462 2751 2525 verborum,
2777 2458 2873 2515 sed
2901 2458 2971 2513 de
3001 2458 3186 2512 intima
3221 2456 3420 2512 mentis
3452 2457 3844 2511 bumiliatione

2243 2555 2545 2612 descendit.
2572 2553 2703 2621 Quae
2730 2562 2857 2607 tunc
2883 2552 3100 2606 demum
3121 2550 3525 2605 evidentissimis
3548 2549 3839 2617 patientia

2244 2663 2356 2703 Siue
2389 2644 2616 2716 fulgebit
2662 2643 2897 2710 indiciis,
2930 2659 3053 2697 cum
3082 2643 3204 2713 quis
3250 2658 3356 2696 non
3390 2643 3503 2712 ipse
3530 2642 3603 2697 de
3629 2657 3695 2697 se
3722 2643 3841 2698 cri-

2245 2741 2391 2795 mina
2433 2739 2502 2793 ab
2531 2738 2653 2791 aliis
2697 2753 2804 2791 non
2848 2736 3118 2792 credenda
3148 2736 3459 2804 jactaverit,
3489 2735 3590 2789 sed
3620 2735 3689 2791 ab
3720 2736 3840 2791 aliis

2246 2833 2462 2888 sibimet
2501 2840 2819 2902 arroganter
2852 2832 3055 2900 ingesta
3088 2830 3505 2897 contempserit,
3543 2838 3604 2883 et
3639 2832 3837 2899 irroga-

2247 2932 2329 2979 tas
2368 2923 2595 2994 injurias
2637 2930 2915 2979 mansueta
2967 2922 3149 2976 cordis
3195 2924 3609 2993 mquanimitate
3652 2923 3838 2978 tolera-

2246 3018 2409 3072 verit.

2857 3106 3084 3163 CAPUT
3121 3107 3236 3163 XII.

552 3204 731 3245 nuens
754 3190 1090 3256 deprecanti,
1125 3191 1291 3246 tantis
1323 3206 1384 3246 se
1410 3192 1706 3261 subjiciens
1733 3196 2014 3249 asserebat
2046 3197 2147 3251 lla-
2171 3183 2220 3247 C
2322 3203 2696 3275 Interrogatio,
2730 3203 3164 3275 quemadmodum
3196 3219 3314 3257 vera
3342 3205 3597 3274 patientia
3624 3204 3774 3275 possit

556 3282 704 3351 giliis
738 3283 1058 3350 involutum,
1084 3294 1141 3337 ut
1171 3299 1241 3338 ne
1276 3301 1430 3339 usum
1462 3287 1681 3355 quidem
1717 3289 1875 3359 hujus
1904 3305 2151 3345 cmumu-

552 3375 642 3429 nis
688 3374 829 3429 aeris
866 3390 1061 3444 capere
1109 3388 1443 3443 mereretur;
1491 3379 1706 3448 psiathii
1740 3397 1952 3452 quoque
1982 3383 2150 3452 ipsius

555 3471 839 3540 refugiens
884 3471 1212 3537 sessionem,
1258 3473 1405 3528 humi
1457 3475 1633 3545 potius
1674 3477 1965 3533 residebat.
2016 3478 2151 3535 Cum

558 3579 693 3620 vero
722 3566 885 3618 etiam
919 3564 985 3620 ad
1015 3565 1347 3623 ablutionem
1377 3569 1572 3637 pedum
1611 3569 1782 3623 multo
1810 3570 1986 3626 minus
2016 3586 2156 3640 prae-

526 3656 767 3713 buisset
816 3674 1133 3727 assensum,
1180 3670 1290 3716 tum
1337 3662 1505 3717 abbas
1542 3662 1806 3731 Serapion
1855 3666 2151 3723 refectione

557 3759 860 3818 transacta,
883 3753 1194 3809 collationis
1222 3755 1614 3811 consuetudine
1645 3768 1996 3826 provocante,
2031 3774 2148 3815 mo-

556 3859 690 3901 nere
729 3862 851 3901 eum
897 3848 1131 3919 benigne
1162 3864 1228 3903 ac
1260 3849 1458 3905 leniter
1497 3850 1682 3918 coepit,
1728 3867 1797 3907 ne
1834 3857 2042 3909 OliOSUS
2088 3870 2152 3911 ac

555 3955 763 4012 vagus,
811 3946 1113 4013 praesertim
1156 3945 1374 4012 juvenis
1424 3954 1531 3998 tam
1582 3944 1859 4016 robustus,
1914 3948 2150 4003 instabili

558 4034 785 4092 levitate
808 4051 903 4105 per
928 4040 1188 4093 universa
1217 4038 1579 4103 discurreret;
1612 4040 1706 4093 sed
1738 4053 1795 4094 ut
1823 4043 1876 4097 in
1902 4042 2037 4096 cella
2067 4057 2152 4097 re-

558 4128 783 4197 sidens,
834 4132 1134 4186 secundum
1179 4132 1424 4201 regulam
1474 4132 1783 4197 seniorum,
1824 4148 1924 4187 suo
1971 4136 2151 4201 potius

2938 3274 3157 3343 acquiri.

2324 3391 2673 3447 Germanus:
2715 3388 3182 3456 Quemadmodum
3232 3387 3446 3457 acquiri
3489 3389 3579 3443 vel
3627 3387 3835 3443 retineri

2254 3483 2426 3554 possit
2454 3481 2556 3537 ista
2589 3481 2976 3550 tranquillitas,
3000 3489 3250 3548 Optumus
3276 3494 3583 3548 agnoscere
3603 3523 3616 3541 ,
3643 3492 3695 3533 ut
3715 3483 3834 3535 sicut

2257 3575 2461 3631 indicto
2516 3573 2673 3628 nobis
2729 3573 2949 3628 silentio
2998 3573 3109 3626 oris
3156 3572 3395 3625 claustra
3444 3572 3828 3641 pra‘cludimus,

2259 3669 2655 3737 verborumque
2683 3667 2955 3722 licentiam
2997 3680 3340 3733 coercemus,
3371 3665 3443 3720 ita
3478 3666 3645 3719 etiam
3674 3666 3834 3719 cordis

2256 3761 2534 3817 lenitatem
2583 3760 2859 3815 custodire
2901 3758 3201 3827 possimus;
3242 3757 3389 3826 quod
3443 3772 3829 3827 nonnumquam

2255 3855 2418 3910 etiam
2451 3867 2573 3907 cum
2608 3851 2785 3921 lingua
2818 3849 3141 3912 refrenatur,
3169 3848 3504 3902 intrinsecus
3532 3859 3708 3903 tamen
3737 3857 3831 3901 sta-

2254 3956 2365 4002 tum
2398 3961 2509 4000 sua:
2542 3944 2869 4014 placiditatis
2897 3940 3121 3996 amittit.
3152 3940 3221 3995 Et
3246 3942 3451 3995 idcirco
3483 3940 3829 3995 mansuetudi-

2256 4042 2340 4096 nis
2373 4040 2571 4094 bonum
2602 4054 2705 4092 non
2748 4037 2881 4093 alias
2913 4046 3099 4091 tenere
3135 4035 3446 4105 quempiam
3488 4052 3661 4104 posse,
3686 4034 3709 4071 ά
3731 4034 3823 4088 nisi

2255 4134 2558 4188 remotione
2587 4132 2738 4186 cellae
2765 4144 2827 4184 ac
2848 4128 3093 4185 solitario
3124 4137 3376 4199 putamus
3407 4128 3725 4184 habitacula.

1647 4267 1901 4323 ALARDI
1939 4268 2172 4325 enim
2210 4267 2776 4326 COMMENTARIUS.

637 4409 663 4438 ι
704 4400 779 4456 lta
809 4399 953 4454 enim
984 4399 1138 4455 Philo
1183 4409 1236 4454 et
1279 4400 1398 4469 ejus
1439 4401 1707 4467 interpres
1737 4415 1899 4466 supra
1950 4402 2147 4455 citatus

565 4472 671 4555 (rid
697 4488 814 4555 cap.
847 4470 880 4524 5
908 4469 1067 4555 hujus
1097 4471 1306 4555 collut.)
1333 4490 1346 4523 :
1383 4469 1672 4555 Unicuique
1697 4487 1903 4554 sacrum
1930 4473 2149 4555 domici-

563 4542 691 4599 lium
718 4551 810 4597 est.
857 4542 996 4611 quod
1033 4542 1385 4595 sanctuarium
1432 4551 1521 4594 aut
1552 4543 1915 4597 monasterium
1944 4554 2147 4597 vocant.

561 4616 633 4671 Et
659 4611 875 4682 quidem
900 4611 943 4664 si
967 4613 1218 4666 vocabula
1252 4613 1465 4681 proprie
1496 4623 1796 4678 sumantur,
1827 4616 1960 4667 sicut
1991 4614 2149 4669 unius

566 4683 815 4741 monachi
866 4682 1232 4739 habitaculum
1281 4699 1384 4738 uno
1440 4693 1617 4751 potest
1663 4683 1766 4738 dici
1815 4685 2148 4747 coenobium,

561 4756 690 4825 quia
721 4754 1027 4808 communis
1058 4757 1164 4808 vita
1205 4770 1308 4810 non
1354 4765 1438 4809 est
1473 4756 1652 4822 unius,
1693 4755 1786 4811 sed
1828 4759 2147 4824 multorum;

566 4810 641 4884 ita
675 4841 850 4892 neque
880 4827 1188 4880 cmuohiutn
1241 4834 1420 4896 potest
1461 4827 1564 4881 dici
1611 4810 2021 4893 monasterium,
2050 4830 2093 4882 si
2122 4810 2149 4880 :i
2178 4810 2229 4871 Ῑ)

564 4898 856 4953 Solitudine
881 4896 1183 4951 deducatur
1218 4899 1628 4960 monasterium,
1662 4907 1723 4951 ut
1748 4902 1818 4951 sit
1848 4899 2003 4951 unius
2035 4914 2151 4951 mo-

566 4970 725 5024 nachi
762 4968 1039 5031 habitatio,
1076 4979 1131 5022 ut
1161 4970 1250 5025 hic
1278 4968 1495 5023 dicitur.
1528 4969 1793 5023 Caeterum
1830 4969 2006 5021 solent
2038 4968 2151 5024 hmc

568 5040 826 5094 vocabula
874 5040 1127 5093 confundi
1177 5054 1228 5095 et
1278 5056 1374 5109 pro
1422 5040 1612 5094 eodem
1658 5041 1848 5107 accipi.
1900 5038 2053 5095 Unde
2098 5051 2151 5095 et

566 5112 632 5169 D.
664 5109 985 5165 Benedimus
1017 5111 1167 5182 (Cap.
1215 5112 1236 5165 1
1287 5111 1447 5180 Reg.)
1478 5110 1794 5182 coenobitas
1812 5112 2027 5165 nomine
2059 5126 2154 5165 vo-

566 5191 653 5237 cat
683 5181 1122 5236 mottaslerinles.
1143 5182 1293 5250 Quod
1324 5186 1367 5235 si
1399 5181 1687 5237 rmttobilm
1727 5181 1887 5235 iidem
1938 5190 1987 5234 ei
2040 5197 2155 5235 lllO-

567 5252 915 5311 nasteriales:
946 5268 1076 5320 ergo
1103 5254 1292 5307 eadem
1323 5254 1482 5305 etiam
1511 5252 1755 5306 cmunbia
1800 5263 1852 5304 et
1882 5261 2153 5307 monaste-

567 5323 669 5378 ria.
701 5322 869 5376 Porro
893 5325 1200 5376 coenobium
1228 5328 1389 5377 etiam
1432 5323 1574 5385 apud
1622 5322 1870 5378 ethnicos
1911 5323 2151 5390 philoso-

568 5396 709 5463 phos
748 5394 1003 5447 u~ilattttn
1037 5394 1222 5457 fuisse,
1265 5403 1320 5447 et
1347 5392 1614 5463 qnoddatn
1649 5394 1985 5447 C(BllﬂillllC:R
2031 5397 2153 5449 vitm

568 5466 845 5532 specimen
890 5465 955 5518 ab
984 5463 1114 5533 ipsis
1144 5465 1520 5519 adumbratum
1550 5464 1709 5519 duci-.t
1737 5466 1903 5519 Aulus
1950 5464 2157 5519 Gellius

569 5533 714 5605 (Lib.
749 5534 774 5587 1
806 5552 852 5588 c.
881 5535 914 5589 9
946 5534 1102 5588 Noct.
1128 5533 1332 5602 Attia),
1361 5538 1451 5603 qui
1476 5536 1543 5589 de
1574 5534 2046 5606 Pythagoraeorum
2075 5537 2154 5589 di-

566 5608 795 5677 sciplina
821 5620 985 5674 agens
1013 5624 1025 5659 :
1053 5605 1261 5677 Omnes.
1289 5610 1479 5677 innuit,
1508 5606 1663 5659 simul
1684 5607 1772 5672 qui
1795 5623 1826 5659 a
1854 5605 2156 5677 Pythagora

568 5676 625 5729 in
654 5675 935 5747 cohortem
956 5678 1125 5747 illam
1173 5676 1568 5747 disciplinarum
1597 5678 1783 5747 recepti
1821 5675 1986 5736 erant.
2018 5675 2158 5746 quod

567 5746 787 5865 quisque
815 5745 1030 5824 familiis
1061 5745 1385 5826 pectinitrque
1412 5745 1691 5827 habebant,
1714 5745 1784 5799 'in
1813 5745 2039 5830 medium;
2063 5748 2158 5800 da-

607 5826 717 5865 ant-
748 5822 796 5865 et
826 5812 1057 5865 coibatur
1082 5824 1300 5865 societas
1324 5815 1685 5865 inseparabilis
1705 5831 1723 5865 :
1754 5825 1997 5865 tanauam
2022 5817 2156 5865 illud

607 5826 717 5873 ant,
748 5822 796 5877 et
818 5812 1068 5869 coibatur
1082 5812 1307 5875 societas
1324 5815 1723 5885 inseparabilis;
1754 5825 1997 5887 tanquam
2022 5817 2156 5874 illud

2253 4404 2411 4475 fuerit
2451 4404 2713 4474 antiquum
2743 4402 3267 4475 consort‘iumtquod
3312 4401 3361 4453 in
3407 4417 3461 4453 re
3492 4410 3648 4469 atque
3689 4400 3827 4453 verba

2251 4470 2611 4583 appellabatur
2646 4470 2911 4530 κοινόειον.
2947 4473 3071 4527 Iln'c
3104 4472 3214 4526 ille.

2396 4544 2469 4583 Ιὶ..
2518 4561 2627 4583 mm
2680 4546 2810 4583 illiue
2867 4544 3067 4583 cmnina
3125 4543 3214 4583 In:

2396 4544 2469 4597 De
2518 4561 2627 4614 quo
2678 4546 2811 4598 alias
2867 4544 3068 4612 saepius
3125 4543 3339 4613 (Collat.
3386 4541 3420 4595 2
3468 4557 3585 4606 cap.
3640 4539 3725 4605 ll,
3774 4552 3821 4594 et

2253 4616 2424 4670 collat.
2460 4616 2493 4670 5
2534 4632 2647 4686 cap.
2685 4616 2773 4679 l);
2809 4616 2896 4685 qui
2937 4615 3126 4671 decem
3173 4615 3402 4669 millibus
3442 4620 3824 4667 monachorum

2256 4687 2535 4757 prmfttisse
2560 4688 2773 4755 legitur.

2331 4769 2352 4797 ο
2386 4757 2447 4811 1).
2481 4754 2795 4812 Ambrosius
2819 4755 2882 4808 ad
2908 4757 3278 4811 Coostsmlium
3305 4754 3499 4825 (Epist.
3523 4754 3612 4815 Η.
3635 4755 3719 4809 lib.
3744 4758 3825 4817 ul;

2260 4827 2413 4881 Multi
2436 4828 2619 4881 habent
2645 4828 2952 4881 humilitatis
2979 4830 3216 4895 speciem,
3243 4832 3478 4880 virtutem
3500 4843 3600 4879 non
3627 4826 3827 4892 habent;

2253 4900 2401 4953 multi
2433 4916 2543 4953 eam
2583 4899 2713 4969 foris
2752 4899 3093 4963 prrsleudunt,
3138 4910 3184 4951 et
3220 4900 3357 4951 intus
3399 4899 3734 4969 impugnant;
3767 4899 3827 4949 ad

2253 4971 2426 5041 fucum
2462 4967 2760 5041 prwferunt.
2796 4971 2860 5022 ad
2902 4979 3163 5022 verita‘em
3190 4967 3477 5040 abjurnnt,
3517 4967 3585 5021 ad
3612 4971 3827 5041 (gratiam

2254 5040 2469 5114 negant.
2506 5041 2593 5094 list
2626 5042 2759 5114 enim
2788 5042 2872 5104 qui
2896 5042 3126 5105 nequiter
3156 5040 3388 5114 humiliat
3419 5056 3495 5097 se.
3530 5050 3577 5090 et
3594 5040 3826 5114 interiora

2253 5110 2366 5182 ejus
2398 5112 2551 5177 plena
2572 5121 2687 5165 sunt
2714 5112 2874 5182 dolo;
2906 5120 2951 5163 et
2982 5121 3055 5163 est
3080 5112 3167 5181 qui
3190 5111 3403 5182 nimium
3436 5127 3489 5161 se
3518 5110 3759 5182 submittit
3775 5111 3829 5161 ab

2256 5180 2543 5236 humilitate
2591 5184 2771 5235 multa.
2828 5180 2946 5233 Non
2994 5193 3068 5233 est
3111 5196 3232 5249 ergo
3280 5181 3567 5243 humilitas,
3600 5180 3693 5232 nisi
3736 5182 3828 5233 sine

2257 5256 2395 5324 fuco,
2429 5254 2537 5306 sine
2565 5253 2770 5324 fraude.
2800 5250 2922 5324 Ipsa
2948 5263 3020 5305 est
3042 5267 3155 5304 uera
3182 5267 3295 5320 qua:
3326 5253 3474 5324 habet
3506 5253 3642 5317 piam
3668 5252 3827 5303 mentis

2254 5322 2617 5377 sincerita‘em.
2659 5323 2852 5392 Magna
2880 5323 3039 5392 uirtus
3088 5324 3219 5392 ejus.
3276 5324 3339 5373 lit
3371 5322 3728 5392 Hieronymus
3773 5323 3825 5373 ad

2254 5393 2566 5448 Ca-Iatitiam
2597 5391 2790 5461 (Epist.
2818 5395 2903 5461 H)
2930 5411 2941 5443 :
2975 5391 3336 5446 Humilitatem
3359 5391 3592 5459 sequere,
3615 5409 3711 5445 non
3730 5408 3827 5461 qua

2256 5468 2542 5519 ostenditur
2581 5475 2730 5529 atque
2760 5465 3037 5517 simulatur
3071 5472 3213 5532 gestu
3261 5478 3499 5527 corporis
3548 5473 3637 5515 aut
3684 5466 3827 5530 {rarts

2253 5552 2373 5588 voca
2402 5537 2685 5595 verborum,
2711 5534 2801 5588 sed
2822 5549 2935 5603 qua:
2959 5550 3087 5598 puro
3110 5532 3300 5598 aﬂ'ectu
3324 5535 3495 5587 cordis
3518 5534 3823 5603 exprimitur.

2257 5606 2416 5660 Aliud
2443 5619 2516 5661 est
2543 5608 2679 5662 enim
2708 5602 2936 5659 virtutem
2962 5605 3167 5669 trahere,
3198 5602 3348 5656 aliud
3378 5602 3593 5659 virtutis
3613 5605 3825 5657 similitu-

2257 5679 2450 5739 dinem.
2483 5687 2589 5733 etc.
2619 5676 2749 5729 alibi
2774 5677 2955 5728 citata.

2331 5747 2359 5784 ιι
2400 5748 2453 5802 Id
2482 5757 2584 5814 est,
2614 5747 2899 5803 solitudine
2921 5752 2975 5799 et
3000 5758 3221 5799 secessu
3253 5745 3323 5800 ab
3350 5744 3472 5801 aliis
