4014 6200
106 339 295 397 1115

758 462 986 522 CAPUT
1025 467 1166 522 XIII.

805 559 1118 629 Responsio.

212 646 548 706 Piammon:
567 649 829 706 Patientia
855 667 982 707 vera
1002 663 1163 723 atque
1182 654 1538 727 tranquillitas
1554 653 1756 724 absque

104 741 427 810 profunda
459 744 643 799 cordis
673 744 986 802 humilitate
1018 763 1116 803 nec
1152 752 1448 820 acquiritur
1477 766 1576 806 nec
1607 760 1756 808 tene-

107 841 256 890 tur.
283 835 425 902 Quae
454 838 500 890 si
531 837 599 892 de
632 837 734 892 hoc
774 839 922 894 fonte
952 840 1322 911 descenderit,
1354 861 1454 901 nec
1484 847 1754 902 beneficio

110 926 328 992 cellas,
359 943 460 983 nec
493 928 744 998 perfugio
781 931 1096 988 solitudinis
1133 936 1416 1006 indigebit.
1450 937 1566 992 Non
1610 939 1751 993 enim

110 1022 517 1093 patrocinium
547 1023 868 1094 cujusquam
903 1027 981 1080 rei
1013 1029 1351 1084 extrinsecus
1382 1033 1599 1098 quierit,
1632 1048 1754 1102 qua:

118 1113 500 1179 humilitatis,
535 1115 588 1169 id
619 1125 723 1181 est,
755 1120 1115 1186 generatricis
1159 1130 1322 1190 atque
1353 1123 1596 1178 custodis
1641 1141 1752 1181 suae

117 1207 488 1261 intrinsecus
521 1210 720 1264 virtute
750 1211 993 1266 fulcitur.
1021 1210 1291 1269 Caeterum
1313 1217 1357 1269 si
1381 1232 1664 1273 movemur
1685 1219 1752 1275 ab

121 1299 340 1370 aliquo
375 1302 632 1367 lacessiti,
667 1314 877 1359 certum
911 1315 994 1360 est
1020 1323 1126 1362 non
1159 1322 1280 1364 esse
1307 1310 1360 1363 in
1393 1313 1552 1366 nobis
1580 1311 1753 1366 humi-

120 1391 325 1450 litatis
343 1396 688 1451 fundamenta
713 1399 943 1453 firmiter
969 1401 1227 1470 stabilita,
1249 1415 1304 1458 et
1332 1403 1454 1458 ideo
1480 1405 1545 1458 ad
1574 1406 1752 1460 incur-

125 1499 277 1541 sum
307 1487 392 1542 vel
421 1488 630 1558 exiguae
654 1491 993 1561 tempestatis
1019 1494 1307 1548 aedilicium
1355 1506 1596 1551 nostrum
1644 1499 1752 1553 rui-

124 1595 284 1636 nosa
314 1585 683 1638 commotione
710 1587 1039 1641 concutitur.
1069 1587 1184 1642 Non
1219 1589 1361 1644 enim
1393 1601 1538 1647 esset
1566 1593 1750 1649 lauda-

125 1671 285 1727 bilis
317 1690 418 1730 nec
443 1675 764 1731 admiranda
806 1679 1085 1748 patientia,
1120 1681 1164 1734 si
1211 1682 1374 1737 nullis
1405 1684 1747 1740 inimicorum

124 1763 346 1833 jaculis
385 1770 628 1838 impetita
657 1771 1059 1841 tranquillitatis
1091 1775 1425 1843 propositum
1451 1778 1744 1845 retineret;

769 343 1111 405 COLLATIO
1145 349 1340 408 XVIII.
1371 380 1438 392 -
1464 348 1554 406 DE
1597 346 1850 408 TRIBUS
1887 349 2281 413 GENERIBUS
2320 353 2822 414 MONACIIORUM.

3317 362 3458 423 IIII

1781 470 1834 528 Α
1858 478 2086 538 apparet
2119 485 2229 525 non
2260 479 2552 540 propterea
2583 473 2874 540 corruisse,
2922 473 3048 544 quia
3079 473 3329 531 imbrium
3357 467 3453 533 vel

1862 565 2182 620 torrentium
2214 565 2570 620 inundatione
2600 567 2835 636 pulsata,
2857 566 2954 622 sed
2984 567 3106 637 quia
3140 576 3458 637 superare-

1859 671 1986 712 nam
2015 658 2392 728 imprudenter
2421 672 2503 714 est
2535 667 2764 714 structa.
2799 657 2915 714 Non
2946 660 3089 715 enim
3129 661 3181 714 in
3223 659 3326 716 huc
3357 660 3460 716 dil-

1859 751 2023 807 ferta
2056 763 2345 821 peccatore
2387 753 2470 808 vir
2513 765 2755 819 saueius,
2785 754 2907 822 quia
2955 767 3062 807 non
3109 753 3362 808 similiter
3407 763 3462 810 et

1858 845 2263 912 ipsetentatur,
2298 846 2393 902 sed
2439 849 2561 918 quia
2611 847 2697 901 hic
2727 848 2890 902 etiam
2936 861 3125 915 magna
3171 847 3457 916 impugna-

1859 935 2008 992 tione
2037 954 2143 990 non
2173 939 2426 1000 vincitur,
2455 939 2544 994 ille
2565 947 2740 993 autem
2769 939 2936 993 etiam
2963 954 3122 1002 parva
3151 941 3457 995 tentatione

1856 1039 2164 1100 superatur.
2203 1032 2386 1101 Neque
2413 1034 2556 1087 enim
2591 1043 2757 1097 esset,
2791 1043 2849 1086 ut
2881 1032 3136 1098 diximus,
3178 1032 3307 1099 justi
3354 1033 3454 1086 ali-

1858 1122 2012 1192 cujus
2061 1123 2350 1178 laudabtlis
2395 1123 2678 1188 fortitudo,
2735 1125 2780 1178 si
2837 1126 3082 1179 vinceret
3131 1127 3448 1189 intenlalns,

1855 1229 1975 1268 cum
2004 1218 2190 1285 utique
2213 1216 2440 1270 victoria
2472 1217 2649 1271 locum
2685 1217 2887 1272 habere
2916 1233 3024 1272 non
3054 1218 3226 1287 possit
3248 1218 3451 1286 absque

1854 1307 2184 1362 adversitate
2211 1311 2589 1364 certaminum.
2623 1306 2821 1363 Beatus
2849 1310 2990 1362 enim
3031 1309 3108 1362 vir
3137 1311 3229 1379 qui
3265 1307 3451 1374 su/I‘ert

1854 1405 2209 1467 tentationem,
2243 1405 2363 1471 quia
2390 1421 2504 1456 cum
2544 1403 2791 1475 probatus
2835 1404 3010 1474 fuerit,
3052 1403 3272 1474 accipiet
3300 1418 3451 1456 coro-

1854 1511 1970 1547 nam
1995 1496 2123 1561 titur,
2148 1514 2300 1562 quam
2323 1497 2618 1567 repromisit
2639 1495 2777 1549 Deus
2801 1495 3128 1565 diligentibus
3150 1511 3204 1548 se
3226 1492 3364 1565 (Jac.
3384 1494 3448 1564 l).

1851 1587 2158 1642 Secundum
2209 1589 2516 1657 aposmlum
2562 1603 2775 1657 quoque
2832 1587 3089 1649 Paulum,
3141 1588 3299 1640 virtus
3341 1601 3448 1640 non

1853 1679 1906 1733 in
1960 1679 2072 1733 0tio
2118 1693 2281 1748 atque
2328 1679 2557 1744 deliciis,
2602 1683 2700 1734 sed
2728 1682 2783 1732 in
2829 1678 3131 1747 inﬁrmitate
3178 1677 3448 1748 perﬁcitur

1852 1771 1919 1842 (ll
1951 1770 2072 1826 Cor.
2106 1772 2228 1839 xu).
2262 1771 2394 1826 Ecce
2423 1773 2580 1836 enim,
2611 1771 2808 1841 inquit,
2840 1770 2960 1823 dedi
2993 1782 3039 1824 te
3064 1768 3219 1822 hodie
3244 1770 3297 1822 in
3325 1770 3449 1822 civi-

127 1858 246 1912 sed
275 1859 330 1913 in
362 1875 427 1913 eo
447 1871 528 1915 est
555 1863 814 1930 praeclara
845 1877 1004 1934 atque
1031 1866 1290 1934 gloriosa,
1323 1869 1464 1938 quod
1494 1871 1749 1926 irruenti-
1778 1860 1827 1920 B
1852 1875 2006 1918 tatem
2033 1867 2306 1933 munitam,
2335 1877 2380 1919 et
2415 1869 2470 1919 in
2497 1866 2790 1919 columnam
2817 1866 3057 1935 ferream,
3082 1873 3128 1917 et
3161 1864 3216 1917 in
3240 1880 3448 1917 murum

129 1949 254 2006 bus
292 1955 344 2006 in
385 1969 443 2009 se
483 1959 842 2012 tentationtnn
880 1962 1140 2028 procellis
1170 1962 1466 2020 immobilis
1494 1980 1748 2035 perseve-

129 2053 254 2099 rat.
289 2043 421 2099 Nam
451 2045 506 2100 in
531 2063 639 2116 quo
667 2052 850 2104 vexari
884 2051 1163 2124 frangique
1190 2055 1607 2113 adversitatibus
1627 2075 1743 2115 cre-

131 2136 322 2201 ditur,
348 2138 403 2192 in
435 2155 500 2193 eo
530 2142 709 2210 potius
737 2145 1055 2212 roboratur;
1080 2157 1135 2203 et
1156 2149 1207 2202 in
1230 2164 1296 2204 eo
1324 2152 1493 2221 magis
1513 2156 1743 2222 acuitur,

132 2230 202 2284 in
253 2245 364 2300 quo
413 2245 631 2301 putatur
676 2238 923 2294 obtundi.
959 2249 983 2277 ³
1017 2244 1060 2296 Α
1111 2244 1453 2312 passionibus
1501 2250 1642 2304 enim
1692 2259 1748 2305 et

134 2327 550 2382 sustentatione
573 2329 882 2398 patientiam
908 2334 1013 2389 dici
1043 2336 1220 2393 nullus
1251 2340 1486 2410 ignorat,
1516 2342 1746 2414 ideoque

135 2414 171 2455 ιι
209 2427 430 2474 constat
486 2422 782 2491 patientem
840 2432 1176 2497 pronuntiari
1235 2437 1508 2489 neminem
1562 2452 1743 2505 posse,

137 2511 255 2567 nisi
315 2527 437 2568 eum
494 2517 588 2585 qui
644 2521 896 2575 universa
948 2539 1067 2593 qua:
1113 2525 1214 2580 sibi
1263 2525 1464 2581 fuerint
1513 2528 1744 2598 irrogata

139 2604 357 2675 absque
407 2606 778 2678 indignatione
827 2613 1154 2669 toleraverit.
1209 2615 1276 2670 Et
1326 2619 1446 2672 ideo
1496 2633 1601 2673 non
1647 2624 1746 2674 lm-

142 2699 354 2754 merito
382 2699 455 2754 ita
485 2718 511 2752 a
538 2702 836 2761 Salomone
864 2707 1112 2763 laudatur
1139 2726 1151 2763 :
1183 2719 1205 2748 ο
1236 2709 1426 2763 Melior
1452 2721 1526 2764 est
1546 2713 1744 2784 patiens

141 2795 298 2864 forti,
330 2803 378 2849 et
403 2797 494 2867 qui
515 2800 742 2853 continet
764 2802 900 2855 iram
928 2804 1162 2870 capiente
1189 2804 1363 2858 urbem
1391 2804 1575 2877 (Prov.
1609 2813 1741 2879 XVI).

142 2885 219 2941 Et
249 2888 474 2943 iterum:
497 2888 836 2962 Longanimis
865 2895 940 2947 vir
968 2895 1155 2950 nimius
1179 2897 1232 2949 in
1257 2898 1557 2967 prudentia,
1581 2900 1747 2970 pusil-

144 2979 363 3035 lanimis
383 2994 551 3037 autem
572 2985 721 3040 valde
743 2989 990 3058 insipiens
1007 2999 1080 3044 est
1103 2988 1284 3058 (Prov.
1305 3006 1414 3059 xiv,
1429 3007 1528 3046 sec.
1548 2991 1742 3064 LXX).

145 3076 288 3130 Com
317 3091 446 3145 ergo
472 3079 593 3147 quis
637 3079 809 3134 victus
851 3080 1075 3151 injuria,
1109 3082 1403 3137 iracundiae
1451 3084 1574 3151 igne
1622 3099 1746 3138 suc-

145 3172 424 3238 cenditur,
454 3190 557 3227 non
585 3188 745 3230 causa
771 3176 977 3244 peccati
995 3178 1113 3246 ejus
1139 3177 1402 3232 acerbitas
1424 3179 1583 3233 illatm
1610 3193 1742 3233 con-

1849 1973 2059 2022 wreum,
2087 1975 2243 2026 super
2280 1974 2481 2011 omnem
2530 1971 2718 2010 terrant
2751 1957 2962 2027 regibus
2989 1954 3154 2022 Juda,
3192 1955 3448 2027 principi-

1851 2051 1944 2104 bus
1979 2054 2113 2117 eius,
2161 2063 2210 2106 et
2250 2051 2602 2105 sacerdotibus
2632 2053 2766 2122 ejus,
2797 2061 2846 2104 et
2875 2052 3014 2103 omni
3047 2052 3237 2121 populo
3274 2059 3444 2115 terra,

1849 2154 1897 2199 et
1925 2144 2185 2199 bellabunt
2205 2146 2477 2199 adversum
2503 2153 2573 2212 te,
2595 2154 2644 2198 et
2673 2160 2776 2198 non
2807 2141 3178 2228 prtevalebttnt,
3207 2144 3328 2207 quia
3354 2157 3446 2212 ego

1850 2245 2015 2291 tecum
2054 2255 2166 2290 sunt
2210 2245 2264 2290 ut
2312 2251 2489 2290 eruam
2531 2245 2613 2303 te,
2659 2235 2786 2288 dicit
2826 2231 3083 2287 Dominus
3122 2235 3445 2304 omnipotens

1848 2330 2062 2401 (Jerem.
2093 2333 2158 2401 ι).

2433 2421 2663 2477 CAPUT
2705 2419 2844 2475 XIV.

1919 2515 1998 2570 De
2018 2516 2252 2586 exemplo
2275 2515 2542 2588 patientiae
2560 2512 2834 2585 cujusdam
2857 2511 3114 2580 religiosa!
3138 2511 3364 2580 feminae.

1919 2609 2093 2678 Hujus
2116 2623 2246 2678 ergo
2277 2606 2554 2678 patientiae
2583 2605 2708 2659 volo
2731 2604 2882 2658 vobis
2905 2603 3011 2658 duo
3032 2604 3225 2658 saltem
3255 2619 3439 2658 exem-

1846 2702 1934 2772 pla
1969 2716 2294 2772 proponere,
2328 2697 2353 2737 ἀ
2385 2715 2548 2754 unum
2581 2697 2848 2767 religiosa:
2878 2695 3163 2765 cujusdam
3201 2695 3438 2763 feminae,

1847 2813 1967 2868 quae
2017 2798 2294 2866 patientia:
2334 2795 2588 2849 virtutem
2623 2801 2769 2846 tanta
2800 2791 3061 2844 aviditate
3089 2797 3294 2843 sectata
3331 2795 3435 2857 est,

1846 2900 1908 2945 ut
1939 2903 2044 2942 non
2075 2888 2248 2942 solum
2281 2886 2636 2941 tentationum
2671 2897 2778 2937 non
2808 2883 3003 2936 vitaret
3034 2881 3302 2944 incursus,
3342 2881 3440 2937 sed

1846 2985 2008 3039 etiam
2056 2983 2370 3036 occasiones
2417 2977 2793 3033 molestiarum
2835 2975 3057 3030 sibimet
3095 2983 3437 3044 procuraret,

1847 3076 2048 3148 quibus
2076 3074 2410 3144 frequentius
2442 3071 2693 3139 instigata
2723 3085 2831 3123 non
2859 3068 3096 3124 cederet.
3132 3067 3258 3122 Haec
3287 3083 3441 3122 nam-

1846 3185 1953 3242 que
1980 3183 2102 3223 cum
2148 3165 2489 3222 Alexandria
2538 3171 2988 3226 commoraretur,
3027 3170 3282 3231 essetque
3328 3173 3440 3215 non

148 3265 390 3320 tutnelia:
408 3269 680 3323 exstitisse
702 3270 970 3324 credenda
991 3279 1096 3332 est.
1121 3271 1214 3325 sed
1236 3272 1742 3340 potiusmanifestn-
1768 3241 1813 3304 C
1846 3265 2092 3322 obscuris
2124 3273 2238 3318 orta
2286 3260 2600 3333 majoribus,
2651 3269 2812 3330 atque
2860 3259 2913 3311 in
2960 3256 3123 3311 domo
3170 3270 3290 3326 quae
3334 3253 3440 3310 sibi

147 3360 230 3415 tio
274 3360 604 3415 infirmitatis
631 3366 880 3432 occultae,
911 3365 1206 3418 secundum
1243 3365 1390 3420 illam
1425 3365 1739 3435 parabolam

148 3451 454 3508 Salvatoris
500 3469 661 3523 quam
711 3455 777 3509 de
823 3456 1034 3510 duahus
1078 3457 1331 3512 domibus
1385 3459 1575 3528 ponit,
1635 3475 1741 3514 una

149 3562 278 3618 qua:
311 3547 524 3602 fundata
554 3557 675 3603 erat
718 3564 878 3619 supra
913 3560 1140 3618 petram,
1184 3564 1235 3607 et
1265 3553 1370 3606 alia
1412 3569 1532 3622 qua:
1578 3567 1746 3620 snper

153 3655 400 3706 arenam,
430 3641 626 3709 quibus
657 3642 937 3712 aaqttaliter
966 3642 1115 3706 dicit,
1142 3643 1438 3712 pluviarum
1470 3659 1532 3696 ac
1567 3644 1743 3698 flumi-

152 3749 284 3787 num
317 3734 401 3788 vel
452 3743 830 3803 tempestatum
877 3734 1116 3791 turbines
1165 3736 1416 3800 it'rui-se;
1448 3737 1542 3790 setl
1596 3737 1736 3789 illam

153 3841 278 3896 quae
305 3825 357 3880 in
385 3836 557 3892 petra:
578 3828 850 3882 soliditate
882 3828 1096 3883 fundata
1129 3839 1210 3882 est
1239 3829 1370 3883 nilnl
1407 3829 1620 3897 penitus
1646 3829 1738 3882 de-

154 3917 400 3974 trimenti
432 3935 498 3974 ex
521 3920 610 3974 illa
637 3931 740 3974 tam
766 3922 999 3976 violenta
1027 3922 1306 3977 collisione
1335 3923 1594 3982 sensisse,
1619 3934 1738 3989 qua:

155 4024 288 4064 vero
317 4011 371 4065 in
416 4027 701 4066 arenarum
737 4013 967 4083 pendula
992 4013 1291 4067 mobilitate
1319 4019 1624 4066 constructa
1656 4019 1739 4065 est

157 4106 340 4160 statim
387 4103 554 4161 fuisse
606 4107 895 4177 collapsam
931 4108 1149 4178 (Matth.
1181 4107 1313 4178 vn);
1345 4121 1504 4176 quam
1552 4105 1740 4175 utique

1844 3361 2018 3416 fuerat
2047 3373 2078 3412 a
2109 3359 2423 3428 parentibus
2471 3355 2725 3410 derelicta
2773 3351 3025 3423 religiose
3069 3350 3298 3403 Domino
3343 3345 3442 3403 de-

1844 3454 2097 3520 serviret,
2146 3451 2371 3507 veniens
2401 3449 2468 3504 ad
2501 3458 2523 3486 ο
2554 3449 2725 3504 beata:
2758 3445 3037 3500 memoriae
3085 3440 3439 3496 Athanasium

1847 3551 2182 3618 episcopum,
2216 3544 2543 3616 precabatur
2571 3553 2628 3596 ut
2670 3541 2902 3610 aliquam
2945 3537 3046 3591 sibi
3080 3536 3328 3591 alendam
3359 3533 3440 3588 vi-

1847 3643 2006 3698 duam
2035 3642 2209 3701 daret,
2240 3654 2358 3708 quae
2389 3651 2455 3690 ex
2483 3634 2867 3689 ecclesiasticis
2895 3627 3202 3697 sumptibus
3252 3641 3438 3697 pasce-

1846 3734 2025 3789 batur.
2062 3733 2126 3785 Et
2155 3741 2209 3783 ut
2239 3727 2549 3797 petitionem
2591 3724 2710 3792 ejus
2745 3722 2924 3777 verbis
2952 3719 3120 3786 ipsius
3167 3720 3438 3785 exprima-

1846 3843 1986 3892 mue,
2019 3825 2110 3887 Da,
2145 3819 2336 3890 inquit,
2373 3817 2503 3871 mihi
2537 3817 2769 3882 aliquam
2799 3815 2867 3868 de
2900 3808 3181 3866 sororibus
3217 3807 3236 3846 ί
3270 3823 3433 3878 quam

1845 3929 2150 3985 repnusem.
2201 3911 2466 3967 Sacerdos
2514 3907 2674 3978 igitur
2721 3922 2842 3960 cum
2887 3903 3158 3958 laudasset
3189 3902 3437 3974 proposi-

1845 4021 1957 4066 tum
1991 4008 2225 4070 fetninm,
2256 4005 2395 4076 quod
2428 4018 2546 4058 eam
2578 4001 2645 4056 ad
2675 4015 2812 4070 opus
2843 3997 3228 4052 misericordia:
3262 3995 3436 4051 vidis-

1845 4112 1930 4158 set
1958 4115 2081 4158 esse
2109 4096 2589 4170 promptissimam,
2613 4093 2773 4166 jussit
2809 4106 2880 4148 ex
2923 4088 3172 4144 omnibus
3201 4089 3326 4159 eligi
3351 4089 3436 4142 vi.

1220 4263 1476 4319 ALARDI
1517 4260 1754 4318 GAZEI
1788 4258 2356 4318 COMMENTARIUS.

234 4390 264 4418 ι
303 4377 494 4452 Petrus
523 4378 758 4452 Maturus
805 4381 857 4434 in
905 4381 1019 4435 haec
1049 4382 1212 4436 verba
1242 4381 1377 4452 apud
1414 4384 1473 4436 ι).
1508 4383 1737 4438 Antoni-

162 4467 291 4507 num
321 4451 488 4505 relala
515 4466 530 4505 :
557 4450 840 4515 Patientia,
869 4454 1063 4520 inquit,
1097 4450 1292 4523 graece,
1325 4454 1377 4507 in
1411 4455 1578 4510 sacris
1606 4469 1742 4523 prte-

160 4523 344 4578 sertim
379 4523 554 4589 libris,
601 4525 826 4596 ὑπομονὴ
871 4525 1087 4578 dicitur.
1139 4525 1285 4578 Sicut
1338 4525 1499 4592 igitur
1547 4541 1742 4579 nomen

161 4598 431 4667 patientite
462 4596 684 4648 avt-rbo
733 4597 926 4662 patior,
974 4597 1051 4650 sic
1097 4597 1326 4667 ὑπομονὴ
1375 4597 1440 4648 ab
1486 4598 1742 4664 ὑποαένω,

164 4666 301 4736 quod
325 4677 402 4719 eet
427 4668 618 4720 subtus
642 4681 859 4728 mooeo,
886 4677 941 4720 et
970 4666 1238 4736 sustento,
1263 4668 1560 4720 deducitur.
1597 4668 1746 4721 Unde

163 4734 267 4809 hoc
317 4738 438 4809 loco
477 4751 506 4789 a
553 4739 895 4809 passionibus
927 4746 982 4792 et
1012 4734 1406 4794 sustentatione
1435 4738 1745 4809 patientiam

164 4805 268 4862 dici
295 4805 581 4861 llassianns
613 4807 797 4864 refert.

233 4877 262 4916 δ
307 4876 562 4952 Patientia
592 4881 850 4952 enimest,
880 4881 953 4934 ait
981 4880 1043 4934 D.
1074 4879 1368 4943 Gregorius
1394 4879 1580 4952 (Hom.
1609 4880 1674 4935 16
1696 4880 1750 4932 in

169 4947 412 5018 Evang.),
438 4951 771 5023 alienamala
798 4957 1150 5023 (equanimiler
1175 4947 1412 5023 perpeti,‘
1429 4961 1606 5006 contra
1632 4968 1749 5005 eum

166 5036 354 5085 quaque
385 5021 474 5091 qui
519 5019 656 5075 mala
702 5023 897 5091 irrogat
947 5022 1095 5076 nullo
1126 5019 1302 5076 dolore
1331 5025 1572 5076 morderi.
1610 5023 1749 5077 Nunt

167 5096 247 5162 qui
279 5094 351 5147 sic
383 5093 603 5155 prorimi
648 5093 789 5145 mala
833 5105 1020 5158 portat,
1054 5105 1108 5145 ut
1142 5105 1309 5146 tamen
1338 5097 1524 5148 tacitus
1552 5094 1744 5161 doleat,

168 5177 210 5214 et
239 5177 432 5232 tempus
462 5167 632 5235 dignae
660 5166 1010 5220 retributionis
1040 5175 1255 5231 quierat,
1298 5167 1598 5234 patientiam
1648 5181 1746 5218 non

169 5235 382 5300 exhibet,
413 5237 503 5287 sed
529 5247 782 5306 ostentat.
837 5240 1099 5300 Scriptum
1136 5239 1325 5306 quippe
1370 5247 1483 5287 est:
1510 5235 1748 5288 Charitas

171 5311 362 5370 patiens
388 5314 486 5377 est,
519 5305 740 5377 benigna
780 5319 853 5361 est
881 5309 926 5372 (ι
957 5307 1077 5361 Cor.
1116 5305 1271 5376 xtn).
1297 5306 1505 5359 Patiens
1536 5323 1753 5372 namque

169 5387 260 5457 est,
293 5386 344 5429 ut
380 5375 555 5430 aliena
585 5375 722 5431 mala
766 5380 979 5445 toleret;
1009 5375 1225 5452 benigna
1255 5392 1370 5430 vero
1400 5387 1497 5441 est,
1530 5386 1584 5428 ut
1615 5379 1750 5446 ipsos

168 5459 315 5522 {suam
333 5464 470 5522 quos
498 5461 672 5518 portat
703 5459 854 5502 amet.

161 5517 182 5562 θ’
243 5527 266 5555 ε
309 5520 410 5571 llas
449 5517 747 5573 sententias
781 5521 911 5574 alibi
946 5521 1135 5574 citatas
1175 5517 1414 5572 nonnihil
1447 5517 1744 5581 attigimus.

238 5585 479 5644 “Simile
532 5591 839 5658 exemplum
885 5603 1065 5646 narrat
1113 5589 1347 5644 Joannes
1395 5589 1644 5646 Moschus
1693 5593 1748 5646 in

174 5652 328 5730 Prato
359 5660 634 5728 Spirituali
659 5652 778 5730 cap.
810 5661 939 5717 206.

250 5737 272 5803 f
301 5729 356 5785 S.
389 5729 739 5797 Athanasius,
771 5748 995 5799 magnus
1037 5732 1124 5786 ille
1175 5741 1336 5803 atque
1385 5732 1601 5788 divinus
1627 5733 1742 5801 vir,

181 5798 323 5876 cujus
341 5803 722 5876 symboltnnin
741 5798 1198 5876 Ecclesiislegitnr
1227 5798 1474 5876 (Hieron.
1511 5807 1564 5862 in
1595 5798 1751 5862 Catal-

179 5869 321 5950 log.).
373 5869 768 5938 Alexandrinae
804 5874 956 5933 urbis
985 5869 1292 5956 episcOptis,
1351 5878 1651 5941 sanctitatis
1696 5887 1749 5940 et

1844 4381 2167 4437 eruditionis
2188 4378 2426 4442 eximirc,
2460 4377 2758 4432 acerrimus
2781 4372 3064 4428 catholicae
3095 4370 3217 4426 ﬁdei
3243 4385 3438 4431 contra

1849 4455 2077 4508 Ατίηηοε
2099 4461 2480 4520 propugnator,
2503 4448 2776 4520 prittrcujtls
2804 4446 3119 4520 defensione
3145 4447 3436 4520 multasab

1849 4525 1926 4577 eis
1948 4517 2238 4592 perpessus
2263 4523 2482 4575 insnlias
2508 4519 2573 4572 ad
2593 4519 2962 4592 Constantium
2991 4519 3123 4586 Aug.
3150 4517 3200 4569 in
3229 4517 3436 4571 Gallias

1849 4589 2020 4659 fugit:
2052 4589 2198 4647 unde
2250 4605 2500 4648 reversus
2554 4607 2676 4644 cum
2734 4589 2948 4653 litteris,
2991 4597 3046 4643 et
3085 4603 3273 4645 rursus
3314 4597 3433 4654 post

1852 4659 2078 4720 mortem
2113 4662 2487 4734 ejusfugatus,
2523 4675 2690 4728 tlSqtte
2742 4660 2807 4714 ad
2837 4661 3046 4716 Joviani
3084 4662 3438 4734 tetttporaAltl-

1855 4740 1977 4799 tuit,
2003 4753 2030 4790 a
2059 4731 2165 4805 quo
2201 4744 2414 4799 reet-pta
2447 4736 2699 4788 Ecclesiae
2742 4748 2854 4786 sum
2881 4733 3270 4805 gubernatione
3303 4731 3436 4785 obiit

1774 4797 1829 4856 D
1854 4797 1993 4861 anno
2025 4797 2232 4860 [)ntttini
2261 4797 2390 4869 570,
2423 4806 2628 4859 rc-lirtis
2653 4815 2705 4856 ct
2738 4797 3065 4857 tratniitissis
3087 4803 3152 4855 ad
3188 4813 3435 4870 posteros

1854 4882 2038 4932 multis
2069 4878 2345 4946 praeclaris
2375 4876 2574 4945 ingenii
2607 4878 2685 4929 sui
2720 4876 3101 4946 monumentis.

1930 4950 2027 5003 rId
2057 4942 2158 5013 est,
2198 4942 2488 5014 refovendi,
2521 4956 2615 5000 aut
2642 4949 2897 5000 reficiam.
2925 4943 3040 4997 Nic.
3072 4942 3358 4997 I’erottusl
3399 4956 3438 4996 ιε

1857 5020 2054 5084 Pausa,
2110 5019 2305 5084 inquit,
2366 5019 2552 5070 dicitur
2603 5018 2802 5085 requies
2849 5016 3071 5086 alicujus
3122 5015 3219 5067 rei.
3263 5014 3439 5086 Actius

1852 5107 2001 5164 poeta
2021 5083 2050 5146 :7
2071 5089 2236 5164 Nobis
2262 5091 2382 5144 data
2399 5106 2560 5158 pausa
2578 5083 2839 5156 loquendi.
2871 5083 3000 5164 Inde
3023 5100 3184 5155 pausa
3212 5083 3438 5164 ret-bum,

1852 5157 1906 5217 id
1937 5173 2028 5220 est.
2057 5163 2264 5232 quiesco
2288 5179 2305 5226 ;
2334 5178 2365 5212 α
2393 5157 2493 5230 quo
2527 5176 2767 5232 repttuso,
2795 5159 2931 5232 quod
2959 5168 3053 5218 est,
3085 5157 3319 5232 requiem,
3349 5171 3439 5232 ca-

1853 5236 1960 5306 pio.
1996 5225 2331 5306 Deducuntur
2358 5225 2529 5284 autem
2555 5225 2593 5283 α’
2616 5230 2782 5306 verbo,
2808 5225 3069 5306 eadem,
3101 5226 3239 5306 quod
3279 5225 3443 5292 signi-

1854 5297 1995 5374 ﬁcat,
2023 5305 2210 5357 desisto
2242 5302 2303 5357 ab
2328 5317 2498 5373 opere,
2531 5302 2814 5371 requiesco.
2863 5297 2968 5374 me
3001 5300 3109 5374 ille.
3152 5297 3220 5350 At
3249 5311 3443 5374 repan-

1853 5368 2103 5429 sare'hoc
2153 5376 2272 5429 loro
2310 5368 2484 5426 active
2511 5368 2760 5432 sntititur,
2789 5382 2843 5422 ttt
2877 5369 3018 5423 idem
3048 5369 3111 5422 sit
3145 5369 3286 5436 quod
3317 5368 3440 5421 roli-

1854 5464 2000 5514 cere,
2033 5462 2295 5505 recreare,
2342 5444 2647 5514 humaniter
2679 5449 2933 5514 tractare,
2976 5449 3029 5494 et
3059 5439 3212 5514 quasi
3247 5439 3444 5491 lat-ori-

1853 5517 1952 5571 bus
1987 5511 2225 5586 pansam,
2262 5515 2311 5568 id
2343 5524 2446 5578 est,
2481 5513 2644 5586 [luent
2693 5512 2993 5586 imponere,
3047 5511 3188 5576 quod
3235 5524 3302 5562 ex
3360 5523 3445 5586 se:

1853 5578 2026 5643 cnmia
2055 5578 2293 5657 ejusdem
2345 5585 2591 5657 ntulit-ris
2620 5584 2881 5650 petitiOne
2934 5582 3144 5657 t'larutn
3191 5578 3443 5657 (ιδῃ-ἰιϋὶ

1852 5662 1947 5720 ait,
1977 5659 2041 5715 Ut
2069 5648 2194 5711 mihi
2223 5657 2336 5709 dari
2362 5648 2662 5727 prteciperes
2681 5667 2833 5722 quam
2859 5653 3140 5718 reficercm,
3164 5662 3272 5727 e_tc.
3307 5648 3446 5727 Non-

1856 5733 1987 5786 nulli
2015 5743 2192 5784 tatneu
2230 5729 2442 5798 legunt:
2475 5722 2542 5781 In
2580 5743 2681 5797 qua
2732 5739 3023 5794 repausem,
3073 5732 3132 5778 ut
3174 5722 3448 5793 Cuychlus

1856 5803 2078 5861 nOtavit.
