4014 6200
589 301 728 362 1115
1645 304 1926 366 JOANNIS
1960 306 2272 368 CASSIAN!
2309 304 2799 366 COLLATIONES.
3737 297 3884 360 ﬂ“

588 419 746 482 duam
774 435 894 496 ante
917 427 978 479 et
1004 420 1288 482 honestate
1313 437 1525 482 morum
1547 433 1600 482 et
1627 427 1890 496 gravitate
1921 441 1983 486 ac
2008 426 2168 482 disci-
2195 429 2245 494 Α
2274 441 2378 480 non
2410 425 2582 481 solum
2630 423 2982 491 aediﬁcentur,
3014 435 3199 483 verum
3241 423 3417 478 etiam
3446 418 3882 482 confundantur,

587 513 726 584 plina
775 513 1024 572 omnibus
1077 515 1458 588 praeferretur.
1503 534 1604 578 nec
1658 521 1792 578 forte
1843 519 2166 580 desiderium
2269 524 2357 591 qui
2412 521 2514 574 nisi
2574 520 2833 574 fuerimus
2880 519 2948 577 ad
2999 518 3232 576 ferarum
3293 531 3507 571 morem
3561 517 3778 570 retrusi
3825 516 3880 568 in

587 604 850 674 largitatis
897 611 1251 679 percipientis
1279 613 1409 668 vitio
1439 614 1765 681 vinceretur,
1795 627 1850 674 et.
1877 630 1996 684 quae
2025 630 2168 672 mer-
2270 630 2462 670 caveas
2506 613 2861 681 cellularum,
2908 613 3228 682 patientiam
3271 612 3525 666 retinet
3569 622 3697 663 non
3751 619 3878 678 pss—

585 702 772 756 cedem
803 712 1072 768 quaereret
1101 705 1155 762 in
1198 722 1388 776 egena,
1417 708 1672 764 damnum
1696 709 1818 764 ﬁdei
1845 710 2024 778 pravis
2051 709 2168 778 ejus
2267 721 2476 764 sumus.

585 794 789 848 oﬁ'cnsa
816 795 1055 853 moribus
1077 807 1368 866 pateretur.
1394 796 1488 856 Cm
1522 814 1640 856 cum
1669 799 1887 858 domum
1926 800 2170 856 adducta

587 888 839 941 omnibus
884 888 1182 945 desert'iret
1239 891 1540 960 obsequiis,
1592 893 1842 948 virtutem
1896 892 2170 950 modestia

588 977 704 1050 ejus
746 992 808 1034 ac
847 979 1085 1036 lenitatis
1121 991 1364 1051 experta.
1406 985 1703 1054 vidensque
1730 999 1789 1040 se
1814 985 1884 1040 ab
1914 987 2030 1050 ipsa
2061 1001 2175 1040 mo-

592 1073 788 1126 mentis
818 1073 1042 1142 singulis
1069 1077 1363 1144 gratiarum
1393 1084 1603 1134 actiono
1651 1091 1748 1146 pro
1777 1079 1958 1134 officio
1990 1078 2176 1134 huma-

2858 774 3088 836 CAPUT
3129 775 3244 838 XV.

2467 866 2543 922 De
2568 869 2801 936 exemplo
2829 868 3092 936 patientia
3115 867 3315 924 abbatis
3347 865 3679 940 Paphnutii.

2344 982 2494 1040 Nunc
2513 983 2654 1038 aliud
2677 983 2887 1038 abbatis
2908 981 3195 1052 Paphnutii
3221 981 3890 1052 pandamusexempl‘

2273 1077 2365 1145 qui
2405 1076 2458 1130 in
2488 1076 2629 1131 illius
2657 1075 2885 1145 insignis
2923 1083 2978 1130 et
3000 1074 3589 1144 ubiquevpra'dicabilia
3615 1074 3888 1143 Scythiu—

590 1163 774 1218 nitatis
819 1164 1096 1222 honorari.
1131 1176 1251 1235 post
1298 1166 1414 1220 dies
1462 1181 1666 1234 paucos
1709 1167 1775 1224 ad
1821 1176 2172 1228 memeratum

594 1256 882 1310 revertitur
931 1258 1268 1314 sacerdotem
1310 1277 1323 1314 :
1375 1259 1742 1330 Rogaveram,
1802 1261 2070 1329 inquiens,
2122 1272 2178 1320 ut

594 1349 726 1404 mihi
767 1350 882 1404 dari
929 1351 1254 1421 pra-cipercs
1304 1368 1461 1424 quam
1513 1369 1613 1423 ego
1662 1355 1964 1423 reticerem,
1996 1365 2051 1412 et
2093 1357 2176 1414 cui

595 1441 877 1510 morigeris
909 1443 1198 1498 famularer
1242 1444 1534 1516 obsequiis.
1567 1444 1806 1515 Cumque
1831 1445 1923 1501 ille
1951 1445 2176 1502 necdum

594 1535 926 1606 prepositum
959 1534 1170 1592 feminte
1199 1550 1262 1590 ac
1287 1535 1618 1594 desiderium
1667 1539 1991 1610 intelligens,
2036 1542 2181 1596 testi-

595 1640 791 1682 tnasset
813 1628 1126 1698 petitionem
1147 1627 1263 1696 ejus
1284 1631 1711 1688 dissimulatione
1730 1633 1998 1704 prazpositi
2019 1633 2181 1690 fuisse

599 1716 920 1788 neglectam,
955 1731 1254 1788 causasque
1291 1735 1456 1774 morae
1484 1721 1626 1776 illius
1650 1738 1754 1778 non
1786 1725 1992 1793 abstine
2017 1727 2180 1780 animi

2277 1171 2399 1226 tica
2448 1170 2640 1235 eremi,
2687 1169 2743 1228 in
2789 1184 2892 1238 qua
2953 1183 3098 1224 nunc
3136 1169 3416 1238 presbyter
3463 1177 3587 1229 est,
3645 1169 3890 1222 aceruis

2279 1269 2426 1318 tanto
2453 1261 2630 1318 studio
2655 1276 2869 1330 semper
2891 1260 3111 1326 insedit,
3143 1272 3198 1315 ut
3224 1263 3272 1317 ei
3302 1259 3488 1316 ceteri
3517 1263 3894 1316 anachoret-

2281 1362 2306 1390 ⁸
2339 1353 2522 1408 Bubali
2549 1368 2844 1423 cognomen
2889 1353 3203 1420 indiderint,
3233 1368 3300 1410 eo
3328 1355 3470 1420 «tend
3505 1353 3765 1418 inge-ite
3799 1355 3890 1422 (ut

2281 1445 2350 1500 ita
2376 1444 2625 1516 dixerim)
2652 1444 2942 1511 desiderio,
2969 1445 3278 1502 solitudinis
3293 1460 3518 1515 semper
3535 1445 3893 1504 habitatione

2280 1538 2554 1610 gauderet.
2603 1539 2784 1608 itaque
2834 1553 2954 1594 cum
3013 1538 3259 1594 tantmin
3311 1539 3548 1608 pueritia
3595 1555 3700 1595 sua
3730 1550 3890 1597 cile!

2281 1631 2495 1686 virtutis
2524 1641 2578 1686 et
2614 1633 2823 1700 gratim,
2864 1638 2922 1688 ut
2965 1631 3125 1686 etiam
3171 1630 3416 1701 praeclari
3462 1646 3531 1687 ac
3569 1635 3772 1688 summi
3825 1633 3888 1688 id

2287 1727 2543 1795 temporis
2569 1726 2668 1781 viri
2685 1726 3005 1794 gravitatem
3029 1725 3147 1792 ejus
3173 1734 3227 1779 et
3255 1723 3592 1779 immobilem
3621 1733 3890 1779 euastan-

599 1811 682 1864 sui
742 1811 1105 1870 commetiooe
1153 1813 1506 1882 perquirens,
1563 1816 1810 1886 pretinus
1877 1819 2181 1889 agnovisset
2211 1809 2257 1876 Β
2289 1820 2414 1874 tiam
2445 1821 2804 1882 mirarentur;
2847 1830 3100 1884 eumque,
3134 1815 3262 1870 licet
3301 1815 3480 1870 minor
3509 1827 3664 1870 esset
3695 1826 3886 1882 etate,

603 1903 970 1964 honestiorem
1001 1908 1050 1961 ei
1087 1920 1301 1963 caneris
1345 1908 1564 1966 viduam
1597 1911 1931 1979 deputatam,
1979 1914 2187 1968 occulte

604 1998 857 2068 praecepit
886 2009 941 2054 ut
971 2014 1030 2054 ea
1062 2000 1139 2056 illi
1169 2015 1286 2070 quae
1317 2009 1463 2056 esset
1503 2004 1714 2057 cunctis
1757 2007 1982 2074 nequior
2012 2007 2188 2060 trade-

603 2099 776 2156 retur,
807 2106 926 2160 quaa
957 2091 1164 2148 scilicet
1204 2092 1292 2148 vel
1335 2093 1632 2156 iracundia.
1665 2095 1747 2149 vel
1778 2095 1932 2163 rixis,
1964 2098 2046 2152 vel
2077 2098 2190 2152 viu-

607 2181 767 2235 lentia
814 2181 981 2256 [Lips.
1030 2185 1082 2236 in
1125 2200 1289 2258 marg.
1346 2186 1683 2257 vinolentia],
1713 2190 2186 2256 seuverbositate,

608 2282 768 2342 atque
799 2276 960 2330 etiam
1000 2281 1240 2333 vanitate
1268 2289 1489 2333 cunctas
1528 2280 1724 2350 quibus
1764 2281 1880 2336 lucc
1923 2284 2050 2338 vitia
2093 2283 2191 2341 (lo-

611 2366 944 2420 miuarentur
974 2369 1280 2426 excederet.
1310 2370 1481 2436 Quam
1509 2388 1626 2426 cum
1669 2373 1837 2427 multo
1876 2373 2082 2427 facilius
2113 2375 2192 2427 iu-

609 2472 820 2516 ventam
845 2463 1057 2532 sibique
1083 2464 1327 2520 traditam
1349 2465 1490 2520 domi
1517 2467 1716 2522 habere
1737 2467 2010 2538 cmpisset,
2032 2476 2194 2536 atque

609 2556 795 2610 eadem
836 2557 883 2614 ei
922 2557 1198 2625 diligentia
1226 2574 1335 2628 qua
1365 2559 1529 2626 priori
1562 2559 1636 2614 illi
1669 2558 1866 2624 viduae,
1899 2561 1980 2616 vel
2031 2559 2192 2616 etiam

610 2646 922 2713 studiosius,
963 2649 1314 2716 ministraret,
1350 2650 1450 2705 hoc
1481 2651 1655 2706 solum
1701 2651 1768 2708 ab
1795 2667 1858 2708 ea
1904 2667 2003 2720 pro
2035 2654 2196 2708 tantis

611 2737 890 2807 obsequiis
919 2738 1212 2806 recipiebat
1249 2741 1455 2810 gratiae,
1489 2752 1545 2798 ut
1592 2741 1823 2812 indignis
1848 2742 2050 2814 jugiter
2080 2745 2198 2801 afli-

613 2838 826 2884 cerctur
857 2829 1090 2902 injuriis,
1124 2833 1380 2890 conviciis
1406 2848 1617 2904 quoque
1645 2833 1710 2892 ab
1735 2850 1799 2890 ea
1828 2835 2201 2902 exprobratio-

616 2923 883 2992 nitmsque
915 2925 1188 2982 continuis
1218 2939 1531 2994 vexaretur,
1557 2928 1843 2998 obiiciente
1873 2930 1923 2988 ei
1953 2941 2003 2988 et
2035 2931 2199 2988 malc-

615 3015 748 3069 ἀίεις
800 3017 1283 3074 obtrectationibus
1327 3018 1659 3090 increpante,
1691 3037 1757 3078 eo
1802 3023 1942 3093 quod
1985 3037 2044 3082 se
2093 3037 2200 3080 non

616 3106 682 3161 ad
715 3105 1073 3180 refrigerium.
1108 3109 1204 3169 sed
1248 3113 1423 3180 potius
1453 3112 1517 3163 ad
1560 3114 1858 3168 cruciatum
1907 3121 1964 3168 et
2009 3125 2201 3170 contu-

2287 1924 2387 1980 pro
2411 1909 2668 1969 virtutum
2699 1917 2875 1975 tamen
2923 1907 3117 1962 merito
3147 1906 3456 1962 senioribus
3493 1918 3884 1977 aequarent,

2289 2017 2492 2074 suoque
2541 1999 2719 2058 ordini
2759 2001 3020 2056 ducerent
3050 1998 3422 2064 inserendum,
3473 1999 3616 2056 livor
3663 2000 3756 2054 ille
3782 2003 3888 2069 qui

2289 2097 2570 2152 adversum
2622 2094 2823 2164 Joscph
2874 2094 3232 2163 patriarcham
3283 2092 3558 2151 fraternos
3595 2093 3884 2163 quondam

2289 2189 2496 2244 animos
2539 2189 2835 2259 instigavit,
2889 2187 3179 2257 quemdam
3227 2186 3295 2240 de
3343 2201 3577 2242 numero
3639 2185 3880 2242 fratrum

2292 2281 2472 2338 edacis
2515 2280 2614 2338 zeli
2668 2281 2791 2350 igne
2837 2279 3153 2345 succendit;
3203 2279 3293 2348 qui
3345 2293 3499 2333 naevo
3534 2278 3778 2349 quodam
3814 2292 3882 2333 ne

2295 2374 2501 2428 macula
2525 2373 2978 2443 pulchritudinem
3015 2373 3134 2442 ejus
3164 2372 3388 2440 cupiens
3409 2370 3748 2433 deformare,
3777 2372 3883 2426 hoc

2291 2483 2463 2537 genus
2517 2467 2862 2537 malignitatis
2913 2468 3223 2536 excogitat,
3279 2478 3339 2523 ut
3411 2466 3886 2535 opportunitatem

2301 2558 2557 2629 temporis
2577 2566 2839 2626 captaret,
2866 2574 2970 2628 quo
3005 2556 3343 2626 Paphnutius
3367 2559 3424 2612 ad
3449 2557 3738 2612 ecclesiam
3780 2557 3888 2613 die

2298 2651 2566 2708 dominico
2594 2666 2946 2720 processurus
2977 2653 3243 2706 abesseta
3288 2651 3435 2708 cella.
3462 2649 3521 2706 in
3546 2663 3716 2720 quam
3759 2649 3883 2704 fur-

2299 2745 2391 2798 tim
2425 2746 2653 2803 irruens,
2679 2743 2916 2798 codicem
2945 2758 3101 2799 suum
3135 2743 3160 2781 δ
3191 2744 3329 2797 inter
3354 2743 3471 2810 ejus
3495 2741 3725 2811 plectas,
3748 2754 3883 2810 quas

2301 2835 2366 2892 de
2412 2834 2706 2904 palmarum
2741 2833 2882 2889 foliis
2927 2834 3132 2888 solebat
3183 2833 3449 2897 intexere,
3485 2833 3720 2886 latenter
3758 2831 3881 2885 abs-

2302 2930 2522 2994 condit,
2573 2943 2637 2982 ac
2680 2929 2748 2986 de
2805 2929 3124 2984 concinnata
3172 2927 3403 2982 factione
3453 2940 3720 2992 securus,
3768 2925 3882 2992 ipse

2303 3039 2513 3094 quoque
2535 3023 2682 3078 velut
2706 3038 2848 3090 pune
2896 3035 2959 3076 ac
2987 3021 3247 3092 simplicis
3293 3020 3648 3076 conscientia:
3686 3019 3754 3073 ad
3798 3033 3879 3074 ec-

2304 3115 2521 3170 clesiam
2571 3114 2734 3168 venit.
2773 3112 3013 3182 Cumque
3052 3113 3322 3169 celebrata
3368 3112 3548 3168 omnis
3593 3111 3780 3169 fuisset
3817 3127 3882 3167 ex

619 3199 832 3253 Inclialn
879 3199 947 3253 ab
989 3201 1245 3269 episcopo
1293 3209 1656 3272 poposcisset,
1702 3205 1978 3278 magisque
2025 3221 2084 3261 se
2132 3206 2199 3260 de
2227 3184 2274 3252 Ο
2307 3222 2454 3264 more
2483 3207 2818 3267 solemuitas.
2845 3206 3118 3278 querelam
3149 3213 3344 3264 sancto
3372 3203 3587 3260 lsidoro
3607 3245 3625 3269 ,
3647 3205 3736 3274 qui
3764 3213 3883 3258 ante

619 3294 804 3358 requie
835 3293 899 3346 ad
933 3292 1172 3348 laborem
1204 3309 1362 3364 quam
1411 3293 1478 3348 de
1526 3296 1710 3351 labore
1743 3298 2106 3356 transmlisset
2133 3298 2201 3356 ad

621 3391 883 3454 requiem.
927 3386 1060 3442 Cum
1103 3403 1230 3460 ergo
1273 3388 1556 3446 assiduitas
1588 3389 1888 3460 jurgiorunt
1925 3407 1990 3446 co
2033 3405 2204 3462 usque

621 3489 1020 3554 prorumperet,
1053 3493 1102 3534 ut
1154 3498 1222 3536 ne
1270 3481 1335 3534 ab
1371 3483 1656 3552 iujectione
1687 3485 1900 3556 quidem
1949 3499 2202 3542 manuum

625 3591 824 3646 procax
855 3576 1047 3636 mulier
1076 3586 1422 3646 temperaret,
1449 3578 1538 3633 illa
1569 3590 1747 3636 autem
1780 3578 2084 3636 humilioris
2111 3580 2207 3637 ob-

624 3669 799 3740 sequii
842 3669 1206 3740 ingeminaret
1253 3672 1467 3734 officia,
1516 3687 1623 3727 non
1679 3673 1946 3730 furentem
1990 3673 2208 3730 vincere

627 3763 933 3830 renitendo,
968 3763 1060 3818 sed
1093 3765 1437 3834 semetipsum
1471 3765 1725 3838 humilius
1754 3765 2087 3835 subjiciendo
2127 3764 2210 3820 di-

626 3854 916 3917 scebatLUt
944 3854 1280 3912 multimodis
1313 3855 2002 3926 indignitatibuslacessita,
2029 3856 2210 3924 objur-

627 3947 800 4022 gentis
829 3947 1093 3999 insaniam
1125 3947 1472 4001 humanitatis
1502 3949 1912 4003 mansuetudine
1939 3949 2206 4008 deliniret.

629 4036 833 4104 Quibus
857 4036 922 4090 ad
958 4041 1173 4107 plenum
1211 4042 1487 4094 exercitiis
1515 4041 1854 4108 confirmata,
1889 4043 2211 4108 perfectam-

630 4145 734 4198 que
782 4133 1036 4184 virtutem
1083 4133 1402 4186 desiderata:
1449 4135 1723 4200 patientiae
1772 4144 2094 4200 consecuta,
2144 4133 2210 4188 ad

632 4230 986 4275 memoratum
1039 4224 1398 4289 sacerdotem,
1455 4234 1560 4278 tam
1611 4242 1706 4293 pro
1745 4226 2028 4282 electionis
2073 4227 2216 4283 illius

630 4312 834 4380 judicio
861 4329 1020 4381 quam
1046 4314 1206 4367 etiam
1238 4330 1334 4386 pro
1364 4315 1624 4370 beneﬁcio
1647 4317 2052 4372 exercitationis
2081 4333 2211 4382 smn,

635 4405 836 4472 gratias
869 4405 1101 4460 relatura
1130 4409 1384 4475 perrexit,
1419 4424 1485 4462 eo
1516 4411 1656 4479 quod
1687 4410 1981 4466 secundum
2009 4411 2219 4466 deside-

638 4495 774 4550 rium
806 4511 959 4549 suum
991 4497 1204 4550 tandem
1236 4498 1287 4552 ei
1315 4501 1624 4565 magistram
1656 4503 1930 4570 patientiae
1960 4503 2216 4572 dignissi-

2307 3299 2446 3352 hunc
2495 3298 2859 3368 eumdctuque
2899 3296 3257 3365 Paphnutittm
3312 3295 3676 3365 ejusdemque
3727 3295 3882 3350 eremi

2309 3391 2590 3459 presbyter
2629 3388 2759 3454 fuit,
2789 3402 2971 3442 eorum
3031 3388 3240 3442 cunctis
3268 3385 3530 3442 fratribus
3565 3385 3783 3454 detulit,
3812 3398 3886 3441 διν

2307 3495 2494 3536 serens
2543 3481 2642 3535 sibi
2674 3480 2914 3536 codicem
2943 3479 3008 3534 de
3035 3479 3168 3534 cella
3219 3477 3368 3534 furto
3400 3478 3575 3535 fuisse
3603 3480 3882 3536 sublatum.

2309 3576 2438 3643 Quae
2461 3573 2578 3642 ejus
2606 3572 2944 3644 querimonia
2965 3586 3082 3626 cum
3110 3570 3181 3625 ita
3214 3579 3564 3636 cunctorum,
3599 3571 3884 3640 praecipue-

2310 3682 2413 3737 que
2437 3666 2756 3735 presbyteri,
2789 3664 2998 3717 animos
3019 3663 3396 3733 permovisset,
3421 3672 3482 3718 ut
3511 3663 3640 3731 quid
3669 3665 3884 3733 primum

2313 3757 2716 3827 suspicarentur
2779 3753 2975 3824 quidve
3028 3753 3389 3810 decernerent
3449 3768 3558 3808 non
3615 3753 3883 3817 haberent,

2313 3865 2524 3904 summa
2553 3847 2760 3903 cunctis
2795 3848 3152 3902 admiratione
3183 3847 3475 3916 perculsis,
3502 3847 3570 3904 de
3605 3856 3716 3902 tam
3743 3847 3887 3902 inau-

2316 3944 2410 3998 diti
2461 3941 2568 3996 illic
2616 3941 2865 3994 facinoris
2915 3940 3178 4003 novitate,
3214 3939 3302 3996 ille
3344 3941 3433 4009 qui
3477 3955 3593 3996 rem
3635 3941 3893 3996 detulerat

2317 4047 2594 4094 accusator
2637 4036 2861 4105 urgebat
2914 4046 2992 4103 ut,
3025 4034 3249 4088 retentis
3283 4033 3335 4087 in
3360 4034 3591 4092 ecclesia
3625 4032 3887 4097 omnibus,

2319 4131 2465 4184 missi
2516 4128 2672 4183 electi
2722 4128 2919 4197 quique
2969 4137 3285 4181 cunctorum
3332 4127 3607 4193 sigillatim
3665 4123 3890 4178 fratrum

2317 4222 2540 4280 cellulas
2578 4228 2963 4276 scrutarentur.
2989 4220 3144 4286 Quod
3181 4234 3300 4274 cum
3334 4219 3504 4273 tribus
3536 4219 3838 4273 senioribus
3865 4231 3892 4268 a

2320 4315 2636 4388 presbytero
2681 4313 2871 4370 fuisset
2928 4311 3248 4383 injunctum,
3300 4311 3682 4367 universorum
3707 4310 3896 4364 cubilia

2321 4407 2661 4462 revolventes
2685 4405 2752 4460 ad
2781 4413 3085 4460 extremum
3127 4405 3180 4458 in
3222 4400 3498 4472 Paphnutii
3537 4403 3734 4457 ceilula
3767 4402 3897 4456 abs-

2321 4499 2594 4554 conditum
2627 4497 2867 4552 codicem
2902 4497 3045 4550 inter
3075 4497 3280 4565 plectas
3305 4492 3611 4561 palmarum,
3643 4506 3786 4560 quos
3819 4491 3901 4544 illi

640 4603 779 4642 mam
806 4590 1154 4658 providisset,
1199 4590 1353 4657 cujus
1381 4590 1593 4660 injuriis
1633 4592 1871 4668 jugibus,
1903 4605 1955 4648 ut
1987 4594 2217 4664 quodam
2247 4573 2300 4634 D
2325 4593 2462 4646 siras
2485 4599 2700 4654 vocant,
2743 4590 2881 4644 sicut
2923 4603 3043 4642 eum
3078 4586 3351 4641 insidiator
3377 4582 3707 4647 occuluerat,
3743 4596 3900 4652 repe-

641 4681 904 4750 palaestrte
934 4681 1079 4745 oleo,
1112 4683 1350 4750 quotidie
1378 4684 1631 4740 roborata
1659 4686 1724 4740 ad
1760 4700 2024 4744 summam
2056 4687 2220 4742 animi

644 4771 956 4840 patientiam
1006 4775 1331 4841 perveniret.
1391 4775 1663 4841 Tandem,
1707 4779 1982 4847 inquiens,
2026 4779 2221 4833 dedisti

643 4865 771 4917 Inibi
805 4880 962 4934 quam
995 4880 1304 4934 repausem,
1332 4883 1450 4920 uani
1480 4869 1566 4920 illa
1601 4869 1747 4937 prior
1775 4868 1886 4923 suis
1915 4885 2001 4924 me
2047 4871 2224 4940 potius

643 4957 942 5011 honorabat
974 4973 1036 5014 ac
1081 4959 1433 5027 refrigerabat
1477 4960 1772 5030 obsequiis.
1821 4960 1946 5015 [late
1983 4963 2050 5016 de
2091 4976 2222 5015 sexu

643 5051 892 5112 muliebri
947 5051 1149 5107 dixisse
1192 5052 1447 5117 sufficiat,
1481 5062 1536 5107 ut
1566 5054 2079 5110 commemoratione
2125 5052 2226 5108 bac

2328 4692 2533 4740 reruut.
2589 4682 2756 4749 Quem
2780 4695 2902 4736 cum
2951 4679 3297 4748 inquisitores
3325 4672 3606 4731 confestim
3641 4673 3710 4728 ad
3741 4672 3900 4727 eccle-

2327 4778 2458 4830 siam
2488 4775 2721 4830 delatum
2755 4787 2938 4826 coram
2968 4771 3217 4824 omnibus
3248 4766 3619 4838 protulissent,
3659 4765 3897 4830 Paphnu-

2330 4871 2434 4923 tius
2459 4869 2581 4921 licet
2607 4866 2673 4920 de
2703 4865 3048 4919 conscientias
3082 4877 3198 4915 ante
3231 4871 3377 4916 esset
3419 4857 3734 4913 sinceritate
3764 4870 3900 4911 secu-

2331 4977 2444 5026 rus,
2474 4969 2649 5014 tamen
2681 4957 2830 5011 velut
2851 4957 2937 5028 qui
2972 4954 3094 5008 furti
3127 4955 3334 5008 crimen
3389 4958 3735 5020 agnosceret,
3765 4946 3899 5002 satis-

2329 5052 2546 5108 l'actioni
2570 5066 2630 5106 se
2654 5059 2819 5105 totum
2847 5047 3086 5111 tradidit,
3115 5045 3404 5114 locumque
3431 5040 3770 5112 penitentia
3795 5052 3900 5105 sup-

1708 5211 1962 5266 ALARDI
2004 5211 2240 5272 GAZIEI
2279 5208 2851 5269 COMMENTARIUS.

725 5382 749 5410 δ
774 5370 1073 5439 Paphnutlo
1098 5371 1228 5422 alias
1250 5368 1462 5432 Bubali,
1490 5367 1620 5421 alias
1648 5367 1901 5438 Cephalte
1929 5385 2225 5436 cognomen

654 5444 879 5498 inditum
913 5443 1078 5493 fuisse
1119 5440 1423 5492 notavimus
1452 5439 1635 5492 collat.
1670 5440 1703 5492 5
1732 5456 1850 5505 Cap.
1883 5443 1934 5508 Ι,
1965 5459 2082 5509 qum
2111 5442 2228 5509 ejus

657 5518 871 5569 nomine
925 5513 1254 5564 inscribitur.
1310 5511 1440 5564 Sunt
1485 5519 1662 5563 tamen
1692 5514 1779 5580 qui
1813 5514 1946 5565 duos
1986 5521 2232 5566 statuunt

655 5596 708 5641 et
731 5586 974 5639 diversos
1020 5581 1374 5648 Paphnutius:
1405 5587 1632 5634 alterum
1668 5581 1981 5648 Ceplialam,
2014 5583 2081 5636 de
2128 5598 2232 5651 quo

659 5654 929 5711 Palladius
959 5667 1076 5719 cap.
1106 5653 1169 5706 9i
1191 5667 1205 5713 ;
1231 5651 1462 5703 alterum
1490 5652 1747 5705 Bnbalutn
1773 5654 2234 5721 cvgnomiuatum,

658 5723 1286 5798 sumquepresbyterum
1311 5723 1624 5786 Sceliolcm,
1658 5723 1724 5775 de
1762 5739 1867 5797 quo
1917 5727 2002 5778 hic
2039 5724 2235 5798 agitur,

663 5802 722 5850 ut
744 5790 1106 5849 et'collatione
1138 5790 1311 5848 tertia,

2405 5369 2433 5408 δ
2475 5369 2689 5432 Flecte,
2719 5376 2779 5422 ut
2808 5365 3011 5422 notavit
3034 5363 3343 5426 Ciaconius,
3369 5376 3505 5434 quas
3543 5359 3898 5434 Egyptians

2335 5454 2548 5504 vocant,
2585 5440 2806 5494 habena:
2839 5447 2986 5506 sunt,
3017 5446 3109 5491 aut
3154 5432 3402 5508 virgulte
3433 5448 3463 5486 e
3517 5432 3724 5499 palma,
3771 5433 3899 5502 junco

2338 5522 2429 5566 aut
2477 5521 2657 5582 sparto
2709 5519 3110 5582 contortae,”
3147 5507 3343 5582 quibus
3392 5512 3896 5582 sportm,_cants_tr3.

2341 5575 2554 5651 aliaque.
2601 5581 2790 5634 similia
2835 5580 3193 5634 conficiuntur
3216 5575 3424 5651 _;_dict:c
3445 5591 3504 5651 _:_t
3539 5575 3712 5651 verbo
3748 5575 3896 5651 tum

2342 5645 2482 5724 quod
2530 5662 2706 5713 necto,
2741 5651 2823 5724 vel
2867 5653 3062 5720 plecm,
3095 5646 3382 5724 signiﬁfat.
3442 5645 3711 5724 Similiter
3767 5645 3897 5724 cum

2345 5715 2764 5800 sileat‘t'ri‘ttfttpé!
2785 5715 3225 5800 interpretantur.
3258 5715 3548 5800 Frequens
3577 5723 3664 5800 est
3697 5717 3894 5772 vocaliu-

2349 5798 2453 5855 lum
2479 5786 2535 5853 in
2570 5786 2702 5850 Vitis
2733 5786 2972 5860 Patrum,
3001 5791 3090 5847 ubi
3117 5786 3464 5858 etiamnecta
3495 5786 3720 5848 dicitur.
