4014 6200
81 338 279 399 ut:
749 325 1088 391 COLLATit)
1127 332 1313 393 xvut.
1349 364 1414 378 -
1462 332 1554 389 iis
1596 329 1844 390 ‘i‘lllBliS
1883 328 2279 387 cruentatis
2321 330 2816 389 MONACHORUM.
3288 336 3427 395 ttts

77 456 360 525 pliciter
379 454 696 526 postulavit,
726 453 834 510 hoc
858 453 1197 511 verecundiae
1214 468 1327 508 suae
1353 449 1739 518 modestiaque
1764 454 1815 514 Α
1838 447 1955 517 ejus
1980 448 2229 502 volumus
2258 450 2562 517 pervenire,
2592 446 2718 503 talia
2748 444 2908 505 nobis
2933 442 3279 504 exordiorum
3308 449 3429 507 fun-

78 550 511 619 prospieiens,
562 563 630 604 me
678 548 723 605 si
768 548 1032 603 maculam
1078 546 1205 602 furti
1234 545 1414 601 verbis
1443 552 1735 598 conaretur
1836 540 2089 596 damenta
2114 541 2365 611 jacientla
2390 549 2534 595 sunt.

77 644 395 709 abluero,
427 643 649 709 insuper
687 639 849 695 etiam
892 639 1156 697 mendacii
1192 646 1489 702 notaretur,
1521 636 1736 690 nemine
2428 632 2661 688 CAPUT
2706 630 2828 689 ιγι

82 735 355 790 scilicet
383 734 530 791 aliud
576 747 737 803 quam
770 732 824 787 id
852 732 995 801 quod
1021 732 1299 787 inventum
1350 732 1522 785 fuerat
1563 728 1737 796 ωερε-
2254 726 2335 780 De
2368 727 2677 797 perfectione
2709 726 2994 797 patientia.

85 841 179 880 ea
193 834 327 880 nte.
359 826 609 889 (lutoque
647 828 715 878 de
741 824 973 879 ecclesia
1005 838 1110 878 non
1144 832 1252 878 tam
1284 831 1468 878 metite
1495 822 1736 891 deiectus
1912 821 2120 890 Duplex
2150 836 2283 876 sane
2313 821 2379 874 ad
2411 820 2772 875 narrationem
2804 823 2922 874 facti
2957 818 3117 888 hujus
3146 832 3309 875 causa
3337 834 3428 876 me

88 933 301 986 quam
350 915 560 984 judicio
591 915 684 971 Dei
718 915 895 971 ﬁdens
930 917 1183 984 protinus
1206 915 1577 973 abscessisset.
1609 928 1733 982 pro-
1836 914 2117 982 compulit.
2165 912 2405 968 Primum
2434 924 2489 967 ut
2520 916 2658 967 hanc
2684 911 3114 967 immobilitatem
3151 912 3253 966 viri
3293 928 3427 968 cun-

94 1009 271 1064 {usis
303 1009 633 1065 iuoratiooe
679 1006 877 1076 iugiter
924 1007 1197 1077 iacrymis.
1238 1006 1628 1074 triplicatixque
1654 1004 1738 1071 je-
1835 1010 2197 1077 atantiamque
2226 1017 2534 1077 pensantes,
2566 1020 2765 1077 quanto
2808 1007 3105 1061 minoribus
3146 1021 3304 1076 quam
3334 1006 3424 1063 ille

87 1098 331 1169 juniis,
363 1114 572 1154 summa
602 1114 660 1155 se
681 1101 843 1155 etiam
882 1099 1251 1168 inconspectn
1275 1098 1551 1155 hominum
1582 1113 1735 1154 men-
1836 1112 1917 1155 est
1960 1104 2250 1170 appetitus,
2311 1101 2510 1155 inimici
2570 1103 2947 1170 impugnantur
2998 1100 3228 1168 insidiis,
3272 1110 3424 1156 tanto

98 1190 199 1249 lis
235 1191 544 1247 humilitate
597 1193 913 1261 prostravit.
962 1190 1066 1248 Sed
1125 1208 1251 1248 cum
1302 1192 1518 1247 duabus
1568 1193 1735 1247 ferme

105 1283 580 1340 hebdomadibus
633 1285 710 1341 ita
761 1299 819 1341 se
874 1286 1023 1341 omni
1078 1286 1408 1341 contritione
1444 1286 1623 1341 carnis
1672 1300 1735 1339 ac

105 1376 374 1446 spiritus
398 1376 737 1445 subiecisset,
769 1386 827 1432 ut
849 1377 938 1432 die
965 1376 1177 1433 sabbati
1204 1377 1288 1431 vel
1314 1378 1606 1440 dominico,
1628 1392 1732 1432 non

107 1470 203 1526 ad
227 1469 634 1538 percipiendam
665 1470 1104 1527 contnuumiiem
1135 1485 1372 1533 sacram,
1399 1470 1493 1527 sed
1525 1470 1589 1527 ad
1614 1486 1735 1538 pro-

109 1563 497 1616 sternendum
523 1577 583 1615 se
622 1562 678 1619 in
708 1562 872 1619 limen
907 1563 1155 1619 ecole~iai
1196 1573 1358 1632 atque
1406 1562 1475 1617 ad
1520 1565 1729 1621 veniam

110 1656 460 1724 suppliciter
490 1655 889 1724 postulandum,
942 1656 1238 1709 matutinus
1274 1665 1607 1724 accurreret,
1639 1673 1734 1713 ne-

115 1762 412 1816 quaquam
444 1763 636 1817 passus
660 1757 743 1803 est
773 1764 895 1804 eum
928 1750 1264 1804 occultorum
1298 1750 1537 1804 omnium
1581 1753 1731 1806 testis

1838 1197 2098 1265 majorem
2152 1196 2560 1265 tranquillitatis
2606 1205 2767 1262 atque
2812 1196 3080 1263 patientiae
3144 1209 3421 1250 sumamus

1837 1289 2085 1345 affectum
2131 1305 2145 1344 :
2198 1290 2394 1344 deinde
2450 1296 2511 1341 ut
2566 1288 2715 1341 lit-nia
2769 1287 3082 1340 delinitione
3144 1296 3420 1341 teneamus

1837 1397 1867 1436 a
1914 1381 2271 1436 teutationuin
2342 1381 2591 1449 procellis
2643 1380 3243 1450 impugnatiouilitisque
3303 1379 3420 1432 dia-

1838 1476 1945 1530 boli
2003 1484 2145 1529 tutos
2205 1489 2302 1527 nos
2339 1490 2461 1528 esse
2504 1488 2611 1526 non
2664 1489 2821 1540 posse
2851 1515 2864 1537 ,
2918 1473 2964 1525 si
3022 1488 3181 1527 omne
3231 1473 3420 1543 praesi-

1836 1567 1982 1622 dium
2027 1566 2294 1635 patientite
2340 1575 2561 1633 nostrai,
2609 1580 2938 1634 omnemque
2968 1564 3255 1631 fiduciam,
3310 1581 3416 1620 non

1838 1661 1891 1715 in
1948 1659 2217 1716 interioris
2276 1659 2513 1715 hominis
2563 1658 2733 1712 nostri
2789 1659 3012 1723 viribus,
3056 1659 3147 1711 sed
3202 1657 3254 1711 in
3308 1659 3420 1713 cel-

1839 1750 1960 1805 lula).
2012 1751 2297 1815 claustris,
2355 1760 2445 1804 aut
2508 1751 2562 1803 in
2621 1750 2926 1804 solitudinis
2983 1766 3244 1815 recessu,
3295 1766 3419 1805 san-

112 1847 187 1893 et
216 1842 495 1909 cognitor,
529 1841 615 1894 vel
643 1858 670 1893 a
704 1855 764 1895 se
785 1842 1016 1907 amplius
1037 1843 1244 1896 conteri
1293 1845 1375 1897 vel
1397 1844 1465 1897 ab
1496 1844 1617 1897 aliis
1650 1844 1729 1899 in-
1758 1834 1806 1894 Β
1834 1852 2114 1899 ctorumve
2173 1843 2469 1911 consortio,
2519 1842 2601 1896 vel
2659 1842 2975 1913 cujusquam
3035 1842 3112 1899 rei
3163 1858 3280 1910 qua:
3317 1858 3417 1899 ex-

116 1930 359 1985 fauiari.
394 1930 523 1989 Nam
566 1932 708 2001 quod
764 1931 855 1987 ille
911 1931 1160 1988 inventor
1199 1934 1451 2000 sceleris,
1502 1936 1579 1993 rei
1617 1950 1729 1992 suae

116 2020 226 2078 fur
280 2022 582 2094 improbust,
635 2023 813 2079 laudis
868 2024 1064 2079 alienas
1111 2026 1341 2081 callidus
1402 2027 1725 2095 infamatur,

119 2114 294 2170 nullo
324 2116 605 2171 hominum
633 2126 773 2171 teste
799 2120 1166 2183 commiserat,
1199 2134 1294 2185 per
1335 2118 1606 2174 diabolum
1638 2120 1727 2191 qui

118 2208 388 2262 criminis
424 2209 593 2280 ipsius
633 2209 878 2264 incentor
903 2208 1078 2265 fuerat
1105 2211 1415 2281 publicavit.
1466 2212 1729 2278 Ai‘reptus

122 2312 383 2369 namque
413 2300 681 2354 dirissimo
710 2299 957 2356 daemone
983 2309 1203 2357 cunctas
1229 2300 1477 2358 factionis
1499 2303 1728 2357 occultae

120 2392 398 2462 patefecit
450 2392 705 2457 insidias,
763 2394 1309 2465 criminatiunumqiic
1363 2410 1427 2452 ac
1477 2395 1725 2449 lraudutn

121 2486 279 2541 idem
314 2485 415 2541 fuit
444 2486 685 2555 proditor
710 2487 797 2557 qui
828 2496 1189 2541 commentor.
1221 2488 1294 2541 Ιιςι
1319 2497 1502 2543 autem
1538 2489 1727 2558 spiritu

121 2577 226 2633 illo
286 2579 571 2634 immundo
644 2581 880 2649 graviter
933 2579 1130 2650 diuque
1199 2589 1421 2637 vexatus
1478 2591 1605 2647 est,
1671 2590 1727 2635 ut

123 2686 201 2727 ne
230 2671 573 2729 orationibus
621 2670 840 2741 quidem
892 2680 1207 2727 Sanctorum
1259 2673 1368 2727 illic
1419 2672 1722 2726 consisteno

122 2762 295 2831 tium,
328 2762 419 2830 qui
460 2764 770 2817 divinorum
802 2761 1188 2817 charismatum
1222 2764 1416 2817 merito
1444 2762 1725 2817 daemoniis

124 2855 499 2924 imperabant,
532 2856 763 2925 pomerii
788 2855 1090 2924 emundari,
1112 2855 1207 2909 sed
1231 2871 1298 2910 ne
1324 2853 1725 2926 ipsiuSqtiidem

129 2955 159 2985 ⁸
192 2948 388 3004 lsidori
420 2948 728 3019 presbyteri
756 2951 931 3018 gratia
955 2948 1245 3019 singularis
1285 2948 1723 3004 crudelissimum

126 3040 201 3095 ab
223 3055 295 3095 eo
320 3042 610 3095 excluserit
633 3053 963 3106 vexatorem,
991 3043 1075 3095 cui
1107 3050 1252 3094 tanta
1279 3052 1395 3095 erat
1426 3042 1592 3096 virtus
1619 3041 1722 3096 Du-

128 3134 270 3189 miiii
302 3136 548 3207 largitate
572 3136 788 3204 collata,
819 3144 879 3190 ut
902 3151 969 3190 ne
1002 3150 1169 3206 usque
1191 3136 1257 3188 ad
1289 3134 1470 3188 limina
1503 3135 1719 3204 quidem

128 3229 252 3297 ejus
285 3201 565 3301 quisquam
596 3201 917 3301 arreptitius
942 3229 1033 3299 qui
1062 3201 1269 3285 tardius
1310 3201 1598 3283 satiaretur
1625 3230 1722 3283 aii-
1750 3201 1797 3268 α

129 3322 355 3391 quando
419 3324 714 3391 perductus
765 3324 866 3389 sit,
928 3324 1142 3378 Christo
1193 3322 1337 3377 hanc
1392 3323 1725 3379 adolescenti

134 3415 452 3485 Paphnutio
480 3417 707 3489 gloriam
738 3426 1074 3483 reservatus,
1101 3426 1157 3470 ut
1191 3418 1334 3473 illius
1366 3426 1571 3471 tantum
1603 3435 1725 3471 ora-

133 3506 380 3567 tionibus
423 3511 507 3563 cui
539 3509 824 3566 insidiatus
871 3508 1045 3565 fuerat
1099 3518 1457 3580 purgantur;
1499 3523 1553 3567 et
1574 3511 1725 3581 cujus

135 3598 287 3655 laudi
313 3599 512 3666 aliquid
558 3601 775 3656 invidus
824 3602 1077 3657 inimicus
1128 3601 1423 3672 decerpere
1465 3620 1525 3658 se
1564 3619 1724 3673 posse

134 3694 464 3761 «ediderat,
497 3696 614 3765 ejus
664 3711 857 3752 nomen
916 3699 1276 3767 proclamans,
1332 3707 1387 3752 et
1431 3698 1611 3753 delicti
1640 3697 1721 3752 sui

138 3787 350 3842 veniam
379 3796 432 3843 et
464 3787 626 3847 finem
673 3788 923 3859 supplicii
953 3792 1234 3860 praesentis
1278 3793 1565 3859 acciperet.
1599 3791 1723 3846 ilice

141 3892 273 3950 ergo
300 3880 388 3938 ille
417 3882 471 3938 in
503 3882 869 3940 adolescentia
898 3898 992 3939 sua
1026 3884 1218 3938 futurae
1247 3881 1446 3936 indolis
1466 3882 1575 3949 jam
1601 3891 1725 3936 tunc

140 3974 341 4031 indicia
371 3977 739 4046 prtellgurans,
769 3977 937 4032 lineas
966 3977 1224 4047 quasdam
1267 3975 1615 4049 perfectionis
1660 3973 1726 4028 il-

144 4063 249 4121 lius
294 4082 410 4138 qute
463 4077 579 4122 erat
624 4071 930 4127 maturitate
977 4067 1219 4139 augenda
1261 4067 1439 4123 adhuc
1470 4066 1524 4121 in
1569 4067 1726 4125 annis

142 4160 441 4230 puerilibus
468 4161 789 4232 designavit.
822 4164 878 4222 Si
925 4164 1083 4234 igitur
1110 4164 1177 4221 ad
1225 4163 1438 4218 culmen
1470 4162 1724 4217 virtutum

1833 1945 1914 1994 tra
1989 1952 2086 1991 nos
2155 1936 2226 1991 sit
2296 1936 2589 2005 praesidio,
2659 1936 3007 1991 collocemus.
3083 1935 3195 1991 Nisi
3273 1938 3415 1992 enim

1831 2038 2065 2083 mentem
2093 2038 2334 2083 nostram
2361 2029 2557 2082 virtute
2586 2029 2940 2097 protectionis
2967 2044 3077 2082 stite
3109 2030 3203 2089 ille
3235 2030 3420 2086 firma-

1832 2124 1973 2178 verit
1997 2124 2086 2193 qui
2116 2124 2167 2177 in
2205 2123 2493 2193 Evaivgclio
2520 2126 2615 2189 ait,
2652 2122 2887 2194 Regnum
2922 2122 3019 2179 Dei
3047 2124 3183 2181 intra
3226 2141 3314 2180 vos
3345 2134 3420 2181 est

1831 2215 1985 2283 (Luc.
2015 2214 2173 2283 xvn),
2208 2214 2406 2273 fi'uStra
2438 2215 2572 2269 aerii
2610 2214 2782 2270 hosus
2816 2216 3060 2279 insidias,
3093 2227 3184 2273 aut
3215 2217 3417 2274 auxilio

1829 2308 2265 2363 utilialiitatitium
2299 2307 2575 2361 hominum
2600 2309 2841 2376 vincere,
2877 2319 2968 2361 aut
3004 2309 3264 2363 localibus
3293 2326 3417 2378 spa-

1829 2396 1917 2452 tiis
1975 2397 2269 2459 declinare,
2305 2406 2397 2451 aut
2450 2398 2751 2453 munitione
2803 2407 3066 2452 tectorum
3124 2400 3417 2457 eniudere

1830 2502 1989 2558 posse
2037 2504 2133 2541 nos
2192 2488 2486 2543 credimus.
2523 2487 2653 2544 Nam
2704 2504 2824 2544 eum
2858 2489 2973 2545 haec
3018 2491 3195 2545 omnia
3226 2501 3416 2548 sancto

1830 2579 2134 2649 Papliuutio
2165 2594 2271 2637 non
2304 2581 2585 2649 deessent,
2622 2589 2797 2635 tamen
2829 2584 3254 2653 impugnationis
3294 2585 3414 2642 adi-

1829 2680 1939 2725 tum
1991 2671 2250 2727 adveriius
2292 2688 2412 2726 eum
2447 2682 2682 2727 teiitator
2722 2674 2964 2728 invenire
3009 2674 3206 2749 potuit;
3236 2691 3418 2744 neque

1827 2764 1978 2816 illum
2030 2764 2421 2831 nequissimum
2463 2766 2714 2836 spiritum
2766 2776 2917 2834 septa
2969 2767 3271 2835 parietum,
3325 2777 3419 2825 aut

1828 2855 1995 2909 eremi
2018 2854 2275 2920 solitudo,
2308 2863 2403 2909 aut
2435 2863 2512 2911 tot
2542 2857 2596 2911 in
2628 2857 2714 2911 illa
2744 2858 3169 2926 cetigregatione
3198 2870 3416 2915 sancto-

1828 2963 1946 3001 rum
1978 2950 2167 3000 merita
2206 2948 2545 3015 repulerunt.
2579 2948 2683 3003 Sed
2715 2951 2841 3018 quia
2869 2962 3085 3006 sanctus
3120 2952 3210 3006 Dei
3241 2951 3418 3009 famu-

1828 3042 1909 3094 lus
1940 3057 2043 3095 non
2088 3042 2141 3095 iii
2175 3040 2258 3095 his
2302 3057 2420 3111 qute
2465 3043 2802 3101 extritiSecus
2848 3053 2994 3108 sunt,
3030 3046 3123 3101 sed
3151 3046 3202 3101 iii
3235 3047 3413 3119 ipsum

1829 3136 2163 3193 occultorum
2192 3134 2432 3190 omnium
2449 3135 2685 3205 judicent
2716 3154 2868 3206 spem
2900 3140 2982 3199 sui
3009 3140 3187 3195 cordis
3216 3142 3415 3197 infixe-

1827 3238 1927 3294 rat,
1963 3236 2125 3284 tanta
2164 3228 2587 3300 impugnationis
2631 3231 2895 3286 machinis
2941 3248 3279 3304 nequaquam
3310 3250 3413 3307 po-

1829 3320 1929 3377 tuit
1958 3322 2310 3377 commoveri.
2358 3322 2424 3377 Et
2453 3339 2484 3379 e
2533 3336 2724 3380 contra
2769 3326 2862 3382 ille
2905 3342 3062 3397 quem
3096 3329 3159 3389 ad
3206 3341 3414 3391 tantum

1828 3418 2038 3474 facinus
2090 3421 2450 3490 praecipitavit
2499 3421 2732 3490 invidia,
2786 3439 2966 3483 nonne
3006 3434 3062 3480 et
3103 3426 3417 3484 solitudinis

1830 3509 2127 3575 beneflcio,
2178 3520 2233 3565 et
2278 3512 2579 3568 monitione
2629 3516 2936 3568 remotioris
2983 3514 3309 3582 habitaculi,
3361 3526 3419 3572 et

1830 3602 1968 3656 beati
2016 3601 2209 3656 lsidori
2257 3602 2469 3657 abbatis
2521 3613 2681 3675 atque
2729 3606 3034 3676 presbyteri
3079 3608 3417 3679 aliorumque

1828 3704 2136 3749 sanctorum
2181 3696 2460 3753 consortio
2502 3695 2818 3752 fruebatur?
2845 3706 2899 3751 et
2935 3706 3114 3755 tamen
3145 3704 3234 3767 qui
3286 3714 3415 3757 eum

1830 3800 1993 3855 supra
2040 3800 2262 3839 arenam
2308 3784 2511 3851 reperit
2543 3785 2699 3841 turbo
2737 3787 3067 3850 diabolicus,
3102 3802 3206 3841 non
3238 3788 3415 3843 solum

1829 3878 2047 3945 impegit
2077 3876 2217 3946 ejus,
2250 3892 2434 3930 verum
2468 3878 2633 3932 etiam
2681 3879 2967 3947 subvertit,
3013 3878 3415 3936 habitaculum?

1828 3971 1945 4026 Non
1977 3985 2106 4041 ergo
2138 3973 2377 4042 quietem
2409 3983 2649 4026 nostram
2683 3972 3022 4031 extrinSccus
3054 3972 3413 4043 inquiramus,

1831 4079 1930 4118 nec
1956 4062 2205 4134 opitulari
2231 4062 2375 4118 vitiis
2402 4064 2749 4135 impatientia:
2778 4073 2976 4120 nostra:
3000 4062 3228 4119 alienam
3262 4072 3416 4134 puteo

1832 4174 1955 4215 mus
1985 4173 2147 4229 posse
2177 4159 2511 4230 patientiam.
2537 4158 2691 4214 Sicut
2729 4156 2874 4213 enim
2905 4173 3120 4228 regnum
3151 4157 3245 4211 Dei
3274 4159 3415 4215 intra

1198 4297 1456 4355 ALARDI
1495 4298 1729 4356 GAZEI
1765 4298 2332 4356 COMMENTARIUS.

221 4419 246 4446 ³
274 4409 673 4482 Presbyterum,
700 4411 884 4475 credo,
915 4411 1001 4467 hic
1040 4420 1093 4465 et
1137 4412 1388 4482 superius
1418 4416 1465 4465 in
1498 4411 1598 4467 hoc
1632 4428 1721 4466 ca-

148 4482 255 4551 pile
288 4482 597 4541 nominavit.
630 4493 685 4536 ut
716 4485 780 4536 ab
810 4483 900 4537 illo
929 4483 1283 4551 distingueret
1313 4483 1515 4537 lsid'tro
1538 4482 1722 4537 Nitrite

148 4555 411 4627 epist‘oiio,
441 4554 603 4627 Cujus
625 4554 867 4627 tiieiitinit
988 4553 1346 4627 llierotiyiiius
1375 4556 1423 4608 iii
1447 4556 1724 4627 cpittiphio

152 4623 435 4697 Paulm‘iiis
460 4625 636 4697 verbis
667 4624 860 4697 (Epist.
885 4625 977 4697 27)
1004 4642 1017 4677 :
1068 4624 1376 4679 Occurreute
1409 4623 1501 4678 sibi
1548 4636 1725 4697 sancto

150 4693 419 4768 venerabili
450 4693 917 4768 episcopolaidoro
957 4693 1275 4768 confessore,
1316 4696 1553 4768 et_turbia
1575 4696 1726 4750 inuu-

151 4767 469 4823 mtrabitibur
504 4766 891 4828 monachorum,
916 4774 1045 4833 etc.,
1064 4766 1235 4836 quem
1267 4777 1323 4822 et
1350 4766 1724 4823 'l'heodurctus

154 4836 290 4890 inter
314 4839 847 4891 aliosmonachorum
879 4823 1064 4893 Pitre's
1095 4823 1194 4891 una
1218 4853 1339 4891 cum
1364 4838 1594 4892 Macario
1623 4840 1725 4893 sub
1756 4823 1802 4881 Ῑ)

156 4906 294 4961 Lucii
326 4907 505 4961 Ariani
529 4906 809 4977 tyrannide
832 4910 1018 4963 exsilio
1046 4909 1339 4977 relegatum
1371 4909 1559 4964 scribit
1582 4908 1719 4967 (Lib.

153 4993 201 5032 iv
231 4995 274 5032 c.
310 4979 417 5047 l9),
444 4980 791 5048 quamobrem
814 4981 1132 5033 confesmri~
1160 4984 1313 5035 titulo
1339 4984 1533 5034 meruit
1560 4980 1727 5034 hono-

157 5051 444 5122 rari;qiiq
478 5050 695 5122 nomine
738 5051 911 5122 nullus
953 5051 1077 5104 oliui
1121 5052 1382 5122 appellari
1422 5054 1723 5116 consuevit,

158 5120 250 5174 nisi
277 5124 361 5189 qtti
386 5120 584 5174 ChriSIi
619 5118 774 5173 ﬁdem
803 5118 1174 5191 interpellatus
1197 5118 1375 5176 curam
1411 5123 1529 5177 fidei
1560 5122 1727 5176 hosti-

160 5190 249 5244 bus
268 5192 542 5264 confessus
570 5200 1007 5264 essetputjnotat
1035 5193 1292 5246 Bnronius
1324 5195 1372 5245 in
1411 5194 1729 5264 Martyrolo-

158 5266 290 5328 gium
317 5263 372 5334 (ἓ
402 5260 801 5334 Januarii)._At
832 5262 1066 5334 Isidorus
1096 5264 1179 5316 hic
1223 5266 1501 5334 presbyter
1541 5260 1595 5316 et
1633 5263 1725 5316 ab.

161 5280 290 5328 giiitii
317 5280 372 5334 (τ
402 5280 699 5331 Januarii).
734 5280 801 5315 Al
832 5280 1066 5317 ls'ltlurllS
1096 5280 1179 5316 ntc
1223 5280 1501 5383 ριθδυῖιθπ
1541 5280 1595 5316 et
1633 5280 1724 5316 aus

161 5336 267 5394 bas.
297 5336 362 5387 de
391 5349 497 5403 quo
525 5334 611 5387 Itic
642 5331 833 5400 agitur,
870 5332 958 5385 ille
987 5349 1104 5387 esse
1135 5334 1343 5386 videtur
1371 5351 1435 5403 tu
1482 5349 1587 5402 quo
1622 5334 1724 5387 So-

161 5402 422 5469 xomerius,
454 5407 519 5458 de
574 5407 857 5457 monachis
900 5403 1110 5472 .‘Egypti
1143 5419 1306 5473 agetis
1334 5421 1343 5455 :
1386 5402 1484 5454 ΡΝ
1514 5403 1567 5473 id
1600 5414 1723 5457 tem.

161 5477 308 5541 poris,
341 5475 434 5541 ait,
480 5478 613 5530 inter
659 5478 935 5530 monachos
967 5474 1119 5544 longe
1160 5472 1492 5528 illustrissimi
1544 5472 1730 5530 Patres

163 5560 291 5599 erant
317 5546 572 5608 Isidorus,
604 5545 857 5615 Serapion
887 5558 933 5601 et
964 5543 1262 5597 Dioscorus.
1294 5544 1526 5597 Isidorus
1548 5559 1722 5597 tuatim

164 5620 357 5670 alet-ium
388 5618 614 5685 undique
641 5620 800 5671 cinxit
822 5633 967 5670 muro
996 5627 1042 5669 et
1064 5616 1244 5670 sedulo
1272 5617 1485 5685 providit
1508 5632 1568 5669 ne
1590 5618 1727 5684 quia-

164 5703 304 5757 qttam
345 5705 516 5742 eorum
558 5690 647 5761 qui
683 5689 823 5743 imus
866 5698 1011 5742 erant
1038 5696 1381 5761 egrederetur,
1435 5703 1515 5761 res
1558 5697 1727 5761 temeri

169 5773 324 5815 omnes
355 5758 651 5816 haberet'ad
672 5762 824 5815 vitam
846 5758 1178 5819 necessarias.
1207 5760 1271 5823 Et
1302 5758 1571 5823 Palladius
1590 5758 1726 5823 Lati-

170 5830 299 5889 siaca
326 5833 415 5900 7i.
456 5833 553 5893 ubi
576 5834 719 5895 inter
742 5829 852 5891 ulla
875 5831 1036 5889 refert
1066 5831 1360 5897 monachos
1389 5833 1507 5907 ejus
1541 5845 1726 5893 mona-

1826 4411 1977 4483 sterii
2009 4426 2196 4483 magna
2244 4412 2541 4470 sanctitatis
2570 4422 2626 4470 et
2655 4413 3037 4470 miraculorum
3074 4415 3245 4483 gratia
3277 4430 3414 4483 prae-

1825 4481 1968 4540 ditos
2000 4482 2189 4555 fuisse;
2224 4484 2363 4548 quod
2418 4484 2541 4540 huic
2590 4485 2708 4539 loco
2741 4487 2871 4541 satis
2897 4481 3164 4555 congruit.
3198 4481 3290 4540 ubi
3317 4487 3418 4541 lsi-

1827 4555 1942 4633 dori
1965 4554 2266 4633 hujusmodi
2292 4559 2457 4633 gratia
2472 4557 2755 4633 singularis
2775 4554 3127 4633 tiiemora’tur.
3144 4559 3413 4633 Caeterum

1827 4639 1893 4678 an
1922 4625 1965 4677 is
1983 4627 2257 4698 situquem
2301 4625 2713 4698 Socrates-luo.
2743 4644 2796 4682 vi
2822 4644 2869 4683 ε.
2901 4628 2981 4698 9),
3018 4630 3236 4683 ltulintis
3269 4627 3413 4696 (Lib.

1828 4712 1939 4771 ιλςεἶ
1971 4694 2047 4771 ιλ,
2077 4694 2405 4771 Sozouieiius
2437 4694 2592 4770 (Lib.
2622 4714 2713 4755 vni
2756 4716 2802 4755 c.
2837 4694 2947 4769 l2),
3003 4694 3319 4771 Evagriusf
3346 4699 3412 4755 In

1840 4765 1966 4825 Vilis
1995 4764 2234 4833 Patrum)
2265 4764 2593 4837 collaudant,
2626 4788 2785 4836 quem
2812 4764 3021 4827 cuiiStat
3064 4764 3250 4827 iisdem
3282 4764 3417 4826 tetu-

1832 4837 2049 4907 poribus
2081 4853 2269 4901 magna
2297 4844 2595 4897 sanctitate
2626 4844 2761 4894 fama
2807 4844 3025 4900 vixisse.
3062 4844 3240 4897 malim
3270 4843 3419 4896 dubi-

1829 4908 2450 4982 tare_qu_-im_afflrnitire,
2486 4915 2731 4982 quamvis
2770 4914 2821 4969 iti
2875 4924 3079 4982 paitcm
3129 4921 3417 4982 negantem

1830 4928 2450 4988 lill't'llll‘lﬂl.illlll'nlill'e,
2486 4928 2731 5034 qluamvn
2770 4928 2821 4969 ltt
2875 4928 3079 4982 pattcm
3129 4928 3417 4982 negantem

1830 4992 1999 5053 magis
2031 4980 2305 5033 inclinem.
2329 4981 2456 5036 Nam
2490 4986 2499 5034 i
2530 4983 2578 5037 ie
2607 4992 2789 5053 postea
2818 4985 2881 5036 ad
2908 4986 3241 5049 Origenistas
3265 4983 3417 5038 defe-

1830 5051 1925 5112 cit,
1957 5059 2008 5122 et
2033 5064 2220 5122 eorum
2270 5051 2633 5122 propugnator
2672 5063 2727 5108 et
2756 5056 2944 5109 ductor
2976 5054 3197 5109 rﬂ‘ectus
3241 5054 3419 5119 pristi-

1832 5137 1951 5194 nam
1994 5121 2591 5194 laudem_oiiscuravu.
2653 5126 2725 5179 De
2776 5141 2881 5194 quo
2936 5124 2996 5178 Ι).
3059 5124 3417 5194 Hieronymus

1831 5192 1992 5259 epist.
2023 5193 2084 5247 61
2122 5191 2185 5244 ad
2222 5192 2622 5249 Paitimacliitttti
2653 5206 2707 5251 et
2737 5191 3169 5261 Ctesiphontem.
3213 5191 3417 5251 alcino-

1835 5271 1984 5315 l'dllll‘
2014 5272 2066 5317 et
2094 5264 2233 5316 alius
2264 5262 2499 5321 lsidorus
2530 5269 2818 5323 sanctitate
2847 5276 2993 5329 vitai,
3028 5267 3132 5325 [ide
3164 5277 3213 5323 et
3251 5267 3416 5322 inira-

1836 5334 1968 5409 culis
2018 5335 2225 5409 c_l_ar_us,_
2262 5334 2329 5387 de
2369 5353 2477 5409 quo
2510 5337 2947 5409 Martyrologiutii
2994 5338 3294 5409 lintnanum
3356 5338 3420 5391 l5

1837 5404 2091 5479 lanuai'ii.
2117 5405 2184 5459 At
2214 5404 2351 5479 hunc
2370 5405 2506 5479 alibi
2534 5404 2879 5477 potiiisqiiam
2901 5408 3201 5479 itiAigypto
3224 5409 3421 5463 vixisse

1833 5488 2010 5535 censet
2030 5476 2323 5549 _Barotiius.
2366 5476 2604 5549 Denique
2635 5476 2968 5534 clarissimus
2998 5476 3049 5534 iii
3077 5476 3193 5535 hoc
3223 5494 3423 5549 genere

1830 5547 2219 5608 monachorum
2242 5547 2531 5601 etnomine
2558 5552 2763 5604 exstitit
2786 5549 3028 5608 isidorus
3054 5551 3144 5607 ille
3175 5547 3422 5611 Pelusio-

1829 5632 1915 5680 tes
1945 5618 2170 5675 Joannis
2194 5614 2568 5688 Ch‘ySUSlflllli
2621 5620 2940 5687 diaClpulllS.
2980 5633 3033 5677 et
3063 5624 3203 5679 inter
3247 5623 3424 5678 eccle-

1832 5691 2074 5764 siasticos
2106 5696 2407 5758 scriptores
2436 5690 2656 5764 Graecos
2678 5692 2930 5758 celi-bris,
2958 5709 3104 5764 saepe
3126 5692 3177 5755 in
3212 5694 3295 5751 liis
3327 5708 3427 5749 uo.

1833 5761 2125 5893 amnibus
2176 5764 2385 5823 mittitis
2410 5802 2425 5829 ,
2460 5762 2528 5831 de
2567 5779 2674 5838 quo
2712 5761 3153 5840 Martyrologium
3193 5764 3355 5829 Rom.
3388 5764 3430 5829 ὁ

1878 5850 1993 5893 ODl‘.
