4044 6190
93 311 228 372 1111

95 517 292 574 mirum
325 530 448 571 esse
477 531 584 570 non
627 519 842 584 puterit.
873 512 1002 567 Nam
1049 513 1173 567 licet
1213 514 1356 567 buuc
1390 511 1666 567 Nicolaum

94 609 313 679 quidam
356 616 604 662 asserunt
651 621 755 661 non
808 605 958 660 illum
1016 603 1206 672 fuisse,
1237 613 1258 640 ⁸
1293 605 1381 674 qui
1428 605 1492 658 ad
1538 619 1676 675 opus

97 701 384 756 ministerii
416 701 486 755 ab
511 702 771 770 apostolis
791 706 875 752 est
902 699 1140 762 electus;
1172 697 1524 752 nihilominus
1551 696 1579 736 δ
1605 707 1677 752 ta-

98 809 224 849 men
250 809 372 847 eum
403 794 472 847 de
498 793 595 848 illo
615 791 1001 860 d.scipulorum
1033 791 1202 845 tuisse
1226 806 1452 845 numero
1481 805 1680 860 negare

97 902 208 942 non
244 895 488 954 possunt,
512 899 651 955 quos
683 899 870 938 omnes
902 884 1037 938 tales
1069 895 1292 953 tamque
1333 881 1600 953 pellectos
1627 884 1680 937 in

96 988 342 1047 tempore
366 977 459 1032 illo
481 981 646 1031 fuisse
675 977 1015 1030 manileStum
1043 985 1146 1036 est,
1178 977 1369 1045 quales
1395 992 1536 1029 nunc
1560 990 1683 1045 per-

97 1085 299 1141 paucps
319 1072 412 1124 vis
440 1085 492 1123 in
519 1070 785 1125 coenobiis
815 1071 1134 1123 invenimus.
1165 1067 1280 1122 Non
1311 1083 1443 1138 ergo
1467 1069 1678 1123 ruinam

97 1170 246 1227 illius
277 1171 571 1240 supradicti
605 1170 803 1232 fratris,
833 1169 924 1240 qui
953 1170 1007 1224 in
1040 1170 1126 1223 illa
1167 1185 1359 1253 eremo
1387 1180 1496 1224 tam
1527 1171 1684 1240 lugu-

99 1276 187 1332 bri
211 1277 390 1347 lapsus
413 1287 496 1330 est
520 1291 667 1342 casu,
685 1289 859 1344 neque
879 1274 1021 1328 illam
1041 1274 1359 1329 horribilem
1392 1275 1681 1342 maculam,

100 1392 264 1448 quam
320 1387 500 1433 tamen
555 1377 646 1432 ille
695 1378 1003 1447 ingentibus
1049 1377 1378 1444 paenitentia:
1435 1378 1686 1448 lacrymis

101 1489 230 1551 post
258 1480 439 1542 diluit.
462 1481 556 1535 sed
589 1479 730 1535 beati
764 1482 940 1550 potius
988 1479 1280 1550 Paphnutii
1307 1481 1464 1535 nobis
1489 1496 1688 1550 propo-

104 1596 298 1637 namus
332 1583 616 1651 exempla;
648 1597 717 1638 ne
750 1579 1110 1638 subversione
1142 1583 1281 1636 illius
1315 1582 1684 1648 destruantur,

88 1684 258 1753 ‘cujus
286 1683 566 1752 antiquum
599 1681 818 1737 invidia:
844 1684 1034 1736 vitium
1074 1683 1240 1737 etiam
1275 1683 1425 1736 auxit
1453 1683 1505 1736 in
1537 1683 1690 1752 pejus

477 380 484 383 _
690 303 1036 367 COLLATIO
1070 306 1259 365 XVIII.
1290 335 1365 352 -
1390 308 1480 365 DE
1517 303 1774 368 TRIBUS
1810 308 2204 368 GENERlBUS
2241 306 2748 368 MONACHORUM.

92 423 347 482 homines
376 428 688 478 sanctorum
719 419 903 476 ordini
930 419 1411 490 deprehenduntur
1459 421 1668 484 inserti,
1697 426 1753 485 Α

3216 310 3358 371 “Si

2344 421 2573 478 CAPUT
2615 421 2777 477 XVII.

2297 515 2372 570 De
2416 514 2622 569 invidia:
2669 514 2827 569 malo.

1848 605 2141 663 Sciendum
2184 623 2315 662 sane
2357 619 2439 662 est
2470 618 2492 646 ο
2524 609 2744 661 invidia:
2784 606 3036 662 morbum
3081 605 3360 662 difﬁcilius

1777 700 1844 756 ad
1876 700 2140 755 medelam
2171 717 2330 770 quam
2360 712 2557 756 caetera
2588 702 2714 756 vitia
2741 703 3046 772 perieuire.
3077 701 3209 757 Nam
3233 717 3356 756 eum

1780 809 1937 863 quem
1963 793 2128 848 semel
2160 793 2352 847 veneni
2378 795 2459 847 sui
2492 804 2640 858 peste
2679 797 3005 864 corruperit,
3040 810 3176 864 pene
3207 794 3359 850 disc-

1786 885 1885 939 rim
1908 899 2095 939 carere
2125 885 2385 939 remedio.
2421 885 2538 953 Ipsa
2581 900 2812 954 namque
2858 895 2944 940 est
2985 886 3103 940 lues
3136 887 3205 940 de
3252 902 3359 956 qua

1785 978 2078 1047 liguialiter
2108 979 2305 1031 dicitur
2345 992 2438 1045 per
2470 978 2788 1046 prophetam
2824 993 2840 1031 :
2878 976 3017 1031 Ecce
3043 995 3133 1048 ego
3161 986 3362 1032 mittam

1783 1068 1920 1122 vobis
1943 1065 1966 1104 ἀ
1996 1077 2251 1139 serpentes
2281 1069 2487 1137 regulos
2507 1067 2693 1137 quibus
2732 1085 2835 1121 non
2877 1080 2951 1122 est
2974 1070 3281 1131 incantatio,
3316 1079 3365 1122 et

1787 1164 2087 1216 mordebant
2113 1179 2200 1216 vos
2230 1162 2443 1224 (Jerem.
2477 1169 2612 1229 vui).
2644 1161 2813 1217 Recte
2844 1164 3002 1231 igitur
3038 1179 3065 1214 a
3097 1163 3362 1232 prapheta

1787 1256 2084 1311 mortiferis
2107 1257 2338 1310 bastllSCi
2359 1258 2584 1310 venenis
2607 1272 2820 1312 morsus
2838 1255 3054 1311 invidia:
3081 1273 3364 1324 compara-

1789 1355 1896 1410 tur,
1919 1363 2025 1417 qua
2057 1350 2266 1418 primus
2296 1348 2387 1404 ille
2412 1364 2748 1404 venenorum
2776 1350 3016 1403 omnium
3069 1363 3261 1403 auctor
3311 1357 3365 1404 et

1788 1440 2037 1508 princeps
2063 1451 2112 1492 et
2147 1440 2310 1508 periit
2336 1448 2390 1494 et
2421 1441 2668 1509 peremit.
2707 1440 2836 1495 Nam
2880 1451 3005 1494 ante
3045 1454 3178 1494 suns
3204 1456 3366 1496 uuam

1788 1531 1904 1601 ejus
1935 1533 2020 1585 cui
2062 1532 2328 1586 inviderat
2363 1531 2738 1599 interemptor.
2770 1535 3080 1599 priusquam
3109 1549 3163 1588 in
3197 1546 3368 1588 nomt-

1789 1641 1909 1681 nem
1941 1625 2129 1680 mortis
2145 1625 2297 1680 virus
2318 1623 2644 1690 eﬂunderet,
2671 1628 2785 1694 ipso
2806 1641 2866 1680 se
2892 1626 3142 1694 perdidit.
3161 1626 3367 1681 Invidia

1789 1719 1923 1772 enim
1975 1718 2170 1772 diaboli
2202 1735 2339 1772 mors
2376 1719 2609 1772 introivit
2647 1718 2698 1771 in
2729 1717 2900 1773 orbem
2928 1729 3182 1772 terrarum
3203 1719 3364 1787 (Sap.

100 1784 351 1840 aliectata
399 1784 611 1856 religio,
639 1785 734 1840 sed
766 1785 923 1856 hujus
950 1785 1309 1841 humilitatem
1344 1794 1450 1840 tota
1484 1787 1683 1841 virtute

1796 1810 1882 1879 It),
1916 1811 2195 1864 imitantur
2220 1824 2398 1866 autem
2433 1810 2583 1863 illum
2625 1809 2719 1878 qui
2763 1820 2886 1864 sunt
2919 1825 2987 1864 ex
3017 1819 3166 1879 parte
3202 1809 3368 1864 illius.

101 1899 405 1955 sectemur,
439 1902 599 1955 quam
631 1902 737 1942 non
770 1887 846 1941 illi
881 1888 1038 1956 quies
1061 1889 1231 1943 eremi
1271 1887 1450 1944 subito
1475 1889 1683 1958 genuit,

96 1988 195 2043 sed
226 1987 371 2043 inter
401 1987 650 2043 homines
674 1988 995 2058 acquisitam
1027 1989 1196 2058 lLips.
1218 1991 1271 2044 in
1294 2008 1462 2064 marg.
1496 1991 1686 2062 acqui-

100 2089 227 2162 sita]
254 2091 652 2148 consummavit
677 2099 840 2162 atque
868 2103 1104 2149 excoluit
1131 2094 1394 2151 solitudo.

1797 1901 1950 1957 Sicut
1977 1901 2119 1956 enim
2153 1903 2242 1956 ille
2272 1902 2361 1972 qui
2396 1902 2604 1970 primus
2629 1900 2870 1970 ejusdem
2911 1902 3037 1956 mali
3069 1915 3220 1971 peste
3249 1916 3371 1956 cor-

1795 2006 1986 2066 ruptus
2017 2004 2120 2063 est,
2143 2012 2246 2052 nec
2269 1996 2532 2052 medelam
2559 1996 2913 2062 paenitentia,
2941 2011 3040 2050 nec
3071 1995 3371 2054 fomentum

1790 2092 1955 2147 ullius
1982 2092 2282 2146 curationis
2303 2091 2547 2159 admisit,
2565 2093 2635 2144 ita
2667 2099 2722 2144 et
2747 2090 2802 2144 hi
2833 2089 2922 2158 qui
2945 2089 3137 2145 iisdem
3161 2104 3222 2146 se
3250 2105 3372 2160 per-

1789 2183 2076 2242 cutieudos
2133 2183 2404 2240 morsibus
2447 2180 2806 2248 tradiderunt,
2864 2188 2886 2217 ε
2935 2194 3153 2238 omnem
3209 2194 3370 2251 opem

1166 2319 1423 2375 ALARDI
1459 2318 1690 2376 GAZJEI
1727 2314 1917 2374 COMM
1930 2316 2297 2372 ENTARIUS.

101 2415 231 2468 citer
256 2422 424 2466 autem
454 2414 619 2480 fateor
645 2414 882 2467 charitati
908 2424 1084 2468 vestra:
1114 2429 1286 2466 coram
1319 2412 1539 2466 Domino
1575 2413 1683 2467 Deo

104 2494 301 2543 nostro.
326 2485 418 2554 qui
430 2485 587 2556 testis
614 2497 683 2538 est
704 2501 856 2556 super
885 2487 1112 2556 animum
1137 2501 1318 2542 meam.
1355 2501 1420 2538 ea:
1448 2502 1549 2555 quo
1578 2483 1684 2537 Deo

108 2559 290 2609 servire
311 2555 458 2626 ccepi,
493 2571 592 2622 quo
620 2555 773 2608 modo
791 2555 1006 2624 difﬁcile
1031 2572 1146 2609 sum
1182 2567 1424 2622 expertus
1453 2556 1686 2608 meliores

110 2643 257 2689 quam
277 2629 358 2689 qui
374 2627 426 2678 in
443 2627 763 2679 monasteriis
791 2626 1225 2695 profecerunt,ita
1252 2642 1353 2678 non
1380 2642 1475 2678 sua
1501 2641 1685 2694 exper-

111 2705 189 2749 tus
213 2697 404 2764 pejores
437 2712 588 2762 quam
618 2698 704 2763 qui
733 2700 784 2749 in
818 2697 1140 2749 monasteriis
1169 2696 1502 2761 ceciderunt;
1524 2695 1598 2748 ita
1628 2705 1684 2750 ut

113 2768 226 2819 hinc
262 2766 479 2819 arbitrer
505 2768 560 2818 in
596 2767 908 2836 Apocalypsi
948 2769 1198 2833 scriptum
1225 2782 1242 2817 :
1267 2764 1452 2820 Justus
1489 2768 1683 2836 justior

112 2838 220 2907 ﬁat,
251 2847 296 2890 et
317 2836 558 2907 sordidus
580 2837 841 2889 sordesrat
867 2837 1063 2891 adhuc.
1095 2838 1422 2903 Quapropter
1443 2839 1535 2890 etsi
1560 2855 1686 2894 con-

113 2906 372 2962 tristamur
399 2908 460 2959 de
483 2906 738 2975 aliquibus
758 2909 1110 2978 purgamentis
1129 2922 1152 2978 ;
1175 2907 1502 2962 consolamur
1522 2917 1691 2964 tamen

113 2980 261 3032 etiam
312 2978 376 3030 de
422 2977 1032 3050 pluribusdornamentis.
1067 2977 1265 3050 _Nolite
1314 2995 1436 3050 ergo
1483 2989 1692 3047 propter

111 3064 397 3110 amurcam,
421 3064 519 3109 qua
548 3047 686 3100 oculi
727 3051 876 3102 vestri
903 3047 1252 3115 offenduntur,
1278 3047 1559 3102 toreularia
1602 3052 1691 3103 de-

114 3119 308 3179 testari,
337 3119 474 3170 unde
501 3119 764 3181 apotherte
805 3119 1078 3172 dominica:
1103 3119 1275 3188 fructu
1325 3120 1423 3173 olei
1464 3122 1690 3174 lumino-

112 3191 262 3244 sioris
284 3190 578 3259 implentur.
603 3189 868 3243 Hactenus
888 3191 944 3244 ὃ.
974 3193 1319 3257 Augustinus,
1344 3192 1540 3259 quibus
1557 3193 1687 3248 nihil

112 3260 285 3326 magis
308 3259 767 3314 acconnnodatmii
803 3261 926 3314 huic
958 3263 1074 3313 loco
1103 3260 1297 3316 afferre
1320 3265 1506 3322 potuit.

186 3330 453 3398 ‘Sepletn
493 3330 635 3383 enim
681 3331 938 3384 ιΙιειροιιιιε
984 3331 1052 3386 ab
1095 3331 1356 3398 apostolis
1405 3333 1608 3388 electos
1636 3344 1692 3391 et

111 3401 410 3466 ordinatos,
448 3401 498 3453 iu
531 3403 724 3470 quibus
760 3400 1008 3456 Nicotaus
1052 3403 1254 3458 advena
1298 3405 1688 3469 Antiochenus,

113 3473 280 3526 tradit
307 3471 478 3526 Lucas
501 3472 643 3536 (Aet.
670 3475 744 3537 vt)
774 3489 788 3528 :
814 3473 1180 3535 Convocantes,
1203 3475 1390 3539 inquit,
1417 3477 1690 3531 duodecim

115 3543 396 3613 (apostoli)
419 3542 796 3596 umltitudinem
835 3543 1214 3611 disi-ipulorum
1246 3547 1483 3600 dixerunt
1515 3565 1534 3600 :
1567 3547 1690 3602 Non

114 3623 192 3668 est
211 3629 414 3683 (equum
439 3629 529 3665 nos
558 3613 908 3683 derelinquere
940 3617 1142 3667 verbum
1177 3615 1290 3680 Dei,
1327 3628 1373 3670 et
1401 3619 1691 3673 ministrare

115 3687 327 3738 mensis.
358 3682 690 3738 Considerate
719 3701 858 3749 ergo,
894 3685 1100 3753 fratres,
1138 3689 1275 3739 viros
1310 3703 1373 3740 ex
1407 3688 1544 3740 vobis
1576 3689 1693 3742 boni

117 3755 396 3808 testimonii
440 3767 650 3824 septem,
681 3755 858 3820 plenos
892 3755 1092 3823 Spiritu
1120 3765 1298 3808 sancto
1320 3768 1369 3807 et
1409 3760 1687 3823 sapientia,

116 3841 247 3895 quos
273 3829 641 3879 constituamus
685 3839 838 3895 super
885 3825 977 3876 hoc
1003 3840 1150 3895 Opus,
1174 3835 1277 3884 etc.
1315 3827 1380 3879 Et
1416 3825 1551 3880 inlra
1586 3826 1695 3880 :Et

117 3894 382 3965 elegerunt
411 3895 752 3961 Stephanum,
783 3894 948 3965 virum
995 3894 1202 3965 plenum
1240 3895 1362 3960 ﬁde,
1392 3903 1439 3949 et
1491 3897 1694 3962 Spiritu

115 3963 320 4028 sancto,
352 3975 401 4019 et
444 3965 768 4031 Philippum.
803 3972 848 4014 et
891 3963 1232 4019 Prochorum.
1273 3975 1319 4018 et
1355 3965 1691 4031 Nicanorem,

118 4047 169 4091 et
225 4035 516 4100 Timonem,
558 4044 606 4088 et
663 4032 996 4098 Parmenum,
1027 4042 1073 4086 et
1129 4033 1405 4088 Nicolaum
1449 4037 1696 4091 advenam

115 4107 516 4163 Antiochenam.
547 4104 658 4158 Hos
677 4113 967 4177 statuerunt
993 4112 1113 4159 ante
1137 4117 1462 4177 conspectum
1488 4119 1698 4174 aposto-

116 4179 312 4240 lorum,
340 4186 386 4231 et
436 4187 639 4230 orantes
668 4176 1020 4241 imposuerunt
1045 4177 1120 4230 eis
1159 4176 1364 4232 manus.
1395 4178 1490 4233 Est
1516 4189 1694 4235 autem

114 4249 323 4312 duplex
373 4248 718 4318 diaconoruin
763 4246 1140 4318 ministerium,
1174 4263 1204 4301 a
1246 4263 1354 4318 quo
1396 4257 1450 4304 et
1499 4267 1694 4307 nomen

114 4326 446 4384 acceperunt
474 4317 732 4387 (διάκονος
779 4319 920 4372 enim
965 4317 1154 4372 Latino
1195 4317 1444 4375 minister
1473 4321 1691 4388 dicitur,

117 4406 225 4446 nec
256 4389 430 4460 qualis
451 4393 622 4454 qualis
648 4389 1020 4451 minister.seil
1053 4390 1337 4457 expeditus
1367 4391 1432 4445 ad
1464 4397 1698 4448 servien~

118 4462 276 4524 dum,
331 4472 629 4532 promptus,
679 4460 1056 4532 obsequiosus)
1093 4460 1366 4532 :alternm
1417 4465 1697 4532 spiritualc

121 4541 184 4586 et
210 4531 656 4597 ecclesiasticum,
689 4547 794 4602 quo
819 4530 1027 4585 diaconi
1056 4531 1322 4600 t-piscOpis
1348 4543 1404 4587 et
1447 4530 1700 4589 sacerdo-

1715 3241 1763 3306 C

1789 2419 1846 2466 et
1900 2408 2178 2473 smenlare,
2206 2418 2262 2460 ut
2310 2409 2497 2463 volunt
2546 2405 2783 2470 sectarii,
2835 2421 2942 2474 quo
2993 2406 3375 2477 eleemosynas

1794 2493 2038 2548 tempore
2067 2479 2317 2533 sacriﬁcii
2344 2496 2372 2533 a
2406 2479 2654 2532 [ldelibus
2681 2479 2747 2531 ad
2774 2479 2944 2532 altare
2980 2479 3205 2544 oblatas,
3235 2491 3285 2531 et
3325 2480 3376 2535 in

1791 2551 2036 2606 ecclesia:
2084 2566 2331 2604 :crarnnn
2385 2549 2711 2611 reconditas,
2762 2549 2814 2602 in
2872 2563 3132 2615 pauperes
3191 2550 3376 2605 viduas

1791 2623 1917 2691 (sub
1938 2621 2128 2690 quibus
2151 2634 2201 2674 et
2235 2621 2324 2675 alii
2359 2635 2623 2690 pauperes
2653 2619 3222 2691 comprelieudut‘itnr)
3252 2637 3377 2675 ero-

1790 2690 2002 2762 gabant.
2027 2693 2192 2757 Hujus
2219 2693 2559 2748 solummodo
2589 2692 2872 2746 ministerii
2908 2690 3150 2762 meminit
3179 2690 3378 2756 Lucas,

1791 2761 1932 2834 quod
1966 2768 2098 2817 satis
2125 2764 2375 2818 habuerit
2400 2764 2740 2818 occasionem
2785 2761 3146 2834 ordinationis
3187 2778 3378 2817 eorum

1793 2831 2075 2898 enarrare,
2108 2844 2284 2888 artam
2312 2835 2522 2890 scilicet
2545 2850 2614 2889 ex
2640 2849 2912 2886 murmure
2941 2831 3251 2886 Graacorum
3284 2835 3380 2887 ad-

1793 2921 1983 2960 versus
2033 2906 2306 2966 llebrteos,
2340 2923 2396 2958 eo
2435 2906 2571 2972 quod
2603 2904 2985 2973 despicerentur
3009 2904 3178 2957 vidua:
3205 2922 3380 2960 eorum

1792 2978 1846 3030 in
1876 2975 2161 3029 ministerio
2183 2976 2503 3043 quotidiana,
2524 2975 2574 3029 id
2604 2985 2705 3038 est,
2739 2975 2788 3026 in
2812 2974 3123 3042 quotidiana
3146 2976 3380 3030 eleento-

1793 3063 2047 3119 synarutn
2098 3046 2499 3119 distributione:
2548 3046 2622 3119 De
2687 3043 3034 3119 hocAitiileni
3079 3047 3371 3119 ininisterit'

1792 3114 1848 3172 δ’.
1887 3120 1993 3172 Leo
2024 3118 2074 3170 in
2098 3131 2348 3170 sermone
2376 3119 2442 3172 de
2471 3117 2528 3170 S.
2565 3114 2856 3187 Laurentio
2886 3115 2959 3169 ita
2987 3117 3064 3170 ait
3100 3135 3111 3168 :
3150 3115 3271 3171 Non
3301 3135 3356 3187 so

1793 3190 1902 3242 lum
1928 3189 2207 3242 ministerio
2252 3188 2721 3259 Sacramentorum.
2745 3185 2834 3259 sed
2861 3188 3013 3240 etiam
3042 3185 3352 3259 dispensatio

1794 3277 1857 3314 ne
1898 3259 2255 3314 ecclesiastica:
2298 3257 2594 3313 substantia:
2622 3257 3004 3328 praeminebat.
3039 3257 3134 3313 Ali
3154 3262 3256 3314 hoc
3278 3276 3374 3329 au-

1797 3343 1904 3385 tem
1945 3346 2166 3385 munere
2194 3330 2437 3403 diaconna
2469 3330 2726 3403 dieta_est
2767 3335 2876 3398 ipsa
2906 3329 3372 3403 eleemosynarutlt

1794 3403 2217 3466 administratio,
2253 3413 2305 3455 et
2344 3400 2678 3470 dispensatio
2723 3417 2830 3454 non
2869 3411 3075 3455 tantum
3107 3400 3373 3470 diaciuiif.

1795 3473 1888 3528 sed
1920 3483 1975 3527 et
2000 3475 2118 3527 aliis
2145 3460 2407 3526 committi
2434 3460 2625 3536 solita;
2653 3471 2722 3526 de
2748 3486 2851 3540 qua
2874 3474 3121 3538 superius
3144 3460 3373 3540 cgiinu’e,

1795 3553 1849 3597 et
1901 3545 2033 3597 intra
2091 3558 2276 3612 rursus
2320 3542 2489 3596 aeturi
2535 3559 2743 3595 sumus.
2794 3541 2923 3594 Vide
2963 3541 3024 3594 D.
3060 3541 3379 3612 Gregorium

1795 3613 1888 3668 lib.
1925 3631 1978 3667 Ix
2011 3611 2250 3668 indic-L4
2281 3625 2439 3678 Cp'S'.
2468 3613 2558 3666 24.

1867 3683 1894 3721 ι’
1926 3684 2118 3738 Fertur
2145 3683 2280 3735 liber
2312 3683 2583 3751 Hippolyti
2627 3682 2693 3751 de
2724 3679 3062 3751 septuaginta
3098 3681 3381 3749 discipulis

1795 3753 1994 3807 Christi
2027 3753 2208 3824 (Hisr.
2235 3752 2286 3803 in
2317 3749 2612 3824 Catalogo),
2647 3750 2733 3824 ubi
2765 3749 3038 3824 NlCUlalllll
3066 3752 3376 3824 diacoiium,

1798 3832 1857 3876 ut
1889 3821 2061 3877 virum
2113 3822 2217 3875 title
2259 3822 2525 3874 catholica
2578 3822 2892 3888 probatum,
2923 3821 2988 3874 ad
3037 3823 3383 3879 snhliiniores

1798 3894 2015 3948 ordines
2049 3902 2373 3961 promotum,
2405 3901 2458 3946 et
2488 3894 2554 3944 ab
2599 3891 2862 3960 aposmlis
2891 3901 3132 3946 creatum
3161 3896 3376 3963 episco-

1799 3979 1922 4032 pum
1955 3965 2347 4019 Samaritanum
2373 3972 2618 4017 testatur.
2647 3963 2740 4018 Ctii
2768 3967 3040 4018 consentit
3070 3964 3376 4021 Dorotlicus

1798 4035 1852 4089 iti
1879 4035 2131 4105 Synopsi.

1875 4116 1896 4144 ε
1920 4102 2294 4174 ’Ξιὼεςῃίδιιηῑ
2338 4104 2545 4160 Patres.
2587 4102 2891 4173 Cyprianus
2922 4104 3060 4174 (Lib.
3095 4106 3157 4160 de
3184 4105 3308 4163 Zelo
3337 4120 3386 4164 et

1798 4175 2014 4246 Livore)
2050 4196 2061 4230 :
2097 4173 2333 4229 Facilior
2360 4192 2487 4229 cura
2513 4186 2585 4228 est
2613 4217 2627 4237 ,
2671 4176 2756 4228 ubi
2797 4177 2956 4246 plaga
2987 4179 3264 4246 perspicua
3291 4222 3304 4240 ,
3342 4188 3391 4234 et

1798 4253 1900 4301 cito
1919 4250 1986 4302 ad
2005 4247 2278 4317 sanitatem
2305 4248 2500 4301 medela
2526 4247 2849 4300 subueniente
2873 4246 3176 4317 perducitur
3200 4252 3386 4305 vulnus

1798 4319 1936 4388 quod
1963 4321 2181 4373 videtur.
2208 4316 2320 4371 Zeti
2349 4319 2560 4370 vulnera
2585 4317 2795 4370 obtrusa
2817 4316 2935 4370 sunt
2957 4327 3005 4372 et
3031 4319 3258 4384 occulta,
3293 4338 3383 4376 nec

1800 4391 2081 4443 remedium
2107 4405 2234 4443 cura
2262 4389 2508 4442 medentis
2538 4388 2819 4441 admittunt
2846 4430 2861 4454 ,
2891 4391 2981 4459 qui
3008 4405 3062 4443 se
3093 4390 3225 4444 intra
3255 4409 3386 4447 con-

1801 4461 2026 4514 scientia:
2070 4461 2292 4514 latebras
2337 4474 2472 4513 caeco
2513 4459 2689 4511 dolore
2732 4461 3050 4514 clauserunt.
3100 4461 3167 4515 Et
3198 4462 3334 4516 infra
3371 4481 3384 4517 :

1805 4528 2084 4584 Calamitas
2128 4536 2238 4585 sine
2281 4531 2504 4584 remedio
2545 4539 2618 4582 est
2667 4531 2835 4583 odisse
2870 4532 3104 4655 (felicem.
3155 4534 3388 4590 Basilius

1807 4600 1992 4655 (Hom.
2026 4599 2112 4655 ιι)
2140 4620 2151 4653 :
2189 4599 2403 4654 Invidus
2434 4611 2642 4655 roaatus
2672 4611 2725 4652 ut
2757 4618 2864 4653 mor
2905 4619 2989 4654 um
3035 4619 3188 4655 suum
3218 4609 3388 4655 mani-

119 4603 270 4679 tibus
310 4602 361 4654 in
392 4604 552 4656 rebus
593 4599 761 4679 sacris
808 4616 872 4655 es
919 4599 1138 4679 proprio
1185 4617 1410 4679 numero
1439 4615 1492 4658 et
1519 4605 1701 4679 tiflicio
1731 4619 1780 4679 ι)
1807 4600 1992 4679 (Hom.
2026 4599 2112 4671 ιι)
2140 4620 2151 4653 :
2189 4599 2403 4654 Invidus
2434 4611 2642 4672 rogatus
2672 4611 2725 4652 ut
2757 4599 2989 4655 morbum
3031 4609 3388 4679 suummani-

126 4673 604 4738 ministrant;qno
636 4673 688 4724 in
738 4686 934 4740 genere
986 4672 1212 4736 primum
1267 4675 1439 4726 locum
1490 4676 1699 4731 obtinet

119 4743 317 4816 altaris
346 4741 726 4816 ministerium,
756 4740 823 4816 de.
852 4756 958 4816 quo
1008 4742 1064 4816 Β.
1105 4743 1337 4816 lgiiatiiis
1384 4756 1587 4816 martyr
1644 4747 1695 4800 in

119 4812 352 4883 epistola
383 4813 446 4864 ait
475 4811 775 4865 Trallianos
806 4811 918 4883 inec
945 4811 1104 4866 habet
1129 4829 1141 4865 :
1165 4812 1304 4878 Quid
1325 4823 1445 4867 sunt
1467 4811 1693 4883 diaconi,

119 4882 279 4949 quam
326 4882 606 4936 imitatores
656 4882 1006 4954 angelicorum
1036 4884 1294 4954 virtutum,
1327 4886 1412 4952 qui
1439 4902 1622 4954 purum
1652 4882 1699 4942 et

120 4956 445 5021 inculpatum
500 4954 841 5005 ministerium
881 4952 989 5006 illis
1037 4952 1271 5008 exhibent
1303 4952 1702 5021 (sacerdotibus

122 5027 379 5091 scilicet),
415 5032 468 5076 ut
501 5024 564 5080 S.
592 5023 888 5093 Stephanus
913 5023 1056 5093 beato
1084 5023 1302 5091 Jacobo,
1337 5023 1626 5082 Timotheus
1656 5039 1702 5084 et

122 5095 290 5150 Linus
323 5093 508 5157 Paulo,
542 5092 822 5148 Anacletus
848 5105 894 5146 et
919 5092 1151 5148 Clemens
1189 5094 1361 5162 Petro,
1396 5108 1500 5151 etc.
1530 5099 1700 5154 idem-

123 5181 232 5236 que
256 5181 354 5219 suo
381 5166 623 5219 carmine
647 5180 678 5219 e
700 5174 920 5232 eganter
942 5169 1208 5233 expressit
1230 5171 1423 5222 Arator
1446 5169 1706 5226 diaconus

125 5246 183 5292 et
210 5247 365 5307 poeta
396 5237 462 5291 de
485 5236 744 5302 apostolis
768 5240 840 5289 ita
864 5250 1066 5290 canens
1099 5255 1110 5288 :

251 5349 367 5415 .Iura
392 5349 652 5398 ministerii
675 5351 825 5398 sacris
841 5349 1069 5401 altaribus
1091 5353 1187 5415 apti

254 5412 309 5476 ln
332 5419 524 5476 septem
540 5417 763 5476 statuere
786 5415 914 5469 viris,
939 5427 1062 5474 quos
1074 5412 1288 5476 undique
1309 5417 1460 5468 locmg

256 5472 450 5544 EPleaf
476 5476 686 5544 vocitari:
705 5473 862 5535 placet
890 5489 900 5522 :
922 5472 1065 5535 quam
1089 5472 1340 5544 Splt’lldilla
1366 5485 1512 5544 οωιιίι

253 5533 486 5601 Ecclesiae
509 5533 908 5601 ΐυιεέςτρὶιηιιυδ,
933 5533 1042 5599 quae
1069 5533 1230 5601 [iacula
1261 5543 1369 5591 vitae

254 5595 474 5654 Misceat,
499 5605 549 5645 et
567 5595 734 5646 latices
757 5611 865 5647 cum
886 5595 1124 5663 sanguine
1151 5604 1360 5666 porrigat
1380 5606 1532 5668 Agui!

126 5723 373 5798 Alterum
402 5721 752 5798 diaconorum
797 5725 1147 5798 ministerium
1185 5730 1481 5797 temporale
1526 5737 1581 5782 et
1609 5746 1703 5798 po-

127 5794 356 5860 liticuin,
385 5795 499 5852 sive
547 5795 962 5864 uacouomicum,
991 5807 1166 5856 tamen
1216 5794 1366 5857 mere
1413 5794 1696 5866 profanum

1808 4675 1953 4738 [estet
1977 4713 1992 4737 ,
2021 4689 2074 4725 se
2103 4687 2346 4726 accusare
2377 4688 2587 4725 omnino
2623 4683 2820 4725 veretur
2843 4712 2856 4735 ,
2907 4673 3140 4726 morbum
3191 4675 3243 4728 in
3286 4680 3388 4730 imo

1804 4741 1976 4795 cordis
2014 4759 2213 4796 recessu
2256 4745 2558 4796 candentem
2603 4751 2756 4809 atque
2808 4755 3150 4798 assumentem
3193 4747 3390 4800 viscera

1805 4814 2046 4867 retinens.
2088 4813 2268 4883 Itaque
2298 4831 2386 4866 nec
2425 4815 2679 4866 medicum
2709 4829 2798 4867 nec
2837 4816 3141 4867 medicinam
3171 4817 3240 4869 ad
3270 4834 3390 4871 eum

1806 4883 2087 4952 fugandum
2113 4896 2288 4949 aptam
2316 4887 2541 4940 invenire
2567 4893 2730 4955 potest
2755 4925 2766 4943 ,
2801 4900 3107 4955 quamquam
3136 4890 3394 4940 curando-

1806 4970 1919 5006 rum
1959 4970 2213 5024 (agrorum
2242 4957 2288 5008 vi
2315 4956 2485 5021 referti
2523 4953 2623 5024 sint
2670 4954 2810 5007 libri.
2859 4953 3277 5024 Chrysostotnus
3323 4961 3389 5008 ml

1808 5023 2059 5092 populoin
2093 5026 2487 5080 Antiochenam
2519 5023 2701 5094 (Hom.
2737 5035 2848 5080 Llll)
2877 5041 2888 5075 :
2926 5023 3064 5076 Nam
3087 5028 3392 5079 msmiabilis

1808 5103 1883 5148 est
1913 5097 2008 5150 iste
2038 5097 2239 5150 morbus
2264 5139 2278 5161 ,
2312 5106 2362 5148 ut
2393 5103 2438 5147 rt
2464 5096 2741 5147 innumeris
2771 5094 3189 5149 medicaminibus
3215 5113 3392 5160 snper-

1809 5167 1989 5238 positis
2028 5169 2310 5238 ρωρνὲαῃξ
2342 5164 2840 5238 scaturiathtabem.‘
2883 5164 3103 5238 Prospei
3158 5168 3224 5219 de
3277 5168 3390 5221 Viti

1809 5232 2229 5303 Cuiiteniplaiiva
2260 5234 2396 5305 (Lib.
2433 5253 2484 5290 ιιι
2515 5252 2561 5288 c.
2595 5235 2649 5304 5)
2680 5254 2691 5286 :
2729 5232 3044 5288 Invittiosuni
3075 5235 3197 5304 facit
3228 5244 3392 5291 eici-l-

1811 5308 1968 5360 lentia
1997 5309 2186 5374 meriti,
2217 5307 2443 5359 invidum
2471 5322 2618 5374 parua
2649 5307 2841 5371 peccati
2863 5321 2881 5367 ;
2926 5323 3016 5358 nec
3040 5308 3084 5359 ei
3107 5307 3169 5359 ab
3192 5311 3394 5362 nomine

1813 5386 1975 5447 potest
2005 5379 2283 5431 remedium
2316 5377 2564 5436 adhiberi,
2598 5379 2746 5446 cujus
2770 5386 2844 5429 est
2868 5379 3048 5428 vulnus
3080 5383 3354 5432 occultum.

1885 5446 1912 5484 τι
1957 5449 2185 5515 ltegulus
2213 5461 2436 5511 serpens
2458 5488 2472 5509 ,
2506 5447 2594 5516 qui
2624 5462 2653 5499 a
2681 5447 2883 5501 Graecis
2936 5447 3218 5503 basiliscos
3260 5452 3394 5503 dici-

1816 5526 1924 5580 tur.
1960 5532 2181 5588 aspectu
2210 5521 2451 5570 homines
2475 5518 2756 5588 itilr'l'tmll,
2789 5525 2844 5570 et
2869 5519 3061 5582 Spiritu
3091 5519 3201 5572 oris
3228 5523 3390 5575 etiam

1813 5606 1943 5715 iures
1978 5587 2416 5660 praetervolantes
2446 5597 2657 5643 enecat.
2702 5587 3062 5658 Hieronymus
3090 5592 3141 5644 in
3171 5607 3292 5661 cap.
3330 5609 3393 5645 xv

1837 5678 1982 5715 satas.

1837 5678 1982 5716 sane.

1888 5741 1909 5768 ο
1955 5731 2209 5806 Allutlere
2231 5729 2447 5806 videtur
2474 5729 2540 5782 ad
2571 5727 2697 5782 illud
2733 5729 2867 5800 psal.
2897 5745 3008 5787 LVII
3033 5751 3044 5788 :
3080 5733 3227 5789 Sicut
3257 5739 3401 5806 τηερέ»

1811 5805 1889 5859 dis
1919 5804 2086 5860 surdo:
2112 5814 2158 5860 et
2189 5802 2466 5861 obturantis
2494 5815 2646 5855 aures
2691 5818 2846 5865 suas.
2883 5819 2998 5864 aute
3028 5822 3128 5862 non
3155 5802 3392 5870 exauttic;
