4044 6190
609 512 782 579 culpis
804 511 1031 564 aliorum
1062 509 1414 578 quibuslibet,
1446 509 1540 563 sed
1565 509 1926 577 prosperitate
1954 510 2194 565 crucien-

610 614 715 670 tur,
746 606 1136 660 erubescentes
1178 605 1347 671 ipsam
1393 603 1626 670 prodere
1651 605 1955 666 veritatem.
1988 606 2193 659 extrin-

606 712 766 753 secus
807 697 910 751 sibi
969 696 1230 765 quasdam
1276 694 1583 764 superﬂuas
1631 705 1687 751 et
1739 697 1952 767 ineptas
2001 711 2194 752 causas

606 790 923 847 olensionis
950 789 1248 855 inquirunt.
1281 788 1515 855 Quarum
1538 787 1664 858 quia
1688 790 2012 845 omnimodis
2043 790 2193 843 false

606 889 753 945 sunt.
788 896 892 935 una
925 879 1134 936 curatio
1175 890 1284 948 est,
1316 896 1438 936 cum
1479 881 1609 936 illud
1647 882 1989 937 mortiferum
2018 882 2189 947 virus,

606 973 751 1045 quod
794 973 985 1028 nolunt
1016 971 1246 1041 prodere
1275 973 1443 1045 μοῦνα.
1476 976 1530 1029 in
1573 992 1741 1048 marg.
1771 992 1879 1030 non
1909 976 2023 1030 vult
2068 990 2195 1044 pro-

606 1064 747 1136 dire]
780 1065 942 1121 lateat
972 1065 1025 1120 in
1057 1064 1329 1120 medullis.
1356 1066 1431 1121 De
1451 1068 1646 1135 quibus
1675 1068 1804 1122 alibi
1839 1069 1934 1122 ille
1961 1066 2195 1135 Sapien-

608 1159 851 1214 tissimus
894 1168 1272 1226 competenter
1319 1161 1589 1226 expressit
1630 1178 1643 1210 :
1678 1168 1704 1197 ⁸
1752 1160 1814 1213 Si
1862 1157 2195 1212 momorderit

607 1263 818 1317 serpens
860 1265 965 1304 non
999 1250 1052 1303 in
1076 1249 1225 1304 sibilo
1248 1290 1263 1314 ,
1292 1266 1396 1304 non
1426 1260 1500 1304 est
1525 1252 1850 1304 abundantia
1885 1251 2196 1304 incantatori

609 1339 836 1413 (Eccles.
865 1340 940 1408 ι).
972 1340 1063 1396 lati
1093 1340 1239 1395 enim
1270 1352 1398 1395 sunt
1421 1344 1570 1395 taciti
1603 1357 1817 1396 morsus
1847 1342 2042 1411 quibus
2064 1342 2196 1396 solis

608 1435 937 1503 sapientium
960 1434 1223 1489 medicina
1254 1451 1358 1489 non
1390 1436 1659 1491 subvenit.
1693 1434 1825 1490 Nam
1856 1452 2033 1505 usque
2060 1437 2195 1492 adeo

609 1527 923 1582 incurabilis
948 1534 1036 1581 est
1068 1536 1168 1581 ista
1199 1527 1503 1596 pernicies,
1552 1537 1604 1581 ut
1656 1527 2041 1583 blandimentis
2068 1544 2195 1583 exa-

609 1629 898 1689 speretur,
943 1618 1163 1673 inﬂetur
1203 1620 1513 1689 obsequiis,
1558 1622 1871 1675 muneribus
1913 1620 2192 1685 irritatur;

608 1714 771 1781 quia,
804 1723 861 1767 ut
888 1711 1029 1767 idem
1062 1711 1321 1768 Salomon
1365 1713 1483 1776 ait,
1530 1711 1557 1751 δ
1604 1711 1754 1767 Nihil
1798 1715 2017 1768 sustinet
2055 1713 2196 1767 zelus

1666 294 1947 361 30A!!le
1981 299 2295 361 εΑεδιΑιιι
2326 298 2825 360 ωιιιτιοιιεε.
2908 300 2911 301 ⁷

612 417 783 474 sancti
815 417 1163 471 incantatoris
1203 414 1530 483 excludunt;
1559 414 1684 485 quia
1715 430 1834 470 cum
1868 415 2051 485 utique
2082 432 2187 471 non
2220 429 2267 487 Α
2294 416 2473 471 volvi?
2499 415 2840 485 Quapropter
2865 428 2936 470 ne
2962 422 3133 469 totum
3170 411 3435 495 quidquid
3474 411 3530 468 in
3559 412 3732 470 nobis
3760 417 3894 473 Vivi-

3580 182 3607 215 ο

3756 294 3892 360 “ﬂ

2296 514 2421 568 dum
2452 521 2532 567 est
2567 522 2624 566 et
2660 510 2816 580 quasi
2858 512 3001 579 vitali
3048 510 3388 579 vegetatione
3427 511 3602 565 sancti
3652 510 3891 582 Spiritus

2294 605 2564 659 animatur
2592 618 2701 657 uno
2747 610 2952 657 tantum
2994 602 3150 672 hujus
3191 603 3315 657 mali
3362 617 3546 657 morsu
3599 604 3887 664 basiliscos

2295 700 2611 768 interimat,
2652 698 2893 753 divinum
2938 698 3023 753 cui
3054 697 3186 752 nihil
3215 697 3550 768 impossibile
3574 706 3665 754 est
3691 702 3889 771 jugita

2296 792 2651 862 imploremns
2678 792 2960 849 auxilium.
3008 792 3217 845 Genera
3246 791 3390 845 enim
3419 805 3630 846 venena
3664 807 3888 865 serpen-

2298 893 2432 950 tum,
2466 884 2518 938 Id
2549 893 2653 951 est,
2682 883 2920 939 carnalia
2950 896 3169 953 peccata
3196 882 3280 937 vel
3303 881 3453 946 vitia,
3483 885 3684 953 quibus
3702 896 3766 941 ut
3783 888 3889 945 cito

2298 980 2599 1035 involvitur
2627 979 2701 1033 ita
2737 979 2903 1033 facile
2928 988 3265 1047 expurgatur
3292 977 3523 1032 humana
3571 977 3839 1051 fragilitas
3868 1024 3883 1050 ,

2302 1070 2504 1125 habent
2547 1071 2724 1140 aliqua
2755 1070 3036 1125 vulnerum
3082 1083 3302 1122 suorum
3329 1069 3385 1123 in
3426 1084 3592 1125 carne
3623 1075 3844 1145 vestigia
3868 1118 3885 1143 ,

2299 1165 2495 1235 quibus
2544 1166 2792 1234 quamvis
2848 1172 3123 1218 terrenum
3179 1176 3373 1233 corpus
3431 1165 3891 1233 perniciosissime

2301 1266 2690 1323 contumeseat,
2706 1266 2886 1312 tamen
2902 1256 2950 1312 si
2966 1253 2992 1292 ἀ
3016 1256 3276 1311 theriam
3296 1255 3620 1327 remedium,
3637 1262 3888 1316 autillaia

2303 1352 2619 1409 salutarium
2651 1351 2942 1407 verborum
2989 1349 3259 1407 medelam
3297 1349 3495 1419 aliquis
3526 1353 3892 1420 peritissimus

2299 1445 2603 1500 carminum
2635 1445 2943 1499 divinorum
2976 1443 3280 1499 incantato:
3306 1442 3639 1509 admoverit,
3668 1448 3737 1501 ad
3772 1464 3889 1516 per-

2307 1547 2519 1606 petuam
2550 1536 2744 1591 anima:
2780 1543 3007 1590 mortem
3038 1534 3304 1604 pernicies
3329 1535 3592 1591 virulenta
3624 1554 3728 1591 non
3762 1554 3891 1609 per.

2301 1626 2470 1682 venit.
2498 1626 2714 1682 invidia:
2741 1635 2919 1681 autem
2944 1626 3095 1695 quasi
3118 1642 3145 1678 a
3170 1626 3357 1697 regulo
3387 1637 3635 1697 serpente
3656 1628 3887 1686 effusum

2300 1717 2449 1771 virus
2474 1719 2637 1772 vitam
2672 1718 2840 1786 ipsam
2869 1716 3145 1785 religionis
3180 1730 3243 1772 ac
3270 1715 3392 1771 fidei
3426 1718 3731 1788 priusquam
3772 1722 3890 1775 vul-

610 1803 795 1877 (Prov.
815 1804 909 1874 vi).
929 1804 1142 1871 Quanto
1164 1809 1306 1861 enim
1331 1805 1561 1874 amplius
1583 1804 1745 1871 alios,
1766 1815 1861 1860 aut
1882 1806 2197 1861 humilitatis
2228 1818 2277 1880 Β
2303 1826 2403 1865 nus
2427 1813 2479 1866 in
2504 1825 2733 1881 corpore
2755 1808 3020 1865 sentiatur
3040 1808 3302 1864 excludit.
3328 1808 3443 1866 Non
3466 1810 3609 1865 enim
3627 1812 3887 1869 adversus

611 1897 975 1967 subjectione,
1008 1910 1098 1953 aut
1129 1898 1405 1967 patientia:
1433 1898 1669 1960 virtute,
1701 1908 1791 1952 aut
1816 1900 2201 1954 muniﬁcentia:

610 1991 771 2049 laude
796 1990 1110 2061 profecerit,
1131 2000 1281 2046 tanto
1300 1991 1393 2046 ille
1416 1990 1712 2060 majoribus
1736 1992 1952 2047 invidiae
1970 1994 2202 2048 stimulis

610 2088 866 2142 incitatur
891 2126 905 2147 .
953 2088 1044 2155 qui
1074 2101 1180 2139 non
1213 2086 1313 2139 nisi
1348 2084 1554 2139 ruinam
1586 2093 1681 2139 aut
1706 2093 1936 2139 mortem
1967 2086 2088 2154 ejus
2113 2087 2200 2140 cui

610 2181 817 2236 invidet
846 2179 1197 2247 concupiscit.
1252 2178 1493 2247 Denique
1536 2177 1751 2232 illorum
1802 2179 2052 2233 undecim
2107 2194 2202 2247 pa-

612 2275 969 2329 triarcharum
995 2274 1175 2326 czelus
1200 2272 1461 2325 intantuni
1487 2272 1629 2325 nulla
1648 2270 1855 2325 innoxii
1872 2269 2050 2325 fratris
2074 2271 2202 2325 sub-

608 2369 843 2440 jectione
880 2366 1050 2437 potuit
1080 2366 1328 2428 deliniri,
1361 2374 1417 2419 ut
1444 2366 1510 2418 de
1542 2364 1628 2419 bis
1656 2364 1935 2433 Scriptura
1965 2379 2202 2419 comme-

614 2471 791 2517 moret
827 2480 840 2513 :
877 2459 1178 2514 lnridebant
1206 2470 1372 2511 autem
1401 2459 1448 2511 ei
1479 2458 1668 2528 fratres
1690 2459 1800 2523 sui,
1830 2475 1890 2513 eo
1915 2460 2050 2527 quod
2079 2458 2205 2511 dili-

611 2560 751 2621 geret
772 2566 885 2605 sum
907 2561 1049 2617 pater
1066 2565 1213 2613 suus,
1239 2557 1286 2601 et
1309 2563 1408 2601 non
1431 2558 1669 2618 poterant
1692 2550 1738 2602 ei
1760 2549 1901 2618 loqui
1921 2551 2202 2619 quidquam

610 2643 882 2713 paci/itum
906 2641 1059 2709 (Gen.
1084 2641 1313 2709 xxxv"),
1343 2641 1515 2696 donec
1544 2643 1694 2696 zelus
1717 2656 1907 2697 eorum
1936 2643 2023 2712 qui
2057 2644 2201 2698 nulla

609 2734 853 2806 germani
898 2734 1243 2802 obsequentis
1272 2740 1433 2803 atque
1460 2734 1685 2804 subjecti
1715 2735 1967 2788 sustinuit
1994 2735 2205 2790 blandi-

610 2840 814 2895 menta,
846 2836 1075 2883 mortem
1110 2826 1227 2896 ejus
1254 2829 1511 2896 cupiens,
1543 2828 1631 2882 vix
1661 2838 1842 2897 posset
1875 2828 2205 2883 venditionis

609 2920 861 2975 fraterna:
882 2920 1109 2975 crimine
1129 2918 1569 2973 satiari.Cunctis
1597 2934 1727 2989 ergo
1757 2921 1903 2974 vitiis
1935 2921 2206 2988 pernicio-

610 3016 812 3069 siorcm
843 3024 1000 3083 atque
1022 3012 1087 3065 ad
1106 3010 1437 3080 purgandum
1456 3009 1816 3065 difficiliorem
1846 3026 1968 3066 esse
1993 3018 2206 3066 antistat

610 3106 871 3161 invidiam
894 3147 908 3171 ,
959 3121 1077 3174 quae
1102 3106 1233 3175 ipsis
1261 3104 1514 3159 remediis
1541 3104 1732 3173 quibus
1762 3106 1967 3173 reliqua
2001 3108 2207 3160 exstin-

2305 1903 2601 1969 hominem,
2628 1903 2721 1957 sed
2753 1902 2913 1971 plane
2943 1901 3206 1956 adversus
3230 1903 3394 1957 Deum
3419 1903 3762 1972 blasphemus
3792 1921 3888 1961 ex-

2304 1995 2532 2061 tollitur,
2563 1996 2652 2065 qui
2679 1994 2808 2049 nihil
2838 1998 2891 2048 in
2916 1995 3079 2049 fratre
3102 1994 3250 2048 aliud
3280 1996 3380 2049 nisi
3410 1995 3606 2051 bonum
3631 1999 3887 2053 meritum

2303 2102 2557 2157 carpens,
2594 2102 2701 2141 non
2736 2088 2972 2141 hominis
3001 2087 3235 2155 culpam,
3267 2087 3360 2141 sed
3390 2088 3483 2144 Dei
3514 2098 3708 2143 tantum
3734 2090 3893 2156 judi-

2300 2178 2379 2233 cia
2410 2178 2777 2248 reprehendit.
2822 2178 2947 2232 Haec
2974 2193 3103 2248 ergo
3132 2191 3215 2231 est
3252 2178 3339 2232 illa
3367 2196 3571 2234 sursum
3598 2183 3890 2251 germinans

2302 2272 2661 2325 amaritudinis
2691 2270 2845 2324 radix
2874 2270 2893 2341 (
2918 2270 3085 2327 Hebr.
3113 2287 3185 2325 xit
3210 2268 3228 2341 )
3255 2312 3270 2336 ,
3301 2288 3421 2341 qua:
3466 2288 3527 2327 se
3574 2276 3787 2343 erigens
3815 2274 3883 2329 ad

2302 2378 2574 2434 superna,
2624 2365 2677 2418 in
2723 2364 3105 2419 contumeliam
3158 2365 3321 2434 ipsius
3364 2367 3455 2435 qui
3489 2366 3627 2422 bona
3681 2367 3891 2425 homini

2303 2454 2537 2519 confert,
2564 2455 2734 2511 tendit
2754 2456 3013 2511 auctoris.
3036 2454 3143 2510 Nec
3168 2471 3478 2526 quamquam
3504 2466 3723 2513 moveat
3744 2458 3895 2528 quod

2305 2550 2447 2603 Deus
2477 2549 2769 2603 missurum
2801 2564 2862 2603 se
2893 2560 3173 2616 serpentes
3197 2550 3401 2619 regulos
3427 2591 3441 2610 ,
3491 2549 3583 2619 qui
3611 2564 3710 2603 eos
3738 2565 3893 2619 quo-

2306 2657 2428 2695 rum
2478 2642 2799 2696 criminibus
2844 2641 3135 2697 offenditur
3167 2640 3437 2697 mordeant
3462 2684 3476 2706 ,
3516 2643 3893 2697 comminatur

2307 2732 2537 2806 (Jerenr.
2573 2750 2665 2789 viti
2688 2734 2731 2806 ).
2760 2732 2894 2790 Nam
2927 2735 3050 2790 lieet
3071 2744 3278 2791 certum
3305 2736 3376 2790 sit
3402 2734 3570 2790 Deum
3596 2745 3882 2791 auctorem

2307 2827 2522 2883 invidia
2544 2842 2667 2884 esse
2710 2843 2817 2883 non
2856 2844 3036 2899 posse,
3065 2843 3279 2898 aequum
3311 2835 3489 2882 tamen
3517 2838 3572 2881 et
3596 2827 3776 2881 divino
3808 2827 3896 2882 di-

2306 2936 2467 2990 gnum
2492 2921 2692 2991 judicio
2721 2932 2829 2986 est,
2861 2931 2921 2976 ut
2942 2922 3069 2976 dum
3114 2922 3251 2974 bona
3283 2919 3410 2975 data
3439 2919 3721 2975 humilibus
3749 2933 3893 2973 con-

2306 3015 2558 3073 feruntur
2583 3059 2600 3085 ,
2646 3027 2702 3072 et
2727 3017 2975 3086 superbis
2999 3032 3064 3072 ac
3102 3014 3349 3085 reprobis
3378 3015 3708 3085 denegantur
3726 3053 3742 3081 ,
3791 3028 3892 3070 eos

2310 3110 2400 3180 qui
2430 3110 2725 3166 secundum
2755 3112 3070 3180 Apostolum
3102 3109 3240 3165 tradi
3272 3110 3325 3163 in
3358 3108 3644 3177 reprobum
3674 3121 3892 3160 sensum

612 3210 867 3270 guuntur,
890 3197 1221 3252 accenditur.
1241 3195 1396 3261 Nam,
1424 3197 1572 3251 verbi
1598 3197 1794 3266 gratia,
1824 3198 1915 3267 qui
1947 3198 2203 3253 damnum
2231 3204 2277 3266 C
2310 3213 2609 3269 merentur,
2644 3202 2793 3269 quasi
2818 3201 2886 3255 ab
2909 3202 3022 3269 ipso
3052 3202 3213 3255 missa
3245 3199 3509 3269 percutiat
3538 3204 3592 3252 et
3610 3206 3891 3252 consumat

613 3294 713 3348 sibi
743 3293 947 3347 illatum
978 3290 1146 3353 dolet,
1182 3290 1444 3358 largitatis
1469 3290 1914 3357 compensatione
1943 3301 2196 3350 curatur:

612 3387 703 3458 qui
738 3387 806 3441 de
836 3386 978 3439 illata
1010 3384 1323 3454 indignatur
1352 3384 1545 3453 injuria
1574 3427 1587 3451 ,
1638 3384 1956 3439 humilitatis
1982 3386 2198 3439 Satisla-

615 3482 793 3536 ctione
820 3481 1081 3551 placatur.
1128 3478 1266 3545 Quid
1300 3478 1373 3531 illi
1405 3477 1568 3532 facias
1616 3480 1705 3545 qui
1753 3479 1855 3532 hoc
1888 3479 2005 3548 ipso
2033 3480 2196 3545 magis

617 3576 758 3645 quod
784 3583 834 3628 te
858 3573 1197 3627 humiliorem
1222 3586 1283 3625 ac
1307 3571 1668 3640 benigniorem
1692 3571 1856 3625 sentit
1880 3568 2183 3630 oﬂetiditur,

617 3685 777 3739 quem
809 3684 912 3721 non
943 3666 1008 3720 ad
1058 3664 1387 3719 iracundiam
1420 3665 1681 3734 cupiditas
1712 3679 1832 3733 qua:
1858 3661 2072 3730 praemio
2099 3659 2191 3711 dc-

619 3762 824 3825 linitur,
852 3776 956 3814 non
982 3758 1189 3825 injuria:
1220 3758 1366 3811 laesio
1391 3766 1481 3811 aut
1506 3773 1656 3812 amor
1686 3754 1899 3810 ultionis
1922 3751 2187 3819 accendit,

618 3872 735 3927 quae
763 3854 1060 3910 officiorum
1093 3852 1321 3903 vincitur
1353 3848 1752 3913 blandimentis,
1790 3845 1877 3899 sed
1908 3859 2193 3900 successus

619 3957 827 4004 tantum
868 3946 1054 3997 alienae
1104 3940 1477 4008 prosperitatis
1511 3942 1719 3997 irritat?
1745 3938 1873 4006 Quis
1902 3948 2079 3993 autem
2111 3946 2196 3993 est

620 4039 710 4111 qui
737 4056 813 4100 se,
846 4048 895 4087 ul
925 4029 1215 4084 satisfaciat
1239 4032 1521 4100 invidenti,
1556 4049 1585 4087 a
1619 4031 1769 4088 bonis
1796 4044 2072 4093 corruere,
2102 4037 2195 4082 aut

617 4146 649 4185 a
684 4124 950 4198 prosperis
979 4121 1238 4187 alienari,
1271 4135 1363 4177 aut
1392 4126 1703 4179 calamitate
1731 4122 1901 4190 aliqua
1931 4129 2080 4187 optet
2113 4120 2195 4172 in-

2308 3294 2509 3348 invidia
2538 3334 2551 3357 ,
2601 3294 2897 3347 secundum
2941 3293 3072 3347 illud
3104 3310 3117 3346 :
3154 3292 3268 3363 Ipsi
3302 3310 3385 3347 me
3412 3292 3483 3348 ad
3511 3292 3890 3350 (cartilatin

2304 3385 2627 3437 irritaverant
2658 3388 2709 3434 in
2741 3399 2841 3436 non
2869 3382 3001 3446 Deo,
3034 3394 3080 3435 et
3106 3399 3202 3450 ego
3230 3386 3299 3437 ad
3323 3385 3708 3439 «mulationem
3733 3385 3894 3437 indu-

2298 3490 2412 3525 cam
2439 3490 2523 3526 eos
2549 3475 2600 3525 in
2631 3489 2729 3524 non
2754 3483 2898 3542 gente
2925 3472 3100 3541 (Deut.
3134 3474 3321 3540 xxxii).
3354 3475 3469 3529 Hac
3495 3477 3691 3530 beatus
3716 3475 3893 3529 Pium-

2296 3576 2421 3615 mon
2444 3561 2805 3632 disputatione
2832 3562 3154 3617 desiderium
3183 3571 3447 3630 nostrum,
3473 3579 3580 3634 quo
3604 3565 3679 3621 de
3704 3567 3892 3637 primis

2294 3653 2532 3708 cmnobii
2577 3653 2779 3710 scholis
2811 3656 2876 3709 ad
2906 3654 3197 3710 secundum
3231 3657 3629 3712 anachoreseos
3658 3661 3889 3728 gradum

2294 3747 2522 3803 tendere
2570 3762 2952 3817 cmpcranius,
3002 3746 3279 3803 ardentius
3329 3749 3709 3804 inflammavit.
3755 3751 3888 3806 Nam

2298 3842 2592 3911 primordia
2622 3840 2879 3897 solitariae
2909 3843 3351 3897 commorationis
3375 3882 3391 3907 ,
3422 3842 3578 3911 cujus
3607 3844 3884 3898 scientiam

2300 3950 2487 4004 poetea
2515 3950 2703 3992 sumus
2725 3937 2775 3990 in
2801 3934 2985 4005 Scytbi
3005 3934 3212 4003 plenius
3231 3933 3488 4004 assecuti,
3520 3935 3638 4004 ipso
3655 3935 3888 4004 primum

2299 4030 2576 4085 imbuente
2602 4030 2964 4100 percepimus.

1681 4235 1860 4292 ALAR
1873 4233 1931 4289 DI
1970 4233 2012 4289 Ο
2028 4232 2201 4287 νιΖίΕΙ
2240 4231 2803 4289 COMMENTARIUS.

616 4347 783 4386 vocem
821 4330 1189 4382 incantantittm
1208 4371 1224 4397 ,
1267 4339 1314 4385 et
1342 4331 1551 4399 veneﬁci
1576 4330 1887 4383 incantantis
1917 4326 2189 4390 sapienter.

618 4404 768 4468 Quod
806 4400 1053 4468 adagium
1086 4403 1153 4455 tle
1198 4402 1260 4455 iis
1292 4416 1580 4471 usurpatur
1610 4418 1697 4469 qui
1732 4410 1876 4471 recta
1909 4405 2192 4471 monentes

616 4466 672 4528 et
700 4476 835 4527 bene
863 4466 1207 4529 consulentes
1231 4466 1646 4532 nolunt-audire,
1677 4476 1733 4520 ut
1759 4469 1935 4519 solent
1961 4466 2194 4521 maxime

617 4544 803 4598 invidi.
828 4548 977 4612 Quod
1001 4545 1169 4600 Judaei
1198 4544 1520 4613 praedicante
1543 4541 1815 4613 Stephano
1839 4537 2194 4613 reipsaf-tia‘tn

627 4608 868 4670 exterius
899 4608 1293 4687 expresserunt.
1352 4615 1424 4665 De
1463 4611 1661 4690 Qlllblls
1691 4609 1884 4661 dicitur
1932 4625 1944 4659 :
2004 4608 2198 4661 Excla-

616 4698 810 4741 mantrs
857 4698 1027 4741 autem
1073 4703 1190 4740 voce
1239 4700 1425 4752 magna
1475 4688 1830 4731 continuerunt
1877 4696 2026 4752 aures
2072 4696 2195 4733 suas

2298 4336 2380 4380 est
2410 4327 2640 4393 invidia,
2673 4328 2760 4395 qui
2790 4327 2924 4381 alias
2955 4326 3151 4383 dicitur
3179 4328 3330 4385 zelus
3357 4330 3729 4386 amaritudinis
3761 4374 3775 4397 ,
3814 4330 3889 4387 te!

2299 4397 2671 4451 amaritudinis
2698 4438 2711 4460 ,
2746 4398 2895 4451 radix
2939 4402 3332 4457 amaritudinis.
3382 4403 3446 4455 D.
3478 4402 3800 4456 Benedictus
3832 4419 3886 4461 ι’.

2300 4471 2593 4536 penultituo
2624 4468 2845 4534 Hegtilze
2878 4487 2890 4522 :
2926 4468 3073 4523 Sicut
3102 4481 3176 4524 est
3206 4474 3345 4526 zelus
3384 4472 3743 4525 amaritudinis
3769 4490 3892 4527 ma—

2299 4540 2377 4614 lus
2406 4581 2418 4603 ,
2452 4540 2538 4614 qui
2579 4549 2788 4610 separat
2820 4558 2849 4591 a
2882 4541 2986 4593 Deo
3016 4551 3061 4594 et
3094 4543 3231 4594 ducit
3259 4545 3328 4595 ad
3366 4544 3616 4614 infernum
3639 4582 3661 4614 ,_
3693 4542 3768 4593 ita
3814 4553 3895 4598 est

2298 4610 2437 4664 zelus
2467 4612 2629 4664 bonus
2662 4614 2746 4667 qui
2772 4622 2976 4680 separat
3002 4629 3033 4664 a
3075 4614 3209 4666 vitiis
3236 4654 3249 4678 ,
3294 4625 3341 4667 et
3371 4610 3509 4666 ducit
3537 4611 3604 4664 ad
3639 4611 3811 4665 Deum
3845 4624 3893 4668 et

2299 4684 2367 4734 ad
2398 4686 2550 4755 vitam
2576 4696 2841 4736 eternam.
2891 4683 2965 4736 De
2995 4684 3111 4738 zelo
3141 4684 3355 4739 illVidH‘.
3379 4684 3675 4755 Apostolus
3708 4682 3887 4737 lCnr.

621 4760 757 4828 (Act.
785 4740 897 4828 vn).
931 4740 1078 4813 Unde
1103 4740 1429 4828 Augustiiius
1458 4753 1507 4828 in
1534 4751 1927 4828 ciuntneutariu
1950 4750 2192 4819 ejusdem
2225 4740 2275 4800 D
2304 4770 2351 4807 Vl
2374 4754 2780 4828 :_ljuni_sitiitter
2801 4771 2887 4828 vos
2914 4755 3059 4828 salui
3074 4766 3125 4828 et
3145 4740 3616 4822 contentio,'nonn¢
3655 4757 3890 4809 carnales

618 4822 805 4899 psalttii
838 4822 1008 4886 {Non
1050 4822 1201 4879 erant,
1242 4824 1417 4883 surdi,
1473 4824 1676 4899 inquit.
1732 4822 1821 4899 sed
1866 4827 2091 4899 fecerunt
2119 4840 2195 4899 ἐς

616 4892 819 4956 sum”,
852 4902 983 4967 Quin
1009 4900 1139 4950 enim
1168 4911 1313 4949 aures
1352 4902 1576 4965 patentes
1612 4894 1668 4946 in
1699 4894 1853 4947 corde
1894 4910 1994 4948 non
2042 4892 2199 4946 habe-

617 4974 771 5033 bant.
808 4977 1039 5025 violentia
1069 4978 1233 5021 tamen
1275 4968 1407 5019 verbi
1457 4983 1543 5036 per
1586 4982 1736 5019 aures
1784 4968 1954 5019 carnis
1995 4967 2200 5019 irruens

618 5047 770 5098 etiam
801 5045 923 5108 ipsis
953 5040 1160 5091 auribus
1205 5040 1375 5092 cordis
1404 5040 1501 5091 vim
1551 5037 1789 5108 faciebat,
1824 5040 2119 5090 clauserunt
2153 5046 2202 5089 et

619 5135 767 5171 aures
788 5112 1034 5182 corporis,
1068 5119 1111 5162 et
1157 5112 1325 5182 ierunt
1353 5112 1418 5162 ad
1442 5108 1660 5182 lapides.
1686 5107 1819 5161 Ecce
1852 5110 2054 5178 aspides
2089 5122 2203 5161 sur-

620 5189 738 5251 tlw,
787 5187 1020 5237 duriores
1069 5181 1327 5251 lapidibus
1381 5184 1564 5251 quibus
1611 5181 1987 5233 incantatorem
2054 5193 2201 5232 suum

619 5258 1013 5328 lapidaverunt,
1071 5272 1173 5328 non
1219 5254 1491 5328 audierunt
1540 5268 1707 5328 vorem
1755 5252 2105 5328 incantantis,
2156 5259 2205 5303 et

606 5322 979 5391 medicamenti
1010 5324 1249 5378 ntedtcati
1278 5340 1310 5374 a
1340 5325 1566 5389 sapiente
1634 5322 1707 5375 Ita
1746 5324 2091 5390 Augustinus.

694 5407 721 5436 ι
764 5400 891 5451 \ide
920 5414 1039 5468 quo:
1070 5398 1194 5468 alibi
1239 5397 1291 5447 in
1331 5393 1470 5446 hanc
1520 5402 1839 5449 sententiam
1889 5396 2203 5459 scripsimus

733 5467 837 5521 "at.
867 5469 903 5521 Ξ
929 5467 1046 5521 cat).
1080 5467 1167 5521 il.

774 5477 837 5521 at.
867 5469 903 5521 Ξ
929 5465 1046 5534 cap.
1080 5465 1167 5535 1).

774 5539 835 5591 ‘ta
867 5538 1008 5593 LXX
1049 5538 1277 5603 lnterpr.
1331 5535 1392 5590 ῐ).
1444 5535 1801 5603 Hieronymus
1842 5535 2010 5603 legit:
2044 5531 2201 5587 Zelus

784 5618 890 5663 iens
919 5621 1010 5663 est.
1050 5607 1269 5675 Vulgata
1298 5606 1468 5661 editio
1516 5624 1529 5659 :
1579 5605 1668 5659 Ira
1699 5622 1800 5659 non
1830 5608 1975 5658 habet
2004 5605 2201 5656 miseri-

767 5695 853 5732 am
872 5720 886 5741 ,
917 5694 1009 5731 nec
1033 5692 1366 5748 corrumpens
1396 5681 1575 5746 furor;
1606 5692 1653 5730 et
1681 5682 1927 5748 impetum
1955 5675 2202 5729 concitati

729 5749 987 5817 “inferre
1007 5749 1121 5817 quis
1146 5746 1366 5817 poterit!

696 5820 725 5856 ο
758 5811 919 5869 loliis
944 5823 1030 5866 est
1052 5811 1275 5881 duplsa,
1304 5812 1476 5868 bonus
1499 5823 1557 5870 et
1581 5815 1778 5873 malus.
1830 5815 1991 5873 Zelus
2017 5817 2192 5872 malus

2302 4826 2423 4879 estis
2450 4825 2474 4879 .9
2520 4825 2582 4877 Et
2612 4824 2670 4878 Β.
2698 4825 2931 4878 Jacohus
2962 4844 2973 4878 :
3016 4823 3111 4880 Ubi
3140 4828 3275 4879 zelus
3305 4837 3351 4879 ct
3376 4829 3663 4893 cantentio,
3700 4827 3769 4878 ibi
3796 4827 3883 4879 in-

2304 4898 2593 4968 constantia
2623 4908 2667 4947 et
2696 4911 2841 4968 omne
2871 4913 2996 4967 opus
3028 4912 3238 4958 pravum
3266 4897 3402 4968 (Jac.
3438 4901 3541 4965 in).

2377 4964 2403 5003 ἀ
2444 4966 2519 5020 De
2552 4964 2929 5045 theriaca
2954 4968 3243 5045 iliaciinius
3274 4964 3290 5022 Ξ
3316 4964 3528 5045 Θηριακῆ
3556 4965 3889 5045 (subaudi-'11!

2307 5049 2481 5110 autem
2519 5035 2819 5107 antidotus)
2862 5038 3051 5110 dicitur
3076 5035 3432 5110 quodcumque
3462 5041 3890 5110 medicamentum

2306 5108 2550 5161 adversus
2572 5122 2765 5161 venena
2808 5108 3020 5178 efﬁcax;
3062 5111 3315 5178 pracipue
3348 5108 3521 5163 tamen
3563 5109 3658 5162 hoc
3704 5124 3891 5161 nomen

2308 5180 2529 5232 obtinuit
2558 5178 2937 5232 celeberrimum
2974 5182 3100 5234 illud
3132 5196 3195 5233 ex
3228 5184 3548 5250 simplicibus
3582 5181 3816 5247 pluribus
3844 5188 3892 5233 et

2307 5251 2593 5317 vipvrarum
2612 5250 3077 5327 carneconfectunt
3105 5266 3123 5305 :
3148 5253 3360 5327 baptizari
3384 5268 3525 5327 vero
3570 5250 3890 5327 appellatum

2309 5330 2383 5372 est
2411 5364 2424 5387 ,
2472 5322 2622 5391 quasi
2662 5330 2713 5371 tu
2757 5323 2935 5385 dicas,
2976 5340 3041 5377 ea:
3074 5322 3333 5376 venenatis
3374 5325 3547 5379 bestiis
3575 5325 3887 5389 confectum.

2312 5391 2364 5443 Ν
2370 5408 2460 5467 aut
2480 5391 2621 5461 apud
2648 5391 2867 5444 medicos
2896 5396 3043 5467 θηρία
3069 5395 3393 5467 peculiariter
3420 5392 3889 5467 dicunturbcstice,

2306 5478 2422 5533 (μιαν
2445 5464 2548 5515 ictu
2570 5472 2657 5514 aut
2680 5478 2849 5516 morsu
2878 5464 3120 5517 venenum
3162 5464 3416 5535 inﬁgunt,
3460 5474 3510 5518 et
3546 5464 3773 5535 matrima
3815 5466 3890 5514 vi-

2304 5549 2441 5601 pera!
2467 5574 2481 5597 ,
2528 5548 2591 5587 ea:
2620 5550 2837 5601 quorum
2868 5537 3101 5587 carnibus
3127 5533 3551 5591 medicamentum
3584 5533 3723 5587 illud
3753 5549 3890 5585 com—

2303 5606 2533 5676 ponitur.
2572 5604 2694 5658 Hac
2721 5604 2829 5658 ille.
2864 5604 2995 5676 Vide
3019 5607 3190 5676 plura,
3220 5606 3264 5660 si
3295 5609 3459 5672 lubet,
3488 5606 3629 5673 apud
3656 5606 3889 5660 Plinium

2303 5674 2401 5750 lib.
2430 5691 2505 5729 xx
2532 5690 2652 5750 cap.
2679 5675 2801 5750 ul_t.,
2823 5685 2875 5729 et
2903 5675 2996 5731 lib.
3021 5674 3145 5750 ista
3171 5692 3289 5748 cap.
3318 5679 3370 5745 1,
3397 5680 3624 5734 Caelium
3652 5677 3889 5750 iihodtg.

2300 5745 2396 5800 lib.
2426 5761 2477 5799 vi
2508 5747 2689 5813 Antiq.
2724 5745 2870 5801 Lect.
2905 5760 3030 5817 cap.
3061 5745 3143 5802 l6.

3972 176 3987 433 l

3978 448 4003 709 ς
