4044 6190
570 295 714 367 112⁸1

1626 293 1907 353 JOANNIS
1943 296 2256 355 CASSIANI
2290 294 2785 357 COLLATIONES.

570 438 756 483 eremo
802 420 875 476 illi
922 433 980 475 se
1021 417 1277 476 coenobio
1319 430 1530 472 summa
1588 415 1909 473 humilitatis
1962 418 2157 472 virtute
2184 420 2234 478 Α
2262 417 2387 472 tiam
2420 417 2541 487 ejus
2568 416 2841 485 correptio
2869 424 3089 486 paterna
3109 429 3214 481 non
3244 423 3509 479 moverat,
3538 429 3609 471 ne
3639 426 3858 485 specta-

570 518 909 578 subdiderat,
940 515 1281 583 proferamus
1309 509 1554 578 eloquia,
1591 525 1927 579 nequaquam
1979 518 2157 565 tamen

571 626 825 686 putamus
852 609 1145 664 absurdum
1174 647 1191 672 ,
1226 607 1269 658 si
1302 608 1505 674 absque
1535 604 1645 657 ulla
1679 606 1996 659 circuitione
2042 619 2162 658 ver-

571 706 762 763 borum
791 744 807 768 ,
841 715 1031 769 magna
1056 740 1073 764 ,
1117 709 1175 752 ut
1214 698 1485 752 credimus
1509 738 1525 761 ,
1572 696 1831 751 studiosis
1856 699 2159 766 quibusque

571 801 829 853 virtutum
886 793 1173 849 :edilicatio
1225 789 1554 845 conferatur.
1608 789 1663 843 In
1724 790 1930 859 ingenti
1981 792 2159 859 itaque

573 892 715 946 atrio
745 898 771 925 ι
820 885 1084 941 sulidivali
1121 884 1209 937 illa
1260 886 1644 937 monachorum
1677 883 2017 937 multitudine
2064 898 2161 952 per

574 981 965 1037 duodenarium
999 992 1283 1031 numerum
1329 976 1600 1031 distinctis
1653 977 1933 1031 ordinibus
1981 976 2161 1031 consi-

575 1074 776 1134 dente.
828 1087 948 1125 cuni
997 1070 1215 1141 quidam
1268 1068 1492 1122 fratrum
1541 1080 1850 1137 susceptum
1900 1069 2158 1123 ferculum

576 1167 737 1237 paulo
766 1162 967 1217 tardius
1018 1161 1300 1217 intulisset
1327 1202 1340 1223 ,
1372 1160 1472 1215 sub
1497 1162 1785 1215 occasione
1817 1161 1970 1214 istius
1998 1161 2162 1214 tardi-

580 1260 704 1313 tatis
732 1257 1025 1327 praedictus
1073 1255 1238 1309 abbas
1280 1254 1478 1309 Paulus
1502 1295 1515 1317 ,
1550 1254 1639 1323 qui
1674 1256 1815 1307 inter
1846 1254 2033 1307 turbas
2064 1253 2162 1307 mi-

576 1348 924 1404 nistrantium
972 1346 1200 1401 fratrum
1250 1346 1483 1401 sollicite
1530 1345 1921 1408 discurrebat,
1976 1358 2161 1400 exerta

576 1456 743 1498 manu
772 1484 787 1509 ,
835 1450 1009 1510 palma
1060 1456 1183 1493 eutn
1215 1438 1315 1492 sub
1358 1440 1597 1492 omnium
1633 1440 1897 1507 percussit
1926 1440 2118 1494 intuitu
2143 1480 2159 1503 ,

577 1534 651 1589 ita
697 1544 755 1588 ut
803 1534 1013 1587 sonitus
1048 1534 1214 1587 etiam
1246 1532 1602 1585 adversorum
1630 1532 1716 1584 vel
1750 1532 1959 1601 loiigius
1987 1532 2163 1585 consi-

584 1627 824 1683 dentintii
874 1626 1093 1680 auribus
1132 1625 1444 1679 resultaret.
1498 1624 1610 1677 Hoc
1641 1634 1816 1676 autem
1862 1623 2066 1678 idcirco
2094 1624 2161 1677 ab

578 1736 646 1777 eo
678 1724 871 1776 factum
904 1728 1008 1783 est,
1036 1728 1092 1771 ut
1122 1718 1331 1771 cunctis
1356 1719 1444 1784 qui
1472 1716 1700 1770 aderant
1722 1716 1937 1784 juvenis
1959 1717 2163 1781 patien-

2261 512 2438 565 culum
2472 512 2690 580 quidem
2726 519 2889 564 tiniae
2934 507 3294 563 multitudinis
3323 507 3434 563 ullo
3474 508 3688 563 vultum
3732 508 3851 581 ejus

2262 603 2480 659 ruboris
2514 602 2759 658 tinxisset
2787 601 3009 657 indicio.

2897 695 3122 752 CAPUT
3149 694 3215 749 ll.

2615 788 2691 844 De
2716 788 3001 843 humilitate
3029 787 3228 840 abbatis
3253 784 3497 843 Joannis.

2331 883 2390 939 In
2420 883 2524 938 hoc
2552 886 2729 952 itaque
2777 884 3024 939 coenobio
3065 882 3365 950 reperimus
3413 880 3853 951 antiquissimum

2263 992 2446 1031 senem
2474 977 2689 1031 nomine
2717 976 2978 1031 Joannem
3004 974 3161 1043 cujus
3186 974 3346 1028 verba
3371 972 3573 1042 pariter
3600 984 3658 1030 et
3681 976 3854 1033 humi-

2264 1070 2491 1136 litatem,
2533 1085 2637 1139 qua
2677 1072 2879 1125 sanctis
2908 1069 3161 1122 omnibus
3208 1066 3616 1137 praeminebat,
3652 1086 3854 1140 nequa-

2264 1180 2424 1235 quam
2452 1164 2671 1219 silentio
2702 1161 3077 1233 praetereunda
3105 1162 3436 1228 censuimus,
3471 1161 3703 1217 scientes
3727 1178 3851 1219 eum

2267 1256 2370 1309 hac
2398 1256 2630 1309 maxime
2657 1254 2982 1322 perfectione
3026 1252 3290 1322 viguisse,
3332 1266 3456 1322 quae
3489 1266 3612 1306 cum
3645 1253 3722 1307 sit
3748 1255 3856 1308 vir-

2267 1354 2437 1399 tutum
2465 1348 2704 1400 omniuni
2738 1355 2929 1405 mater.
2957 1360 3020 1399 ac
3073 1345 3236 1399 tatius
3276 1343 3537 1413 Spiritalis
3565 1354 3856 1401 structura:

2265 1439 2674 1494 fundamentum
2707 1438 3092 1494 solidissimum
3118 1478 3133 1499 ,
3165 1451 3195 1491 a
3225 1435 3425 1491 nostris
3455 1438 3667 1505 penitus
3696 1453 3858 1493 exsu-

2265 1535 2339 1588 lat
2386 1536 2667 1589 institutis.
2722 1533 2872 1589 Unde
2902 1547 3005 1587 non
3038 1531 3235 1586 mirum
3283 1540 3367 1585 est
3411 1545 3511 1587 nec
3536 1530 3603 1585 ad
3635 1531 3853 1588 illorum

2266 1627 2648 1683 sublimitatem
2676 1642 2774 1680 nos
2805 1641 2963 1694 posse
2986 1623 3375 1686 conscendere,
3403 1624 3493 1692 qui
3535 1638 3643 1677 non
3675 1625 3857 1679 dicam

2270 1734 2439 1789 usque
2467 1720 2533 1773 ad
2564 1728 2836 1773 senectam
2865 1716 2966 1771 sub
2996 1717 3225 1771 cmziobii
3254 1730 3573 1785 permanere
3595 1732 3700 1770 non
3733 1732 3860 1787 pos-

581 1815 709 1868 tiam
759 1810 1125 1879 patefaceret,
1175 1818 1229 1862 et
1276 1822 1463 1861 omnes
1507 1808 1601 1877 qui
1652 1808 2023 1862 interfuissent
2073 1806 2165 1861 tali
2195 1809 2244 1868 B
2270 1826 2457 1868 sumus
2481 1812 2785 1881 disciplina,
2835 1812 2929 1864 sed
2958 1807 2985 1846 lt
3014 1810 3100 1863 vix
3136 1808 3354 1862 biennio
3381 1808 3735 1876 subjectionis
3765 1810 3859 1879 ju-

576 1901 889 1973 spectaculo
939 1900 1219 1954 modestia:
1266 1898 1613 1952 erudirentur
1661 1899 1936 1968 exemplo.
1991 1900 2163 1967 Quam

577 2005 789 2053 maturo
816 2004 995 2049 autem
1018 1994 1068 2048 id
1092 1995 1275 2048 senior
1297 1993 1487 2048 fecerit
1514 1994 1763 2055 consilio,
1784 2008 1872 2047 res
1896 1994 2159 2061 probant.

576 2088 709 2144 Nam
752 2086 1117 2142 memorabilis
1150 2086 1422 2155 patientiae
1468 2084 1685 2154 juvenis
1737 2095 1879 2138 tanta
1912 2084 1966 2139 id
1996 2086 2164 2139 animi

580 2181 801 2236 lenitate
828 2180 1088 2248 suscepit,
1131 2189 1189 2232 ut
1222 2194 1328 2233 non
1362 2176 1526 2231 modo
1551 2178 1731 2231 nullus
1764 2177 1928 2231 fuerit
1954 2192 2019 2230 ex
2048 2178 2164 2245 ejus

580 2290 675 2329 ore
722 2288 899 2327 sermo
948 2272 1274 2341 prolapsus,
1345 2270 1430 2323 vel
1486 2270 1862 2323 tenuissimum
1918 2284 2166 2322 murmur

582 2367 745 2421 tacita
790 2366 1057 2419 labiorum
1104 2363 1397 2434 agitatione
1444 2363 1753 2432 signatum;
1798 2360 1893 2416 sed
1938 2377 2006 2416 ne
2048 2362 2163 2431 ipsa

583 2460 798 2531 quidem
838 2460 951 2514 oris
983 2458 1243 2512 modestia
1293 2465 1455 2527 atque
1505 2456 1867 2526 tranquillitas
1898 2466 1989 2510 aut
2016 2457 2167 2512 color

582 2555 774 2611 saltent
829 2554 1383 2622 quantulumcumque
1436 2560 1696 2603 mutatus.
1755 2549 1908 2615 Quod
1963 2550 2163 2604 factum

583 2663 691 2704 non
722 2648 893 2701 solum
924 2645 1078 2699 nobis
1106 2684 1121 2709 ,
1172 2644 1264 2713 qui
1310 2659 1481 2712 nuper
1521 2643 1591 2697 de
1620 2642 1792 2713 Syriae
1835 2645 2165 2701 monasterio

583 2742 860 2796 venientes
906 2738 1180 2807 patientia:
1214 2735 1374 2805 hujus
1403 2737 1657 2790 virtutem
1688 2745 1796 2789 tam
1827 2735 2165 2791 evidentibus

580 2843 997 2909 perceperamus
1068 2828 1372 2897 exemplis,
1431 2827 1526 2881 sed
1583 2828 1746 2880 etiam
1819 2829 2025 2881 cunctis
2074 2827 2166 2897 qui

579 2933 833 2996 expertes
882 2924 1068 2978 taliunt
1119 2938 1227 2977 non
1266 2929 1421 2976 erant
1462 2920 1786 2985 studiorum,
1842 2921 1915 2974 ita
1968 2920 2164 2975 mirum

580 3018 704 3084 fuit,
736 3026 795 3071 ut
813 3017 976 3073 etiam
1008 3014 1232 3069 summis
1259 3014 1392 3067 viris
1419 3014 1689 3083 praecipua
1717 3028 1816 3083 per
1838 3012 1939 3067 hoc
1967 3012 2163 3068 factum

581 3111 924 3169 conferretur
949 3109 1267 3174 instructio;
1299 3108 1442 3179 quod
1471 3106 1681 3163 scilicet
1708 3108 1922 3163 etiamsi
1952 3109 2163 3179 patien-

2268 1920 2391 1975 gum
2440 1905 2712 1960 sustinere
2758 1902 3019 1965 contenti,
3062 1902 3127 1956 ad
3173 1902 3643 1970 prasumptionem
3677 1904 3860 1958 noxia!

2269 1999 2537 2053 libertatis
2580 1999 2827 2068 pr0tinus
2858 1996 3155 2055 evolamus.
3207 2009 3330 2049 cum
3365 2003 3540 2049 tamen
3588 1996 3706 2064 ipso
3759 1995 3860 2050 illo

2270 2107 2437 2162 parvo
2466 2100 2711 2162 tempore
2754 2106 2861 2146 non
2892 2088 3186 2145 secundum
3216 2089 3361 2142 illam
3392 2088 3739 2145 districtionis
3764 2104 3855 2145 re-

2266 2188 2468 2256 gulam,
2494 2188 2589 2241 sed
2621 2200 2718 2255 pro
2743 2186 2910 2239 nostri
2939 2184 3147 2239 arbitrii
3178 2183 3430 2238 libertate
3456 2192 3744 2253 utcumque
3769 2198 3860 2238 se-

2268 2279 2441 2332 nioris
2470 2278 2819 2347 subjiciamur
2847 2276 3095 2345 imperio,
3114 2286 3171 2329 ut
3197 2290 3302 2329 non
3327 2275 3599 2341 patientia:
3624 2274 3857 2329 fructum

2267 2370 2531 2434 ediscere,
2557 2369 2654 2425 sed
2678 2381 2890 2439 tempus
2909 2367 3269 2436 adipiscenda:
3292 2366 3515 2421 licentia:
3536 2378 3861 2435 exspectare

2266 2464 2562 2519 videamur.
2616 2463 2769 2517 Hunc
2801 2464 2962 2532 igitur
2990 2476 3171 2515 senem
3199 2476 3321 2514 cum
3362 2461 3411 2514 in
3442 2460 3649 2515 abbatis
3699 2459 3863 2514 Pauli

2268 2557 2517 2612 coenobio
2546 2556 2890 2620 vidissemus,
2910 2562 3122 2609 aetatem
3154 2554 3372 2623 primum
3419 2562 3472 2607 et
3488 2554 3718 2623 gratiam
3744 2553 3865 2608 viri

2268 2665 2373 2719 qua
2404 2660 2520 2703 erat
2552 2649 2829 2715 prteditus,
2859 2646 3128 2710 admirati,
3159 2647 3394 2700 demisso
3416 2646 3466 2699 in
3494 2656 3697 2699 terram
3729 2645 3863 2698 vul-

2270 2751 2349 2806 tu,
2401 2743 2610 2810 precari
2659 2743 2922 2811 coepimus
2969 2750 3026 2795 ut
3076 2740 3230 2794 nobis
3280 2741 3513 2809 pandere
3542 2739 3860 2808 dignaretur

2268 2850 2427 2902 quam
2459 2834 2528 2889 ob
2555 2850 2794 2903 causam,
2825 2835 3010 2890 relicta
3038 2835 3206 2889 eremi
3235 2833 3507 2900 libertate,
3530 2843 3582 2889 et
3610 2833 3694 2886 illa
3724 2845 3859 2902 pro-

2267 2927 2505 2981 fessione
2534 2928 2757 2981 sublimi
2783 2942 2889 2999 qua
2913 2943 3035 2983 eum
3070 2943 3179 2996 prie
3219 2928 3432 2981 caneris
3467 2924 3703 2994 ejusdem
3729 2922 3859 2977 vita:

2268 3018 2402 3072 viris
2431 3018 2569 3073 fama
2602 3020 2996 3086 celebraverat,
3029 3019 3210 3074 subire
3246 3019 3437 3090 jugum
3467 3015 3696 3075 cmnobii
3737 3031 3858 3070 ma-

2271 3112 2481 3167 luisset.
2520 3121 2541 3149 ο
2601 3112 2697 3168 llle
2727 3114 2876 3168 velut
2903 3115 3161 3182 imparem
3192 3128 3252 3170 se
3281 3111 3675 3168 anachoretica
3700 3108 3862 3164 disci-

1652 3266 1907 3321 ALARDI
1947 3266 2177 3322 ΟΑΖᾸΞΙ
2216 3266 2784 3324 COMMENTARIUS.

653 3405 797 3446 riore
824 3388 1135 3451 collatione,
1179 3383 1267 3440 ubi
1307 3384 1480 3453 ipsum
1510 3397 1725 3451 quoque
1756 3382 1895 3449 apud
1939 3382 2160 3437 Diolcoii
2190 3386 2237 3449 α
2267 3398 2384 3437 sum
2428 3382 2642 3435 nescius
2686 3382 2889 3453 multos
2917 3383 3055 3437 alios
3083 3383 3324 3438 Joannes
3354 3384 3452 3441 SS.
3495 3385 3862 3442 anachoretas

626 3463 859 3518 abitasse
886 3468 1270 3515 commemorat
1298 3472 1312 3519 ;
1342 3465 1762 3509 consentaneum
1790 3464 1869 3507 est
1902 3465 1962 3507 ut
2001 3453 2163 3507 Joan-

586 3552 731 3597 nem,
754 3535 838 3589 cui
871 3535 983 3586 haec
1008 3530 1225 3584 collatio
1257 3527 1526 3589 tribuitur,
1570 3526 1818 3597 ejusdem;
1839 3524 2162 3578 Piainnioiiis

588 3594 793 3661 sariunt
828 3616 883 3659 et
915 3601 1175 3667 aequalem
1206 3614 1268 3652 ex
1310 3600 1410 3651 loci
1452 3594 1851 3651 circuitistantia
1890 3604 1941 3647 et
1978 3609 2162 3667 narra-

590 3678 797 3732 tionum
832 3664 1210 3729 confiirinitate
1238 3672 1575 3731 colligamus.
1613 3667 1832 3719 Videtur
1861 3667 2003 3718 enim
2031 3664 2163 3717 Cas-

589 3750 772 3803 sianus
800 3747 1158 3803 Sozomcnum
1183 3782 1199 3807 ,
1247 3741 1329 3793 ναι
1359 3742 1690 3795 Snzomenus
1720 3736 2031 3807 Cassianum
2068 3752 2164 3791 vo-

590 3819 754 3874 luisse
782 3819 1013 3883 imitaii;
1046 3830 1166 3869 nam
1186 3806 1248 3863 ut
1276 3812 1366 3865 ille
1398 3812 1763 3883 Piammouem
1796 3818 1849 3863 et
1895 3806 2162 3883 Joannem

589 3891 811 3944 abbates
837 3890 902 3942 in
934 3880 1026 3940 sua
1074 3884 1381 3939 narratione
1418 3880 1703 3943 coniunxit
1730 3922 1744 3945 ,
1778 3884 1845 3933 ita
1878 3881 2167 3934 Cassianus

589 3963 644 4016 in
686 3961 769 4015 his
797 3957 1168 4013 collationibus
1196 3953 1424 4006 alterum
1468 3954 1620 4007 alteri
1665 3952 1913 4020 proxime
1945 3952 2170 4021 subjun-

590 4034 669 4086 xit
713 4040 768 4087 et
813 4030 1138 4083 disserentes
1185 4024 1418 4076 induxit.
1489 4027 1654 4077 Porro
1702 4022 1947 4076 eumdem
2005 4027 2171 4077 etiam

590 4102 851 4158 Joannem
884 4115 1003 4153 esse
1037 4095 1308 4153 existimo.
1337 4096 1405 4149 de
1432 4110 1540 4165 quo
1565 4093 1851 4165 Cassianus
1881 4094 1915 4145 Ι.
1951 4093 2164 4165 v_lnsti-

591 4183 693 4227 ttit.
725 4188 843 4236 cap.
874 4168 941 4222 27
965 4177 1018 4222 et
1044 4168 1133 4220 ‘28.
1184 4164 1423 4234 Itemque
1450 4160 1643 4221 'coltat.
1682 4162 1745 4236 14
1768 4205 1784 4229 ,
1817 4178 1937 4229 cap.
1970 4160 2004 4212 4
2030 4175 2083 4217 et
2114 4166 2168 4217 7.

591 4244 776 4311 Neque
799 4235 979 4292 obstat
1027 4236 1170 4305 quod
1203 4237 1313 4291 illic
1342 4254 1533 4311 magno
1559 4235 1809 4292 coenobio
1837 4244 1892 4311 et
1924 4236 2169 4311 multitu-

593 4302 702 4367 dini
737 4311 956 4364 fratrum
992 4302 1310 4377 praepositus
1352 4302 1548 4363 dicitur
1573 4350 1588 4373 ,
1636 4302 2085 4374 quemadmodum
2114 4312 2171 4357 et

595 4383 733 4447 apud
767 4381 1059 4435 Palladium
1108 4378 1265 4433 Pater
1309 4381 1754 4447 tnuiiasteriornin
1803 4386 2164 4447 nuncupatur.

594 4442 749 4510 Unde
773 4452 1039 4524 Colligitur
1070 4462 1195 4504 tunc
1222 4450 1478 4518 temporis
1505 4445 1824 4504 cmnobilsun
1848 4442 2031 4502 inisse.
2063 4460 2166 4524 non

592 4515 994 4586 atiacliorelain,
1023 4523 1124 4578 hoc
1143 4533 1246 4585 est,
1275 4515 1434 4574 viiaiii
1462 4532 1798 4573 communem
1830 4524 1882 4567 et
1928 4515 2168 4567 caenobi-

593 4607 755 4653 ticam
786 4596 1022 4660 duxisse,
1053 4610 1157 4649 non
1189 4593 1504 4647 solitariam.
1540 4590 1634 4643 llic
1667 4586 2065 4660 vei-oJo.iiiiies,
2100 4586 2170 4660 de

592 4684 700 4737 quo
748 4668 832 4721 hic
857 4656 1052 4736 agitur,
1103 4682 1206 4737 non
1240 4660 1554 4737 pra-positus
1606 4669 1704 4737 aut
1724 4656 1889 4709 abbas
1936 4656 2168 4737 editioliii

592 4728 755 4794 fuiSse
780 4728 1014 4802 ilicitvur;
1040 4728 1161 4791 sed
1194 4728 1370 4786 relicta
1403 4744 1588 4783 eremo
1619 4728 2039 4802 huicurtetiobio
2071 4733 2172 4802 ab-

594 4811 732 4867 batis
756 4810 905 4864 Pollii
937 4798 1146 4862 summa
1171 4803 1472 4856 humilitate
1494 4814 1552 4853 se
1583 4798 1888 4853 δυυαῆόὶμδιε
1914 4800 2167 4865 perhibe-

592 4893 701 4946 tur,
732 4891 894 4952 atqne
933 4876 1231 4952 illlef‘ali-HS
1261 4874 1525 4952 seniores,
1552 4870 1971 4952 γίνυιιιςεόιιυᾳ
2005 4869 2171 4952 Paulo

593 4941 1095 5020 abliatefsingulari
1133 4942 1695 5020 virtute_exci3lliiisse.
1742 4943 1870 5020 Nam
1917 4948 1975 4993 ut
2020 4941 2168 5005 ipse-

593 5032 705 5078 met
729 5011 992 5090 dest-.ipio
1025 5025 1249 5072 testatur
1280 5012 1592 5090 iiifr:i(Cap.
1620 5011 1696 5081 ὖ),
1725 5013 1953 5081 primum
1986 5026 2171 5090 cinno-

594 5096 704 5150 blla
752 5084 923 5148 factus
950 5100 1053 5152 est,
1081 5097 1136 5141 et
1178 5104 1226 5141 in
1253 5087 1485 5142 cinnolut
1513 5096 1933 5152 eotigi'egatione
1956 5084 2167 5151 triginta

592 5179 764 5219 ann0s
795 5162 1053 5226 transegit
1081 5178 1095 5212 ;
1139 5174 1243 5225 quo
1275 5170 1515 5217 tempore
1546 5156 1805 5209 credibile
1845 5168 1921 5207 κει
1975 5156 2171 5207 multo-

595 5251 715 5291 rum
746 5232 1132 5290 monachorum
1156 5244 1207 5285 et
1250 5230 1695 5284 monasteriorum
1728 5240 1910 5279 curam
1938 5239 2171 5292 gesSisse

592 5307 672 5379 (ut
701 5320 949 5363 auctores
974 5304 1121 5359 citati
1172 5296 1657 5379 commemorant).
1690 5297 1905 5379 .Dellltie
1940 5312 2070 5351 vero
2119 5298 2169 5348 in

595 5368 939 5434 stilttutlinein
967 5377 1256 5437 COIICCSsil,
1285 5372 1468 5442 ibique
1495 5370 1628 5442 alios
1659 5368 1839 5442 \iginti
1870 5384 2037 5421 anno~
2078 5381 2171 5420 ex-

593 5451 759 5520 plevn
794 5448 1222 5520 anachoreticam
1268 5440 1433 5513 agens
1463 5441 1661 5503 vitam;
1713 5454 1774 5520 ac
1800 5440 2016 5520 deiiittm
2050 5453 2171 5520 cuin

593 5509 796 5575 'vidcrel
846 5518 1131 5573 nonnullos
1161 5509 1515 5570 anac'toretas
1540 5527 1567 5565 a
1598 5509 1824 5579 pristino
1866 5512 2075 5563 ferviire
2118 5518 2173 5560 et

592 5592 909 5645 austeritate
938 5591 1195 5651 deficere,
1221 5587 1403 5639 l‘t-ilt'la
1434 5598 1618 5637 eremo
1651 5597 1835 5635 ruisus
1872 5581 1941 5633 ad
1984 5592 2167 5631 emito-

594 5660 742 5713 bium
775 5660 951 5716 rediit.
982 5659 1161 5722 ibique
1188 5668 1381 5708 mansit
1415 5671 1428 5705 :
1475 5655 1661 5722 sicque
1710 5654 1941 5720 primum
1968 5666 2031 5722 ea
2060 5664 2172 5705 ca:-

596 5727 779 5777 nobita
807 5727 971 5777 lactus
996 5721 1344 5789 anachoreta,
1373 5732 1553 5792 postea
1583 5721 1732 5775 vero
1758 5739 1819 5777 ex
1847 5721 2171 5774 anachoreta

597 5793 879 5845 restitutus
904 5805 984 5844 est
1011 5794 1304 5848 οωιοιήιε.
1361 5795 1629 5849 Caeterum
1683 5796 2028 5847 uoninhctor
2067 5804 2169 5848 nec

2267 3466 2321 3506 et
2374 3453 2669 3523 monachos
2699 3461 2805 3503 tam
2853 3452 2907 3504 in
2942 3453 3077 3505 Vitis
3110 3453 3333 3507 Patrum
3374 3471 3532 3523 quain
3552 3459 3606 3510 in
3641 3457 3865 3512 Tabulis

2267 3522 2659 3579 Ecclesiasticis
2684 3524 2986 3587 recenseri;
3013 3538 3043 3575 e
3073 3526 3268 3590 quibus
3298 3525 3343 3576 si
3367 3522 3487 3592 quis
3512 3529 3681 3581 alium
3702 3528 3865 3583 Joan-

2266 3610 2387 3648 nem
2439 3592 2595 3659 liujns
2623 3592 2930 3645 collationis
2972 3602 3245 3647 auctorem
3293 3596 3625 3663 probabilius
3673 3610 3864 3657 osten-

2264 3665 2379 3730 dat,
2414 3664 2553 3716 haitd
2585 3665 2816 3716 multum
2849 3679 2979 3717 sane
3007 3679 3332 3733 repugnent.

2338 3745 2365 3773 α
2395 3735 2676 3799 Subdiale,
2710 3735 2798 3788 vel
2819 3734 3131 3800 subdiwle;
3161 3751 3285 3789 nam
3314 3744 3368 3788 et
3400 3736 3501 3791 sub
3545 3735 3640 3792 dio
3666 3747 3726 3793 et
3760 3742 3863 3796 sub

2268 3808 2398 3863 divo
2448 3808 2667 3866 dii-itur.
2697 3806 2801 3860 hoc
2836 3817 2939 3871 est,
2989 3810 3091 3861 sub
3126 3809 3243 3872 ipso
3290 3821 3416 3861 aere
3454 3819 3508 3861 et
3536 3809 3656 3863 sine
3695 3820 3856 3867 teoto.

2270 3879 2457 3949 Itaque
2479 3878 2580 3931 sub
2609 3878 2696 3932 dio
2728 3877 3065 3946 prandebatit
3088 3878 3162 3931 illi
3190 3878 3437 3932 monachi
3464 3888 3521 3932 et
3554 3882 3861 3938 ercmicolas

2272 3950 2497 4021 Egypti
2524 3967 2539 4013 ;
2572 3965 2669 4004 nec
2699 3950 2746 4003 id
2762 3951 2935 4021 _valdc
2982 3949 3199 4013 mirum,
3232 3964 3354 4002 cum
3394 3965 3423 4001 a
3469 3951 3652 4021 pluvia
3682 3953 3861 4009 securi

2274 4019 2477 4077 e~sent.
2509 4022 2709 4075 Namin
2736 4019 2973 4091 Egypto
3004 4034 3292 4086 numquam
3318 4022 3501 4089 pluere
3530 4020 3715 4085 fertur,
3742 4027 3859 4077 sola

2274 4093 2377 4146 Nili
2406 4092 2642 4161 ﬂll'l‘illls
2672 4092 2841 4161 inuiid
2861 4093 3023 4143 illiille
3056 4101 3266 4161 terrain
3300 4094 3556 4161 irrigaiite
3585 4103 3638 4147 et
3676 4094 3860 4149 fecun—

2274 4163 2439 4217 dante
2464 4160 2635 4227 (Plin.
2669 4162 2705 4213 ι.
2739 4176 2792 4223 v,
2819 4160 3012 4230 Isidor.
3044 4160 3134 4213 lib.
3166 4177 3253 4214 xw
3282 4178 3328 4213 ο.
3351 4160 3429 4230 2).

2344 4231 2372 4269 ι’
2412 4231 2657 4302 Seipsnm
2687 4229 3174 4302 notatC-assianus,
3210 4242 3265 4286 et
3308 4246 3462 4286 suum
3503 4232 3858 4302 Germanum,

2272 4310 2326 4356 et
2356 4301 2509 4369 quasi
2562 4301 2795 4353 levitatis
2838 4300 3121 4368 cujusdam
3166 4313 3259 4355 aut
3307 4305 3671 4359 instabilitatis
3698 4300 3861 4361 eoat;

2272 4372 2409 4441 guit,
2436 4372 2578 4439 quod
2608 4372 2694 4424 vix
2731 4371 3003 4424 biennium
3036 4378 3087 4424 in
3118 4373 3207 4427 illo
3249 4377 3498 4428 caenobio
3538 4378 3862 4431 Bethleenii-

2272 4444 2378 4497 tico
2404 4441 2825 4514 [terrlllzinsel'illl’r
2848 4452 2903 4495 et
2926 4456 3029 4495 non
3056 4446 3186 4497 satis
3213 4446 3262 4496 iii
3289 4446 3564 4514 disciplina
3591 4448 3863 4500 mooasti-

2272 4529 2332 4568 ca
2365 4513 2572 4577 probati
2601 4525 2654 4566 et
2680 4513 2897 4567 eruditi.
2921 4514 2987 4565 ad
3020 4516 3295 4583 peregrina
3319 4513 3441 4571 loca
3459 4515 3732 4581 evolarint,
3760 4518 3864 4573 ubi

2272 4584 2481 4709 inajore
2514 4584 2763 4639 libertate
2791 4590 3118 4651 truerentur,
3148 4597 3203 4640 ct
3230 4594 3341 4641 tere
3368 4602 3463 4642 suo
3491 4586 3733 4641 viverent
3767 4603 3863 4642 ar-

2312 4666 2457 4709 ιιι-ιο.

2312 4666 2457 4709 ιιι-ιο.

2351 4736 2373 4763 ο
2404 4726 2573 4793 Hujus
2599 4725 2821 4797 Joannis
2865 4727 3114 4797 exemplo
3158 4738 3211 4783 et
3249 4736 3569 4796 argumento
3605 4728 3765 4784 docet
3794 4730 3859 4785 D.

2198 4768 2249 4827 υ
2274 4768 2681 4877 Thoactes,
2712 4815 2764 4867 η.
2790 4768 3138 4877 partes)
3159 4768 3862 4877 15.;g::;;.§;5.1.:ji;'.f;:

2276 4872 2430 4923 ctiori
2458 4868 2719 4939 reli;i0ll8
2748 4869 2811 4920 ad
2848 4868 3362 4926 laxioi'em'tiansire
3392 4888 3405 4922 :
3434 4870 3629 4935 Potest,
3664 4871 3857 4939 inquit,

2275 4941 2465 5009 aliquis
2497 4938 2826 4991 laudabiliter
2846 4940 2908 4992 de
2936 4957 3037 4992 una
3066 4942 3313 5011 religione
3335 4942 3555 4994 transire
3575 4944 3643 4993 ad
3675 4938 3856 4996 aliam.

2279 5011 2457 5063 Primo
2507 5011 2713 5078 quidem
2757 5013 2864 5064 zelo
2911 5014 3228 5082 perj'ecioris
3280 5012 3562 5081 religionis.
3617 5013 3861 5067 Secundo

2275 5092 2481 5153 propter
2509 5082 2899 5134 declinationem
2915 5081 3185 5151 religionis
3225 5100 3257 5136 a
3305 5084 3472 5135 debita
3522 5085 3855 5152 perfectione,

2274 5163 2397 5224 puto
2428 5154 2475 5205 si
2503 5152 2553 5204 in
2601 5154 2781 5225 aliqua
2802 5152 3048 5225 religione
3098 5155 3305 5206 arctiori
3349 5154 3601 5221 incipiant
3631 5156 3861 5225 religiosi

2272 5222 2531 5276 remissius
2556 5228 2741 5284 viuere;
2767 5222 3099 5296 lauitabililer
3135 5228 3318 5296 transit
3339 5226 3531 5296 aliquis
3553 5224 3624 5296 ad
3653 5222 3851 5296 religio.

2273 5310 2389 5346 mm
2411 5298 2564 5347 etiam
2582 5296 2848 5359 minorem,
2875 5295 2918 5345 si
2942 5296 3119 5347 melius
3147 5295 3454 5349 observetur.
3486 5293 3636 5350 Unde
3672 5296 3727 5349 in
3751 5293 3857 5350 Eol-

2279 5364 2553 5418 latronibus
2576 5364 2812 5438 Patrum»
2830 5364 2984 5417 abbas
3010 5365 3240 5438 Joannes
3262 5368 3324 5418 de
3343 5374 3510 5432 seipso
3542 5368 3690 5427 dicit,
3718 5369 3857 5438 quod

2277 5453 2310 5488 a
2358 5439 2461 5487 vita
2506 5436 2763 5500 solitaria,
2797 5436 2847 5487 in
2888 5452 2985 5501 quo
3025 5437 3282 5508 professus
3316 5440 3507 5508 fuerat,
3543 5436 3752 5491 transiit
3789 5439 3857 5491 ad

2280 5512 2548 5569 minorem,
2582 5509 2771 5583 scilicet
2815 5509 3097 5583 cornu-tiqui
3128 5507 3295 5559 uit-unt
3319 5507 3697 5583 insatietate,
3740 5527 3857 5583 pro-

2280 5588 2452 5647 pterea
2491 5578 2625 5644 quod
2674 5580 2773 5630 rita
2822 5579 3077 5630 eremitica
3117 5589 3331 5645 cmperat
3380 5579 3639 5632 declinare
3687 5578 3752 5633 εί
3783 5583 3858 5635 [ας

2277 5651 2394 5703 xius
2425 5648 2700 5701 obseruari.
2735 5647 2904 5703 Tertio
2941 5660 3147 5720 propter
3182 5650 3534 5719 inﬁrmitatem
3574 5652 3653 5705 vel
3678 5653 3859 5709 debili~

2276 5729 2449 5787 tatem,
2472 5728 2581 5787 etc,
