4014 6200
165 233 327 294 ιιξθ
892 232 1235 295 COLLATIO
1273 231 1413 294 XIX.
1449 268 1521 280 —
1550 238 1640 296 DE
1679 240 1762 296 Fll

1875 239 2276 298 (ΞΟΕΝΟΒΙΤᾹΞ
2319 240 2404 297 ΕΤ
2445 239 2796 298 ΕΒΕΜΙΤΑΞ.
3369 249 3507 307 “50

165 353 371 423 plinas,
404 361 462 410 et
507 354 846 411 sublimitate
873 362 1038 412 tantae
1068 358 1418 426 perfectionis
1464 359 1744 430 indignum
1773 401 1786 424 ,
1819 357 1868 419 A
1895 357 2279 433 depromptum
2321 363 2502 418 studio
2552 361 2847 429 censeatis,
2878 360 3000 428 quia
3029 364 3180 419 vobis
3224 373 3334 421 tam
3383 380 3500 426 stu-

162 446 241 503 ad
274 447 565 518 juniorum
595 449 816 506 scholas
843 453 1137 508 revertisse
1163 453 1396 523 dicebat,
1419 455 1462 508 si
1496 464 1674 508 tamen
1704 454 1789 509 vel
1895 452 2050 511 diose
2075 457 2446 526 quaerentibus
2482 456 2613 511 nihil
2640 457 2708 510 de
2738 456 2966 510 veritate
2991 457 3242 511 existimo
3273 461 3494 516 subtra-

161 539 429 612 ipsornm
476 543 723 599 instituta
776 545 1070 600 secundum
1132 548 1483 617 professionis
1535 551 1786 604 meritum
1895 544 2154 602 hendum.
2215 549 2465 604 Arbitror
2491 549 2634 604 enim
2672 548 3044 602 instructionis
3091 548 3248 602 vobis
3292 551 3494 620 aliquid

162 644 374 704 posset
416 635 666 706 implere.
718 637 886 704 Cujus
931 641 1307 708 respOnsionis
1337 639 1501 714 [Lips.
1532 642 1584 696 in
1616 658 1784 714 marg.

163 728 566 802 professionis]
594 732 953 788 humilitatem
982 748 1104 788 cum
1138 735 1426 806 refragatio
1462 745 1662 792 nostra:
1692 737 1787 792 de—

161 824 517 893 precationis
570 825 934 896 excluderet,
979 826 1047 882 ad
1093 825 1399 884 extremum
1445 830 1518 884 ita
1559 843 1784 886 exorsus

162 926 277 972 881.

809 1010 1038 1068 CAPUT
1062 1011 1150 1067 111.

248 1100 545 1173 Responsio
566 1101 766 1156 abbatis
792 1100 1016 1157 Joannis
1036 1119 1130 1157 cur
1146 1119 1373 1158 eremum
1399 1105 1706 1176 reliquisset.

249 1180 705 1252 Antichoreticam
737 1195 1109 1266 disciplinam,
1163 1213 1322 1268 quam
1357 1215 1441 1255 me
1473 1200 1781 1256 deseruisse

171 1288 484 1355 miramini,
510 1305 615 1343 non
648 1289 822 1344 solum
855 1303 959 1343 non
988 1302 1184 1359 reSpuo
1209 1305 1307 1346 uec
1331 1291 1526 1362 refuto,
1544 1293 1638 1347 sed
1669 1300 1779 1348 tota

173 1382 368 1452 potius
389 1381 736 1437 veneratione
763 1382 1097 1451 complector
1113 1391 1275 1454 atque
1301 1385 1562 1454 suscipio.
1589 1384 1643 1439 lu
1673 1401 1778 1456 qua

170 1481 307 1544 post
342 1473 554 1544 triginta
605 1489 801 1542 annos,
829 1489 969 1546 quos
1013 1475 1064 1529 in
1095 1477 1327 1531 ctenobii
1360 1479 1778 1548 congregatione

168 1575 545 1639 transegeram
595 1567 772 1640 [Lips.
820 1570 874 1623 in
905 1587 1069 1641 marg.
1103 1572 1423 1626 transieram
1447 1569 1468 1643 ]
1491 1613 1506 1635 ,
1542 1573 1610 1627 ita
1639 1574 1776 1629 alios

164 1659 356 1731 viginti
381 1662 632 1729 explesse
660 1678 746 1716 me
765 1663 996 1730 gaudeo,
1026 1671 1086 1717 ut
1112 1663 1252 1719 inter
1279 1663 1406 1719 illos
1427 1665 1515 1735 qui
1543 1679 1665 1720 eam
1687 1665 1772 1721 vel

1893 656 2052 711 posse
2089 643 2360 709 conferri,
2404 645 2474 712 si,
2529 643 2804 714 paulisper
2857 643 3162 697 humilitate
3214 644 3489 713 seposita,

1891 734 2208 804 simpliciter
2240 751 2457 792 omnem
2498 737 2761 807 prepositi
2805 736 2907 791 mei
2952 736 3260 808 patelecero
3293 739 3490 792 verita-

1893 832 2025 881 tem.
2073 825 2304 881 Conlido
2333 829 2477 883 enim
2523 831 2646 898 quia
2676 843 2779 885 nec
2825 829 2965 899 apud
3014 844 3108 883 vos
3140 829 3208 885 de
3239 830 3491 887 libertate

1889 918 2156 974 dictorum
2199 919 2516 976 cenodoxiaa
2566 930 2778 986 notam,
2829 937 3004 991 neque
3031 921 3170 992 apud
3203 925 3489 978 conscien-

1891 1009 2018 1066 tiam
2051 1027 2222 1067 meam
2257 1013 2326 1068 de
2354 1013 2740 1084 suppressione
2767 1014 3009 1070 veritatis
3038 1015 3307 1085 quoddam
3341 1031 3484 1072 men-

1889 1100 2026 1158 dacii
2054 1104 2258 1159 crimen
2287 1102 2583 1160 incurram.

2515 1196 2744 1254 CAPUT
2786 1199 2870 1254 IV.

1883 1283 1960 1340 De
1988 1286 2172 1340 virtute
2201 1288 2438 1359 praedicti
2483 1289 2639 1352 senis,
2677 1307 2830 1360 quant
2860 1291 2913 1344 in
2936 1291 3298 1348 anachoretica
3326 1309 3477 1349 exer-

2457 1363 2559 1413 cuit
2587 1362 2886 1431 disciplina.

1952 1471 2007 1526 Si
2031 1473 2152 1542 quis
2183 1472 2343 1542 igitur
2367 1474 2594 1529 secretis
2638 1490 2805 1530 eremi
2839 1475 3140 1534 delectatus
3165 1518 3179 1544 ,
3212 1479 3472 1534 oblivioni

1885 1564 2103 1621 tradere
2145 1567 2318 1635 patuit
2359 1565 2589 1621 humana
2618 1569 2920 1636 consortia,
2963 1585 3026 1624 ac
3062 1571 3356 1626 secundum
3384 1571 3472 1630 ἔρ.

1881 1661 2102 1724 remiam
2134 1661 2318 1718 dicere
2353 1680 2364 1716 :
2422 1661 2450 1700 δ
2483 1662 2550 1717 Et
2589 1664 2724 1718 diem
2747 1663 2970 1720 hominis
3020 1683 3120 1720 non
3164 1668 3467 1734 desideravi,

162 1753 526 1811 mediocriter
573 1757 902 1826 appetebant
942 1772 1050 1810 non
1105 1773 1494 1828 usquequaque
1541 1759 1768 1828 segnitie
1799 1753 1848 1813 B
1875 1763 1928 1810 tu
1950 1757 2050 1811 scis
2079 1756 2319 1828 (larem.
2345 1773 2454 1813 xvn
2477 1758 2536 1830 );
2569 1775 2671 1830 ego
2695 1777 2919 1832 quoque
2967 1763 3018 1817 id
3043 1804 3057 1828 ,
3096 1764 3328 1820 Domino
3368 1781 3468 1822 sua

161 1844 482 1902 deuotarer.
525 1846 632 1903 Sed
664 1849 786 1919 quia
823 1849 1103 1916 degustata
1134 1850 1250 1919 ejus
1275 1851 1478 1920 puritas
1506 1851 1768 1906 sollicitu-

159 1936 299 1996 dine
348 1938 616 1995 interdum
654 1941 955 1995 carnalium
1001 1958 1180 1996 rerum
1213 1942 1533 2012 interpolata
1580 1943 1767 2000 sorde-

159 2025 282 2097 bat,
315 2047 600 2088 recurrere
629 2033 696 2087 ad
724 2034 1031 2089 coenobium
1060 2035 1399 2091 commodius
1439 2036 1614 2092 visum
1659 2045 1762 2105 est,

163 2133 226 2178 ut
255 2133 312 2179 et
343 2127 643 2195 promptior
675 2126 878 2196 arrepti
907 2127 1167 2197 plauioris
1221 2127 1483 2200 propositi
1513 2144 1765 2184 consum-

163 2216 338 2270 matio
386 2227 742 2287 sequeretur,
798 2228 854 2274 et
893 2221 1078 2274 minus
1126 2229 1274 2275 esset
1316 2221 1384 2275 de
1415 2231 1762 2292 praesumpta:

165 2306 505 2362 sublintioris
534 2309 888 2380 professionis
914 2310 1233 2368 difﬁcultate
1261 2313 1584 2382 periculum.
1617 2316 1767 2370 aMe-

168 2401 280 2457 lius
331 2403 475 2458 enim
523 2412 607 2459 est
634 2404 888 2460 devotum
921 2405 972 2459 in
1003 2405 1321 2469 minoribus,
1349 2422 1511 2476 quam
1543 2407 1766 2462 indevo-

166 2503 282 2548 tum
311 2495 363 2550 in
396 2495 689 2566 majoribus
723 2497 1154 2567 professionibus
1177 2499 1429 2556 inveniri.
1469 2501 1537 2554 Et
1565 2501 1764 2555 idcirco

163 2585 208 2639 si
237 2586 367 2657 quid
393 2589 610 2654 elatius,
637 2589 747 2644 imo
773 2589 1017 2658 liberius,
1039 2591 1269 2646 fortasse
1294 2591 1592 2661 protulero,
1617 2609 1762 2662 quae-

164 2692 228 2733 so
256 2686 314 2733 ut
353 2694 459 2735 nou
485 2679 762 2749 iactantiae
790 2682 950 2749 vitio,
1000 2682 1096 2738 sed
1142 2683 1516 2740 aaditicationis
1563 2694 1759 2739 vestrae

1873 1858 2040 1920 gratia
2073 1850 2357 1920 largiente,
2388 1853 2470 1906 vel
2503 1863 2813 1909 assecutum
2842 1855 2922 1910 vel
2953 1869 3101 1912 certe
3129 1861 3344 1929 assequi
3368 1875 3467 1914 an-

1872 1943 2048 1996 nisum
2084 1942 2252 1998 fuisse
2284 1959 2370 2000 me
2418 1944 2612 2001 fateor.
2658 1947 2846 2016 Itaque
2892 1949 2980 2016 pio
3028 1949 3244 2004 Domini
3298 1953 3466 2007 nostri

1872 2049 2094 2089 munere
2120 2035 2339 2090 memini
2375 2050 2462 2090 me
2495 2046 2514 2074 ε
2549 2035 2602 2090 in
2628 2035 2934 2106 hujusmodi
2964 2049 3174 2108 raptum
3216 2040 3469 2112 frequen-

1872 2134 1952 2181 ter
1976 2140 2280 2188 excessum,
2313 2135 2372 2181 ιιι
2415 2127 2770 2182 obliviscerer
2813 2144 2901 2184 me
2933 2135 3145 2186 sarcina
3185 2147 3466 2202 corporea:

1871 2216 2180 2287 fragilitatis
2207 2218 2475 2283 indutum,
2524 2229 2873 2287 mentemque
2924 2237 3098 2276 meatu
3150 2223 3220 2276 ita
3273 2240 3464 2280 omnes

1872 2313 2178 2366 exteriores
2199 2324 2389 2364 sensus
2406 2309 2585 2364 subito
2609 2310 2906 2380 respuisse.
2923 2321 2978 2365 et
3003 2328 3032 2366 a
3057 2314 3264 2368 cunctis
3293 2327 3463 2371 mate-

1869 2402 2096 2456 rialibus
2123 2402 2286 2457 rebus
2317 2401 2643 2455 omnimodis
2683 2402 2982 2472 exsulasse,
3031 2411 3090 2458 ut
3116 2420 3288 2476 neque
3315 2408 3463 2462 oculi

1869 2508 2044 2562 neque
2074 2508 2233 2548 aures
2260 2507 2394 2548 mea:
2423 2492 2643 2562 proprio
2675 2494 3024 2562 luugerentur
3055 2495 3269 2561 ofticio;
3305 2509 3358 2552 et
3388 2499 3461 2554 ita

1866 2589 2063 2645 divinis
2082 2587 2523 2644 meditationibus
2547 2602 2612 2641 ac
2640 2587 2975 2657 spiritalibus
3001 2589 3225 2645 theoriis
3248 2593 3462 2647 animus

1863 2682 2196 2753 replebatur,
2222 2677 2251 2718 ἀ
2283 2688 2340 2736 ιιι
2359 2695 2503 2751 saepe
2529 2679 2598 2735 ad
2631 2694 2909 2750 vesperam
2937 2681 3118 2736 cibum
3149 2698 3235 2739 me
3268 2699 3459 2753 perce-

1240 2864 1502 2922 ALARDI
1539 2863 1772 2922 GAZEI
1811 2863 2378 2921 COMMENTARIUS.

245 3013 268 3041 ι
298 3003 408 3058 Hoc
436 3012 539 3064 est,
571 3003 763 3058 melius
785 3013 864 3058 est
899 3003 1099 3059 bonum
1124 3012 1180 3058 et
1207 3004 1457 3059 devotum
1490 3021 1612 3061 esse
1639 3019 1752 3061 cm-

1859 3005 2380 3061 commendationem
2413 3046 2425 3068 ,
2467 3012 2565 3059 aut
2603 3005 2766 3060 etiam
2810 3009 3144 3064 consortium
3192 3026 3256 3068 ac
3305 3012 3460 3070 fami-

167 3075 433 3140 nobitam,
459 3091 617 3141 quam
644 3075 844 3129 malum
875 3083 968 3128 aut
999 3074 1310 3132 indevotnm
1351 3075 1756 3131 anachoretam.
1788 3077 1834 3140 C
1867 3077 2152 3132 Iiaritatem
2183 3094 2286 3131 non
2312 3077 2558 3139 qutesivi.

167 3147 247 3202 De
275 3146 374 3201 hac
400 3146 958 3210 euintcomparatioue
981 3146 1065 3200 hic
1095 3148 1290 3215 agitur.
1323 3148 1416 3201 Est
1447 3162 1608 3215 porro
1631 3165 1750 3203 sen-

169 3218 334 3272 tentia
360 3228 542 3271 notatu
570 3217 761 3288 digna,
783 3217 1046 3284 rationem
1078 3221 1364 3272 continens
1391 3233 1489 3271 cur
1517 3219 1754 3288 aliquan-

167 3289 240 3344 do
273 3290 427 3342 liceat
456 3289 524 3344 de
549 3287 767 3342 arctinri
795 3289 1075 3355 religione.
1109 3297 1168 3344 ιιι
1191 3301 1272 3344 est
1303 3287 1619 3355 eremitica,
1655 3307 1752 3346 seu

167 3361 564 3419 anachoretica.
591 3360 822 3413 transire
848 3360 913 3413 ad
950 3360 1230 3422 laxiorem,
1261 3363 1468 3416 scilicet
1510 3362 1753 3416 rmuobi-

170 3430 356 3492 ticam,
392 3439 447 3484 ut
471 3433 718 3499 superius
735 3432 937 3486 dictum
960 3443 1037 3485 est
1074 3448 1088 3486 :
1119 3433 1370 3487 nimirum
1400 3433 1468 3487 ob
1495 3432 1754 3488 defectio-

170 3518 297 3556 nem
350 3509 403 3555 et
447 3501 858 3556 declinationem
908 3504 1156 3556 arctioris
1184 3504 1461 3573 religionis
1509 3520 1538 3556 a
1572 3504 1752 3558 debita

207 3573 508 3645 erfectione
527 3583 580 3625 et
601 3573 967 3627 observantia.
993 3574 1074 3628 0b
1092 3590 1249 3645 quam
1272 3591 1487 3630 causam
1517 3574 1754 3630 Joannes

207 3589 497 3627 ertecttone
527 3589 580 3625 et
601 3589 967 3627 ouservantia.
993 3589 1249 3645 unquam
1272 3591 1487 3630 causam
1517 3589 1750 3630 Joannes

169 3589 261 3699 iiic
290 3645 459 3698 abbas
481 3643 608 3698 dicit
642 3660 699 3698 se
727 3648 989 3700 transisse
1015 3645 1081 3697 ah
1103 3661 1290 3700 eremo
1331 3647 1396 3697 ad
1419 3647 1750 3710 cmuobium,

169 3715 312 3786 quod
345 3715 493 3770 multi
520 3717 780 3780 eremittr,
803 3716 1122 3782 quibuscum
1158 3717 1497 3781 versabatur,
1522 3733 1587 3770 eo
1621 3728 1756 3770 tem-

168 3802 307 3858 pore
338 3787 652 3858 incipe-rent
679 3802 706 3839 a
738 3787 964 3853 pristino
1015 3788 1226 3841 fervore
1255 3796 1310 3840 et
1337 3787 1754 3853 Ctttllelnpl:tlitt-

169 3857 258 3913 nis
279 3857 477 3912 assidui
506 3868 593 3912 ate
625 3857 855 3912 deiicere
885 3868 940 3913 et
968 3858 1194 3912 solutius
1221 3859 1438 3920 vivere;
1473 3859 1614 3927 quod
1645 3860 1753 3911 cla-

168 3930 285 3985 rius
308 3928 540 3996 explicat
563 3945 682 3993 cap.
707 3931 759 3983 6.

239 3999 272 4038 ι’
303 4001 360 4052 1).
391 4000 752 4067 Hieronymus
783 3999 924 4054 diem
957 3998 1192 4053 hominis
1232 3999 1617 4065 interpretatur
1669 3998 1755 4052 vel

170 4072 338 4125 vitam
364 4069 683 4139 longiorem,
709 4072 789 4124 vel
825 4086 1077 4137 prospera
1103 4085 1326 4140 qumque
1359 4071 1516 4135 hujus
1545 4069 1750 4122 saeculi.

170 4141 279 4197 Alii
298 4157 392 4212 per
413 4142 554 4194 dicm
580 4141 809 4195 hominis
831 4143 1131 4211 intelligunt
1155 4142 1415 4210 judicium
1442 4141 1750 4206 humanum,

174 4223 235 4268 ut
265 4213 330 4266 sit
360 4227 551 4266 sensus
580 4230 594 4266 :
625 4212 830 4267 Jndiria
866 4213 1140 4266 heminum
1185 4218 1250 4266 de
1279 4229 1364 4267 me
1398 4227 1501 4266 non
1531 4212 1712 4264 curavi
1740 4229 1752 4264 :

172 4283 623 4353 quemadmodum
652 4283 720 4336 ait
748 4283 1045 4347 Apostolus
1080 4301 1092 4335 :
1129 4282 1259 4336 Mihi
1280 4294 1451 4338 autem
1475 4300 1566 4349 pro
1597 4283 1756 4336 mini-

170 4371 260 4428 mo
287 4364 356 4428 est
381 4365 486 4407 uta
514 4354 878 4428 vobisjudicer
899 4396 914 4420 ,
953 4362 1044 4407 aut
1074 4355 1136 4408 ab
1166 4356 1391 4428 humano
1419 4358 1515 4428 die
1540 4356 1558 4427 (
1579 4353 1752 4428 IiCor.

172 4427 277 4495 tv),
311 4425 360 4478 id
399 4436 502 4488 est,
549 4425 848 4491 intellectu,
894 4429 982 4495 qui
1030 4436 1115 4478 est
1140 4428 1256 4482 dies
1287 4425 1647 4486 hominisgait
1695 4426 1752 4479 S.

173 4469 410 4552 Tliinnas
439 4469 529 4565 (Iit
557 4469 856 4565 commend)
875 4513 890 4560 ;
911 4469 1044 4551 lsive
1070 4512 1097 4549 ιι
1141 4497 1344 4565 judicio
1383 4499 1638 4551 humano.
1697 4495 1758 4549 Si
1785 4469 1836 4528 D

172 4568 330 4631 enim,
360 4563 530 4636 inquit
565 4568 623 4622 Β.
657 4563 947 4629 Gregorius
975 4563 1183 4637 (Libft
1232 4567 1423 4621 Moral.
1457 4585 1572 4632 cap.
1606 4566 1711 4631 90)
1739 4608 1755 4630 ,

172 4639 476 4710 ignorantia:
526 4640 808 4692 obscuritas
836 4640 944 4710 sine
988 4639 1305 4710 dubitatione
1335 4655 1438 4693 ποτε
1464 4639 1638 4710 cordis
1662 4645 1756 4698 est,

172 4707 456 4763 intellectus
478 4727 577 4763 non
604 4711 854 4762 immerito
871 4709 980 4764 dies
1001 4724 1230 4764 vocatur.
1265 4709 1308 4764 ll
1316 4710 1413 4764 nde
1431 4721 1477 4762 et
1499 4725 1588 4778 per
1616 4707 1756 4761 Pau-

174 4782 283 4833 lum
307 4780 495 4834 dicitur
526 4797 543 4833 :
569 4780 714 4834 Alius
739 4781 933 4844 iudicat
959 4782 1094 4834 client
1122 4784 1255 4836 inter
1276 4781 1431 4843 diem,
1461 4782 1595 4833 alius
1608 4779 1760 4848 judi-

173 4859 256 4904 cat
281 4868 475 4905 omnem
506 4853 640 4923 diem
667 4852 843 4921 (Rom.
875 4854 1004 4923 xw).
1041 4855 1111 4906 Ac
1137 4855 1180 4905 si
1210 4864 1384 4916 aperte
1414 4853 1547 4904 dicat
1573 4866 1590 4902 :
1614 4853 1759 4903 Altus

172 4925 407 4988 qutcdam
436 4922 699 4977 nonnullis
717 4925 1024 4977 intermissis
1051 4925 1314 4994 intelligit,
1346 4923 1478 4975 alius
1502 4938 1618 4975 vero
1651 4937 1760 4974 out-

175 4996 262 5064 ttia
289 4993 546 5048 intellectu
572 4995 834 5060 possibilia
880 4999 950 5047 ita
974 5006 1026 5048 ut
1061 5006 1178 5048 sunt
1209 4993 1427 5047 videnda
1475 4994 1755 5064 (agnoscit.

174 5063 253 5118 Ita
291 5063 605 5124 Gregorius.
664 5066 775 5120 Huc
804 5078 1012 5130 speetat
1065 5067 1148 5119 illa
1194 5067 1256 5119 Ι).
1295 5063 1606 5131 Hieronymi
1635 5079 1760 5117 sen-

177 5131 337 5190 tentia
367 5135 562 5205 (Epist.
587 5135 682 5196 26)
713 5155 726 5190 :
779 5135 958 5189 Prima
997 5140 1157 5191 virtus
1207 5145 1280 5189 est
1323 5133 1559 5187 monachi
1588 5146 1762 5187 conte-

176 5222 358 5280 mnere
381 5204 654 5280 hominum
672 5208 915 5280 judicia,
934 5216 980 5260 et
1017 5223 1214 5279 semper
1238 5206 1468 5280 Apostoli
1497 5204 1760 5280 recprdari

177 5277 386 5330 dicentis
418 5295 436 5331 :
475 5280 535 5333 Si
565 5275 734 5332 adhuc
777 5279 1070 5334 hominibus
1107 5275 1307 5346 placere
1341 5279 1540 5342 vellem,
1568 5275 1761 5332 Christi

177 5363 346 5422 servus
375 5365 479 5404 non
500 5366 658 5422 essent
698 5349 840 5422 (Gal.
870 5350 932 5419 ι).
966 5351 1067 5404 Alii
1100 5353 1388 5422 humanum
1421 5349 1565 5422 diem
1597 5362 1762 5422 expu-

179 5429 306 5472 nunt
331 5418 607 5474 hominum
633 5417 899 5485 favorem,
919 5423 1064 5489 quod
1113 5421 1303 5474 eodem
1354 5419 1567 5474 recidit.
1625 5417 1761 5474 Cum

180 5489 318 5544 enim
343 5490 460 5547 dies
488 5507 584 5560 pro
610 5493 968 5562 prostieritate
988 5536 1003 5551 .
1031 5498 1176 5546 sicut
1219 5506 1324 5545 nox
1374 5506 1470 5560 pro
1516 5490 1760 5562 adversi-

179 5569 285 5614 tate
312 5578 576 5625 sumatur,
610 5561 726 5618 dies
750 5567 1014 5617 humanus
1039 5564 1238 5617 diettur
1259 5561 1596 5628 approbatio,
1615 5565 1762 5614 lavor

183 5639 233 5686 et
257 5634 651 5687 commendatio
684 5636 980 5689 hominum.
1020 5634 1090 5687 Ita
1121 5634 1193 5686 illi
1218 5635 1562 5686 anachoretm
1590 5645 1643 5686 et
1675 5649 1763 5685 so-

186 5702 336 5774 litarii
366 5707 614 5759 monachi
645 5721 764 5760 cum
793 5707 1024 5760 Jeremta
1047 5707 1229 5759 direre
1277 5714 1517 5774 poterant
1566 5722 1578 5756 :
1611 5702 1761 5757 Diem

187 5770 396 5831 hominis
434 5793 536 5830 non
558 5777 862 5841 desiderant“.
913 5776 967 5831 td
1014 5789 1098 5834 est
1125 5770 1402 5834 hominum
1442 5777 1675 5833 favorem
1706 5785 1763 5832 et

457 5871 735 5932 Ρλτειοι..
781 5869 1012 5938 XLIX.

1939 3159 1960 3187 ε
1996 3149 2280 3226 Dionysius
2309 3148 2542 3202 clariore
2567 3148 2782 3226 sy_ntaxi
2806 3167 2819 3202 :
2847 3149 3036 3204 Recolo
3061 3169 3142 3226 nte
3167 3156 3458 3226 frequenter

1862 3228 2068 3297 raptum
2095 3220 2306 3297 nivales
2329 3235 2589 3297 calcemus.
2619 3221 2890 3297 Excessus
2909 3225 3130 3293 mentis,
3154 3220 3457 3297 qui'Graece

1861 3292 2094 3346 exstasis
2120 3292 2337 3345 dicitur.
2376 3290 2528 3364 U_ude
2558 3291 2618 3344 υ.
2653 3291 2982 3361 Augustinus
3007 3290 3205 3364 passim
3241 3300 3290 3351 in
3313 3301 3460 3357 l’sal-
3491 3309 3504 3313 ’

1863 3365 1985 3434 tuis,
2031 3364 2117 3416 ubi
2164 3364 2378 3432 legitur,
2405 3360 2469 3414 In
2510 3360 2758 3424 excessu,
2785 3364 2931 3434 legit,
2963 3360 3018 3418 ut
3042 3370 3253 3422 exstasi.
3299 3371 3362 3424 Et
3402 3374 3460 3428 in

1862 3432 2140 3487 Psalmum
2170 3450 2314 3489 vau
2359 3435 2598 3488 scribens
2628 3452 2643 3488 :
2681 3432 2934 3499 Exstaiis,
2968 3438 3158 3506 inquit,
3209 3451 3284 3494 est
3311 3459 3459 3498 men-

1863 3506 1926 3557 tis
1953 3521 2188 3561 excessus
2219 3522 2237 3559 :
2287 3507 2424 3575 quod
2455 3505 2733 3580 aliquando
2761 3523 2950 3580 pavore
2990 3505 3267 3580 cdntingil,
3321 3531 3460 3569 non-

1863 3593 2138 3646 numquam
2169 3593 2284 3629 vero
2313 3594 2402 3644 per
2430 3576 2658 3643 aliquam
2702 3579 3063 3630 reuelationem
3093 3591 3138 3634 et
3166 3576 3455 3640 alienatio-

1862 3663 1976 3700 nem
2026 3649 2206 3700 mentis
2227 3663 2258 3699 a
2284 3646 2518 3719 sensibus
2547 3649 2798 3704 corporis.
2844 3658 2898 3699 ut
2939 3652 3150 3719 spiritui
3176 3654 3316 3719 quod
3363 3659 3457 3709 de-

1860 3719 2256 3787 monstrandum
2301 3727 2374 3768 est
2413 3717 2815 3787 demonstretur.
2861 3719 2916 3769 S.
2954 3717 3259 3772 Bernardus
3289 3739 3455 3787 super

1860 3788 2077 3841 Catillct
2113 3786 2306 3854 (Serm.
2339 3790 2498 3849 XLIX)
2531 3803 2543 3836 :
2575 3783 2705 3840 Cum
2733 3787 2837 3839 duo
2859 3794 3000 3852 sunt,
3046 3789 3243 3856 inquit,
3296 3783 3455 3849 beatae

1860 3858 2310 3924 contemplationis
2340 3871 2597 3917 excessus,
2626 3857 2678 3908 in
2710 3857 2969 3910 intellectu
3004 3874 3136 3912 unus
3158 3874 3204 3915 et
3233 3860 3366 3913 alter
3398 3868 3454 3918 in

1860 3929 2071 3996 a/I‘ectu,
2102 3944 2236 3981 unus
2261 3929 2314 3980 in
2359 3926 2552 3980 lumine
2594 3936 2642 3980 et
2679 3926 2812 3981 alter
2861 3929 2916 3981 in
2959 3927 3187 3996 fervore.
3233 3948 3366 3984 unus
3397 3937 3452 3990 in

1860 3999 2149 4067 cognitione
2177 4010 2219 4053 ei
2250 4000 2379 4052 alter
2406 3999 2456 4050 in
2483 3999 2774 4059 tle-vatione,
2814 4001 2928 4061 pius
2977 4015 3098 4050 sane
3143 4000 3358 4066 affectus
3401 4017 3453 4060 et

1860 4081 2034 4142 pectus
2062 4087 2236 4124 amore
2259 4072 2456 4129 calens,
2480 4081 2525 4121 et
2549 4079 2739 4123 sanctw
2760 4069 3040 4142 devotionis
3056 4069 3272 4142 inlusio,
3297 4077 3450 4130 etiam

1862 4140 1907 4195 et
1937 4140 2244 4196 vehementis
2272 4143 2482 4212 spiritus
2514 4142 2732 4212 repletus
2759 4141 2886 4200 zelo,
2918 4157 3018 4192 non
3049 4140 3201 4203 plane
3238 4145 3452 4203 aliunde

1862 4229 2018 4282 quam
2066 4230 2092 4267 ε
2119 4213 2249 4268 cella
2296 4215 2494 4267 vinaria
2521 4211 2885 4284 reportantur;
2927 4223 2974 4264 et
3003 4211 3306 4284 cuicumque
3330 4233 3448 4273 cum

1865 4286 2045 4337 horum
2077 4285 2228 4351 copia
2255 4301 2461 4355 surgere
2489 4283 2550 4336 ab
2577 4288 2804 4355 oratione
2832 4283 3080 4355 donatur,
3105 4283 3264 4355 potest
3293 4290 3346 4342 in
3368 4308 3452 4344 ve-

1863 4356 2014 4409 ritate
2034 4357 2194 4423 loqui,
2217 4353 2646 4425 quiu‘introduxit
2668 4370 2745 4408 me
2767 4353 2880 4408 Rea:
2909 4356 2958 4408 in
2984 4353 3166 4410 cellam
3197 4361 3450 4416 vinariam

1865 4425 2089 4497 (Cant-ie.
2114 4428 2170 4496 tt)
2214 4428 2275 4481 Et
2298 4427 2422 4480 alibi
2442 4444 2453 4477 :
2477 4425 2784 4489 Excedente,
2810 4428 2998 4493 inquit,
3021 4430 3217 4494 animo,
3236 4434 3452 4488 etsinon

1864 4498 1994 4558 uita,
2010 4507 2142 4552 certe
2164 4499 2461 4556 vitwsensu,
2483 4512 2684 4550 necesse
2706 4507 2778 4550 est
2793 4499 2944 4551 ctiam
2969 4509 3022 4553 ut
3044 4516 3132 4552 nec
3150 4505 3264 4554 vitta
3281 4512 3449 4558 tenta-

1865 4568 1934 4620 tio
1964 4571 2236 4622 sentiatur.
2291 4568 2416 4640 Quis
2444 4566 2741 4640 dabi_t_milti
2787 4587 2980 4635 pannus
3006 4572 3156 4636 quasi
3180 4572 3446 4640 rolumbte,

1862 4647 1910 4690 et
1937 4640 2136 4700 volabo,
2157 4653 2204 4692 et
2229 4639 2536 4700 requiescam
2557 4637 2731 4705 (Ρδιιι.
2760 4642 2900 4705 Liv)!
2935 4640 3146 4695 Utinam
3171 4641 3268 4694 hac
3287 4637 3452 4700 morte

1863 4726 1954 4780 ego
1989 4713 2275 4782 frequenter
2301 4711 2575 4767 cadam.ut
2603 4711 2817 4765 evadant
2833 4712 3038 4782 laqueos
3061 4716 3255 4775 mortis,
3273 4725 3326 4767 ut
3347 4733 3452 4770 non

1862 4783 2078 4834 sentiam
2105 4783 2220 4834 vitta
2259 4780 2573 4852 litxuriantis‘
2589 4783 2850 4852 mortifera
2873 4780 3242 4846 blandimenta,
3272 4794 3454 4839 utnon

1863 4855 2214 4921 obstupesram
2237 4853 2303 4903 ad
2329 4869 2530 4906 sensum
2556 4849 2805 4918 libidinis,
2827 4855 2895 4906 ad
2914 4865 3092 4908 uastum
3115 4855 3364 4914 avaritiw.
3380 4859 3452 4910 ad

1862 4923 2146 4976 iracundia:
2172 4933 2221 4975 et
2247 4924 2583 4987 impatientia:
2605 4926 2862 4985 stimulos,
2887 4926 2954 4977 ad
2995 4942 3211 4994 angores
3258 4927 3452 4981 sollici-

1863 4996 2122 5054 tudinum,
2151 5003 2198 5047 et
2230 4995 2492 5047 molestias
2516 5011 2776 5048 curarum.
2835 4994 3058 5048 Moritur
3084 4999 3258 5048 anima
3289 5008 3450 5052 morte

1853 5065 2136 5135 justorum,
2164 5076 2220 5116 ιιι
2251 5066 2394 5118 nulla
2419 5065 2564 5118 illuni
2592 5065 2831 5133 illaqueet
2862 5071 3028 5132 fraus,
3057 5065 3203 5117 nulla
3235 5067 3450 5121 oblectet

1862 5137 2126 5204 iniquitas.
2155 5135 2300 5189 Bona
2326 5153 2460 5190 mors
2486 5153 2601 5202 qua:
2631 5139 2781 5189 vitam
2813 5153 2913 5190 non
2943 5137 3132 5261 au{ert,
3161 5136 3249 5189 sed
3277 5147 3451 5192 trans-

1865 5207 1959 5261 fert
1990 5208 2040 5259 in
2071 5207 2269 5259 melius.
2311 5208 2436 5261 llaec
2455 5208 2516 5261 D.
2546 5208 2851 5261 Bernartius
2875 5208 2996 5261 huic
3039 5222 3138 5261 nco
3162 5207 3299 5261 belle
3320 5223 3451 5261 cou-

1864 5207 1959 5276 [ει-ι
1990 5208 2040 5259 in
2071 5207 2269 5259 melius.
2311 5208 2436 5263 Haec
2455 5208 2516 5261 D.
2546 5208 2851 5262 Bernartius
2875 5208 2996 5261 huic
3016 5207 3138 5262 loco
3162 5207 3299 5261 belle
3320 5223 3451 5261 cou-

1863 5277 2276 5332 somntiaNide
2306 5280 2458 5347 plura
2480 5280 2548 5332 de
2570 5280 2767 5332 i'xstasi
2795 5279 2936 5348 apud
2955 5279 3282 5333 S.Tltomam
3305 5279 3446 5342 (1-2.

1861 5366 1912 5420 q.
1944 5350 1998 5420 8,
2029 5366 2079 5402 ιι.
2109 5353 2223 5413 3,et
2252 5351 2372 5414 2-2,
2395 5367 2446 5418 q.
2478 5349 2620 5420 175).

1934 5419 1959 5455 ά
2004 5421 2076 5474 Ita
2107 5421 2280 5474 Sancti
2325 5422 2396 5475 illi
2447 5419 2789 5474 anachoreta!
2819 5421 3026 5489 gaudiis
3079 5419 3454 5487 spiritualibus

1863 5499 1918 5546 et
1939 5491 2148 5546 deliciis
2173 5492 2334 5546 atiimi
2367 5493 2607 5560 occupati
2633 5493 2824 5560 partim
2856 5491 3454 5546 obtiviscebanturcon

1864 5563 2009 5632 poris
2039 5575 2092 5617 et
2120 5578 2402 5627 corporea!
2426 5564 2777 5622 nece~sitatis.
2804 5576 2858 5616 ut
2883 5563 2970 5618 hic
2999 5564 3164 5618 abbas
3187 5561 3448 5630 Joannes,

1862 5636 1952 5704 qui
1989 5650 2092 5688 non
2126 5635 2511 5690 recordabatur
2542 5634 2750 5694 vcsneri
2780 5651 2846 5686 an
2877 5650 2945 5688 eo
2972 5635 3059 5690 die
3098 5636 3451 5699 comedisset,

1862 5714 1918 5760 et
1945 5707 2185 5773 sequenti
2218 5705 2307 5760 die
2336 5708 2403 5760 de
2435 5709 2683 5760 hesterna
2713 5707 3055 5760 absolutione
3073 5705 3262 5773 jejunii
3292 5705 3452 5760 dubi-

1865 5780 2032 5845 tabat,
2064 5778 2115 5835 id
2147 5786 2252 5842 est,
2287 5793 2354 5834 au
2387 5777 2559 5849 pridie
2593 5775 2854 5846 jejunium
2901 5779 3156 5833 solviSset
3197 5784 3254 5833 et
3299 5789 3451 5832 conr-
