4014 6200
546 337 678 398 H35

1615 333 1894 392 JOANNIS
1931 333 2244 392 CASSIANI
2281 329 2772 389 COLLATIONES.

3733 313 3898 383 “36

539 462 625 517 rio
649 454 790 516 illius
823 457 1080 513 solitaria:
1134 454 1386 527 puritatis
1433 453 1515 508 his
1565 453 1843 507 maluerim
1899 447 2132 507 coenobii
2160 456 2209 516 Α
2237 463 2299 504 ac
2344 446 2612 516 triplicato
2666 442 2849 499 modio
2897 447 3192 496 necessitas
3249 436 3519 493 victnalis
3577 435 3675 492 vix
3709 444 3890 508 queat

541 555 810 626 angustiis
832 552 1119 609 coarctari.
1139 549 1193 604 lu
1218 549 1318 604 hac
1343 548 1505 619 igitur
1520 545 1930 602 conversatione
1951 541 2132 599 diurni

542 649 725 718 operis
757 647 900 701 nulla
924 644 1162 716 provisio
1179 653 1285 712 est,
1313 641 1643 696 venditionis
1661 641 1746 694 vel
1769 638 2131 708 coemptionis

540 741 688 796 nulla
722 739 996 802 diSIentio,
1055 752 1160 791 non
1196 735 1357 789 annui
1392 735 1546 803 panis
1589 732 1914 787 inevitabilis
1954 745 2082 784 cura
2113 773 2126 796 ,

538 849 652 890 non
676 832 988 887 sollicitudo
1010 829 1376 899 corporalium
1405 843 1614 893 rerum,
1647 843 1749 896 qua
1783 841 1887 881 non
1923 834 2127 878 tantum

547 927 800 997 pr0priis,
835 925 1188 981 verumetiam
1243 923 1537 979 multorum
1583 921 1986 977 advenientium
2020 921 2132 973 nsi-

547 1013 646 1073 bus
676 1019 978 1073 necessaria
1021 1025 1410 1086 praeparantur,
1467 1025 1742 1085 postremo
1791 1013 1935 1068 nulla
1981 1027 2135 1067 arm.

539 1111 722 1182 gantia
752 1110 925 1166 laudis
956 1109 1228 1176 humanae,
1254 1124 1374 1178 quae
1405 1107 1735 1162 imutundior
1772 1105 1856 1159 his
1883 1106 2135 1159 omnibus

540 1203 595 1259 in
626 1211 917 1273 conspectu
945 1184 1060 1267 Dei,
1097 1203 1264 1257 etiam
1308 1214 1535 1270 magnos
1587 1199 1756 1253 eremi
1790 1198 2001 1253 labores
2030 1196 2127 1251 fre.

541 1305 772 1368 quenter
819 1303 1068 1350 evacuat.
1126 1293 1325 1347 Verum
1384 1301 1444 1346 ut
1496 1292 1550 1346 in
1602 1290 1691 1345 illa
1751 1289 2134 1344 anachoretica

542 1391 822 1459 disciplina
857 1390 978 1444 illos
1019 1388 1313 1443 elationum
1360 1384 1682 1454 spiritalium
1725 1382 1918 1438 ﬁuctus
1939 1390 1993 1436 et
2021 1381 2135 1436 exi-

542 1482 740 1537 tiabilis
767 1480 1082 1537 cenodoxim
1105 1477 1343 1550 pericula
1376 1485 1716 1544 praeteream,
1743 1472 1808 1527 ad
1843 1474 1945 1528 hoc
1963 1485 2132 1542 gene-

542 1577 656 1632 rale
686 1586 1001 1630 cunctorum
1037 1573 1278 1643 pondus,
1325 1570 1375 1624 id
1401 1580 1503 1634 est,
1537 1583 1879 1624 communem
1912 1565 2135 1637 parandi

543 1668 718 1722 victus
772 1665 1190 1722 sollicitudinem
1247 1672 1626 1726 revertamur,
1679 1677 1796 1732 qua:
1854 1675 1920 1715 eo
1966 1675 2134 1730 usque

543 1775 853 1816 mensuram
896 1774 1003 1814 non
1049 1757 1171 1812 dico
1221 1756 1368 1810 illius
1399 1755 1638 1824 antiqua:
1663 1753 2015 1808 districtionis
2041 1767 2135 1806 ex-

2239 537 2507 608 expediri.
2559 536 2629 590 Et
2668 535 2719 589 in
2751 543 2956 588 tantum
3007 531 3149 601 apud
3199 529 3505 588 nonnullos
3555 529 3650 584 vis
3693 529 3884 585 norb

2237 630 2399 702 hujus
2427 630 2766 686 remissionis
2793 626 3042 693 increvit,
3071 625 3099 664 ι)
3125 634 3181 679 ut
3204 635 3368 680 aceto
3402 623 3732 694 maritoque
3759 637 3887 692 per-

2237 726 2422 781 mixtis
2441 742 2549 780 non
2570 724 2717 778 illam
2745 737 2904 777 unam
2930 721 3037 777 olei
3059 719 3402 776 admisceant
3424 728 3680 789 guttam,
3713 733 3883 787 quam

2243 819 2680 888 praedecessores
2720 815 2924 880 nostri,
2983 813 3076 882 qui
3123 812 3294 868 eremi
3340 811 3600 866 instituta
3661 810 3884 878 maiore

2236 911 2581 966 abstinentia:
2616 909 2816 964 virtute
2841 908 3033 964 sectati
3064 916 3213 972 sunt,
3245 904 3598 976 repellenda:
3653 913 3878 958 tantum

2236 1002 3014 1074 ceuodoxiaegratiainstillare
3039 1009 3462 1066 consueverant,
3483 999 3590 1055 sed
3618 1011 3644 1037 ε
3675 998 3879 1055 infrin-

2236 1107 2424 1170 gentes
2454 1097 2836 1168 [Egyptiacum
2869 1111 2966 1166 pro
3009 1095 3214 1151 salibus
3260 1109 3508 1159 caseum,
3571 1093 3718 1162 plus
3768 1093 3876 1147 olei

2236 1208 2400 1262 quam
2433 1204 2656 1246 necesse
2683 1199 2786 1255 est,
2837 1185 3272 1258 snperfundant;
3305 1195 3361 1242 et
3392 1186 3472 1240 ita
3517 1185 3673 1239 duos
3721 1185 3878 1238 cibos

2239 1283 2454 1354 propria
2487 1282 2756 1336 suavitate
2780 1281 3069 1342 distantes,
3099 1279 3192 1349 qui
3211 1279 3488 1349 sigillatim
3515 1277 3875 1347 diversoque

2241 1385 2486 1445 tempore
2517 1373 2813 1429 monachos
2840 1371 3068 1427 reﬁcere
3086 1370 3490 1441 iucundissime
3521 1369 3872 1440 potuissent,

2238 1468 2338 1522 sub
2370 1467 2529 1522 unius
2561 1466 2772 1535 saporis
2801 1464 3166 1520 oblectatione
3194 1463 3520 1533 percipiant.
3553 1463 3616 1517 In
3652 1471 3871 1518 tantum

2238 1573 2368 1615 sane
2395 1557 2422 1596 ἀ
2450 1558 2567 1613 ιιωο
2594 1559 2748 1619 ἀλκῆς
2779 1565 3005 1634 χρῆσις,
3035 1556 3088 1611 id
3131 1564 3233 1620 est,
3267 1556 3649 1610 materialium
3679 1570 3866 1610 rerum

2237 1653 2511 1725 possessio
2531 1652 2891 1722 supercrevit,
2907 1661 2966 1705 ut
2981 1660 3004 1688 °
3023 1665 3210 1721 sagum
3230 1665 3468 1721 quoque,
3485 1650 3640 1720 quod
3657 1650 3868 1720 absque

2237 1746 2562 1803 verecundia
2592 1744 2799 1799 referre
2828 1759 2934 1798 non
2959 1757 3202 1812 possum,
3250 1744 3351 1798 sub
3379 1742 3625 1797 obtentu
3659 1740 3862 1796 buma-

544 1856 731 1917 cussit,
763 1868 883 1922 qua:
921 1865 1074 1905 usum
1104 1849 1210 1904 olei
1242 1850 1453 1920 penitus
1484 1849 1779 1915 nesciebat,
1812 1849 1903 1904 sed
1938 1863 2005 1902 ne
2035 1847 2136 1902 hac
2166 1855 2214 1914 Β
2240 1841 2422 1913 nitatis
2449 1855 2511 1896 ac
2537 1839 2900 1908 susceptionis
2923 1838 3106 1908 hujus,
3131 1839 3478 1893 anachoreta:
3514 1839 3570 1894 in
3598 1838 3724 1894 suis
3765 1841 3860 1893 ha-

544 1945 760 2016 quidem
785 1944 952 1998 nostri
981 1943 1241 2012 temporis
1269 1942 1592 1996 remissione
1635 1941 1801 2008 capit
1842 1955 1964 1995 esse
2004 1953 2136 1994 con-

545 2046 716 2102 tenta,
749 2037 802 2090 in
834 2051 937 2104 qua
963 2044 989 2072 ι
1013 2049 1119 2088 uno
1149 2033 1256 2088 olei
1279 2035 1524 2088 sextario
1548 2033 1842 2102 itidemque
1870 2032 2140 2087 lenticula:

545 2131 728 2187 modio
755 2129 1160 2185 advenientium
1186 2128 1372 2182 usibus
1403 2133 1725 2196 praeparato,
1760 2125 1924 2179 totius
1950 2141 2140 2178 annum

547 2223 857 2280 refectionis
888 2220 1240 2292 explebantur
1268 2218 1469 2284 ofﬁcia,
1496 2218 1568 2273 ita
1597 2226 1656 2272 ut
1685 2216 1958 2286 duplicato
1991 2231 2134 2270 nunc

2244 1936 2373 1992 bere
2398 1935 2608 1991 cellulis
2633 1935 2934 2004 coeperint:
2966 1943 3024 1988 ut
3050 1933 3141 1988 illa
3171 1934 3617 2004 praetermittam,
3654 1935 3859 2005 quibus

2247 2031 2473 2086 attonita
2493 2029 2671 2084 anima
2692 2045 2754 2083 ac
2776 2029 3112 2099 spiritalibus
3143 2029 3370 2085 theoriis
3397 2043 3627 2100 semper
3648 2031 3851 2084 intenta

2249 2123 2540 2194 specialius
2582 2123 2918 2193 ingravatur,
2979 2135 3274 2176 concursus
3325 2120 3546 2175 scilicet
3599 2120 3846 2184 fratrum,

2245 2217 2607 2286 susceptionis
2637 2230 2852 2285 quoque
2893 2229 2956 2268 ac
2981 2212 3326 2270 deductionis
3375 2212 3588 2281 ofﬁcia,
3639 2225 3854 2269 mutuas

1625 2341 1658 2390 Α
1671 2335 1878 2391 LARDI
1919 2334 2150 2390 GAZIEI
2189 2333 2764 2390 COMMENTARIUS.

548 2436 727 2491 citium
781 2431 994 2486 rirtuosi
1045 2437 1213 2493 actus,
1255 2428 1536 2482 secundum
1593 2428 1726 2481 illud
1778 2427 1847 2479 ad
1890 2425 2136 2480 Hebraeos

550 2509 728 2578 quinto
750 2521 769 2560 .°
802 2503 1155 2578 Pet-factorum
1186 2507 1258 2554 est
1283 2500 1485 2578 solidus
1513 2499 1675 2561 cibus,
1729 2513 1904 2578 eorum
1931 2499 2018 2577 qui
2045 2514 2138 2561 pro

550 2567 920 2634 consuetudine
937 2571 1243 2626 exercitatos
1275 2571 1454 2623 habent
1482 2586 1657 2623 sensus
1681 2568 1747 2620 ad
1777 2567 2138 2621 discretionem

551 2650 666 2702 boni
693 2658 738 2700 et
766 2645 906 2696 mali.
933 2642 1012 2695 Ad
1040 2640 1342 2693 exercitium
1371 2653 1538 2691 autent
1578 2639 1878 2709 Itujusntodi
1901 2708 1906 2709 ί
1917 2641 2138 2709 juvatur

551 2717 703 2772 homo
729 2731 793 2769 ea:
821 2714 1041 2766 aliorum
1064 2711 1304 2763 societate
1326 2709 1622 2775 dupliciter.
1648 2708 1761 2763 Uno
1788 2708 2138 2778 modo,quan-

553 2798 660 2842 tum
689 2788 758 2840 ad
785 2783 1120 2840 intellectum,
1146 2790 1200 2834 ut
1226 2781 1515 2833 instruatur
1540 2780 1590 2831 in
1616 2779 1697 2833 Itis
1734 2796 1846 2847 qute
1882 2790 1983 2833 .unt
2012 2796 2136 2833 con-

556 2856 868 2923 templanda.
903 2851 1052 2908 Unde
1078 2850 1128 2904 [1
1136 2852 1429 2921 ieronymus
1453 2853 1576 2904 dicit
1603 2851 1671 2903 ad
1729 2851 1995 2904 llusticum
2021 2867 2142 2923 mo-

553 2921 778 2983 nachum
810 2942 827 2978 :
852 2925 982 2978 Mihi
1013 2922 1177 2994 placet
1208 2931 1261 2976 ut
1290 2923 1474 2976 habeas
1500 2938 1704 2976 sacrum
1733 2921 2138 2994 contubernium,

553 3017 647 3054 nec
673 3001 779 3070 ipse
807 3009 853 3050 te
884 2991 1094 3070 doceas.
1129 2995 1391 3070 Secundo,
1414 3005 1671 3070 quantum
1692 2992 1761 3046 ad
1787 2991 2054 3059 a/fectum,
2087 3001 2142 3070 ut

555 3064 748 3126 scilicet
773 3069 940 3121 noxia:
969 3064 1265 3132 aﬂ‘ectiones
1286 3067 1507 3118 hominis
1535 3067 1878 3129 reprimuntur
1908 3066 2140 3124 exemplo

555 3153 601 3198 et
654 3141 967 3195 correctione
1015 3136 1272 3198 aliorum;
1307 3137 1450 3203 quia,
1484 3145 1536 3188 ut
1567 3137 1689 3187 dicit
1721 3133 2004 3205 Gregorius
2038 3151 2138 3188 xxx

557 3214 840 3268 Moralium
863 3209 1015 3278 (Cap.
1044 3208 1136 3274 25)
1159 3223 1316 3278 super
1332 3208 1463 3259 illud
1480 3224 1492 3258 :
1509 3205 1602 3258 Cui
1625 3207 1767 3258 dedit
1794 3208 1846 3258 in
1867 3207 2142 3278 solitudine

557 3285 771 3343 donum,
803 3281 924 3348 quid
962 3277 1420 3348 prodestrsolitudo
1447 3279 1703 3342 corporis,
1735 3279 1778 3328 si
1804 3277 2028 3329 solitudo
2056 3277 2143 3328 de-

557 3355 721 3426 fuerit
753 3347 966 3426 cordis?
989 3347 1096 3426 _Et.
1131 3347 1246 3426 ideo
1271 3350 1393 3426 "vita
1435 3347 1640 3426 socialis
1670 3348 1955 3399 necessaria
1974 3356 2055 3426 es”.
2073 3349 2140 3398 ad

557 3416 1229 3510 exercitium.perfeqtionis.
1264 3416 1504 3510 Solitndo
1551 3431 1726 3510 aute'm
1771 3422 2006 3480 competit
2026 3419 2140 3487 jam

559 3497 819 3567 perfectis.
849 3487 1000 3567 Διμἠάμὲε
1031 3488 1379 3567 Hieronymus
1402 3487 1620 3567 dicitad
1667 3487 1934 3567 Rusticum
1965 3504 2142 3541 mona-

561 3561 711 3620 chum
727 3581 745 3618 :
763 3563 1065 3619 Solitariam
1081 3562 1236 3612 vitam
1266 3561 1722 3630 reprehendimus?
1741 3561 1966 3624 minime,
1995 3562 2142 3630 quip-

602 3657 625 3690 e
653 3652 806 3706 quant
827 3650 960 3701 saepe
983 3633 1326 3706 laudavimus.
1342 3631 1545 3706 *δαιρε
1567 3631 1691 3684 ludo
1713 3631 2140 3684 nwnasteriorum

602 3657 625 3690 Ε
653 3657 806 3706 quam
827 3657 960 3701 ηερε
983 3657 1326 3685 ιιιυ-αιιυιιηυι.
1355 3657 1459 3685 ora
1482 3657 1545 3684 uc
1567 3657 1691 3684 tuuu
1713 3657 1956 3684 monuisset
1972 3657 2038 3681 wr
2054 3657 2136 3682 um

562 3657 915 3780 hujuscemodi
938 3704 1171 3757 nolumus
1199 3703 1370 3772 egredi
1394 3704 1594 3780 milites
1636 3719 1760 3772 quos
1805 3703 1961 3754 eremi
1992 3703 2136 3780 rudi-

562 3773 731 3836 menta
758 3780 889 3830 dura
920 3793 1021 3829 non
1045 3785 1285 3830 terreant.
1315 3776 1404 3843 qui
1443 3776 1696 3834 specimen
1744 3773 2140 3826 conversationis

555 3863 667 3906 sua:
693 3850 856 3903 multo
880 3860 1105 3917 tempore
1130 3846 1381 3898 dederint.
1417 3844 1564 3900 Sicut
1610 3861 1728 3914 ergo
1769 3845 1823 3917 id
1872 3845 2006 3911 quod
2024 3846 2140 3912 jam

557 3927 837 3994 perfectum
863 3929 934 3994 est
961 3916 1250 3994 prtcemirtet
1273 3919 1317 3970 ei
1347 3918 1584 3994 quodad
1611 3916 1969 3985 perfectionem
1989 3931 2138 3968 exer-

557 3988 704 4048 cetur
736 4010 754 4046 :
785 3995 853 4044 ita
885 3988 986 4043 vita
1008 3989 1377 4048 solitariorum,
1402 3989 1446 4041 si
1472 3988 1636 4041 debite
1663 3998 1973 4050 assumatur,
2007 4000 2140 4054 prte-

555 4068 738 4117 eminet
771 4063 886 4116 vita:
906 4061 1105 4113 sociali.
1139 4060 1198 4114 δί
1225 4069 1398 4111 autent
1420 4057 1612 4126 absque
1649 4057 1955 4124 pra'cedenti
1993 4073 2136 4109 exer-

557 4135 679 4188 citio
701 4134 816 4186 talis
841 4135 944 4185 vita
964 4142 1274 4192 assumatur,
1305 4139 1378 4182 est
1407 4129 1843 4198 periculosissima
1875 4142 1892 4179 :
1923 4126 2020 4178 nisi
2049 4144 2140 4195 per

557 4205 782 4258 divinam
804 4204 1022 4274 gratiam
1040 4199 1342 4274 suppleatur
1359 4203 1495 4274 quod
1519 4199 1572 4274 in
1589 4199 1705 4274 aliis
1728 4213 1817 4266 per
1840 4198 2138 4274 exercitium

555 4266 865 4344 acquiritur,
891 4273 1023 4344 sicut
1053 4266 1186 4344 patet
1218 4266 1481 4344 de__beatis
1508 4269 1731 4344 Antonio
1762 4276 1807 4320 et
1836 4266 2136 4344 B_nedit:to.

557 4336 858 4400 Hactenus
889 4336 1084 4393 lloclo'r
1126 4340 1432 4405 Angelicus,
1457 4348 1513 4392 et
1537 4338 1692 4402 plane
1723 4336 1992 4407 attgetiCe;
2045 4341 2136 4406 qui

558 4417 721 4470 etiam
755 4415 807 4466 in
839 4410 1108 4464 solutione
1137 4410 1306 4477 quinti
1334 4415 1634 4474 argumenti
1665 4420 1820 4463 acute
1850 4419 1902 4462 ct
1926 4409 2138 4465 erudite

477 4499 494 4509 '
556 4483 1013 4555 exponitdiciutu
1043 4480 1349 4555 Aristmelis
1372 4496 1388 4533 ι
1415 4479 1630 4534 Politia.
1666 4478 1821 4555 (__Cap.
1853 4479 2139 4555 ‘2),tlicen-

555 4550 673 4612 tis':
709 4553 1020 4610 Solitariam
1047 4561 1132 4604 aut
1156 4550 1365 4604 bestiam
1386 4568 1512 4614 esse,
1545 4561 1631 4603 aut
1661 4550 1824 4603 Deum
1858 4567 1877 4604 .·
1901 4550 2022 4619 quia
2057 4551 2138 4604 tti-

554 4629 773 4689 ntirntu,
799 4625 843 4678 si
871 4624 986 4694 quis
1007 4624 1339 4694 solitudinem
1386 4632 1547 4686 amat,
1577 4624 1655 4675 vel
1676 4623 1734 4676 ob
1765 4624 2136 4694 impatientiam

2247 2426 2541 2480 sextarium
2601 2425 2899 2493 complent.
2951 2423 3097 2494 llinc
3139 2421 3436 2494 sextarius
3468 2420 3596 2486 olei,
3650 2425 3749 2494 qui
3794 2426 3846 2479 in

2240 2510 2439 2550 annum
2468 2492 2770 2552 sufﬁciebat
2797 2492 3134 2563 excipiendis
3175 2502 3231 2548 et
3262 2492 3466 2546 alendis
3498 2492 3832 2563 hospiit'tms,

2243 2578 2307 2640 ut,
2331 2567 2416 2622 hic
2444 2567 2642 2640 dicitur
2673 2562 2962 2640 (Epiphan.
2983 2565 3087 2640 _l_ib.
3109 2565 3184 2640 de
3214 2563 3461 2640 “Mensnr.
3489 2573 3538 2615 et
3586 2562 3834 2618 Ponder.

2243 2637 2396 2692 Alex.
2431 2639 2493 2692 ab
2516 2634 2741 2692 Αιεπέι.
2794 2634 2830 2692 it
2860 2655 2907 2692 c.
2937 2634 3057 2707 9.0).
3108 2634 3320 2707 Modius
3351 2649 3626 2707 mensura
3657 2650 3842 2704 genus

2241 2710 2527 2764 continens
2555 2708 2791 2763 sedecim
2821 2705 3098 2771 senarios,
3127 2706 3306 2762 Suida:
3335 2706 3496 2760 libras
3525 2705 3720 2775 viginti
3747 2721 3843 2762 ses

2245 2795 2367 2834 cum
2394 2781 2604 2834 octonis
2631 2781 2804 2834 unciis
2834 2795 2849 2832 :
2881 2780 3036 2847 cujus
3082 2777 3364 2831 dimidium
3411 2776 3617 2847 dicitur
3661 2793 3841 2832 semo-

2247 2851 2492 2978 (“05.2133
2515 2851 2770 2906 lenticula
2799 2846 3003 2905 dictum
3045 2861 3127 2903 est
3149 2848 3292 2903 libro
3320 2864 3372 2903 tv
3402 2846 3832 2915 lustitutionum,

2247 2936 2365 2978 (δεδι).
2477 2963 2486 2971 .

2247 2936 2365 2991 cap.
2398 2936 2486 2978 zu.

2323 2993 2347 3030 ι)
2379 2993 2548 3058 llujns
2577 2994 2814 3059 antiquze
2852 2991 3210 3064 parcimonite
3228 2999 3283 3044 et
3314 2989 3468 3064 mira!
3497 2991 3836 3064 abstinentia:

2248 3064 2387 3131 apud
2444 3065 2562 3118 illos
2617 3061 2949 3130 observatas,
2997 3063 3307 3126 exemplum
3352 3061 3527 3117 refert
3553 3063 3840 3119 Cassianus

2247 3135 2432 3190 ccillat.
2468 3143 2498 3189 δ
2526 3151 2647 3205 cap.
2686 3137 2736 3198 Ι,
2768 3137 2854 3190 tibi
2881 3151 2939 3190 se
2980 3152 3102 3189 rum
3132 3149 3229 3186 suo
3253 3147 3516 3202 germano
3551 3136 3625 3187 ab
3650 3135 3837 3190 abbate

2247 3204 2456 3260 Sereno
2485 3205 2570 3261 his
2595 3204 2816 3261 lautitiis
2843 3221 3101 3276 exceptos
3127 3215 3523 3276 Commemorat
3546 3221 3562 3258 :
3587 3205 3723 3258 Nam
3747 3224 3835 3272 pro

2245 3279 2435 3344 muria,
2492 3279 2681 3349 inquit,
2737 3294 2850 3346 qum
2879 3275 3171 3349 superjecta
3198 3275 3300 3349 olei
3327 3286 3477 3346 gutta
3522 3277 3835 3342 quotidiana:

2245 3348 2512 3418 refectioni
2534 3348 2726 3402 solebat
2753 3345 2968 3418 appetti,
3005 3345 3261 3402 modicum
3282 3345 3591 3418 liquaminis
3620 3350 3832 3413 miscuit,

2244 3416 2414 3471 et’olei
2437 3418 2681 3487 quiddam
2702 3416 2852 3473 solito
2879 3419 3182 3487 propensius
3199 3418 3514 3487 superfudit.
3539 3416 3679 3471 Nam
3700 3420 3834 3473 illam

2244 3490 2354 3561 olei
2372 3501 2569 3560 guttam
2595 3491 2654 3543 ob
2681 3489 2778 3544 hoc
2803 3492 3159 3561 unusquisque
3179 3491 3410 3557 quotidie
3448 3491 3741 3560 refecturas
3763 3492 3836 3544 itt-

2243 3559 2432 3625 stillat,
2467 3578 2566 3613 non
2588 3572 2639 3614 ut
2659 3564 2773 3630 ejus
2805 3577 2868 3615 ex
2893 3559 2986 3615 hoc
3011 3562 3232 3629 gutturis
3261 3561 3548 3630 quamdam
3591 3562 3827 3628 percipiat

2241 3633 2580 3710 suavitatem;
2617 3634 2811 3710 quippe
2857 3639 3007 3704 cujus
3047 3642 3220 3684 tantus
3277 3640 3354 3684 est
3404 3634 3614 3710 modus,
3655 3643 3707 3685 at
3756 3635 3832 3687 ais

2242 3701 2404 3767 ipsius
2432 3701 2653 3771 gutturis
2677 3701 3000 3768 fauciumque
3022 3715 3217 3756 meatus
3241 3719 3340 3754 non
3362 3703 3538 3755 dicem
3562 3703 3831 3768 lmire,sed

2242 3775 2557 3842 pet-transire
2585 3773 2819 3843 sufﬁciat.
2849 3776 2956 3829 Sed
2985 3786 3037 3826 ut
3061 3775 3157 3826 hoc
3186 3789 3284 3843 usu
3306 3773 3624 3840 iactantiam
3645 3775 3825 3840 cordis,

2242 3841 2359 3911 qua:
2381 3861 2474 3915 pro
2501 3841 2809 3898 abstinentia
2836 3845 3170 3911 districtiore,
3199 3841 3388 3896 blande
3417 3848 3550 3898 solet
3578 3862 3640 3897 ac
3669 3844 3828 3899 latea-

2243 3921 2321 3966 ter
2344 3915 2585 3983 irreptzre,
2609 3925 2654 3968 et
2684 3916 2918 3970 stimulos
2945 3916 3181 3970 elationis
3201 3916 3451 3968 obtundat
3469 3918 3823 3985 :‘quiaquanto

2241 3987 2548 4039 abstinentia
2578 3988 2689 4057 ipsa
2711 3989 2959 4040 occultius
2985 3998 3271 4048 exercetur,
3297 3985 3548 4057 nulloque
3571 3989 3821 4040 hominum

2243 4064 2367 4110 teste
2398 4059 2681 4127 per/icitur,
2711 4068 2850 4111 tanto
2879 4059 3116 4112 subtilius
3143 4057 3515 4112 occultatorem
3545 4074 3689 4111 suurn
3716 4069 3818 4111 teu-

2243 4137 2350 4199 tttt‘e
2381 4145 2483 4182 non
2503 4128 2709 4182 desinit.
2745 4130 2867 4184 Hice
2895 4129 2968 4183 ibi
3005 4128 3071 4182 ad
3120 4127 3265 4183 hunc
3301 4127 3482 4184 locum
3520 4129 3814 4199 intelligen-

2241 4196 2366 4252 dum
2402 4201 2828 4255 accounnodata.

2317 4280 2337 4306 ε
2373 4269 2476 4322 Pro
2499 4270 2722 4336 Salibtts,
2748 4272 2798 4324 id
2817 4282 2921 4337 est,
2954 4286 3054 4340 pro
3082 4271 3290 4326 deliciis
3312 4271 3717 4327 ctlantiriitha
3744 4271 3821 4326 illi

2241 4341 2579 4395 remissiores
2602 4351 2658 4396 et
2698 4343 2991 4410 tepidiores
3046 4343 3321 4401 llttittaclli,
3377 4352 3573 4412 pra:ter
3622 4359 3822 4398 morem

2239 4416 2606 4479 antiquarunt,
2639 4413 2836 4481 duplici
2867 4413 3096 4468 obsmtio
3123 4413 3443 4475 utebantur,
3479 4422 3533 4464 et
3579 4412 3716 4466 duos
3742 4415 3818 4468 ci-

2241 4481 2359 4555 bos,
2392 4491 2448 4535 ut
2479 4483 2565 4538 hic
2595 4484 2814 4550 dicitur,
2846 4486 3064 4555 propria
3095 4487 3354 4539 suavitate
3387 4483 3662 4555 didautee,
3694 4485 3808 4538 sive

2241 4551 2522 4608 distinetos
2548 4571 2563 4609 :
2593 4571 2787 4622 nempe
2817 4551 3048 4610 mut-iatn
3077 4566 3233 4611 aceto
3265 4553 3568 4624 permixtam
3598 4553 3814 4624 oletque

2241 4627 2446 4692 guttula
2474 4640 2771 4693 asperSam,
2791 4639 2841 4680 et
2867 4642 3083 4681 caseum
3111 4623 3422 4682 olenitidrm
3446 4623 3814 4692 superquutn,

551 4708 601 4753 et
627 4698 786 4750 animi
813 4692 1080 4760 stultitiam,
1099 4693 1172 4746 vel
1201 4709 1266 4767 ex
1294 4693 1670 4767 desperatione,
1694 4694 1774 4767 vel
1795 4711 1859 4767 es:
1879 4692 1998 4767 odio
2026 4695 2140 4767 abeo
2167 4700 2221 4761 υ
2246 4695 2346 4767 sub
2373 4692 2768 4767 unius’saporis
2796 4697 3008 4765 (olearii
3041 4698 3272 4767 scilicet)
3316 4694 3675 4752 oblectatione
3703 4711 3822 4764 per-

553 4768 762 4822 dientiae
789 4777 836 4821 et
865 4781 1036 4820 amore
1056 4766 1279 4836 propria:
1307 4764 1610 4836 voluntatis1
1635 4775 1688 4817 ut
1717 4765 1798 4836 illi
1823 4764 2133 4830 Sarabaitte,

554 4840 619 4910 de
639 4838 824 4910 quibus
851 4837 904 4910 in
926 4835 1196 4910 collatione.
1221 4838 1526 4909 pt'wcetlenti
1549 4835 1700 4908 (Cap.
1754 4835 1810 4904 7)
1840 4847 2009 4910 actum
2039 4852 2134 4902 est,

551 4909 598 4969 is
623 4909 793 4963 bestiae
815 4909 998 4962 similis
1021 4923 1038 4959 :
1067 4909 1111 4960 si
1133 4923 1250 4960 vero
1279 4919 1334 4961 ut
1366 4917 1500 4960 totus
1550 4918 1689 4961 vacet
1719 4909 2138 4976 contemplationi

555 4981 766 5048 diuinw,
793 4979 969 5050 illique
992 4977 1259 5050 inhorrent,
1295 4989 1402 5032 tum
1425 4988 1569 5032 'totus
1600 4979 1804 5050 divinus
1833 4987 1876 5050 et
1921 4977 2030 5030 Deo
2058 4981 2129 5033 si-

551 5053 694 5108 milis
723 5048 987 5123 cﬂiciatttr.
1016 5051 1089 5103 Ex
1119 5048 1207 5123 his,
1226 5061 1368 5123 patet
1400 5059 1517 5104 utra
1542 5050 1655 5123 vita
1702 5048 1861 5101 alteri
1893 5050 2136 5123 prajetui-
2163 5048 2165 5050 ’

553 5135 681 5179 neat
713 5120 772 5176 et
798 5133 974 5191 potius~
1004 5122 1244 5190 eligenda
1269 5120 1358 5182 sit.
1387 5121 1662 5174 eratnitica
1693 5134 1759 5171 an
1790 5121 2131 5174 coenobitica.

549 5193 690 5260 Nam
722 5194 957 5248 solitaria
987 5193 1278 5245 secundum
1303 5208 1361 5244 se
1386 5191 1728 5259 pra-stantior
1754 5201 1856 5256 est,
1883 5193 1924 5243 si
1959 5194 2140 5247 debite

552 5274 863 5320 assumatur
885 5278 914 5316 a
947 5266 1196 5328 perfectis
1227 5266 1420 5329 quibus
1465 5262 1681 5328 proprie
1709 5267 1987 5318 convenit.
2043 5265 2137 5317 sed

554 5334 876 5391 cmttubittca
901 5333 1240 5389 commodior
1265 5345 1321 5388 et
1343 5334 1529 5387 utilior
1559 5333 1856 5403 plerisque,
1887 5343 1934 5388 et
1961 5334 2140 5404 aptior

549 5407 914 5486 agittiscetttla:
945 5404 1281 5486 perfectioni.

631 5487 655 5514 ει
680 5481 958 5533 Sextarius
980 5476 1175 5530 dicitur
1197 5487 1346 5532 sexta
1365 5491 1489 5546 pars
1513 5477 1712 5547 congii,
1732 5493 1852 5547 quia:
1880 5490 2132 5532 mensura

555 5550 695 5619 apud
746 5549 996 5615 antiquos
1025 5557 1130 5602 latn
1184 5549 1396 5614 liquidis
1440 5565 1599 5616 quam
1634 5550 1801 5602 aridis
1836 5551 2131 5604 serviebat.

553 5619 710 5688 Capit
740 5632 916 5674 autem
943 5625 1210 5673 sextarius
1239 5620 1427 5673 libram
1454 5637 1572 5673 cuiu
1598 5621 1839 5684 dimidia,
1857 5637 1969 5673 sive
1985 5632 2132 5673 octo-

556 5687 731 5763 deoitn
774 5693 995 5763 uncias,
1021 5690 1070 5742 id
1102 5702 1203 5763 est,
1237 5693 1443 5761 colylas
1489 5693 1660 5755 binas,
1697 5709 1814 5761 quae
1860 5705 1911 5744 et
1962 5690 2134 5745 benti-

555 5772 641 5835 tta:
661 5759 936 5835 dicu_ntur_.
966 5761 1170 5826 Singuli
1195 5759 1349 5835 enini
1387 5764 1564 5835 congii
1593 5778 1686 5835 sex
1716 5759 1984 5835 sextarios
2006 5777 2133 5816 con-

557 5826 752 5894 tinent,
781 5826 1026 5882 heminas
1055 5844 1184 5884 vero
1212 5826 1528 5886 duodeeitn':
1544 5833 1740 5902 quippe
1760 5832 1881 5887 dua:
1901 5833 2134 5889 hemina:

2244 4766 2516 4832 cipiebaut
2540 4786 2552 4820 :
2586 4766 2816 4837 quorum
2845 4769 3075 4823 alterum
3103 4769 3233 4823 dicit
3253 4766 3520 4836 enjusque
3543 4767 3819 4823 refectioni

2241 4851 2360 4908 cuiu
2395 4840 2710 4906 paxituaciis
2738 4839 2852 4895 sive
2885 4841 3134 4908 panibus,
3191 4842 3349 4895 unius
3405 4839 3620 4894 scilicet
3653 4837 3816 4907 librae,

2240 4907 2492 4978 sufﬁcere
2522 4911 2784 4978 potuisse.

2313 4977 2338 5015 ἀ
2372 4977 2758 5050 ‘Aixr‘rpropria
2785 4981 3088 5036 subsidium
3115 4981 3406 5052 signiﬁcat,
3429 4991 3523 5034 aut
3546 4983 3710 5042 vires.
3737 4996 3816 5038 ro-

2243 5049 2343 5105 bur
2369 5070 2380 5104 :
2415 5049 2557 5105 unde
2582 5053 2804 5113 ἀλκήεις,
2829 5054 3004 5119 fortis,
3040 5049 3318 5107 robustus.
3350 5052 3601 5107 Stttttiutr
3624 5053 3706 5106 hic
3729 5067 3816 5120 pm

2241 5123 2481 5197 subsidio
2508 5123 2630 5197 vita;
2655 5143 2666 5174 :
2695 5133 2910 5197 χρῆσις.
2950 5125 3000 5177 id
3033 5137 3137 5190 est,
3163 5139 3310 5197 usus.
3343 5123 3514 5197 P._rro
3541 5121 3816 5178 Ciaconius

2242 5193 2324 5247 sol
2348 5194 2578 5247 tumme
2617 5193 2750 5263 legit
2771 5205 2972 5260 κτῆσις,
3007 5210 3124 5264 quze
3155 5211 3253 5248 Vox
3280 5195 3584 5248 dominium
3611 5206 3665 5247 et
3697 5210 3816 5257 pos-

2242 5264 2540 5318 sessionem
2567 5265 2795 5334 alicujus
2828 5283 2906 5318 tet
2929 5266 3222 5336 signiﬁcat,
3255 5265 3339 5319 cui
3365 5267 3818 5336 opponiturtberu-

2235 5338 2466 5406 μοσύνη,
2497 5337 2548 5389 id
2579 5347 2684 5400 est,
2718 5338 2897 5390 omnis
2928 5336 3288 5406 possessionis
3319 5339 3567 5390 vat-nitas
3594 5348 3651 5390 et
3679 5337 3818 5392 undio

2243 5415 2345 5470 tas,
2395 5423 2552 5474 uitam
2612 5408 2858 5461 tnnnaclti
2912 5410 3258 5476 proﬁtentur,
3289 5409 3357 5459 de
3386 5423 3490 5473 qua
3517 5422 3703 5477 supra.
3731 5409 3819 5461 Ba-

2240 5477 2489 5558 sileeusis
2517 5479 2682 5532 editio
2733 5490 2788 5534 et
2834 5477 3078 5548 plerique
3119 5492 3251 5532 mss.
3303 5477 3494 5532 Graeca
3546 5489 3817 5549 utramque

2240 5559 2510 5603 οιηιιιυιιῑ.
2847 5565 2866 5580 ³⁵

2317 5629 2340 5655 ο
2377 5621 2450 5674 De
2479 5635 2610 5691 sago
2629 5621 2749 5676 vide
2778 5618 3105 5674 notationem
3138 5618 3204 5673 ad
3234 5619 3376 5673 lib.v
3407 5619 3815 5691 lnstit.cap.30.

2238 5687 2407 5757 Cujus
2439 5687 2579 5748 inter
2603 5693 2704 5746 alia
2765 5693 3156 5745 monachorum
3212 5691 3533 5746 indumenta
3586 5687 3820 5745 meminit

2241 5761 2694 5887 gilgiizrlxtsiymus
2727 5762 2779 5818 in
2817 5760 2981 5833 epist.
3003 5761 3071 5816 ad
3100 5759 3481 5832 Eustochium,
3514 5770 3570 5820 et
3615 5762 3673 5817 in
3714 5761 3818 5818 Vita

2292 5847 2547 5891 llaI‘IOIIIS.
3785 5880 3791 5883 _
