4044 6190
173 426 307 487 1⁸137

861 427 1202 487 COLLATIO
1240 427 1380 484 XIX.
1411 457 1478 470 —
1518 427 1606 485 DE
1641 428 1803 485 FINE
1841 427 2244 485 CUENOBITE
2288 428 2376 484 ET
2416 426 2770 485 EREMI’I‘E.

3312 426 3451 482 “58

168 545 527 616 visitationes,
577 545 1023 617 diversarumque
1074 543 1569 601 confabulationum
1596 554 1760 617 atque
1788 550 1833 609 Α
1863 554 1974 603 atra
1995 544 2332 615 experientia
2356 553 2705 613 consecutus,
2724 543 2975 599 meritum
2996 556 3184 599 earum
3204 554 3269 598 ac
3286 541 3451 598 linem

167 640 583 711 occupationum
615 640 1073 697 interminabilem
1099 653 1319 705 curam;
1348 653 1573 710 quarum
1593 639 1755 695 etiam

168 729 265 788 illo
294 741 541 803 tempore
555 747 663 804 quo
684 733 801 789 brec
830 732 1080 787 videmur
1103 730 1490 803 impedimenta
1518 745 1754 799 cessare,

170 831 352 880 tamen
396 824 637 881 animum
684 823 1178 882 consuetudinarim
1206 823 1595 895 inquietudinis
1624 824 1757 879 assi-

165 915 374 971 duitate
394 931 743 988 suspensum,
766 916 1101 987 exspectatio
1123 916 1238 986 ipsa
1267 915 1549 972 distendit.
1583 918 1761 989 Atque

166 1008 239 1062 ita
261 1009 319 1063 tit
340 1016 398 1063 ιιι
420 1008 819 1065 anachoreseos
846 1009 937 1064 illa
968 1008 1191 1064 ltbertas
1212 1006 1587 1079 hujuscemodi
1611 1008 1762 1064 nexi-

163 1099 269 1156 bus
290 1102 571 1173 impedita.
594 1102 662 1157 ad
689 1102 833 1158 illam
856 1102 1037 1158 cordis
1066 1101 1394 1157 iuell‘abilem
1423 1101 1759 1158 alacritatem

164 1197 466 1267 praepedito
496 1211 601 1252 non
631 1197 904 1268 perveniat
929 1210 1183 1265 ascensu,
1213 1210 1277 1252 ac
1306 1196 1537 1252 fructum
1563 1197 1761 1252 eremi-

167 1289 291 1344 tica:
332 1288 685 1359 professionis
731 1287 978 1345 amittat:
1009 1288 1101 1360 qui
1146 1289 1191 1343 si
1225 1288 1354 1343 mihi
1381 1289 1432 1344 in
1460 1304 1757 1361 congrega-

167 1381 320 1437 timte
349 1396 492 1438 nunc
513 1390 674 1451 atque
701 1383 753 1436 in
781 1383 955 1437 turbis
978 1381 1081 1436 situ
1105 1380 1264 1436 fuerit
1292 1382 1623 1453 denegatus;
1654 1382 1763 1437 sal-

166 1483 277 1531 tem
312 1475 466 1547 quies
495 1476 693 1530 anima:
721 1474 1012 1545 cordisque
1034 1474 1395 1543 tranquillitas
1419 1475 1487 1528 ah
1507 1475 1760 1530 omnibus

165 1566 612 1637 occupationibus
659 1566 909 1621 absoluta
965 1580 1072 1621 non
1118 1566 1334 1622 deerit:
1366 1581 1486 1636 quin
1518 1566 1618 1620 nisi
1652 1565 1761 1621 illis

165 1674 378 1730 quoque
396 1658 488 1729 qui
510 1660 563 1713 in
587 1658 881 1715 solitudine
896 1666 1327 1727 commorantur,
1354 1666 1556 1729 priesto
1576 1657 1758 1725 fuerit,

167 1750 381 1808 labores
435 1751 656 1822 quidem
706 1752 1106 1808 anachoreseos
1160 1752 1535 1817 sustinebunt;
1582 1751 1761 1806 fructu

166 1859 298 1899 vero
328 1845 499 1913 ipsius
522 1843 940 1911 fraudabuutur,
962 1845 1053 1916 qui
1079 1859 1185 1900 non
1219 1846 1323 1901 nisi
1354 1845 1535 1917 quieta
1565 1846 1762 1902 mentis

1860 637 2097 696 veridica
2126 646 2309 709 potest
2338 639 2612 694 insinuare
2637 637 2907 694 doctrina.

2458 727 2687 786 CAPUT
2731 728 2862 785 Vlll.

2503 823 2808 895 Responsio.

1932 915 2169 973 Joannes
2199 932 2213 971 :
2245 914 2422 972 Unum
2453 918 2813 986 eamdemque
2840 914 3119 972 hominem
3146 916 3198 971 in
3224 923 3455 985 utraque

1862 1010 2201 1080 professione
2232 1008 2532 1077 perfectum
2558 1022 2683 1063 esse
2713 1022 2823 1063 non
2853 1022 3014 1078 posse
3033 1008 3286 1064 absolute
3326 1023 3454 1078 pro—

1861 1102 2113 1157 nuntiare
2162 1101 2484 1166 potuissem,
2544 1100 2647 1155 nisi
2679 1114 2765 1155 me
2798 1114 3097 1170 paucorum
3157 1100 3453 1155 admodum

1861 1195 2175 1251 retardaret
2203 1194 2537 1264 exemplum.
2557 1193 2805 1263 Magnum
2831 1192 3100 1262 siquidem
3129 1200 3216 1247 est
3241 1192 3294 1247 in
3314 1192 3457 1263 ‘qua-

1861 1288 1993 1344 libet
2072 1302 2258 1343 earum
2325 1294 2760 1342 consummatum
2810 1284 3121 1356 quempiam
3181 1285 3456 1352 reperiri;

1862 1392 2068 1454 quanto
2095 1382 2265 1452 magis
2286 1381 2352 1436 ad
2379 1381 2597 1450 plenum
2620 1392 2908 1450 utramque
2930 1393 3013 1449 pet
3029 1377 3214 1445 licere,
3229 1378 3459 1432 arduum

1861 1491 1929 1532 ac
1961 1492 2117 1547 pene,
2148 1483 2212 1531 ut
2266 1478 2335 1530 ita
2383 1474 2645 1541 dixerim,
2704 1472 2906 1527 homini
2956 1471 3287 1541 impossibile
3336 1484 3461 1526 esse

1865 1568 2213 1639 perspicuum
2241 1577 2347 1623 est.
2380 1567 2533 1634 Quod
2570 1575 2749 1621 tamen
2798 1565 2844 1620 si
2871 1564 3089 1636 quando
3120 1564 3459 1634 provenerit,

1863 1676 1969 1717 non
1995 1661 2176 1716 statim
2206 1661 2272 1716 ad
2299 1660 2607 1731 generalem
2660 1657 2955 1714 formulam
3008 1657 3204 1714 referri
3250 1666 3459 1728 potest.

1863 1753 1980 1810 Non
2007 1755 2149 1809 enim
2183 1768 2215 1808 a
2238 1763 2389 1824 parte
2414 1752 2660 1823 minima,
2694 1753 2745 1807 id
2778 1760 2884 1819 est,
2907 1753 2977 1809 de
3017 1752 3456 1809 consideratione

1866 1862 2189 1919 paucorum,
2214 1849 2308 1904 sed
2337 1848 2406 1905 de
2434 1849 2519 1904 his
2538 1862 2660 1918 quae
2686 1848 3190 1915 multorum,immo
3212 1847 3459 1903 omnium

165 1937 461 1995 stabilitate
508 1938 871 2009 conquiritur.
923 1937 1206 1995 Postremo
1235 1938 1395 1995 etiam
1436 1940 1482 1995 si
1530 1939 1660 1994 mitti
1707 1939 1760 1994 in
1794 1942 1841 2003 Β
1870 1944 2153 2015 subjacent
2188 1943 2455 2009 facultati,
2487 1942 2808 1998 universalis
2834 1951 2918 1998 est
2940 1945 3122 2012 regula
3150 1955 3463 2012 proponen-

167 2032 419 2089 ctnuobio
464 2033 763 2089 constituto
811 2032 881 2086 ab
910 2032 1002 2088 illa
1050 2032 1285 2102 puritate
1333 2032 1517 2088 cordis
1561 2030 1761 2103 aliquid

170 2123 330 2179 fuerit
381 2124 748 2191 imminutum,
798 2139 893 2180 ero
916 2124 1087 2181 solius
1138 2124 1457 2196 Evangelici
1503 2123 1762 2196 praecepti

169 2216 615 2286 compensatione
644 2225 956 2281 contentus,
979 2214 1123 2287 quod
1164 2225 1370 2272 certum
1401 2225 1486 2272 est
1511 2216 1761 2272 omnibus

168 2308 278 2383 illis
303 2309 476 2363 eremi
515 2307 776 2364 fructibus
814 2323 920 2365 non
962 2324 1122 2381 posse
1165 2310 1440 2382 postponi,
1474 2320 1531 2365 ut
1556 2311 1767 2367 scilicet

167 2402 235 2459 de
265 2403 502 2459 crastino
551 2403 685 2459 nihil
728 2405 984 2475 cogitem,
1034 2412 1089 2461 et
1120 2421 1293 2476 usque
1322 2405 1391 2461 ad
1439 2406 1601 2462 linem
1633 2407 1761 2462 sub-

167 2498 340 2568 iectus
370 2497 551 2553 abbati
574 2539 590 2563 ,
617 2497 770 2553 illum
821 2498 1164 2570 aliquatenus
1192 2499 1383 2555 videar
1410 2500 1654 2555 aemulari
1695 2500 1765 2556 de

171 2602 279 2661 quo
302 2589 528 2653 dicitur,
580 2588 892 2647 Humiliavit
941 2596 1274 2663 semetipsum
1304 2594 1471 2664 factus
1521 2592 1767 2649 obediens

170 2680 402 2752 usquead
424 2692 637 2741 mortem
657 2681 888 2755 (Philip.
915 2683 977 2757 ιι)
1000 2701 1016 2741 :
1039 2700 1359 2755 nterearque
1382 2685 1523 2743 illius
1544 2687 1765 2742 verbum

172 2773 449 2829 humiliter
492 2775 695 2841 dicere,
753 2776 892 2842 Quia
940 2793 1044 2831 non
1074 2777 1188 2832 veni
1234 2780 1406 2847 facere
1455 2778 1765 2833 voluntatem

167 2883 356 2935 meam,
423 2869 515 2923 sed
579 2869 899 2924 voluntatem
962 2871 1078 2941 ejus
1133 2872 1224 2943 qui
1274 2871 1413 2925 misit
1462 2888 1542 2927 me
1587 2870 1763 2927 Patris

170 2958 360 3033 (Joan.
401 2960 516 3033 Vl).

784 3054 1013 3111 CAPUT
1056 3054 1164 3111 VII.

298 3168 651 3242 Interrogatio
674 3168 737 3225 de
760 3168 997 3240 canobii,
1025 3169 1103 3224 vel
1131 3169 1427 3226 solitudinis
1445 3170 1636 3240 fructu.

240 3326 550 3383 Germanus
583 3323 759 3393 :Quia
805 3334 860 3382 te
899 3327 1178 3397 utriusque
1230 3327 1603 3399 professionis,
1653 3345 1760 3387 non
1789 3317 1835 3381 C

167 3419 632 3494 quemadmodum
663 3420 888 3488 multos,
919 3421 1191 3492 principia
1220 3424 1599 3481 tantummodo
1628 3441 1762 3482 con-

168 3514 379 3585 tigisse,
430 3512 527 3569 sed
582 3513 697 3585 ipsa
754 3513 966 3585 fastigia
996 3515 1381 3572 conscendisse
1412 3516 1757 3575 manifestum

166 3616 285 3674 est;
316 3607 564 3679 quisnam
594 3607 1043 3679 cmuobitae,quis
1069 3610 1314 3666 eremitae
1340 3611 1413 3665 sit
1441 3609 1758 3681 ﬁnis,0pla-

167 3715 294 3757 mus
327 3714 652 3771 agnoscere.
695 3699 836 3756 Nulli
859 3716 1094 3772 namque
1118 3702 1339 3757 dubium
1367 3712 1454 3757 est
1482 3704 1757 3759 neminem

166 3797 241 3852 de
268 3796 353 3852 his
382 3798 463 3852 vel
494 3796 709 3853 lldelius
737 3811 902 3867 posse
924 3797 1011 3851 vel
1039 3797 1253 3866 plenius
1280 3797 1758 3868 disputare,quam

168 3889 321 3947 illum
348 3890 440 3963 qui
467 3902 750 3961 utramque
777 3888 1166 3961 perfectionem
1192 3891 1355 3963 longo
1379 3906 1476 3947 usu
1509 3905 1567 3949 et
1594 3896 1764 3965 magi-

1866 2037 1956 2094 da.
1987 2037 2171 2109 Siqua
2202 2052 2333 2093 vero
2382 2037 2662 2092 rarissime
2690 2046 2854 2106 atque
2881 2051 2911 2091 a
2947 2036 3291 2106 paucissimis
3320 2034 3463 2090 obti-

1868 2140 2087 2200 nentur,
2121 2142 2184 2184 ac
2213 2128 2629 2199 possibilitatem
2678 2128 2982 2183 communis
3026 2128 3244 2183 virtutis
3295 2142 3461 2184 exce-

1867 2221 2026 2289 dunt,
2077 2221 2228 2276 velut
2269 2235 2432 2291 supra
2474 2220 2846 2276 conditionem
2875 2220 3126 2275 humanm
3156 2219 3463 2290 fragilitatis

1867 2323 2227 2382 naturamque
2251 2326 2534 2375 concessa.
2568 2327 2596 2364 a
2624 2311 2917 2381 praeceptis
2965 2319 3092 2365 sunt
3116 2310 3463 2381 generalibus

1867 2405 2281 2475 sequestranda,
2309 2418 2413 2460 nec
2439 2413 2546 2459 tam
2581 2419 2679 2474 pro
2709 2403 2969 2475 exemplo
2998 2419 3181 2475 .quam
3230 2418 3330 2473 pro
3358 2405 3459 2459 mi-

1868 2497 2051 2554 raculo
2103 2496 2448 2568 proferenda.
2475 2496 2845 2564 Quamobrem
2892 2495 2945 2553 id
2985 2496 3128 2567 quod
3167 2494 3459 2566 inquiritis,

1868 2589 2164 2646 secundum
2202 2589 2631 2647 mediocritatem
2668 2604 2866 2645 sensus
2903 2589 3011 2645 mei
3051 2589 3295 2645 breviter
3336 2587 3463 2643 inti-

1870 2691 2049 2741 mabo.
2066 2685 2257 2741 “Finis
2280 2687 2502 2757 quidem
2531 2686 2822 2744 cenobitae
2846 2693 2932 2742 est
2955 2699 3148 2741 omnes
3175 2698 3303 2739 suas
3317 2698 3464 2739 mor-

1868 2783 2071 2839 tificare
2096 2791 2151 2839 et
2175 2784 2497 2855 crucifigere
2527 2783 2856 2848 voluntates,
2875 2797 2943 2837 ac
2964 2781 3260 2837 secundum
3286 2780 3463 2834 Evan-

1866 2874 2055 2944 gelicae
2112 2875 2466 2945 perfectionis
2517 2875 2757 2930 salutare
2810 2873 3146 2937 mandatum.
3206 2871 3340 2927 nihil
3392 2870 3463 2926 de

1868 2966 2109 3022 crastino
2155 2967 2397 3036 cogitare
2424 2966 2444 3038 (
2468 2965 2660 3021 Matth.
2696 2964 2814 3037 vt).
2867 2966 3042 3034 Quam
3066 2963 3462 3034 perfectionem

1869 3074 2092 3131 prorsus
2116 3075 2145 3114 ιι
2175 3059 2393 3116 nemine
2423 3055 2526 3115 nisi
2551 3075 2583 3114 a
2612 3058 2883 3115 cmnobita
2910 3058 3123 3128 impleri
3151 3072 3311 3127 posse
3336 3070 3458 3112 cer‘

1869 3155 2137 3211 tissimum
2164 3163 2270 3210 est.
2303 3154 2473 3221 Quem
2526 3155 2702 3209 virum
2739 3152 2910 3209 Isaias
2940 3153 3208 3223 propheta
3255 3150 3462 3207 descri—

1867 3249 2022 3315 bens,
2056 3248 2130 3304 ita
2156 3248 2430 3305 bentilicat
2459 3258 2621 3319 atque
2642 3247 2913 3303 collaudat
2946 3244 3012 3299 εδ
3045 3244 3107 3303 Si
3153 3245 3394 3301 averteris
3424 3261 3459 3299 a

1866 3342 2079 3397 sabbato
2108 3341 2289 3413 pedem
2315 3352 2481 3407 tuum,
2531 3345 2702 3413 facere
2728 3340 3043 3396 voluntatem
3078 3347 3222 3395 tuam
3270 3339 3325 3393 in
3378 3339 3464 3392 die

1864 3447 2043 3493 sancto
2072 3452 2204 3502 meo,
2232 3447 2282 3491 et
2310 3434 2683 3506 gloriﬁcaveris
2712 3451 2851 3500 eum,
2878 3434 3004 3487 dum
3034 3447 3138 3485 non
3182 3432 3311 3501 facis
3352 3430 3462 3484 vias

1866 3540 2003 3596 tuas,
2030 3539 2077 3584 et
2103 3546 2205 3583 non
2227 3528 2479 3582 invenitur
2506 3526 2742 3581 voluntas
2775 3536 2883 3590 tua,
2913 3534 2969 3577 ut
2993 3522 3226 3594 loquaris
3264 3539 3462 3577 sermo-

1867 3637 2005 3689 nem,
2038 3631 2158 3674 tunc
2178 3617 2508 3673 delectaberis
2532 3632 2685 3687 super
2717 3614 3017 3678 Dominum,
3041 3622 3088 3667 et
3115 3613 3386 3666 sustollant
3412 3623 3461 3667 te

1867 3729 2021 3785 super
2042 3711 2369 3765 altitudinem
2398 3720 2568 3774 terrw,
2603 3717 2648 3761 et
2670 3706 2847 3761 cibabo
2889 3716 2938 3759 te
2976 3703 3274 3760 hereditate
3298 3702 3463 3758 Jacob

1867 3805 2029 3877 patris
2058 3804 2132 3856 tui
2159 3800 2299 3875 (Isa.
2329 3803 2504 3870 Lvm).
2537 3798 2611 3855 Os
2638 3799 2781 3854 enim
2834 3797 3045 3852 Domini
3078 3797 3314 3852 locutum
3357 3807 3459 3852 ρει.

1874 3910 1896 3938 ε
1924 3898 2181 3953 Eremita:
2211 3910 2340 3952 vero
2370 3892 2635 3966 perfectio
2655 3901 2739 3949 est
2765 3901 2985 3949 exutam
3009 3900 3249 3947 mentem
3280 3905 3311 3945 a
3332 3904 3467 3946 cun-

1245 4004 1505 4062 ALARDI
1545 4007 1782 4067 GAZA‘H
1817 4007 2396 4066 COMMENTARIUS.

242 4107 270 4138 ι
297 4099 363 4156 1).
389 4098 749 4168 Hieronymus
778 4094 844 4151 de
870 4093 1157 4168 cmttobitis
1186 4095 1454 4168 IEgyptiis
1481 4108 1536 4153 et
1561 4114 1752 4156 eorum

164 4169 534 4227 imitatoribus
556 4165 627 4222 ita
650 4173 874 4239 testatur
898 4165 1095 4239 (Epist.
1124 4167 1218 4239 2‘2)
1248 4165 1472 4222 {Prima
1501 4173 1643 4239 apud
1667 4188 1754 4227 eos

163 4241 536 4324 confederatio
563 4250 636 4324 est
667 4237 872 4322 obedire
900 4237 1206 4324 maioribus,
1221 4251 1270 4294 et
1290 4237 1633 4324 quaecumque
1639 4245 1760 4324 jus-

165 4310 334 4383 serint
370 4314 561 4383 facere.
584 4310 883 4383 Cassianus
915 4312 1053 4366 libro
1082 4325 1138 4383 tv
1180 4310 1415 4368 lnsﬁtut.
1448 4310 1570 4383 cap.
1602 4310 1659 4380 8,
1690 4314 1760 4370 de

166 4381 436 4456 praefecto
468 4382 794 4456 novitinrum
827 4397 993 4454 agens
1026 4399 1039 4435 :
1068 4381 1230 4456 (Ejus,
1261 4384 1452 4454 inquit,
1499 4381 1610 4439 haec
1664 4386 1761 4439 erit

163 4452 463 4527 sollicitudo
492 4465 540 4509 et
566 4454 792 4508 eruditio
818 4452 1144 4527 principalis,
1172 4470 1261 4527 per
1290 4452 1445 4527 quam
1465 4455 1650 4526 junior
1675 4457 1760 4510 in-

168 4526 442 4599 troductus
463 4528 739 4581 ascendere
763 4526 1129 4599 consequenter
1151 4526 1304 4578 etiant
1330 4526 1560 4599 culmina
1591 4527 1765 4599 perfe-

165 4597 355 4652 ctionis
382 4613 581 4651 summa
613 4598 888 4667 prtevaleat
915 4612 933 4649 :
954 4605 1008 4649 ut
1037 4596 1216 4668 doceat
1243 4612 1357 4649 eum
1383 4598 1619 4668 primitus
1640 4596 1762 4653 suas

1861 4103 2078 4158 trimum.
2151 4100 2403 4154 Fructum
2449 4106 2622 4153 autem
2673 4098 2987 4170 cenabitis-ae
3029 4098 3146 4153 vitae
3201 4097 3461 4170 duplicem

1865 4173 2029 4243 tangit
2059 4187 2078 4243 ξ
2104 4187 2266 4225 unum
2294 4173 2349 4225 in
2380 4170 2647 4243 praesenti,
2676 4171 2766 4243 qui
2791 4180 2866 4225 est
2894 4169 3176 4243 delectatio
3196 4169 3463 4243 ineonso-

1865 4238 2142 4299 lotionibus
2169 4238 2388 4305 divinis,
2409 4258 2524 4294 cum
2548 4242 2624 4294 ait
2648 4258 2662 4295 2
2693 4239 2842 4295 Tunc
2868 4239 3204 4295 delectaberis
3247 4241 3301 4293 in
3354 4238 3463 4300 Do-

1865 4316 2039 4379 mino;
2062 4312 2227 4368 alium
2248 4315 2302 4366 itt
2322 4315 2425 4367 vita
2446 4313 2640 4384 futura,
2672 4312 2762 4384 qui
2782 4321 2856 4367 est
2879 4311 3463 4384 consolatiofelicitatis

1865 4398 2090 4448 wternte,
2119 4401 2236 4439 cunt
2260 4384 2424 4452 inquit
2458 4400 2477 4437 :
2508 4383 2802 4453 Sustollam
2841 4394 2890 4437 te
2934 4399 3089 4453 super
3133 4383 3468 4438 altitudinem

1868 4468 2040 4522 terrw,
2074 4465 2121 4511 et
2152 4457 2331 4510 cibabo
2360 4465 2407 4510 te
2438 4454 2737 4509 hwreditate
2758 4452 2924 4508 Iacob
2954 4452 3118 4525 patris
3150 4454 3247 4525 tui.

1942 4538 1966 4568 ε
1994 4529 2068 4584 ita
2102 4526 2284 4595 plane,
2314 4537 2368 4582 et
2407 4525 2597 4581 iisdem
2629 4525 2745 4580 fere
2768 4524 3042 4581 verbis’D.
3098 4524 3466 4593 Hieronymus

1869 4600 1935 4655 ad
1963 4599 2096 4655 illud
2127 4598 2418 4653 Hieremiae
2451 4613 2465 4649 :
2501 4595 2706 4650 Bonum
2731 4606 2803 4651 est
2835 4602 2967 4661 vtro,
3016 4613 3130 4649 cum
3184 4597 3465 4662 portaverit

163 4670 372 4723 vincere
416 4665 741 4745 voluntates;
767 4681 939 4745 quem
964 4666 1193 4719 studiose
1216 4667 1268 4745 in
1290 4665 1463 4745 ltisjac
1488 4667 1763 4745 diligenter
1789 4665 1844 4688 υ
1860 4671 2157 4745 jugunt__ab_
2182 4668 2530 4745 adolescentia
2558 4684 2652 4721 sua
2685 4666 2901 4739 (Thren.
2928 4667 3030 4737 ιιι).
3085 4665 3337 4745 Militum,
3384 4669 3469 4721 in-

165 4753 436 4797 exercens.
468 4739 575 4791 lucc
594 4738 674 4791 illi
693 4752 894 4806 semper
924 4738 1176 4807 imperare
1204 4739 1266 4789 de
1286 4736 1548 4807 industria
1569 4736 1767 4793 curabit

164 4825 290 4882 qui:
317 4809 530 4882 senserit
560 4809 732 4882 animo
759 4809 871 4878 ejus
890 4806 1003 4882 esse
1021 4810 1303 4882 contraria.
1322 4806 1501 4862 Multis
1513 4809 1767 4879 siquidem

166 4878 755 4951 experimentisgedocti,
781 4879 992 4951 tradunt
1019 4878 1327 4933 monachum
1353 4890 1399 4933 et
1422 4878 1649 4951 (maxime
1668 4881 1765 4950 ju~

168 4949 366 5018 mores,
389 4968 454 5006 ne
479 4949 788 5019 voluptatem
813 4950 1021 5020 quidem
1049 4950 1478 5020 concupiscentiis
1527 4967 1636 5006 sure
1672 4949 1766 5006 re-

169 5023 379 5096 frenare
404 5038 572 5096 posse,
626 5022 724 5096 nisi
753 5023 897 5089 prius
917 5019 1374 5096 _n_t_ttrtiﬁcare_per
1392 5020 1766 5096 __obedientium

169 5090 295 5149 suas
325 5090 562 5148 didicerit
591 5094 877 5148 voluntates
907 5090 1068 5162 (Vide
1097 5090 1218 5145 coll.
1250 5090 1285 5144 5
1309 5102 1356 5145 et
1378 5090 1460 5162 4).

247 5164 273 5203 b
299 5164 757 5234 Turrecrematus
777 5165 916 5218 hanc
940 5162 1269 5234 sententiam
1294 5161 1474 5234 citatis
1504 5180 1517 5215 :
1549 5161 1615 5217 In
1641 5163 1761 5234 hac,

172 5236 374 5305 inquit,
405 5238 711 5290 auctoritate
736 5232 985 5288 Dominus
1011 5249 1102 5305 per
1121 5232 1419 5305 prophetam
1442 5233 1682 5290 describit
1703 5232 1769 5305 [i-

166 5324 288 5362 nem
316 5308 418 5360 sive
440 5306 801 5377 perfectionem
829 5305 1127 5360 monasticae
1146 5306 1251 5360 sive
1270 5308 1583 5377 caengobiticce
1603 5308 1766 5362 disci-

167 5378 356 5462 plinis,
390 5387 436 5431 et
461 5375 689 5460 fructum
735 5376 849 5462 sive.
880 5377 1150 5462 prtemium
1182 5380 1316 5450 ejus.
1348 5375 1500 5462 Finis
1530 5380 1766 5434 consistit

165 5448 225 5503 in
256 5449 418 5520 tribus
437 5466 455 5502 :
479 5449 704 5519 primunt
735 5449 789 5501 in
814 5448 1156 5503 declinatione
1180 5448 1213 5501 ti
1254 5450 1475 5517 peccatis
1521 5467 1610 5520 per
1650 5467 1767 5520 qua:

165 5519 398 5593 violatur
436 5522 606 5593 quies,
660 5536 751 5590 per
788 5520 1170 5593 (observantiam
1220 5520 1419 5593 sabbati
1469 5519 1763 5593 designata.

172 5589 329 5646 Unde
352 5593 424 5643 ait
449 5589 468 5645 ξ
491 5590 553 5647 Si
578 5589 823 5645 averteris
866 5608 899 5645 a
923 5590 1134 5645 sabbato
1162 5590 1343 5662 pedem
1372 5604 1535 5660 tuum,
1570 5589 1626 5647 id
1666 5601 1764 5656 est,

165 5663 218 5718 si
250 5680 353 5716 non
384 5662 651 5718 violaveris
679 5663 900 5735 quietem
928 5664 1122 5735 animi;
1147 5678 1263 5734 qua:
1290 5664 1366 5735 (ut
1393 5664 1518 5718 dicit
1569 5664 1766 5734 glossa)

169 5735 315 5790 omni
366 5742 591 5807 tempore
618 5732 920 5787 celebranda
947 5732 1320 5807 est.§ecundo
1347 5736 1399 5790 in
1430 5732 1768 5807 abnegatione

168 5806 417 5878 prapria:
427 5803 728 5874 voluntatis,
751 5820 869 5860 cum
888 5806 962 5859 ait
991 5821 1011 5859 :
1049 5803 1174 5859 Non
1220 5808 1399 5878 feceris
1433 5803 1766 5878 voluntatem

167 5874 336 5939 tuam.
373 5874 544 5933 Tertio
583 5879 638 5931 in
668 5877 1013 5950 refrenatione
1041 5874 1254 5950 linguis,
1285 5877 1356 5931 ibi
1375 5876 1496 5950 7:.Ut
1535 5892 1636 5950 non
1682 5879 1763 5931 lo-

168 5951 348 6015 .uaris
373 5962 680 6015 sermonem,
700 5948 892 6003 scilicet
916 5948 1132 6016 malum,
1150 5955 1329 6003 contra
1360 5948 1523 6005 D‘eunt
1544 5949 1623 6005 vel
1640 5964 1765 6015 pro-

1868 4739 2005 4813 quit,
2034 4739 2225 4813 Christi
2283 4741 2553 4813 perfectio
2578 4746 2654 4813 est
2697 4748 2905 4813 exulant
2935 4739 3394 4813 _ntetttem‘_ltab_e_re
3436 4754 3470 4790 a

1867 4807 2069 4867 cunctis
2113 4807 2329 4882 terrenis
2356 4807 2601 4882 negotiis,
2635 4811 2785 4873 iuxta
2812 4809 2944 4882 illud
2977 4810 3214 4882 Apostoli
3250 4824 3265 4861 :
3294 4807 3466 4861 Nemo

1868 4884 2099 4937 militans
2145 4880 2255 4936 Deo
2296 4879 2529 4953 implicat
2579 4897 2632 4933 se
2680 4879 2900 4949 negotiis
2947 4880 3303 4953 stetit/aribus,
3356 4886 3462 4953 etc.

1871 4954 1915 5027 (Ι
1941 4953 2078 5008 Tim.
2102 4948 3303 5027 v1),_eamque,(quantumhumanaimbecillitas
3326 4948 3468 5014 sinit,

1868 5020 2018 5080 unire
2046 5041 2162 5080 cum
2193 5023 2419 5078 Christo.
2447 5025 2619 5089 Quam
2656 5020 2865 5090 quidem
2923 5021 3142 5091 speciem
3197 5033 3473 5091 conversa.

1869 5098 2022 5151 tionis
2051 5097 2168 5150 boni
2199 5096 2424 5150 eremitaz
2468 5106 2518 5146 et
2556 5089 2817 5159 monachi,
2869 5089 2957 5159 qui
3000 5101 3116 5144 voto
3170 5089 3472 5143 monasticis

1868 5169 2161 5240 disciplinae
2177 5163 2789 5240 _ob_ligati‘sunt,_intituri
2819 5163 3170 5240 contendunt;
3199 5159 3288 5215 sed
3345 5175 3473 5240 rar_a

1869 5249 1941 5295 est
1962 5230 2015 5295 et
2036 5230 2359 5307 paucissimis
2382 5235 2517 5288 dono
2549 5230 2645 5287 Dei
2667 5232 2779 5288 lttec
2819 5233 3064 5303 perfectio
3107 5247 3370 5307 concessa.
3416 5230 3475 5285 Is

1869 5312 2006 5364 enim
2026 5304 2141 5362 vere
2171 5320 2218 5359 et
2242 5323 2345 5360 non
2376 5320 2439 5359 ea:
2462 5315 2610 5375 parte
2637 5307 2893 5374 perfectus
2925 5315 2997 5358 est
3026 5305 3115 5374 qui
3142 5313 3190 5356 et
3211 5304 3266 5357 in
3299 5317 3472 5356 eremo

1868 5381 2164 5450 squalorem
2194 5376 2494 5450 solitudinis
2509 5388 2556 5429 et
2582 5376 2635 5428 in
2655 5375 2883 5429 coenobio
2906 5376 3235 5450 inﬁrmitates
3249 5379 3473 5443 fratrum

1869 5445 2109 5521 tc'qttabili
2138 5446 2563 5521 magnanimitate
2586 5454 2852 5500 sustentat.
2901 5445 2964 5499 Et
3004 5447 3127 5521 ideo
3150 5447 3225 5521 _in
3253 5455 3475 5521 utraque

1872 5514 2191 5593 professione
2212 5514 2303 5586 per
2330 5517 2505 5593 munia
2547 5526 2957 5570 consummatum
2996 5518 3222 5593 invenire
3264 5514 3474 5593 difﬁcile

1869 5585 2125 5663 est,'quia
2173 5585 2264 5642 nec
2293 5585 2606 5643 anachoreta
2657 5598 3003 5663 contemptum
3035 5603 3102 5663 ac
3131 5585 3472 5663 privationem

1870 5656 2218 5719 materialinm
2249 5674 2443 5721 rerum,
2470 5676 2562 5714 nec
2587 5656 2837 5713 cmttobito
2884 5656 3167 5714 tlteoricam
3208 5659 3277 5714 ad
3334 5659 3473 5712 inte-

1870 5740 2234 5807 grumpotest
2266 5731 2470 5807 assequi
2503 5729 2921 5807 pttl‘illl‘lellt.uliil
2960 5730 3021 5786 D.
3082 5730 3468 5807 Hieronymus,

1873 5801 1995 5862 cum
2026 5801 2275 5859 doctrina
2308 5802 2472 5871 hujus
2500 5801 2710 5858 abbatis
2738 5801 2878 5857 belle
2902 5816 3235 5859 consonans.
3294 5801 3469 5857 Porro

1870 5876 1979 5948 huc
2016 5877 2189 5948 etiam
2239 5886 2490 5948 spectant
2526 5876 2691 5931 verba
2722 5871 2815 5928 illa
2857 5873 3098 5948 Dionysii
3130 5875 3469 5948 Areopagitae

1873 5945 2103 6013 (Eccles.
2130 5944 2287 6003 Hier.
2306 5963 2353 6000 c.
2374 5944 2431 6011 6)
2453 5948 2702 6020 superius
2729 5948 2892 6002 citata
2916 5944 3135 6019 (Cdllat.
3165 5945 3236 6004 l8
3253 5944 3470 6016 cap.5),
