4044 6190
610 391 743 446 H59

1655 385 1933 441 JUANNIS
1971 382 2281 438 CArialANl
2321 383 2813 438 ('IULLA'I‘IUAES.

3729 389 3846 446 ηιο

604 507 707 561 etis
737 507 934 560 habere
963 504 1212 564 terrenis,
1245 514 1476 569 eamque
1503 506 1766 568 quantum
1799 497 2032 552 humana
2073 497 2173 550 im-
2203 496 2252 555 Α
2279 508 2389 548 sem
2437 501 2600 562 atque
2626 490 2992 559 Papnnutium
3023 491 3264 562 duosque
3313 493 3580 549 Macarios
3618 500 3838 555 noverim

601 596 867 650 bccillitas
899 595 1042 658 sinit,
1077 593 1232 647 unire
1248 605 1370 644 cum
1391 589 1628 643 Christo.
1652 586 1822 654 Quem
1847 588 2022 643 vit-um
2054 587 2181 642 llic-

602 688 797 741 remias
823 683 1084 753 propheta
1112 681 1442 745 describens,
1480 678 1693 743 Beatus,
1726 679 1922 748 inquit,
1974 680 2049 731 vir
2088 679 2178 748 qui

601 779 717 832 tulit
735 782 922 848 jugum
945 775 1005 827 ab
1030 774 1372 828 adolescentia
1393 789 1503 837 sua,
1560 781 1585 808 ⁸
1607 772 1798 824 scdcbit
1823 773 2090 825 solitarius
2128 780 2194 823 ει-

604 869 784 922 tacebit
819 865 868 930 ι’,
900 867 1020 935 quia
1047 866 1226 919 levarit
1253 881 1304 919 se
1330 880 1482 934 super
1504 879 1557 918 se
1583 872 1604 902 ο
1637 861 1852 935 (Thren.
1887 861 1992 933 ut).
2025 861 2176 916 Psal-

602 959 762 1013 mista
782 973 1023 1027 quoque:
1046 957 1245 1013 Similis
1273 957 1437 1027 factus
1457 973 1572 1009 sum
1596 956 1829 1024 pelicana
1855 955 2174 1009 solitudinis.

611 1049 836 1119 Vigilavi
863 1058 908 1103 et
949 1050 1117 1118 factus
1144 1066 1256 1104 sum
1291 1050 1424 1102 sicut
1452 1064 1628 1118 passer
1657 1048 1917 1101 solitarius
1948 1047 2004 1101 in
2047 1056 2178 1103 tecto

605 1144 777 1212 (Psal.
802 1148 899 1211 cr).
921 1143 1000 1198 Ad
1026 1143 1166 1198 hunc
1195 1143 1358 1212 igitur
1379 1142 1539 1197 finem
1568 1155 1727 1211 quem
1753 1141 2177 1211 uniuscujusque

603 1235 959 1304 professionis
1005 1250 1127 1292 esse
1177 1235 1547 1304 praediximus,
1580 1235 1680 1288 nisi
1710 1249 1898 1290 eorum
1953 1245 2178 1303 uterque

601 1328 932 1397 pervenerit,
961 1328 1158 1382 frustra
1198 1335 1253 1382 et
1280 1327 1372 1383 ille
1393 1327 1624 1384 ctenobii
1669 1336 1725 1382 et
1747 1328 1849 1381 iste
1878 1327 2178 1383 anachore—

601 1434 724 1474 seos
749 1421 950 1489 expetit
974 1420 1332 1490 disciplinam.
1379 1421 1579 1477 Neuter
1615 1422 1761 1476 enim
1790 1424 2040 1478 virtutem
2063 1435 2176 1478 ante

605 1513 959 1582 professionis
988 1514 1251 1583 implevit.

1213 1604 1437 1661 CAPUT
1476 1604 1561 1660 ΙΧ.

868 1696 946 1751 De
969 1706 1317 1751 consummata
1345 1713 1407 1750 ac
1432 1712 1551 1752 uera
1582 1696 1908 1766 perfectione.

670 1785 695 1826 ά
716 1785 822 1843 Sed
855 1787 968 1844 haec
995 1791 1188 1866 μιρική,
1216 1788 1265 1842 id
1283 1798 1385 1854 est,
1411 1803 1516 1842 non
1541 1789 1745 1857 integra
1768 1798 1823 1844 ct
1846 1790 1896 1842 in
1927 1790 2176 1846 omnibus

2282 587 2609 657 possedisse.
2665 585 2762 653 Qui
2820 585 2893 640 ita
2941 594 3096 640 erant
3140 586 3192 640 in
3240 594 3468 654 utraque
3518 588 3842 658 professione

2282 682 2522 752 perfecti,
2548 688 2607 733 ut
2635 694 2755 733 cum
2776 679 2918 732 ultra
2945 692 3136 734 omnes
3159 679 3327 735 eremi
3353 681 3566 736 accolas
3595 684 3837 740 seceden-

2281 781 2380 837 tes,
2424 769 2804 826 insatiabiliter
2853 776 3066 825 secreto
3117 769 3430 826 solitudinis
3485 787 3840 844 pascerentur,

2281 847 2565 934 quantum.
2593 863 2648 918 in
2677 863 2806 932 ipsis
2836 873 2974 928 erat,
3005 877 3343 933 nequaquam
3394 866 3732 935 inquirerent
3755 869 3842 925 hu-

2282 973 2439 1012 mana
2461 957 2755 1021 consortia,
2787 964 2968 1010 tamen
2999 957 3069 1010 ita
3111 957 3468 1026 frequentiam
3501 975 3564 1016 ac
3598 961 3842 1032 fragilita-

2281 1056 2363 1104 tes
2391 1047 2456 1103 ad
2483 1062 2543 1102 se
2569 1047 3003 1103 concurrentium
3034 1047 3396 1115 sustinebant,
3423 1060 3483 1104 ut
3511 1067 3636 1107 cum
3664 1054 3730 1108 ad
3756 1071 3840 1112 eos

2280 1141 2607 1196 visitationis
2654 1140 2736 1195 vel
2787 1139 3062 1207 profectus
3091 1141 3262 1208 gratia
3308 1142 3591 1200 innumera
3630 1123 3840 1204 fratruni

2279 1231 2568 1286 multitudo
2611 1230 2926 1296 conﬂueret,
2961 1238 3068 1288 tam
3110 1233 3293 1300 iugem
3323 1249 3462 1304 pene
3500 1239 3845 1307 susceptionis

2277 1323 2706 1393 inquietudinem
2756 1323 3018 1378 immobili
3069 1325 3325 1394 patientia
3370 1327 3690 1395 tolerantes,
3719 1331 3844 1389 nihil

2276 1415 2420 1470 aliud
2472 1417 2558 1470 vel
2609 1415 2867 1471 didicisse
2912 1415 2999 1472 vel
3055 1418 3368 1474 exercuisse
3397 1420 3548 1474 omni
3592 1423 3716 1478 vita
3741 1439 3843 1482 stne

2276 1517 2521 1575 tempore
2548 1508 2932 1573 crederentur,
2963 1523 3120 1578 quam
3153 1517 3213 1566 ut
3240 1513 3622 1572 communibus
3651 1524 3842 1572 tantum

2275 1599 2678 1654 advenientium
2719 1597 2912 1654 ofﬁciis
2956 1598 3314 1667 deservirent,
3347 1601 3421 1656 ita
3453 1611 3509 1657 ut
3553 1605 3691 1671 apud
3719 1621 3843 1663 cun-

2275 1700 2395 1748 ctos
2424 1701 2564 1747 esset
2584 1691 2917 1763 ambiguum,
2945 1693 2999 1746 in
3024 1709 3126 1762 qua
3153 1694 3493 1763 potissimum
3519 1697 3846 1767 professione

2277 1784 2592 1840 eorumdem
2620 1786 2792 1854 major
2837 1794 2986 1841 esset
3014 1784 3276 1841 industria
3309 1805 3321 1840 :
3375 1787 3428 1845 id
3457 1799 3562 1856 est,
3598 1801 3770 1848 utrum
3793 1795 3841 1850 in

596 1890 964 1938 consummata
1014 1880 1274 1950 perfectio
1298 1921 1312 1946 ,
1365 1880 1459 1935 sed
1506 1895 1627 1949 pars
1673 1883 2019 1949 perfectionis
2066 1892 2170 1938 est.
2200 1875 2252 1940 Β
2277 1876 2365 1931 illa
2393 1877 2670 1934 cremitica
2699 1878 2953 1947 puritate,
2979 1893 3045 1932 an
3071 1878 3122 1932 in
3146 1879 3246 1934 ista
3265 1883 3684 1941 conversatione
3702 1900 3846 1942 com-

597 1974 736 2031 Bara
765 1983 847 2030 est
879 1988 1008 2044 ergo
1035 1981 1090 2028 et
1118 1973 1459 2044 paucissimis
1481 1972 1624 2028 dono
1657 1972 1748 2028 Dei
1774 1989 2028 2030 concessa
2049 1991 2173 2046 per-

597 2069 778 2124 fectio.
806 2067 854 2123 ls
876 2068 1072 2124 etenim
1099 2066 1295 2138 (Verba
1317 2066 1388 2122 Β.
1415 2065 1714 2137 Hieronymi
1740 2067 1825 2122 ubi
1844 2070 2020 2139 supra)
2040 2084 2172 2127 vero

597 2170 647 2217 et
682 2175 788 2215 non
817 2175 883 2214 ex
918 2170 1070 2227 parte
1102 2157 1371 2229 perfectus
1390 2168 1494 2223 est,
1521 2158 1613 2228 qui
1637 2169 1690 2214 et
1718 2159 1770 2214 in
1802 2174 1986 2216 eremo
2010 2177 2170 2231 squa-

597 2253 764 2308 lorem
791 2252 1118 2316 solitudinis,
1145 2254 1271 2309 etin
1300 2252 1551 2308 cmnobio
1571 2251 1909 2308 infirmitates
1936 2253 2166 2312 fratrum

595 2347 790 2420 aequali
822 2347 1259 2416 magnanimitate
1286 2356 1570 2402 sustentat.
1608 2346 1675 2402 Et
1704 2345 1824 2402 ideo
1856 2347 1908 2404 in
1942 2358 2167 2418 utraque

593 2439 932 2509 professione
963 2453 1059 2506 per
1084 2438 1259 2492 omnia
1288 2447 1719 2492 consummatum
1756 2439 1999 2496 invenire
2025 2442 2168 2497 difli-

594 2531 696 2583 cile
725 2537 834 2590 est,
885 2529 1011 2597 quia
1058 2542 1156 2584 nec
1195 2527 1518 2584 anachoreta
1551 2530 1926 2600 ἀκτημοσύνην,
1968 2531 2022 2586 id
2063 2541 2166 2601 est,

593 2631 959 2690 contemptum
1012 2636 1075 2677 ac
1125 2621 1480 2689 privationem
1535 2625 1899 2680 materialium
1949 2644 2163 2698 rerum,

593 2729 690 2769 nec
717 2713 986 2768 emnobita
1019 2724 1040 2750 υ
1067 2713 1358 2768 theoricam
1402 2715 1466 2768 ad
1502 2716 1769 2785 integrum
1800 2728 1974 2785 potest
2014 2735 2168 2777 asse-

592 2805 682 2874 qui
715 2806 1024 2875 puritatem,
1051 2805 1175 2862 licet
1197 2815 1487 2877 utrumque
1517 2806 1754 2877 perfecte
1784 2809 2030 2865 abbatem
2057 2814 2171 2868 blo-

2274 1969 2442 2036 muni,
2475 1970 2889 2040 magnanimitas
2916 1985 3103 2025 eorum
3139 1971 3442 2028 mirabilius
3467 1984 3754 2046 aptaretur.

2896 2063 3123 2120 CAPUT
3164 2065 3234 2120 Χ.

2518 2153 2597 2208 De
2627 2155 2704 2209 his
2731 2155 2819 2227 qui
2845 2157 3129 2227 imperfecti
3157 2173 3378 2214 eremum
3407 2170 3607 2228 petunt.

2347 2249 2364 2287 τ
2395 2251 2583 2309 Solent
2609 2261 2788 2306 autem
2810 2253 3058 2308 nonnulli
3083 2252 3157 2308 ita
3184 2253 3435 2310 diuturno
3463 2255 3691 2312 silentio
3724 2257 3851 2313 soli-

2275 2345 2474 2402 tudinis
2503 2345 2740 2414 efi'erari,
2771 2354 2828 2402 ut
2864 2361 3088 2418 prorsus
3118 2346 3392 2404 hominum
3423 2350 3695 2406 consortia
3723 2366 3854 2421 per-

2274 2439 2619 2508 horrescant,
2646 2448 2704 2496 et
2736 2455 2860 2496 cum
2887 2442 2973 2496 vel
3004 2441 3280 2509 paululum
3305 2457 3334 2496 a
3363 2444 3560 2497 secreti
3597 2446 3681 2498 sui
3715 2445 3855 2498 soli-

2271 2531 2484 2598 tudine,
2516 2534 2912 2589 interveniente
2941 2533 3167 2589 fratrum
3200 2533 3534 2600 visitatione,
3574 2534 3854 2590 discesse-

2274 2625 2407 2692 rint,
2451 2625 2674 2680 notabili
2717 2627 2917 2681 mentis
2945 2639 3147 2695 angore
3176 2634 3233 2680 et
3259 2623 3591 2680 evidentibus
3621 2624 3858 2693 pusilla-

2274 2719 2538 2776 nimitatis
2581 2719 2795 2774 indiciis
2845 2728 3100 2774 mstuare.
3150 2717 3304 2786 Quod
3354 2716 3443 2771 vel
3493 2718 3727 2772 maxime
3767 2717 3858 2774 bis

2275 2814 2493 2868 evenire
2523 2815 2823 2881 consuevit,
2857 2822 2880 2860 8
2911 2813 3002 2883 qui
3047 2827 3153 2867 non
3206 2814 3450 2882 perfecte
3497 2812 3550 2866 in
3594 2810 3857 2868 cmnobiis

1648 2938 1908 2995 ALARDI
1947 2941 2177 2999 GAZEI
2213 2943 2780 3003 COMMENTARIUS.
2838 3014 2839 3017 η

593 3031 784 3100 quibus
815 3031 888 3083 ait
916 3030 1211 3085 monachos
1239 3029 1306 3084 ab
1336 3031 1596 3099 apostolis
1617 3034 1918 3100 appellatos
1945 3036 2008 3087 ab
2023 3020 2164 3088 indi-

594 3105 745 3156 ridua
800 3110 842 3156 et
896 3103 1146 3172 singulari
1189 3104 1310 3163 vita,
1350 3120 1464 3172 quw
1488 3119 1574 3168 per
1604 3115 1803 3156 sanctas
1831 3105 2167 3161 divisibilium

594 3174 871 3240 affectuum
929 3176 980 3226 in
1032 3191 1186 3226 unum
1236 3175 1645 3240 catttplicutioncs
1673 3183 1719 3225 cf
1747 3176 2089 3243 collectiones,
2115 3183 2167 3232 in

2269 3039 2543 3091 ardoribus
2570 3039 2979 3104 effervescentem
3005 3055 3059 3093 se
3085 3037 3314 3104 abdunt;
3341 3048 3388 3091 et
3418 3040 3542 3093 solis
3562 3039 3667 3093 illis
3695 3056 3853 3094 mem-

2271 3109 2395 3173 bris,
2418 3125 2530 3178 quu.’
2551 3123 2749 3163 natura!
2770 3113 2991 3164 serviunt
3016 3112 3318 3168 necessitati.
3350 3112 3575 3174 obtectis,
3600 3113 3857 3180 reliquum

2270 3196 2450 3245 corpus
2501 3180 2780 3248 frigoribus
2810 3182 3068 3234 immensis
3099 3194 3142 3233 et
3189 3181 3398 3251 fervidis
3432 3182 3556 3235 solis
3586 3183 3864 3236 ardoribus

592 3245 813 3322 divinam
842 3245 1089 3296 unitatem
1120 3248 1536 3322 singularemque
1553 3245 1931 3322 perfectionem
1959 3264 2166 3318 promo-
2195 3245 2242 3308 C
2272 3254 2467 3322 n_udum
2501 3245 2796 3322 aperiunt,
2830 3261 2955 3304 cestu
2984 3267 3128 3320 neque
3158 3245 3310 3322 atque
3340 3252 3516 3321 algore
3546 3265 3861 3319 contempto.

595 3324 703 3380 vel;
733 3316 781 3367 td
811 3324 911 3380 est,
937 3331 1001 3368 eo
1035 3315 1173 3379 quod
1201 3316 1356 3386 rebus
1386 3316 1742 3370 divisibilibns
1775 3327 1822 3370 et
1859 3315 2168 3386 temporali-

597 3389 693 3439 bus
718 3388 1011 3448 derelictis,
1045 3385 1272 3447 Monadi,
1309 3386 1360 3440 id
1385 3399 1483 3452 est,
1521 3387 1791 3440 Divinitati
1821 3390 1921 3443 soli
1954 3385 2167 3457 placere

598 3459 943 3512 contendant.
972 3459 1088 3526 Quo
1119 3472 1281 3512 sensu
1313 3474 1506 3512 nomen
1533 3460 1778 3512 monachi
1807 3461 1934 3514 solis
1964 3464 2158 3515 erctni-

598 3531 662 3580 lis
685 3538 740 3582 et
766 3529 1022 3582 solitariis
1051 3529 1585 3599 proprieconvynirc
1627 3530 1878 3584 diximus.

669 3609 693 3636 ο
713 3599 899 3655 Glossa
926 3597 1191 3653 ordinarii
1223 3617 1234 3651 :
1264 3597 1388 3652 Cum
1414 3597 1543 3664 Deo,
1585 3615 1685 3654 non
1721 3601 1980 3654 immixtus
2011 3617 2164 3670 nego-

597 3674 778 3725 tiorum
808 3683 856 3725 et
888 3671 1255 3725 desideriorum
1281 3673 1462 3724 turbis.

671 3742 694 3779 ι)
719 3745 928 3807 Glossa,
962 3742 1022 3794 ab
1051 3744 1185 3795 omni
1215 3743 1430 3812 strepitu
1459 3744 1652 3798 mundi.

673 3824 693 3850 ε
717 3814 926 3884 Glossa,
958 3812 1325 3884 contemnendo
1351 3823 1577 3878 terrena,
1606 3823 1649 3866 ct
1679 3813 1747 3866 ad
1769 3813 1998 3884 caelestia
2026 3815 2169 3884 aspi-

596 3887 778 3937 rumlo.
811 3882 1076 3936 Desiderio
1100 3885 1230 3937 enim
1263 3884 1392 3936 bono
1419 3885 1643 3937 levamur
1663 3885 1729 3936 ad
1761 3883 1944 3948 Deum,
1970 3886 2043 3937 ait
2066 3882 2170 3937 Λη-

595 3957 845 4025 gustinus.
867 3953 998 4025 Haec
1029 3955 1117 4007 ibi.
1155 3953 1282 4007 Mihi
1313 3955 1524 4008 videtur
1563 3959 1647 4008 hic
1679 3955 1776 4007 tria
1815 3955 1868 4008 in
1903 3957 2170 4009 murmchu

597 4024 963 4079 commendari
995 4043 1005 4076 :
1039 4028 1270 4092 quietem
1301 4025 1498 4078 mentis
1526 4035 1577 4078 et
1603 4027 1844 4091 corporis
1865 4065 1877 4085 ,
1924 4041 2041 4090 qua:
2075 4042 2168 4092 per

597 4098 894 4149 sessiunetn
923 4095 1146 4148 solitarii
1175 4095 1486 4161 designatur
1512 4112 1524 4146 :
1575 4092 1989 4146 taciturnitatem
2032 4096 2162 4158 oris,

597 4180 715 4217 cum
757 4165 950 4214 dicitur
975 4181 986 4214 :
1014 4162 1081 4215 Et
1111 4165 1322 4226 tacebit;
1352 4174 1407 4217 et
1434 4163 1665 4218 studium
1694 4163 2165 4229 contemplationis

593 4250 700 4303 quo
721 4246 887 4303 supra
923 4247 980 4283 se
1008 4239 1265 4287 elevatur.

665 4300 690 4337 ι¹
719 4302 789 4354 Ita
821 4304 1053 4354 correxit
1095 4301 1374 4354 tiiaconius
1406 4318 1470 4356 ex
1505 4301 1772 4356 Vaticanis
1793 4343 1808 4367 ,
1843 4314 1962 4353 cum
2007 4310 2164 4358 antea

597 4373 649 4425 in
686 4372 972 4439 plerisque,
1007 4380 1059 4423 et
1091 4371 1428 4424 Plantniiana
1457 4375 1617 4426 etiam
1647 4371 1882 4424 editione
1907 4373 2166 4428 mendose

596 4443 882 4517 legeretur,
909 4445 1074 4517 μερὶς.
1100 4441 1184 4495 vel
1214 4447 1467 4517 peptrtnfi.
1497 4443 1591 4496 Est
1623 4441 1762 4517 enim
1788 4443 2011 4517 μερικᾷς,
2038 4459 2161 4517 par:

595 4516 774 4572 tialis.
827 4512 1174 4576 dimidiatus,
1226 4512 1594 4579 imperfectus.
1656 4513 1728 4566 Ita
1775 4512 2056 4566 collatione
2102 4513 2166 4569 1'5

597 4600 713 4649 Cap.
750 4582 782 4636 5
804 4583 955 4636 ducet
985 4583 1153 4636 abbas
1194 4582 1514 4654 VCilml‘elllOII
1548 4585 1896 4654 philosophos
1936 4584 2164 4654 gentiles

597 4653 847 4734 habuisse
876 4653 1245 4734 tantummodo
1273 4656 1556 4734 quamdam
1587 4657 1816 4728 μερίκην,
1847 4654 1929 4710 vel
1949 4653 2160 4734 μερίδα,

599 4725 650 4780 id
682 4735 782 4786 est,
815 4726 1204 4794 portiunculam
1243 4728 1523 4779 castitatis.

672 4807 695 4833 ε·
722 4797 816 4850 llic
852 4811 1037 4850 rursus
1060 4797 1292 4851 theorica
1326 4810 1424 4865 pro
1458 4797 1749 4851 theoretica
1778 4796 1917 4865 apud
1955 4796 2164 4853 Cassia-

601 4883 725 4922 num
755 4887 765 4918 :
804 4877 857 4920 nt
881 4877 940 4940 et
972 4868 1110 4922 ai.ud
1141 4870 1200 4921 Ι).
1247 4866 1650 4940 Hieronymum,
1683 4877 1740 4940 ut
1766 4869 2016 4940 superius
2055 4885 2167 4925 tne-

601 4941 850 4993 minimus
880 4937 1090 5005 (Cotlat.
1126 4940 1173 5006 l,
1200 4954 1248 4991 c.
1273 4937 1336 5001 2;
1361 4935 1480 4990 coli.
1509 4940 1594 5006 M,
1623 4955 1669 4992 ε.
1692 4935 1771 5008 ‘2).

679 5010 697 5047 τ
725 5011 883 5063 'l‘ales
920 5009 1235 5076 (ptilmsdam
1272 5010 1458 5062 saltem
1498 5010 1834 5065 lineamentis
1874 5009 2166 5079 depingere

599 5082 813 5134 videtur
857 5079 919 5133 D.
955 5080 1308 5152 Hieronymus
1339 5080 1389 5132 in
1431 5081 1658 5152 cpistola
1680 5080 1733 5146 4,
1780 5081 1845 5135 ad
1889 5081 2163 5136 Rusticum

600 5155 956 5204 monachum:
991 5152 1110 5212 Alii,
1159 5150 1420 5218 inquiens,
1454 5151 1668 5204 sublatis
1698 5154 1748 5202 in
1787 5153 1950 5204 altum
1991 5155 2162 5203 hume-

597 5223 688 5281 ris,
722 5233 768 5274 et
799 5235 931 5274 intra
962 5237 1013 5273 se
1043 5222 1209 5273 nescio
1239 5220 1365 5292 quid
1383 5221 1722 5292 cornicantes,
1745 5220 2166 5292 strt.peiitlltttsqtte

598 5293 649 5342 iu
694 5300 877 5345 terram
926 5292 1106 5354 oculis,
1158 5290 1400 5342 tumentia
1449 5288 1599 5342 verba
1631 5288 1964 5352 trutinantur,
2015 5288 2086 5344 ut
2120 5293 2164 5344 si

600 5375 883 5424 prmeonem
906 5361 1187 5434 addideris,
1211 5369 1352 5434 putes
1375 5362 1606 5434 incedere
1627 5361 2000 5434 prrcfecturam.
2030 5363 2163 5415 Sunt

596 5434 683 5502 qui
711 5434 920 5484 huniore
949 5431 1235 5502 cellarum,_
1256 5431 1699 5502 intntorlet'atisque
1728 5431 1966 5502 jejuniis,
2009 5434 2161 5485 trcdio

595 5500 910 5565 solitudinis,
944 5517 1005 5552 ac
1034 5501 1192 5552 nimia
1218 5500 1456 5562 lectione,
1488 5500 1610 5552 dum
1640 5500 1817 5555 diebus
1847 5519 1906 5554 ac
1935 5503 2161 5554 noctibus

595 5572 805 5635 auribus
838 5574 942 5620 suis
968 5581 1255 5633 personant,
1287 5581 1552 5622 vertuntur
1576 5570 1630 5622 in
1665 5571 2075 5635 meluncholt’am,
2115 5580 2160 5623 ct

606 5634 933 5707 Hippocratis
963 5639 1123 5707 magis
1147 5640 1384 5700 fomentis
1404 5655 1557 5707 quant
1587 5643 1773 5694 nostris
1802 5641 2007 5693 monitis
2028 5634 2164 5693 indi-

596 5709 729 5777 gent.
763 5704 855 5777 Ita”
880 5704 940 5751 ι).
976 5703 1345 5777 llieronxmus.
1385 5703 1490 5760 Nec
1517 5709 1740 5777 multum
1771 5712 1839 5762 ab
1882 5711 1966 5763 his
2005 5712 2164 5764 dissi-

596 5768 745 5838 putes
785 5768 863 5838 illi
904 5771 1147 5838 monachi
1177 5768 1479 5838 degquibus
1512 5775 1770 5838 Evagrius
1815 5780 1928 5832 haec
1973 5783 2159 5834 scribit

599 5823 821 5881 (Hister.
846 5834 884 5880 l.
910 5844 928 5881 ι
947 5845 1064 5898 cap.
1087 5833 1183 5900 Ἡ)
1206 5851 1221 5886 :
1253 5823 1798 5900 Viriitc‘rn‘ulire'i'eswin
1815 5823 2157 5905 ’ὲῖιῖιᾶἆίίἑὲῆξ

2192 4625 2244 4685 D

2271 3319 2350 3372 Eo
2375 3321 2588 3385 accedit,
2612 3324 2752 3388 quod
2772 3322 3024 3373 alimentis
3045 3319 3243 3390 quibus
3271 3319 3499 3376 homines
3529 3327 3660 3375 vesci
3696 3325 3867 3379 solent

2267 3391 2467 3459 penitus
2488 3391 2714 3466 rejectis,
2751 3393 3092 3466 depascuntur
3133 3404 3322 3466 terram
3344 3408 3362 3443 .'
3397 3396 3535 3445 unde
3562 3395 3777 3466 βάσκοε,
3812 3397 3866 3447 id

2266 3471 2357 3522 est,
2411 3460 2740 3527 pabulatores
2793 3461 3152 3529 appellantur;
3199 3462 3424 3530 indeque
3452 3460 3622 3516 solum
3673 3469 3870 3522 victum

2264 3530 2358 3608 sibi
2380 3531 2754 3608 suppeditant;
2785 3531 2910 3584 adeo
2938 3539 2994 3608 ut
3031 3547 3148 3582 cum
3187 3541 3410 3608 tempore
3437 3532 3869 3608 belluis‘sjmiles

2265 3599 2545 3670 efficiantur
2570 3617 2584 3652 :
2608 3603 2801 3667 quippe
2834 3616 2948 3652 cum
2971 3603 3136 3668 forma
3156 3599 3382 3666 corporis
3405 3611 3449 3654 ct
3477 3599 3642 3654 animi
3673 3602 3867 3659 habita

2269 3680 2332 3723 ab
2383 3673 2500 3724 aliis
2548 3673 2833 3724 horninibus
2885 3671 3191 3738 discrepent.
3245 3671 3313 3724 Ac
3368 3674 3408 3724 si
3457 3673 3586 3738 forte
3629 3675 3866 3729 viderint

2272 3744 2519 3805 homines,
2565 3745 2743 3796 statim
2785 3743 3093 3812 aufugiunt;
3139 3753 3188 3795 et
3235 3744 3277 3815 si
3315 3745 3401 3808 qui
3444 3759 3530 3795 eos
3575 3745 3868 3815 inst—quan-

2274 3825 2384 3879 tur,
2435 3824 2526 3867 aut
2568 3815 2838 3867 elabuntur
2881 3815 3140 3883 velocitate
3184 3813 3406 3883 pedum,
3459 3823 3548 3865 aut
3608 3813 3866 3871 abstrusis

2273 3893 2421 3938 terrm
2440 3885 2582 3950 locis,
2601 3887 2668 3937 ad
2682 3901 2795 3952 quin
2811 3881 3103 3953 difficillime
3125 3881 3294 3936 accedi
3313 3886 3489 3948 possit,
3507 3899 3559 3936 se
3573 3885 3860 3940 occultant.

2345 3965 2369 4003 ε
2397 3957 2528 4026 Hinc
2563 3958 2625 4012 D.
2655 3958 3013 4026 lliemnynnts
3043 3954 3094 4007 in
3120 3954 3304 4007 eadem
3339 3954 3428 4007 illa
3461 3958 3687 4026 epistula
3721 3975 3731 4007 :
3783 3959 3866 4011 De

2274 4025 2418 4088 ludo,
2452 4025 2545 4083 ait,
2575 4024 3005 4082 monasteriorum
3034 4025 3385 4095 hujuscemodi
3408 4024 3520 4076 volo
3545 4027 3716 4095 ίαν(άὶ
3751 4034 3863 4078 sni-

2270 4095 2403 4156 litcs,
2447 4111 2572 4160 quos
2615 4097 2774 4149 eremi
2820 4095 2948 4148 dura
2986 4098 3277 4150 rudimenta
3323 4111 3422 4148 non
3469 4104 3725 4162 terreant;
3761 4099 3864 4164 qui

2269 4166 2521 4235 specimen
2553 4166 2947 4235 conversationis
2975 4180 3098 4235 sua;
3126 4167 3286 4218 multo
3320 4175 3546 4235 tempore
3576 4167 3810 4220 dederint
3845 4184 3861 4219 :

2268 4234 2354 4299 qui
2383 4236 2608 4285 omnium
2642 4235 2828 4306 fuerint
2860 4233 3091 4306 minimi,
3126 4245 3179 4289 ut
3206 4237 3358 4306 primi
3384 4233 3608 4289 omnium
3640 4237 3865 4303 ﬁerent;

2268 4317 2390 4368 quos
2413 4317 2503 4353 nec
2525 4305 2717 4377 esuries
2739 4303 3017 4373 aliquando
3042 4320 3133 4357 nec
3173 4303 3416 4377 saturitas
3455 4309 3741 4375 superarit;
3766 4309 3868 4377 qui

2271 4382 2570 4444 paupertate
2601 4374 2877 4438 (tutantur;
2918 4392 3135 4442 quorum
3183 4376 3407 4443 habitus,
3441 4391 3622 4440 sermo,
3653 4374 3865 4444 cultus,

2269 4443 2517 4507 incessus,
2549 4444 2784 4498 doctrina
2810 4447 3051 4499 virtutum
3080 4455 3174 4512 est,
3208 4458 3312 4501 ctc.
3355 4446 3633 4500 CaSsiautIs
3675 4447 3776 4499 lib.
3831 4464 3868 4499 ν

2270 4512 2504 4586 institui.
2537 4530 2656 4582 cap.
2685 4517 2754 4569 '56
2783 4534 2794 4567 :
2837 4516 3028 4584 Alium,
3060 4516 3253 4583 inquit,
3282 4519 3527 4582 ordinem,
3559 4515 3643 4586 qui
3671 4517 3871 4571 excel-

2275 4583 2458 4636 lentior
2483 4586 2717 4652 habetur,
2744 4586 2796 4641 id
2812 4597 2908 4650 est,
2926 4587 3370 4650 anachorrtarum,
3396 4583 3692 4640 cunctorum
3710 4602 3868 4657 pra:-

2271 4657 2432 4709 coniis
2458 4659 2703 4726 instigati,
2724 4660 3056 4728 sagacissimo
3079 4659 3227 4710 corde
3245 4662 3409 4712 videre
3430 4658 3827 4728 properavimus
3844 4673 3868 4713 .'

2270 4728 2322 4780 hi
2354 4743 2569 4796 uanique
2600 4731 2652 4782 in
2679 4727 2916 4782 cmnObiis
2942 4731 3163 4800 primunt
3207 4727 3492 4782 diutissime
3521 4727 3858 4800 commoran-

2275 4807 2366 4864 tes,
2401 4801 2633 4882 o‘mniquc
2674 4798 3031 4882 putientite’ac
3071 4801 3393 4881 discretionis
3421 4800 3601 4882 rcqulq
3627 4798 3862 4880 diligam

2272 4880 2347 4921 ter
2376 4869 2567 4935 cdocti,
2603 4879 2651 4923 et
2675 4868 3004 4924 humilitatis
3050 4870 3240 4941 pariter
3282 4889 3340 4923 ac
3371 4868 3618 4923 nuditutis
3661 4868 3866 4924 virtute

2269 4954 2522 5009 possessa,
2569 4948 2718 5007 atque
2765 4943 2832 4993 ad
2862 4957 3045 5008 purum
3088 4941 3326 4994 vitiorum
3371 4941 3701 4992 universitate
3729 4956 3864 4992 cort-

2269 5021 2503 5074 sumpta,
2531 5012 2800 5082 dirissimis
2830 5012 3120 5064 dannonum
3153 5011 3341 5079 proeliis
3372 5010 3722 5082 congressuri,
3763 5027 3866 5082 pe-

2271 5091 2473 5135 netrant
2503 5083 2657 5134 cremi
2680 5081 2936 5148 profunda
2967 5091 3175 5135 secreta.
3205 5083 3264 5136 Et
3299 5079 3486 5136 rursus
3509 5079 3601 5135 lib.
3632 5094 3726 5135 \‘ttt
3765 5079 3863 5134 Itt-

2271 5154 2444 5205 stitnt.
2470 5167 2586 5220 cap.
2626 5153 2688 5205 l7
2716 5170 2728 5205 :
2758 5152 3020 5218 Eremum,
3046 5152 3136 5218 ait,
3164 5155 3432 5222 perfectos,
3461 5153 3702 5222 omnique
3731 5152 3864 5204 vitio

2271 5231 2511 5292 purgatos
2539 5231 2735 5289 oportet
2755 5233 3003 5291 expetere,
3028 5233 3072 5275 et
3103 5224 3318 5276 excoctis
3340 5224 3409 5275 ad
3428 5237 3615 5293 purum
3643 5223 3699 5274 iu
3730 5238 3864 5273 con-

2269 5294 2565 5364 gregatione
2591 5294 2828 5363 fratrum,
2861 5296 3020 5358 uitiis,
3057 5310 3160 5345 non
3191 5292 3634 5364 pusillanimitotis
3665 5293 3862 5364 pcrfu-

2268 5363 2491 5436 gio,se(l
2519 5362 2702 5418 dicina:
2739 5364 3186 5436 contemplationis
3220 5363 3454 5426 obtentu,
3492 5375 3543 5436 et
3587 5362 3864 5436 desiderio

2267 5433 2483 5486 intuitus
2511 5436 2816 5487 sublimioris
2860 5433 3072 5498 intiarc,
3102 5435 3189 5503 qui
3224 5451 3320 5488 non
3353 5438 3451 5486 nii
3484 5435 3533 5486 in
3564 5433 3865 5486 solitudine

2267 5519 2300 5576 tt
2347 5504 2582 5573 perfectis
2621 5506 2935 5576 solummodo
2975 5506 3158 5576 peterit
3199 5503 3533 5576 apprehendi.
3581 5503 3862 5576 I)._etiarrt

2269 5571 2588 5645 Benedictus
2633 5572 2778 5645 (Cap.
2814 5575 2838 5628 1
2871 5571 3103 5645 Βερήίω)
3137 5571 3431 5642 prudenter
3473 5572 3718 5630 ostendit
3761 5574 3861 5644 qui

2265 5643 2476 5696 dicendi
2501 5646 2611 5697 sint
2641 5643 2748 5698 veri
2775 5643 3138 5709 :‘inachnretm,
3165 5655 3218 5716 et
3239 5647 3458 5716 quinam
3489 5647 3554 5699 ad
3590 5649 3694 5699 hoc
3726 5643 3861 5697 vita:

2263 5726 2432 5780 genus
2464 5717 2571 5782 apti
2622 5724 2672 5768 et
2714 5716 2889 5769 idonei
2941 5714 3228 5780 censendi,
3261 5714 3553 5781 'videlicet,
3599 5717 3693 5783 qui
3747 5730 3857 5767 non

2259 5784 2603 5856 conversionis
2644 5789 2840 5856 [errore
2888 5787 3076 5840 nouitio
3122 5784 3462 5856 (Turrecrem.
3520 5783 3858 5854 comment.),

2257 5853 2347 5903 sed
2387 5853 2682 5907 monasterii
2717 5858 2873 5928 longa
2909 5853 3218 5928 experientia
3259 5857 3549 5920 didicerunt
3589 5853 3858 5911 adversus
