  <div class='ocr_page' id='page_1' title='image "/cluster/home/n/w/nwhite01/storage/ocr_20150623/49/uva.x000827093/578.png"; bbox 0 0 4014 6200; ppageno 0'>
   <div class='ocr_carea' id='block_1_1' title="bbox 199 338 336 395">
    <p class='ocr_par' dir='ltr' id='par_1_1' title="bbox 199 338 336 395">
     <span class='ocr_line' id='line_1_1' title="bbox 199 338 336 395; baseline -0.007 0"><span class='ocrx_word' id='word_1_1' title='bbox 199 338 336 395; x_wconf 71' lang='lat' dir='ltr'><strong>HM</strong></span> 
     </span>
    </p>
   </div>
   <div class='ocr_carea' id='block_1_2' title="bbox 908 330 1812 404">
    <p class='ocr_par' dir='ltr' id='par_1_2' title="bbox 908 330 1812 404">
     <span class='ocr_line' id='line_1_2' title="bbox 908 330 1812 404; baseline 0.001 -15"><span class='ocrx_word' id='word_1_2' title='bbox 908 330 1242 389; x_wconf 78' lang='lat' dir='ltr'><strong>COLLATIO</strong></span> <span class='ocrx_word' id='word_1_3' title='bbox 1283 332 1425 404; x_wconf 74' lang='lat' dir='ltr'><strong>xix.</strong></span> <span class='ocrx_word' id='word_1_4' title='bbox 1457 361 1524 376; x_wconf 83' lang='grc'><strong>-</strong></span> <span class='ocrx_word' id='word_1_5' title='bbox 1561 331 1650 388; x_wconf 77' lang='lat' dir='ltr'><strong>ne</strong></span> <span class='ocrx_word' id='word_1_6' title='bbox 1689 331 1812 390; x_wconf 76' lang='lat' dir='ltr'><strong>FlNl</strong></span> 
     </span>
    </p>
   </div>
   <div class='ocr_carea' id='block_1_3' title="bbox 1920 330 2816 404">
    <p class='ocr_par' dir='ltr' id='par_1_3' title="bbox 1920 332 2816 396">
     <span class='ocr_line' id='line_1_3' title="bbox 1920 332 2816 396; baseline 0.004 -8"><span class='ocrx_word' id='word_1_7' title='bbox 1920 332 2299 396; x_wconf 71' lang='grc' dir='ltr'><strong>ἱίΕΝυΒιΤΑΞ</strong></span> <span class='ocrx_word' id='word_1_8' title='bbox 2337 335 2426 393; x_wconf 87' lang='grc' dir='ltr'><strong>ΕΤ</strong></span> <span class='ocrx_word' id='word_1_9' title='bbox 2471 336 2816 392; x_wconf 61' lang='grc' dir='ltr'><strong>ΕΒΕΜΙΤΙΕ.</strong></span> 
     </span>
    </p>
   </div>
   <div class='ocr_carea' id='block_1_4' title="bbox 3351 345 3494 414">
    <p class='ocr_par' dir='ltr' id='par_1_4' title="bbox 3351 345 3494 414">
     <span class='ocr_line' id='line_1_4' title="bbox 3351 345 3494 414; baseline -0.063 0"><span class='ocrx_word' id='word_1_10' title='bbox 3351 345 3494 414; x_wconf 64' lang='lat' dir='ltr'><strong>1H9.</strong></span> 
     </span>
    </p>
   </div>
   <div class='ocr_carea' id='block_1_5' title="bbox 195 447 3492 532">
    <p class='ocr_par' dir='ltr' id='par_1_5' title="bbox 195 447 3492 532">
     <span class='ocr_line' id='line_1_5' title="bbox 195 447 3492 532; baseline 0.002 -22"><span class='ocrx_word' id='word_1_11' title='bbox 195 452 461 521; x_wconf 83' lang='lat' dir='ltr'><strong>instituti,</strong></span> <span class='ocrx_word' id='word_1_12' title='bbox 507 465 606 506; x_wconf 86' lang='lat' dir='ltr'><strong>nec</strong></span> <span class='ocrx_word' id='word_1_13' title='bbox 633 450 874 505; x_wconf 86' lang='lat' dir='ltr'><strong>excoctis</strong></span> <span class='ocrx_word' id='word_1_14' title='bbox 906 448 1181 519; x_wconf 80' lang='lat' dir='ltr'><strong>prioribus</strong></span> <span class='ocrx_word' id='word_1_15' title='bbox 1212 447 1360 502; x_wconf 80' lang='lat' dir='ltr'><strong>vitiis</strong></span> <span class='ocrx_word' id='word_1_16' title='bbox 1386 447 1452 503; x_wconf 90' lang='lat' dir='ltr'><strong>ad</strong></span> <span class='ocrx_word' id='word_1_17' title='bbox 1491 447 1788 504; x_wconf 80' lang='lat' dir='ltr'><strong>sdh’tariam</strong></span> <span class='ocrx_word' id='word_1_18' title='bbox 1817 457 1868 518; x_wconf 72' lang='grc' dir='ltr'>Α</span> <span class='ocrx_word' id='word_1_19' title='bbox 1897 449 1988 505; x_wconf 88' lang='lat' dir='ltr'><strong>dix</strong></span> <span class='ocrx_word' id='word_1_20' title='bbox 2011 450 2414 522; x_wconf 55' lang='lat' dir='ltr'><strong>omniumque:</strong></span> <span class='ocrx_word' id='word_1_21' title='bbox 2437 451 2739 520; x_wconf 76' lang='lat' dir='ltr'><strong>exstirpata</strong></span> <span class='ocrx_word' id='word_1_22' title='bbox 2760 465 2874 510; x_wconf 88' lang='lat' dir='ltr'><strong>non</strong></span> <span class='ocrx_word' id='word_1_23' title='bbox 2897 450 3097 518; x_wconf 87' lang='lat' dir='ltr'><strong>fuerat,</strong></span> <span class='ocrx_word' id='word_1_24' title='bbox 3126 466 3492 532; x_wconf 73' lang='lat' dir='ltr'><strong>peccatorum,</strong></span> 
     </span>
    </p>
   </div>
   <div class='ocr_carea' id='block_1_6' title="bbox 197 541 1795 614">
    <p class='ocr_par' dir='ltr' id='par_1_6' title="bbox 197 541 1795 614">
     <span class='ocr_line' id='line_1_6' title="bbox 197 541 1795 614; baseline -0.004 -9"><span class='ocrx_word' id='word_1_25' title='bbox 197 563 264 605; x_wconf 80' lang='lat' dir='ltr'><strong>se</strong></span> <span class='ocrx_word' id='word_1_26' title='bbox 293 547 460 603; x_wconf 84' lang='lat' dir='ltr'><strong>vitam</strong></span> <span class='ocrx_word' id='word_1_27' title='bbox 501 546 792 600; x_wconf 82' lang='lat' dir='ltr'><strong>immaturo</strong></span> <span class='ocrx_word' id='word_1_28' title='bbox 824 541 1099 598; x_wconf 84' lang='lat' dir='ltr'><strong>desiderio</strong></span> <span class='ocrx_word' id='word_1_29' title='bbox 1148 541 1576 609; x_wconf 88' lang='lat' dir='ltr'><strong>transtulerunt;</strong></span> <span class='ocrx_word' id='word_1_30' title='bbox 1607 541 1693 614; x_wconf 87' lang='lat' dir='ltr'><strong>qui</strong></span> <span class='ocrx_word' id='word_1_31' title='bbox 1741 542 1795 598; x_wconf 89' lang='lat' dir='ltr'><strong>in</strong></span> 
     </span>
    </p>
   </div>
   <div class='ocr_carea' id='block_1_7' title="bbox 198 635 1799 713">
    <p class='ocr_par' dir='ltr' id='par_1_7' title="bbox 198 635 1799 713">
     <span class='ocr_line' id='line_1_7' title="bbox 198 635 1799 713; baseline -0.007 -12"><span class='ocrx_word' id='word_1_32' title='bbox 198 652 438 713; x_wconf 87' lang='lat' dir='ltr'><strong>utraque</strong></span> <span class='ocrx_word' id='word_1_33' title='bbox 491 646 645 710; x_wconf 90' lang='lat' dir='ltr'><strong>parte</strong></span> <span class='ocrx_word' id='word_1_34' title='bbox 691 636 993 706; x_wconf 70' lang='lat' dir='ltr'><strong>imperfecti</strong></span> <span class='ocrx_word' id='word_1_35' title='bbox 1033 652 1248 706; x_wconf 86' lang='lat' dir='ltr'><strong>semper</strong></span> <span class='ocrx_word' id='word_1_36' title='bbox 1273 652 1336 693; x_wconf 90' lang='lat' dir='ltr'><strong>ac</strong></span> <span class='ocrx_word' id='word_1_37' title='bbox 1365 635 1618 708; x_wconf 80' lang='lat' dir='ltr'><strong>fragiles,</strong></span> <span class='ocrx_word' id='word_1_38' title='bbox 1659 651 1799 705; x_wconf 89' lang='lat' dir='ltr'><strong>quo-</strong></span> 
     </span>
    </p>
   </div>
   <div class='ocr_carea' id='block_1_8' title="bbox 195 729 1794 808">
    <p class='ocr_par' dir='ltr' id='par_1_8' title="bbox 195 729 1794 808">
     <span class='ocr_line' id='line_1_8' title="bbox 195 729 1794 808; baseline -0.003 -17"><span class='ocrx_word' id='word_1_39' title='bbox 195 750 439 808; x_wconf 84' lang='lat' dir='ltr'><strong>cumque</strong></span> <span class='ocrx_word' id='word_1_40' title='bbox 499 746 626 786; x_wconf 89' lang='lat' dir='ltr'><strong>aura</strong></span> <span class='ocrx_word' id='word_1_41' title='bbox 670 729 1054 785; x_wconf 87' lang='lat' dir='ltr'><strong>commotionis</strong></span> <span class='ocrx_word' id='word_1_42' title='bbox 1087 731 1382 799; x_wconf 84' lang='lat' dir='ltr'><strong>impulerit,</strong></span> <span class='ocrx_word' id='word_1_43' title='bbox 1438 729 1794 790; x_wconf 76' lang='lat' dir='ltr'><strong>inclinantur.</strong></span> 
     </span>
    </p>
   </div>
   <div class='ocr_carea' id='block_1_9' title="bbox 195 822 1800 896">
    <p class='ocr_par' dir='ltr' id='par_1_9' title="bbox 195 822 1800 896">
     <span class='ocr_line' id='line_1_9' title="bbox 195 822 1800 896; baseline -0.002 -12"><span class='ocrx_word' id='word_1_44' title='bbox 195 827 338 885; x_wconf 77' lang='lat' dir='ltr'><strong>Nam</strong></span> <span class='ocrx_word' id='word_1_45' title='bbox 387 822 842 896; x_wconf 86' lang='lat' dir='ltr'><strong>quemadmodum</strong></span> <span class='ocrx_word' id='word_1_46' title='bbox 893 824 1175 878; x_wconf 87' lang='lat' dir='ltr'><strong>consortio</strong></span> <span class='ocrx_word' id='word_1_47' title='bbox 1225 824 1310 879; x_wconf 87' lang='lat' dir='ltr'><strong>vel</strong></span> <span class='ocrx_word' id='word_1_48' title='bbox 1362 824 1800 892; x_wconf 72' lang='lat' dir='ltr'><strong>interpellatione</strong></span> 
     </span>
    </p>
   </div>
   <div class='ocr_carea' id='block_1_10' title="bbox 201 914 1802 987">
    <p class='ocr_par' dir='ltr' id='par_1_10' title="bbox 201 914 1802 987">
     <span class='ocr_line' id='line_1_10' title="bbox 201 914 1802 987; baseline -0.004 -11"><span class='ocrx_word' id='word_1_49' title='bbox 201 921 431 977; x_wconf 80' lang='lat' dir='ltr'><strong>fratrum</strong></span> <span class='ocrx_word' id='word_1_50' title='bbox 461 917 815 987; x_wconf 87' lang='lat' dir='ltr'><strong>impatienter</strong></span> <span class='ocrx_word' id='word_1_51' title='bbox 837 924 1162 984; x_wconf 67' lang='lat' dir='ltr'><strong>exaestuant,</strong></span> <span class='ocrx_word' id='word_1_52' title='bbox 1191 914 1262 968; x_wconf 88' lang='lat' dir='ltr'><strong>ita</strong></span> <span class='ocrx_word' id='word_1_53' title='bbox 1289 915 1340 969; x_wconf 92' lang='lat' dir='ltr'><strong>in</strong></span> <span class='ocrx_word' id='word_1_54' title='bbox 1365 915 1659 970; x_wconf 91' lang='lat' dir='ltr'><strong>solitudine</strong></span> <span class='ocrx_word' id='word_1_55' title='bbox 1681 930 1802 970; x_wconf 88' lang='lat' dir='ltr'><strong>con-</strong></span> 
     </span>
    </p>
   </div>
   <div class='ocr_carea' id='block_1_11' title="bbox 203 1007 1799 1080">
    <p class='ocr_par' dir='ltr' id='par_1_11' title="bbox 203 1007 1799 1080">
     <span class='ocr_line' id='line_1_11' title="bbox 203 1007 1799 1080; baseline -0.006 -9"><span class='ocrx_word' id='word_1_56' title='bbox 203 1017 459 1072; x_wconf 82' lang='lat' dir='ltr'><strong>sistentes</strong></span> <span class='ocrx_word' id='word_1_57' title='bbox 504 1010 621 1080; x_wconf 82' lang='lat' dir='ltr'><strong>ejus</strong></span> <span class='ocrx_word' id='word_1_58' title='bbox 669 1009 839 1079; x_wconf 86' lang='lat' dir='ltr'><strong>ipsius</strong></span> <span class='ocrx_word' id='word_1_59' title='bbox 877 1007 1021 1080; x_wconf 90' lang='lat' dir='ltr'><strong>quod</strong></span> <span class='ocrx_word' id='word_1_60' title='bbox 1076 1017 1339 1078; x_wconf 86' lang='lat' dir='ltr'><strong>expetunt</strong></span> <span class='ocrx_word' id='word_1_61' title='bbox 1379 1016 1402 1044; x_wconf 69' lang='grc'>⁸</span> <span class='ocrx_word' id='word_1_62' title='bbox 1453 1007 1654 1062; x_wconf 89' lang='lat' dir='ltr'><strong>silentii</strong></span> <span class='ocrx_word' id='word_1_63' title='bbox 1691 1024 1799 1063; x_wconf 91' lang='lat' dir='ltr'><strong>non</strong></span> 
     </span>
    </p>
   </div>
   <div class='ocr_carea' id='block_1_12' title="bbox 206 1102 1802 1174">
    <p class='ocr_par' dir='ltr' id='par_1_12' title="bbox 206 1102 1802 1174">
     <span class='ocr_line' id='line_1_12' title="bbox 206 1102 1802 1174; baseline -0.008 -8"><span class='ocrx_word' id='word_1_64' title='bbox 206 1109 390 1166; x_wconf 78' lang='lat' dir='ltr'><strong>ferunt</strong></span> <span class='ocrx_word' id='word_1_65' title='bbox 417 1107 755 1170; x_wconf 81' lang='lat' dir='ltr'><strong>vastitatem,</strong></span> <span class='ocrx_word' id='word_1_66' title='bbox 787 1103 986 1173; x_wconf 87' lang='lat' dir='ltr'><strong>quippe</strong></span> <span class='ocrx_word' id='word_1_67' title='bbox 1025 1102 1116 1174; x_wconf 86' lang='lat' dir='ltr'><strong>qui</strong></span> <span class='ocrx_word' id='word_1_68' title='bbox 1157 1119 1223 1156; x_wconf 87' lang='lat' dir='ltr'><strong>ne</strong></span> <span class='ocrx_word' id='word_1_69' title='bbox 1252 1103 1421 1173; x_wconf 64' lang='lat' dir='ltr'><strong>ipsam</strong></span> <span class='ocrx_word' id='word_1_70' title='bbox 1450 1103 1668 1173; x_wconf 90' lang='lat' dir='ltr'><strong>quidem</strong></span> <span class='ocrx_word' id='word_1_71' title='bbox 1714 1117 1802 1157; x_wconf 82' lang='lat' dir='ltr'><strong>ra.-</strong></span> 
     </span>
    </p>
   </div>
   <div class='ocr_carea' id='block_1_13' title="bbox 210 1195 1802 1268">
    <p class='ocr_par' dir='ltr' id='par_1_13' title="bbox 210 1195 1802 1268">
     <span class='ocr_line' id='line_1_13' title="bbox 210 1195 1802 1268; baseline -0.004 -10"><span class='ocrx_word' id='word_1_72' title='bbox 210 1204 416 1258; x_wconf 89' lang='lat' dir='ltr'><strong>tionem</strong></span> <span class='ocrx_word' id='word_1_73' title='bbox 449 1204 670 1261; x_wconf 88' lang='lat' dir='ltr'><strong>norunt,</strong></span> <span class='ocrx_word' id='word_1_74' title='bbox 696 1197 850 1266; x_wconf 84' lang='lat' dir='ltr'><strong>cujus</strong></span> <span class='ocrx_word' id='word_1_75' title='bbox 873 1210 1031 1250; x_wconf 89' lang='lat' dir='ltr'><strong>causa</strong></span> <span class='ocrx_word' id='word_1_76' title='bbox 1058 1195 1356 1251; x_wconf 88' lang='lat' dir='ltr'><strong>desiderari</strong></span> <span class='ocrx_word' id='word_1_77' title='bbox 1386 1197 1472 1252; x_wconf 91' lang='lat' dir='ltr'><strong>vel</strong></span> <span class='ocrx_word' id='word_1_78' title='bbox 1498 1198 1678 1268; x_wconf 83' lang='lat' dir='ltr'><strong>expeti</strong></span> <span class='ocrx_word' id='word_1_79' title='bbox 1707 1197 1802 1252; x_wconf 85' lang='lat' dir='ltr'><strong>de-</strong></span> 
     </span>
    </p>
   </div>
   <div class='ocr_carea' id='block_1_14' title="bbox 210 1291 1801 1362">
    <p class='ocr_par' dir='ltr' id='par_1_14' title="bbox 210 1291 1801 1362">
     <span class='ocr_line' id='line_1_14' title="bbox 210 1291 1801 1362; baseline -0.003 -11"><span class='ocrx_word' id='word_1_80' title='bbox 210 1297 343 1353; x_wconf 86' lang='lat' dir='ltr'><strong>beat</strong></span> <span class='ocrx_word' id='word_1_81' title='bbox 372 1295 624 1360; x_wconf 89' lang='lat' dir='ltr'><strong>solitndo,</strong></span> <span class='ocrx_word' id='word_1_82' title='bbox 659 1294 753 1349; x_wconf 83' lang='lat' dir='ltr'><strong>sed</strong></span> <span class='ocrx_word' id='word_1_83' title='bbox 788 1291 926 1347; x_wconf 87' lang='lat' dir='ltr'><strong>hanc</strong></span> <span class='ocrx_word' id='word_1_84' title='bbox 954 1308 1076 1347; x_wconf 89' lang='lat' dir='ltr'><strong>esse</strong></span> <span class='ocrx_word' id='word_1_85' title='bbox 1107 1293 1322 1350; x_wconf 71' lang='lat' dir='ltr'><strong>Virtutis</strong></span> <span class='ocrx_word' id='word_1_86' title='bbox 1353 1308 1416 1347; x_wconf 88' lang='lat' dir='ltr'><strong>ac</strong></span> <span class='ocrx_word' id='word_1_87' title='bbox 1446 1293 1801 1362; x_wconf 65' lang='lat' dir='ltr'><strong>professionis</strong></span> 
     </span>
    </p>
   </div>
   <div class='ocr_carea' id='block_1_15' title="bbox 214 1388 1803 1452">
    <p class='ocr_par' dir='ltr' id='par_1_15' title="bbox 214 1388 1803 1452">
     <span class='ocr_line' id='line_1_15' title="bbox 214 1388 1803 1452; baseline -0.002 -4"><span class='ocrx_word' id='word_1_88' title='bbox 214 1392 374 1448; x_wconf 86' lang='lat' dir='ltr'><strong>istius</strong></span> <span class='ocrx_word' id='word_1_89' title='bbox 394 1392 706 1445; x_wconf 81' lang='lat' dir='ltr'><strong>existimant</strong></span> <span class='ocrx_word' id='word_1_90' title='bbox 735 1402 1025 1452; x_wconf 89' lang='lat' dir='ltr'><strong>summam,</strong></span> <span class='ocrx_word' id='word_1_91' title='bbox 1055 1395 1112 1443; x_wconf 90' lang='lat' dir='ltr'><strong>ut</strong></span> <span class='ocrx_word' id='word_1_92' title='bbox 1138 1388 1366 1444; x_wconf 83' lang='lat' dir='ltr'><strong>fratrum</strong></span> <span class='ocrx_word' id='word_1_93' title='bbox 1402 1388 1674 1446; x_wconf 84' lang='lat' dir='ltr'><strong>consortia</strong></span> <span class='ocrx_word' id='word_1_94' title='bbox 1708 1388 1803 1445; x_wconf 89' lang='lat' dir='ltr'><strong>de-</strong></span> 
     </span>
    </p>
   </div>
   <div class='ocr_carea' id='block_1_16' title="bbox 215 1482 1801 1554">
    <p class='ocr_par' dir='ltr' id='par_1_16' title="bbox 215 1482 1801 1554">
     <span class='ocr_line' id='line_1_16' title="bbox 215 1482 1801 1554; baseline 0.001 -14"><span class='ocrx_word' id='word_1_95' title='bbox 215 1485 500 1550; x_wconf 88' lang='lat' dir='ltr'><strong>clinantes,</strong></span> <span class='ocrx_word' id='word_1_96' title='bbox 536 1482 802 1537; x_wconf 83' lang='lat' dir='ltr'><strong>humanos</strong></span> <span class='ocrx_word' id='word_1_97' title='bbox 834 1482 1215 1538; x_wconf 85' lang='lat' dir='ltr'><strong>tantummodo</strong></span> <span class='ocrx_word' id='word_1_98' title='bbox 1247 1482 1516 1554; x_wconf 82' lang='lat' dir='ltr'><strong>refugiant</strong></span> <span class='ocrx_word' id='word_1_99' title='bbox 1545 1499 1610 1538; x_wconf 84' lang='lat' dir='ltr'><strong>ac</strong></span> <span class='ocrx_word' id='word_1_100' title='bbox 1646 1486 1801 1542; x_wconf 81' lang='lat' dir='ltr'><strong>dete-</strong></span> 
     </span>
    </p>
   </div>
   <div class='ocr_carea' id='block_1_17' title="bbox 211 1587 730 1658">
    <p class='ocr_par' dir='ltr' id='par_1_17' title="bbox 211 1587 730 1658">
     <span class='ocr_line' id='line_1_17' title="bbox 211 1587 730 1658; baseline -0.008 -24"><span class='ocrx_word' id='word_1_101' title='bbox 211 1587 428 1635; x_wconf 88' lang='lat' dir='ltr'><strong>stentur</strong></span> <span class='ocrx_word' id='word_1_102' title='bbox 457 1587 730 1658; x_wconf 87' lang='lat' dir='ltr'><strong>aspectus.</strong></span> 
     </span>
    </p>
   </div>
   <div class='ocr_carea' id='block_1_18' title="bbox 832 1667 1190 1725">
    <p class='ocr_par' dir='ltr' id='par_1_18' title="bbox 832 1667 1190 1725">
     <span class='ocr_line' id='line_1_18' title="bbox 832 1667 1190 1725; baseline 0.003 -1"><span class='ocrx_word' id='word_1_103' title='bbox 832 1667 1057 1724; x_wconf 88' lang='lat' dir='ltr'><strong>CAPUT</strong></span> <span class='ocrx_word' id='word_1_104' title='bbox 1098 1667 1190 1725; x_wconf 82' lang='lat' dir='ltr'><strong>XI.</strong></span> 
     </span>
    </p>
   </div>
   <div class='ocr_carea' id='block_1_19' title="bbox 250 1761 1766 1838">
    <p class='ocr_par' dir='ltr' id='par_1_19' title="bbox 250 1761 1766 1838">
     <span class='ocr_line' id='line_1_19' title="bbox 250 1761 1766 1838; baseline -0.001 -18"><span class='ocrx_word' id='word_1_105' title='bbox 250 1763 600 1838; x_wconf 75' lang='lat' dir='ltr'><strong>Interrogatio</strong></span> <span class='ocrx_word' id='word_1_106' title='bbox 627 1762 689 1826; x_wconf 81' lang='lat' dir='ltr'><strong>de</strong></span> <span class='ocrx_word' id='word_1_107' title='bbox 723 1762 946 1838; x_wconf 64' lang='lat' dir='ltr'><strong>remedio</strong></span> <span class='ocrx_word' id='word_1_108' title='bbox 976 1779 1154 1838; x_wconf 82' lang='lat' dir='ltr'><strong>eorum</strong></span> <span class='ocrx_word' id='word_1_109' title='bbox 1187 1761 1274 1833; x_wconf 80' lang='lat' dir='ltr'><strong>qui</strong></span> <span class='ocrx_word' id='word_1_110' title='bbox 1303 1762 1402 1816; x_wconf 80' lang='lat' dir='ltr'><strong>cito</strong></span> <span class='ocrx_word' id='word_1_111' title='bbox 1434 1761 1496 1815; x_wconf 83' lang='lat' dir='ltr'><strong>de</strong></span> <span class='ocrx_word' id='word_1_112' title='bbox 1529 1762 1766 1818; x_wconf 74' lang='lat' dir='ltr'><strong>coenobiis</strong></span> 
     </span>
    </p>
   </div>
   <div class='ocr_carea' id='block_1_20' title="bbox 865 1833 1158 1888">
    <p class='ocr_par' dir='ltr' id='par_1_20' title="bbox 865 1833 1158 1888">
     <span class='ocr_line' id='line_1_20' title="bbox 865 1833 1158 1888; baseline 0.003 -2"><span class='ocrx_word' id='word_1_113' title='bbox 865 1833 1158 1888; x_wconf 79' lang='lat' dir='ltr'><strong>discedunt.</strong></span> 
     </span>
    </p>
   </div>
   <div class='ocr_carea' id='block_1_21' title="bbox 292 1948 1806 2022">
    <p class='ocr_par' dir='ltr' id='par_1_21' title="bbox 292 1948 1806 2022">
     <span class='ocr_line' id='line_1_21' title="bbox 292 1948 1806 2022; baseline -0.001 -14"><span class='ocrx_word' id='word_1_114' title='bbox 292 1951 589 2008; x_wconf 87' lang='lat' dir='ltr'><strong>Germanus</strong></span> <span class='ocrx_word' id='word_1_115' title='bbox 621 1969 632 2004; x_wconf 94' lang='lat'>:</span> <span class='ocrx_word' id='word_1_116' title='bbox 688 1950 808 2018; x_wconf 88' lang='lat' dir='ltr'><strong>Quo</strong></span> <span class='ocrx_word' id='word_1_117' title='bbox 855 1966 985 2022; x_wconf 85' lang='lat' dir='ltr'><strong>ergo</strong></span> <span class='ocrx_word' id='word_1_118' title='bbox 1031 1951 1117 2006; x_wconf 90' lang='lat' dir='ltr'><strong>vel</strong></span> <span class='ocrx_word' id='word_1_119' title='bbox 1160 1950 1316 2007; x_wconf 87' lang='lat' dir='ltr'><strong>nobis</strong></span> <span class='ocrx_word' id='word_1_120' title='bbox 1354 1950 1439 2006; x_wconf 88' lang='lat' dir='ltr'><strong>vel</strong></span> <span class='ocrx_word' id='word_1_121' title='bbox 1475 1948 1686 2006; x_wconf 73' lang='lat' dir='ltr'><strong>cmteris</strong></span> <span class='ocrx_word' id='word_1_122' title='bbox 1715 1949 1806 2021; x_wconf 86' lang='lat' dir='ltr'><strong>qui</strong></span> 
     </span>
    </p>
   </div>
   <div class='ocr_carea' id='block_1_22' title="bbox 212 2041 1801 2123">
    <p class='ocr_par' dir='ltr' id='par_1_22' title="bbox 212 2041 1801 2123">
     <span class='ocr_line' id='line_1_22' title="bbox 212 2041 1801 2123; baseline -0.003 -21"><span class='ocrx_word' id='word_1_123' title='bbox 212 2043 460 2123; x_wconf 82' lang='lat' dir='ltr'><strong>ejusdem</strong></span> <span class='ocrx_word' id='word_1_124' title='bbox 511 2043 819 2114; x_wconf 83' lang='lat' dir='ltr'><strong>fragilitatis</strong></span> <span class='ocrx_word' id='word_1_125' title='bbox 865 2053 1027 2114; x_wconf 89' lang='lat' dir='ltr'><strong>atque</strong></span> <span class='ocrx_word' id='word_1_126' title='bbox 1065 2043 1300 2100; x_wconf 79' lang='lat' dir='ltr'><strong>miseriae</strong></span> <span class='ocrx_word' id='word_1_127' title='bbox 1331 2041 1500 2116; x_wconf 68' lang='grc' dir='ltr'><strong>[ιερε.</strong></span> <span class='ocrx_word' id='word_1_128' title='bbox 1548 2043 1602 2096; x_wconf 81' lang='lat' dir='ltr'><strong>in</strong></span> <span class='ocrx_word' id='word_1_129' title='bbox 1634 2060 1801 2114; x_wconf 86' lang='lat' dir='ltr'><strong>marg.</strong></span> 
     </span>
    </p>
   </div>
   <div class='ocr_carea' id='block_1_23' title="bbox 215 2134 1802 2209">
    <p class='ocr_par' dir='ltr' id='par_1_23' title="bbox 215 2134 1802 2209">
     <span class='ocr_line' id='line_1_23' title="bbox 215 2134 1802 2209; baseline -0.001 -16"><span class='ocrx_word' id='word_1_130' title='bbox 215 2134 514 2209; x_wconf 82' lang='lat' dir='ltr'><strong>menSurae]</strong></span> <span class='ocrx_word' id='word_1_131' title='bbox 557 2146 702 2205; x_wconf 87' lang='lat' dir='ltr'><strong>sunt,</strong></span> <span class='ocrx_word' id='word_1_132' title='bbox 733 2135 977 2192; x_wconf 88' lang='lat' dir='ltr'><strong>remedio</strong></span> <span class='ocrx_word' id='word_1_133' title='bbox 1003 2136 1208 2206; x_wconf 88' lang='lat' dir='ltr'><strong>poterit</strong></span> <span class='ocrx_word' id='word_1_134' title='bbox 1235 2136 1531 2206; x_wconf 86' lang='lat' dir='ltr'><strong>subveniri,</strong></span> <span class='ocrx_word' id='word_1_135' title='bbox 1569 2136 1658 2206; x_wconf 90' lang='lat' dir='ltr'><strong>qui</strong></span> <span class='ocrx_word' id='word_1_136' title='bbox 1687 2151 1802 2192; x_wconf 74' lang='lat' dir='ltr'><strong>cte-</strong></span> 
     </span>
    </p>
   </div>
   <div class='ocr_carea' id='block_1_24' title="bbox 216 2227 1796 2304">
    <p class='ocr_par' dir='ltr' id='par_1_24' title="bbox 216 2227 1796 2304">
     <span class='ocr_line' id='line_1_24' title="bbox 216 2227 1796 2304; baseline -0.002 -17"><span class='ocrx_word' id='word_1_137' title='bbox 216 2230 532 2287; x_wconf 87' lang='lat' dir='ltr'><strong>nobial&#39;tbus</strong></span> <span class='ocrx_word' id='word_1_138' title='bbox 560 2227 854 2304; x_wconf 85' lang='lat' dir='ltr'><strong>disciplinis</strong></span> <span class='ocrx_word' id='word_1_139' title='bbox 884 2230 1119 2286; x_wconf 88' lang='lat' dir='ltr'><strong>tenuiter</strong></span> <span class='ocrx_word' id='word_1_140' title='bbox 1148 2229 1402 2294; x_wconf 86' lang='lat' dir='ltr'><strong>instituti,</strong></span> <span class='ocrx_word' id='word_1_141' title='bbox 1447 2238 1570 2286; x_wconf 85' lang='lat' dir='ltr'><strong>ante</strong></span> <span class='ocrx_word' id='word_1_142' title='bbox 1601 2231 1796 2301; x_wconf 84' lang='lat' dir='ltr'><strong>expul-</strong></span> 
     </span>
    </p>
   </div>
   <div class='ocr_carea' id='block_1_25' title="bbox 217 2324 1807 2390">
    <p class='ocr_par' dir='ltr' id='par_1_25' title="bbox 217 2324 1807 2390">
     <span class='ocr_line' id='line_1_25' title="bbox 217 2324 1807 2390; baseline -0.002 -9"><span class='ocrx_word' id='word_1_143' title='bbox 217 2324 432 2381; x_wconf 88' lang='lat' dir='ltr'><strong>sionem</strong></span> <span class='ocrx_word' id='word_1_144' title='bbox 473 2327 710 2380; x_wconf 90' lang='lat' dir='ltr'><strong>omnium</strong></span> <span class='ocrx_word' id='word_1_145' title='bbox 755 2325 1031 2390; x_wconf 90' lang='lat' dir='ltr'><strong>vitiorum,</strong></span> <span class='ocrx_word' id='word_1_146' title='bbox 1065 2324 1456 2380; x_wconf 87' lang='lat' dir='ltr'><strong>habitationem</strong></span> <span class='ocrx_word' id='word_1_147' title='bbox 1498 2325 1807 2386; x_wconf 83' lang='lat' dir='ltr'><strong>solitudinis</strong></span> 
     </span>
    </p>
   </div>
   <div class='ocr_carea' id='block_1_26' title="bbox 217 2417 1806 2490">
    <p class='ocr_par' dir='ltr' id='par_1_26' title="bbox 217 2417 1806 2490">
     <span class='ocr_line' id='line_1_26' title="bbox 217 2417 1806 2490; baseline -0.002 -15"><span class='ocrx_word' id='word_1_148' title='bbox 217 2418 483 2490; x_wconf 72' lang='lat' dir='ltr'><strong>cmpimus</strong></span> <span class='ocrx_word' id='word_1_149' title='bbox 505 2417 776 2487; x_wconf 76' lang='lat' dir='ltr'><strong>affectare,</strong></span> <span class='ocrx_word' id='word_1_150' title='bbox 801 2418 886 2473; x_wconf 86' lang='lat' dir='ltr'><strong>vel</strong></span> <span class='ocrx_word' id='word_1_151' title='bbox 908 2433 1019 2490; x_wconf 89' lang='lat' dir='ltr'><strong>quo</strong></span> <span class='ocrx_word' id='word_1_152' title='bbox 1039 2426 1200 2488; x_wconf 90' lang='lat' dir='ltr'><strong>pacto</strong></span> <span class='ocrx_word' id='word_1_153' title='bbox 1221 2418 1628 2488; x_wconf 69' lang='lat' dir='ltr'><strong>imperturbata:</strong></span> <span class='ocrx_word' id='word_1_154' title='bbox 1653 2434 1806 2474; x_wconf 85' lang='lat' dir='ltr'><strong>men-</strong></span> 
     </span>
    </p>
   </div>
   <div class='ocr_carea' id='block_1_27' title="bbox 218 2511 1806 2583">
    <p class='ocr_par' dir='ltr' id='par_1_27' title="bbox 218 2511 1806 2583">
     <span class='ocr_line' id='line_1_27' title="bbox 218 2511 1806 2583; baseline 0.001 -15"><span class='ocrx_word' id='word_1_155' title='bbox 218 2513 294 2568; x_wconf 92' lang='lat' dir='ltr'><strong>tis</strong></span> <span class='ocrx_word' id='word_1_156' title='bbox 323 2517 681 2568; x_wconf 87' lang='lat' dir='ltr'><strong>constantiam</strong></span> <span class='ocrx_word' id='word_1_157' title='bbox 722 2523 775 2567; x_wconf 90' lang='lat' dir='ltr'><strong>et</strong></span> <span class='ocrx_word' id='word_1_158' title='bbox 812 2511 1146 2568; x_wconf 89' lang='lat' dir='ltr'><strong>immobilem</strong></span> <span class='ocrx_word' id='word_1_159' title='bbox 1183 2514 1460 2583; x_wconf 68' lang='lat' dir='ltr'><strong>patientiae</strong></span> <span class='ocrx_word' id='word_1_160' title='bbox 1505 2512 1806 2582; x_wconf 80' lang='lat' dir='ltr'><strong>poterimus</strong></span> 
     </span>
    </p>
   </div>
   <div class='ocr_carea' id='block_1_28' title="bbox 214 2607 1806 2684">
    <p class='ocr_par' dir='ltr' id='par_1_28' title="bbox 214 2607 1806 2684">
     <span class='ocr_line' id='line_1_28' title="bbox 214 2607 1806 2684; baseline -0.002 -19"><span class='ocrx_word' id='word_1_161' title='bbox 214 2609 630 2684; x_wconf 87' lang='lat' dir='ltr'><strong>apprehendere</strong></span> <span class='ocrx_word' id='word_1_162' title='bbox 675 2609 1015 2674; x_wconf 78' lang='lat' dir='ltr'><strong>ﬁrmitatem,</strong></span> <span class='ocrx_word' id='word_1_163' title='bbox 1068 2609 1158 2682; x_wconf 91' lang='lat' dir='ltr'><strong>qui</strong></span> <span class='ocrx_word' id='word_1_164' title='bbox 1206 2608 1352 2678; x_wconf 90' lang='lat' dir='ltr'><strong>ipsas</strong></span> <span class='ocrx_word' id='word_1_165' title='bbox 1405 2607 1806 2679; x_wconf 86' lang='lat' dir='ltr'><strong>quodammodo</strong></span> 
     </span>
    </p>
   </div>
   <div class='ocr_carea' id='block_1_29' title="bbox 213 2701 1807 2773">
    <p class='ocr_par' dir='ltr' id='par_1_29' title="bbox 213 2701 1807 2773">
     <span class='ocr_line' id='line_1_29' title="bbox 213 2701 1807 2773; baseline 0.003 -15"><span class='ocrx_word' id='word_1_166' title='bbox 213 2701 436 2758; x_wconf 85' lang='lat' dir='ltr'><strong>scholas</strong></span> <span class='ocrx_word' id='word_1_167' title='bbox 458 2713 512 2757; x_wconf 85' lang='lat' dir='ltr'><strong>et</strong></span> <span class='ocrx_word' id='word_1_168' title='bbox 542 2703 946 2762; x_wconf 84' lang='lat' dir='ltr'><strong>exercitationis</strong></span> <span class='ocrx_word' id='word_1_169' title='bbox 975 2702 1136 2773; x_wconf 83' lang='lat' dir='ltr'><strong>hujus</strong></span> <span class='ocrx_word' id='word_1_170' title='bbox 1171 2702 1498 2772; x_wconf 78' lang='lat' dir='ltr'><strong>palaestram.</strong></span> <span class='ocrx_word' id='word_1_171' title='bbox 1532 2702 1708 2772; x_wconf 80' lang='lat' dir='ltr'><strong>inqua</strong></span> <span class='ocrx_word' id='word_1_172' title='bbox 1736 2701 1807 2758; x_wconf 76' lang='lat' dir='ltr'><strong>ad</strong></span> 
     </span>
    </p>
   </div>
   <div class='ocr_carea' id='block_1_30' title="bbox 215 2797 1806 2869">
    <p class='ocr_par' dir='ltr' id='par_1_30' title="bbox 215 2797 1806 2869">
     <span class='ocr_line' id='line_1_30' title="bbox 215 2797 1806 2869; baseline -0.001 -16"><span class='ocrx_word' id='word_1_173' title='bbox 215 2797 438 2869; x_wconf 87' lang='lat' dir='ltr'><strong>plenum</strong></span> <span class='ocrx_word' id='word_1_174' title='bbox 502 2797 702 2854; x_wconf 89' lang='lat' dir='ltr'><strong>erudiri</strong></span> <span class='ocrx_word' id='word_1_175' title='bbox 752 2813 814 2854; x_wconf 90' lang='lat' dir='ltr'><strong>ac</strong></span> <span class='ocrx_word' id='word_1_176' title='bbox 864 2797 1049 2868; x_wconf 85' lang='lat' dir='ltr'><strong>perfici</strong></span> <span class='ocrx_word' id='word_1_177' title='bbox 1079 2797 1346 2868; x_wconf 87' lang='lat' dir='ltr'><strong>principia</strong></span> <span class='ocrx_word' id='word_1_178' title='bbox 1387 2807 1571 2853; x_wconf 89' lang='lat' dir='ltr'><strong>nostra</strong></span> <span class='ocrx_word' id='word_1_179' title='bbox 1604 2797 1806 2852; x_wconf 89' lang='lat' dir='ltr'><strong>debue-</strong></span> 
     </span>
    </p>
   </div>
   <div class='ocr_carea' id='block_1_31' title="bbox 217 2890 1806 2961">
    <p class='ocr_par' dir='ltr' id='par_1_31' title="bbox 217 2890 1806 2961">
     <span class='ocr_line' id='line_1_31' title="bbox 217 2890 1806 2961; baseline 0.002 -15"><span class='ocrx_word' id='word_1_180' title='bbox 217 2899 364 2955; x_wconf 89' lang='lat' dir='ltr'><strong>rant,</strong></span> <span class='ocrx_word' id='word_1_181' title='bbox 395 2891 772 2961; x_wconf 83' lang='lat' dir='ltr'><strong>intempestive</strong></span> <span class='ocrx_word' id='word_1_182' title='bbox 799 2892 1108 2948; x_wconf 87' lang='lat' dir='ltr'><strong>intermissa</strong></span> <span class='ocrx_word' id='word_1_183' title='bbox 1133 2890 1365 2946; x_wconf 75' lang='lat' dir='ltr'><strong>C(BllObII</strong></span> <span class='ocrx_word' id='word_1_184' title='bbox 1391 2891 1806 2949; x_wconf 78' lang='lat' dir='ltr'><strong>conversatione</strong></span> 
     </span>
    </p>
   </div>
   <div class='ocr_carea' id='block_1_32' title="bbox 217 2984 1806 3056">
    <p class='ocr_par' dir='ltr' id='par_1_32' title="bbox 217 2984 1806 3056">
     <span class='ocr_line' id='line_1_32' title="bbox 217 2984 1806 3056; baseline -0.001 -16"><span class='ocrx_word' id='word_1_185' title='bbox 217 2984 644 3056; x_wconf 85' lang='lat' dir='ltr'><strong>dereliquimus;</strong></span> <span class='ocrx_word' id='word_1_186' title='bbox 679 2985 909 3056; x_wconf 84' lang='lat' dir='ltr'><strong>qualiter</strong></span> <span class='ocrx_word' id='word_1_187' title='bbox 938 3000 1068 3056; x_wconf 82' lang='lat' dir='ltr'><strong>ergo</strong></span> <span class='ocrx_word' id='word_1_188' title='bbox 1105 3001 1248 3040; x_wconf 91' lang='lat' dir='ltr'><strong>nunc</strong></span> <span class='ocrx_word' id='word_1_189' title='bbox 1283 2987 1522 3042; x_wconf 78' lang='lat' dir='ltr'><strong>solilarie</strong></span> <span class='ocrx_word' id='word_1_190' title='bbox 1563 3000 1806 3040; x_wconf 85' lang='lat' dir='ltr'><strong>commo-</strong></span> 
     </span>
    </p>
   </div>
   <div class='ocr_carea' id='block_1_33' title="bbox 217 3080 1805 3152">
    <p class='ocr_par' dir='ltr' id='par_1_33' title="bbox 217 3080 1805 3152">
     <span class='ocr_line' id='line_1_33' title="bbox 217 3080 1805 3152; baseline -0.001 -14"><span class='ocrx_word' id='word_1_191' title='bbox 217 3089 428 3147; x_wconf 87' lang='lat' dir='ltr'><strong>rantes,</strong></span> <span class='ocrx_word' id='word_1_192' title='bbox 489 3082 875 3152; x_wconf 75' lang='lat' dir='ltr'><strong>perfectionem</strong></span> <span class='ocrx_word' id='word_1_193' title='bbox 926 3080 1356 3152; x_wconf 71' lang='lat' dir='ltr'><strong>longanin&#39;iitatis</strong></span> <span class='ocrx_word' id='word_1_194' title='bbox 1411 3095 1476 3135; x_wconf 85' lang='lat' dir='ltr'><strong>ac</strong></span> <span class='ocrx_word' id='word_1_195' title='bbox 1529 3080 1805 3148; x_wconf 70' lang='lat' dir='ltr'><strong>patientia:</strong></span> 
     </span>
    </p>
   </div>
   <div class='ocr_carea' id='block_1_34' title="bbox 217 3171 1802 3244">
    <p class='ocr_par' dir='ltr' id='par_1_34' title="bbox 217 3171 1802 3244">
     <span class='ocr_line' id='line_1_34' title="bbox 217 3171 1802 3244; baseline -0.001 -14"><span class='ocrx_word' id='word_1_196' title='bbox 217 3188 645 3244; x_wconf 89' lang='lat' dir='ltr'><strong>consequemur,</strong></span> <span class='ocrx_word' id='word_1_197' title='bbox 670 3174 754 3238; x_wconf 87' lang='lat' dir='ltr'><strong>vel</strong></span> <span class='ocrx_word' id='word_1_198' title='bbox 781 3172 1234 3243; x_wconf 82' lang='lat' dir='ltr'><strong>quemadmodum</strong></span> <span class='ocrx_word' id='word_1_199' title='bbox 1262 3173 1359 3238; x_wconf 85' lang='lat' dir='ltr'><strong>bas</strong></span> <span class='ocrx_word' id='word_1_200' title='bbox 1380 3171 1487 3227; x_wconf 85' lang='lat' dir='ltr'><strong>sibi</strong></span> <span class='ocrx_word' id='word_1_201' title='bbox 1509 3172 1689 3227; x_wconf 85' lang='lat' dir='ltr'><strong>inesse</strong></span> <span class='ocrx_word' id='word_1_202' title='bbox 1720 3174 1802 3229; x_wconf 86' lang='lat' dir='ltr'><strong>vel</strong></span> 
     </span>
    </p>
   </div>
   <div class='ocr_carea' id='block_1_35' title="bbox 1901 544 3499 618">
    <p class='ocr_par' dir='ltr' id='par_1_35' title="bbox 1901 544 3499 618">
     <span class='ocr_line' id='line_1_35' title="bbox 1901 544 3499 618; baseline -0.003 -18"><span class='ocrx_word' id='word_1_203' title='bbox 1901 559 2065 614; x_wconf 90' lang='lat' dir='ltr'><strong>quam</strong></span> <span class='ocrx_word' id='word_1_204' title='bbox 2093 544 2272 600; x_wconf 84' lang='lat' dir='ltr'><strong>adhuc</strong></span> <span class='ocrx_word' id='word_1_205' title='bbox 2302 546 2354 600; x_wconf 89' lang='lat' dir='ltr'><strong>in</strong></span> <span class='ocrx_word' id='word_1_206' title='bbox 2402 545 2561 602; x_wconf 87' lang='lat' dir='ltr'><strong>nobis</strong></span> <span class='ocrx_word' id='word_1_207' title='bbox 2595 546 2780 602; x_wconf 88' lang='lat' dir='ltr'><strong>vivere</strong></span> <span class='ocrx_word' id='word_1_208' title='bbox 2809 545 2896 604; x_wconf 88' lang='lat' dir='ltr'><strong>lris</strong></span> <span class='ocrx_word' id='word_1_209' title='bbox 2925 546 3381 618; x_wconf 77' lang='lat' dir='ltr'><strong>deprehendimus</strong></span> <span class='ocrx_word' id='word_1_210' title='bbox 3418 552 3499 610; x_wconf 85' lang='lat' dir='ltr'><strong>in.</strong></span> 
     </span>
    </p>
   </div>
   <div class='ocr_carea' id='block_1_36' title="bbox 1900 635 3496 714">
    <p class='ocr_par' dir='ltr' id='par_1_36' title="bbox 1900 635 3496 714">
     <span class='ocr_line' id='line_1_36' title="bbox 1900 635 3496 714; baseline 0.003 -20"><span class='ocrx_word' id='word_1_211' title='bbox 1900 637 2082 694; x_wconf 92' lang='lat' dir='ltr'><strong>diciis.</strong></span> <span class='ocrx_word' id='word_1_212' title='bbox 2113 636 2280 694; x_wconf 83' lang='lat' dir='ltr'><strong>Verbi</strong></span> <span class='ocrx_word' id='word_1_213' title='bbox 2323 638 2541 706; x_wconf 84' lang='lat' dir='ltr'><strong>gratia:</strong></span> <span class='ocrx_word' id='word_1_214' title='bbox 2574 635 2709 692; x_wconf 88' lang='lat' dir='ltr'><strong>Cum</strong></span> <span class='ocrx_word' id='word_1_215' title='bbox 2759 639 2815 694; x_wconf 92' lang='lat' dir='ltr'><strong>in</strong></span> <span class='ocrx_word' id='word_1_216' title='bbox 2869 638 3166 700; x_wconf 89' lang='lat' dir='ltr'><strong>solitudine</strong></span> <span class='ocrx_word' id='word_1_217' title='bbox 3196 641 3496 714; x_wconf 79' lang='lat' dir='ltr'><strong>constituti,</strong></span> 
     </span>
    </p>
   </div>
   <div class='ocr_carea' id='block_1_37' title="bbox 1903 729 3497 792">
    <p class='ocr_par' dir='ltr' id='par_1_37' title="bbox 1903 729 3497 792">
     <span class='ocr_line' id='line_1_37' title="bbox 1903 729 3497 792; baseline 0.004 -8"><span class='ocrx_word' id='word_1_218' title='bbox 1903 729 2190 787; x_wconf 87' lang='lat' dir='ltr'><strong>adventum</strong></span> <span class='ocrx_word' id='word_1_219' title='bbox 2235 729 2465 791; x_wconf 83' lang='lat' dir='ltr'><strong>fratrum</strong></span> <span class='ocrx_word' id='word_1_220' title='bbox 2511 729 2595 787; x_wconf 90' lang='lat' dir='ltr'><strong>vel</strong></span> <span class='ocrx_word' id='word_1_221' title='bbox 2639 730 3016 792; x_wconf 84' lang='lat' dir='ltr'><strong>brevissimam</strong></span> <span class='ocrx_word' id='word_1_222' title='bbox 3053 747 3241 788; x_wconf 88' lang='lat' dir='ltr'><strong>eorum</strong></span> <span class='ocrx_word' id='word_1_223' title='bbox 3287 749 3497 791; x_wconf 88' lang='lat' dir='ltr'><strong>moram</strong></span> 
     </span>
    </p>
   </div>
   <div class='ocr_carea' id='block_1_38' title="bbox 1902 823 3496 897">
    <p class='ocr_par' dir='ltr' id='par_1_38' title="bbox 1902 823 3496 897">
     <span class='ocr_line' id='line_1_38' title="bbox 1902 823 3496 897; baseline 0.004 -19"><span class='ocrx_word' id='word_1_224' title='bbox 1902 836 2024 878; x_wconf 89' lang='lat' dir='ltr'><strong>cum</strong></span> <span class='ocrx_word' id='word_1_225' title='bbox 2053 823 2286 895; x_wconf 78' lang='lat' dir='ltr'><strong>quadam</strong></span> <span class='ocrx_word' id='word_1_226' title='bbox 2329 825 2608 879; x_wconf 75' lang='lat' dir='ltr'><strong>aestuantis</strong></span> <span class='ocrx_word' id='word_1_227' title='bbox 2637 825 2804 879; x_wconf 87' lang='lat' dir='ltr'><strong>animi</strong></span> <span class='ocrx_word' id='word_1_228' title='bbox 2845 825 3120 881; x_wconf 80' lang='lat' dir='ltr'><strong>anxietate</strong></span> <span class='ocrx_word' id='word_1_229' title='bbox 3147 825 3496 897; x_wconf 85' lang='lat' dir='ltr'><strong>suscipimus.</strong></span> 
     </span>
    </p>
   </div>
   <div class='ocr_carea' id='block_1_39' title="bbox 1905 917 3498 991">
    <p class='ocr_par' dir='ltr' id='par_1_39' title="bbox 1905 917 3498 991">
     <span class='ocr_line' id='line_1_39' title="bbox 1905 917 3498 991; baseline 0.001 -16"><span class='ocrx_word' id='word_1_230' title='bbox 1905 920 2085 976; x_wconf 90' lang='lat' dir='ltr'><strong>inesse</strong></span> <span class='ocrx_word' id='word_1_231' title='bbox 2117 918 2296 978; x_wconf 85' lang='lat' dir='ltr'><strong>adhuc</strong></span> <span class='ocrx_word' id='word_1_232' title='bbox 2326 918 2377 974; x_wconf 93' lang='lat' dir='ltr'><strong>in</strong></span> <span class='ocrx_word' id='word_1_233' title='bbox 2407 918 2566 974; x_wconf 89' lang='lat' dir='ltr'><strong>nobis</strong></span> <span class='ocrx_word' id='word_1_234' title='bbox 2600 917 3004 976; x_wconf 87' lang='lat' dir='ltr'><strong>vivacissimum</strong></span> <span class='ocrx_word' id='word_1_235' title='bbox 3035 921 3384 991; x_wconf 71' lang='lat' dir='ltr'><strong>impatienti-ae</strong></span> <span class='ocrx_word' id='word_1_236' title='bbox 3417 922 3498 977; x_wconf 80' lang='lat' dir='ltr'><strong>fo-</strong></span> 
     </span>
    </p>
   </div>
   <div class='ocr_carea' id='block_1_40' title="bbox 1903 1012 3499 1084">
    <p class='ocr_par' dir='ltr' id='par_1_40' title="bbox 1903 1012 3499 1084">
     <span class='ocr_line' id='line_1_40' title="bbox 1903 1012 3499 1084; baseline 0.002 -17"><span class='ocrx_word' id='word_1_237' title='bbox 1903 1014 2089 1068; x_wconf 88' lang='lat' dir='ltr'><strong>mitem</strong></span> <span class='ocrx_word' id='word_1_238' title='bbox 2121 1013 2470 1080; x_wconf 86' lang='lat' dir='ltr'><strong>noverimus;</strong></span> <span class='ocrx_word' id='word_1_239' title='bbox 2507 1028 2628 1066; x_wconf 91' lang='lat' dir='ltr'><strong>cum</strong></span> <span class='ocrx_word' id='word_1_240' title='bbox 2659 1028 2791 1068; x_wconf 87' lang='lat' dir='ltr'><strong>vero</strong></span> <span class='ocrx_word' id='word_1_241' title='bbox 2815 1015 3132 1083; x_wconf 68' lang='lat' dir='ltr'><strong>cujusquam</strong></span> <span class='ocrx_word' id='word_1_242' title='bbox 3163 1012 3345 1070; x_wconf 85' lang='lat' dir='ltr'><strong>fratris</strong></span> <span class='ocrx_word' id='word_1_243' title='bbox 3372 1029 3499 1084; x_wconf 85' lang='lat' dir='ltr'><strong>spe-</strong></span> 
     </span>
    </p>
   </div>
   <div class='ocr_carea' id='block_1_41' title="bbox 1903 1106 3500 1176">
    <p class='ocr_par' dir='ltr' id='par_1_41' title="bbox 1903 1106 3500 1176">
     <span class='ocr_line' id='line_1_41' title="bbox 1903 1106 3500 1176; baseline -0.001 -13"><span class='ocrx_word' id='word_1_244' title='bbox 1903 1122 2088 1163; x_wconf 87' lang='lat' dir='ltr'><strong>ramus</strong></span> <span class='ocrx_word' id='word_1_245' title='bbox 2119 1106 2437 1173; x_wconf 88' lang='lat' dir='ltr'><strong>adventum,</strong></span> <span class='ocrx_word' id='word_1_246' title='bbox 2466 1107 2515 1160; x_wconf 91' lang='lat' dir='ltr'><strong>si</strong></span> <span class='ocrx_word' id='word_1_247' title='bbox 2545 1121 2611 1162; x_wconf 90' lang='lat' dir='ltr'><strong>eo</strong></span> <span class='ocrx_word' id='word_1_248' title='bbox 2638 1121 2738 1176; x_wconf 91' lang='lat' dir='ltr'><strong>pro</strong></span> <span class='ocrx_word' id='word_1_249' title='bbox 2765 1106 3089 1162; x_wconf 85' lang='lat' dir='ltr'><strong>necessitate</strong></span> <span class='ocrx_word' id='word_1_250' title='bbox 3112 1106 3288 1175; x_wconf 88' lang='lat' dir='ltr'><strong>aliqua</strong></span> <span class='ocrx_word' id='word_1_251' title='bbox 3315 1107 3500 1176; x_wconf 87' lang='lat' dir='ltr'><strong>paulu-</strong></span> 
     </span>
    </p>
   </div>
   <div class='ocr_carea' id='block_1_42' title="bbox 1903 1199 3497 1270">
    <p class='ocr_par' dir='ltr' id='par_1_42' title="bbox 1903 1199 3497 1270">
     <span class='ocr_line' id='line_1_42' title="bbox 1903 1199 3497 1270; baseline 0.001 -13"><span class='ocrx_word' id='word_1_252' title='bbox 1903 1202 2012 1257; x_wconf 92' lang='lat' dir='ltr'><strong>lum</strong></span> <span class='ocrx_word' id='word_1_253' title='bbox 2043 1199 2268 1256; x_wconf 86' lang='lat' dir='ltr'><strong>forsitan</strong></span> <span class='ocrx_word' id='word_1_254' title='bbox 2305 1201 2649 1270; x_wconf 83' lang='lat' dir='ltr'><strong>demorante,</strong></span> <span class='ocrx_word' id='word_1_255' title='bbox 2679 1201 2767 1262; x_wconf 89' lang='lat' dir='ltr'><strong>vel</strong></span> <span class='ocrx_word' id='word_1_256' title='bbox 2811 1205 2972 1256; x_wconf 86' lang='lat' dir='ltr'><strong>tacita</strong></span> <span class='ocrx_word' id='word_1_257' title='bbox 3004 1200 3302 1269; x_wconf 75' lang='lat' dir='ltr'><strong>indignatio</strong></span> <span class='ocrx_word' id='word_1_258' title='bbox 3334 1203 3497 1260; x_wconf 82' lang='lat' dir='ltr'><strong>nimia</strong></span> 
     </span>
    </p>
   </div>
   <div class='ocr_carea' id='block_1_43' title="bbox 1905 1295 3499 1368">
    <p class='ocr_par' dir='ltr' id='par_1_43' title="bbox 1905 1295 3499 1368">
     <span class='ocr_line' id='line_1_43' title="bbox 1905 1295 3499 1368; baseline -0.002 -16"><span class='ocrx_word' id='word_1_259' title='bbox 1905 1295 2023 1368; x_wconf 87' lang='lat' dir='ltr'><strong>ejus</strong></span> <span class='ocrx_word' id='word_1_260' title='bbox 2050 1295 2350 1364; x_wconf 83' lang='lat' dir='ltr'><strong>culpaverit</strong></span> <span class='ocrx_word' id='word_1_261' title='bbox 2383 1295 2718 1363; x_wconf 86' lang='lat' dir='ltr'><strong>tarditatem,</strong></span> <span class='ocrx_word' id='word_1_262' title='bbox 2767 1301 2824 1350; x_wconf 89' lang='lat' dir='ltr'><strong>et</strong></span> <span class='ocrx_word' id='word_1_263' title='bbox 2853 1304 3090 1358; x_wconf 82' lang='lat' dir='ltr'><strong>mentem</strong></span> <span class='ocrx_word' id='word_1_264' title='bbox 3118 1307 3359 1352; x_wconf 75' lang='lat' dir='ltr'><strong>nosrram</strong></span> <span class='ocrx_word' id='word_1_265' title='bbox 3398 1296 3499 1350; x_wconf 89' lang='lat' dir='ltr'><strong>im-</strong></span> 
     </span>
    </p>
   </div>
   <div class='ocr_carea' id='block_1_44' title="bbox 1905 1389 3498 1460">
    <p class='ocr_par' dir='ltr' id='par_1_44' title="bbox 1905 1389 3498 1460">
     <span class='ocr_line' id='line_1_44' title="bbox 1905 1389 3498 1460; baseline -0.001 -14"><span class='ocrx_word' id='word_1_266' title='bbox 1905 1390 2132 1448; x_wconf 66' lang='lat' dir='ltr'><strong>modica:</strong></span> <span class='ocrx_word' id='word_1_267' title='bbox 2157 1389 2587 1460; x_wconf 67' lang='lat' dir='ltr'><strong>exspectationis</strong></span> <span class='ocrx_word' id='word_1_268' title='bbox 2611 1391 2924 1446; x_wconf 79' lang='lat' dir='ltr'><strong>Sollicitudo</strong></span> <span class='ocrx_word' id='word_1_269' title='bbox 2946 1390 3280 1456; x_wconf 84' lang='lat' dir='ltr'><strong>turbaverit,</strong></span> <span class='ocrx_word' id='word_1_270' title='bbox 3303 1389 3399 1444; x_wconf 83' lang='lat' dir='ltr'><strong>irae</strong></span> <span class='ocrx_word' id='word_1_271' title='bbox 3422 1399 3498 1444; x_wconf 84' lang='lat' dir='ltr'><strong>at-</strong></span> 
     </span>
    </p>
   </div>
   <div class='ocr_carea' id='block_1_45' title="bbox 1905 1483 3494 1555">
    <p class='ocr_par' dir='ltr' id='par_1_45' title="bbox 1905 1483 3494 1555">
     <span class='ocr_line' id='line_1_45' title="bbox 1905 1483 3494 1555; baseline -0.001 -16"><span class='ocrx_word' id='word_1_272' title='bbox 1905 1500 2012 1555; x_wconf 91' lang='lat' dir='ltr'><strong>que</strong></span> <span class='ocrx_word' id='word_1_273' title='bbox 2040 1483 2271 1539; x_wconf 59' lang='lat' dir='ltr'><strong>tristitiae</strong></span> <span class='ocrx_word' id='word_1_274' title='bbox 2314 1483 2604 1538; x_wconf 88' lang='lat' dir='ltr'><strong>manifeste</strong></span> <span class='ocrx_word' id='word_1_275' title='bbox 2637 1485 2689 1539; x_wconf 91' lang='lat' dir='ltr'><strong>in</strong></span> <span class='ocrx_word' id='word_1_276' title='bbox 2737 1484 2894 1538; x_wconf 88' lang='lat' dir='ltr'><strong>nobis</strong></span> <span class='ocrx_word' id='word_1_277' title='bbox 2923 1486 3049 1539; x_wconf 81' lang='lat' dir='ltr'><strong>vitia</strong></span> <span class='ocrx_word' id='word_1_278' title='bbox 3089 1484 3331 1542; x_wconf 81' lang='lat' dir='ltr'><strong>residere</strong></span> <span class='ocrx_word' id='word_1_279' title='bbox 3359 1499 3494 1539; x_wconf 81' lang='lat' dir='ltr'><strong>con-</strong></span> 
     </span>
    </p>
   </div>
   <div class='ocr_carea' id='block_1_46' title="bbox 1906 1575 3497 1645">
    <p class='ocr_par' dir='ltr' id='par_1_46' title="bbox 1906 1575 3497 1645">
     <span class='ocr_line' id='line_1_46' title="bbox 1906 1575 3497 1645; baseline 0 -14"><span class='ocrx_word' id='word_1_280' title='bbox 1906 1575 2148 1632; x_wconf 77' lang='lat' dir='ltr'><strong>scientia:</strong></span> <span class='ocrx_word' id='word_1_281' title='bbox 2179 1583 2382 1630; x_wconf 67' lang='lat' dir='ltr'><strong>nostrae</strong></span> <span class='ocrx_word' id='word_1_282' title='bbox 2414 1575 2663 1645; x_wconf 88' lang='lat' dir='ltr'><strong>probavit</strong></span> <span class='ocrx_word' id='word_1_283' title='bbox 2697 1591 2946 1632; x_wconf 78' lang='lat' dir='ltr'><strong>examen.</strong></span> <span class='ocrx_word' id='word_1_284' title='bbox 2979 1576 3112 1630; x_wconf 87' lang='lat' dir='ltr'><strong>ltem</strong></span> <span class='ocrx_word' id='word_1_285' title='bbox 3145 1578 3186 1630; x_wconf 92' lang='lat' dir='ltr'><strong>si</strong></span> <span class='ocrx_word' id='word_1_286' title='bbox 3213 1577 3380 1632; x_wconf 88' lang='lat' dir='ltr'><strong>fratre</strong></span> <span class='ocrx_word' id='word_1_287' title='bbox 3409 1577 3497 1631; x_wconf 87' lang='lat' dir='ltr'><strong>vel</strong></span> 
     </span>
    </p>
   </div>
   <div class='ocr_carea' id='block_1_47' title="bbox 1907 1669 3498 1740">
    <p class='ocr_par' dir='ltr' id='par_1_47' title="bbox 1907 1669 3498 1740">
     <span class='ocr_line' id='line_1_47' title="bbox 1907 1669 3498 1740; baseline -0.001 -15"><span class='ocrx_word' id='word_1_288' title='bbox 1907 1669 2148 1725; x_wconf 90' lang='lat' dir='ltr'><strong>codicem</strong></span> <span class='ocrx_word' id='word_1_289' title='bbox 2180 1669 2247 1724; x_wconf 85' lang='lat' dir='ltr'><strong>ad</strong></span> <span class='ocrx_word' id='word_1_290' title='bbox 2279 1669 2568 1740; x_wconf 86' lang='lat' dir='ltr'><strong>legendum</strong></span> <span class='ocrx_word' id='word_1_291' title='bbox 2602 1670 2686 1726; x_wconf 86' lang='lat' dir='ltr'><strong>vel</strong></span> <span class='ocrx_word' id='word_1_292' title='bbox 2715 1670 3011 1739; x_wconf 86' lang='lat' dir='ltr'><strong>quamlibet</strong></span> <span class='ocrx_word' id='word_1_293' title='bbox 3037 1669 3200 1723; x_wconf 89' lang='lat' dir='ltr'><strong>aliam</strong></span> <span class='ocrx_word' id='word_1_294' title='bbox 3238 1670 3305 1724; x_wconf 91' lang='lat' dir='ltr'><strong>ad</strong></span> <span class='ocrx_word' id='word_1_295' title='bbox 3342 1679 3498 1724; x_wconf 81' lang='lat' dir='ltr'><strong>uten-</strong></span> 
     </span>
    </p>
   </div>
   <div class='ocr_carea' id='block_1_48' title="bbox 1907 1764 3499 1836">
    <p class='ocr_par' dir='ltr' id='par_1_48' title="bbox 1907 1764 3499 1836">
     <span class='ocr_line' id='line_1_48' title="bbox 1907 1764 3499 1836; baseline 0 -16"><span class='ocrx_word' id='word_1_296' title='bbox 1907 1764 2033 1820; x_wconf 89' lang='lat' dir='ltr'><strong>dum</strong></span> <span class='ocrx_word' id='word_1_297' title='bbox 2065 1764 2301 1836; x_wconf 78' lang='lat' dir='ltr'><strong>Speciem</strong></span> <span class='ocrx_word' id='word_1_298' title='bbox 2329 1766 2659 1836; x_wconf 89' lang='lat' dir='ltr'><strong>postulante,</strong></span> <span class='ocrx_word' id='word_1_299' title='bbox 2704 1774 2798 1820; x_wconf 90' lang='lat' dir='ltr'><strong>aut</strong></span> <span class='ocrx_word' id='word_1_300' title='bbox 2821 1781 2923 1820; x_wconf 89' lang='lat' dir='ltr'><strong>nos</strong></span> <span class='ocrx_word' id='word_1_301' title='bbox 2966 1765 3110 1819; x_wconf 89' lang='lat' dir='ltr'><strong>illius</strong></span> <span class='ocrx_word' id='word_1_302' title='bbox 3137 1765 3329 1834; x_wconf 90' lang='lat' dir='ltr'><strong>petitio</strong></span> <span class='ocrx_word' id='word_1_303' title='bbox 3377 1779 3499 1822; x_wconf 89' lang='lat' dir='ltr'><strong>con-</strong></span> 
     </span>
    </p>
   </div>
   <div class='ocr_carea' id='block_1_49' title="bbox 1830 1857 3498 1929">
    <p class='ocr_par' dir='ltr' id='par_1_49' title="bbox 1830 1857 3498 1929">
     <span class='ocr_line' id='line_1_49' title="bbox 1830 1857 3498 1929; baseline -0.001 -16"><span class='ocrx_word' id='word_1_304' title='bbox 1830 1859 1881 1924; x_wconf 87' lang='lat' dir='ltr'><strong>B</strong></span> <span class='ocrx_word' id='word_1_305' title='bbox 1909 1859 2224 1926; x_wconf 85' lang='lat' dir='ltr'><strong>tristaverit,</strong></span> <span class='ocrx_word' id='word_1_306' title='bbox 2243 1870 2336 1914; x_wconf 90' lang='lat' dir='ltr'><strong>aut</strong></span> <span class='ocrx_word' id='word_1_307' title='bbox 2359 1859 2507 1914; x_wconf 90' lang='lat' dir='ltr'><strong>illum</strong></span> <span class='ocrx_word' id='word_1_308' title='bbox 2529 1859 2745 1929; x_wconf 86' lang='lat' dir='ltr'><strong>negatio</strong></span> <span class='ocrx_word' id='word_1_309' title='bbox 2766 1866 2946 1916; x_wconf 86' lang='lat' dir='ltr'><strong>nostra</strong></span> <span class='ocrx_word' id='word_1_310' title='bbox 2969 1859 3251 1924; x_wconf 84' lang='lat' dir='ltr'><strong>repulerit,</strong></span> <span class='ocrx_word' id='word_1_311' title='bbox 3275 1857 3498 1912; x_wconf 80' lang='lat' dir='ltr'><strong>dubiant</strong></span> 
     </span>
    </p>
   </div>
   <div class='ocr_carea' id='block_1_50' title="bbox 1906 1953 3500 2025">
    <p class='ocr_par' dir='ltr' id='par_1_50' title="bbox 1906 1953 3500 2025">
     <span class='ocr_line' id='line_1_50' title="bbox 1906 1953 3500 2025; baseline -0.001 -15"><span class='ocrx_word' id='word_1_312' title='bbox 1906 1970 2015 2010; x_wconf 89' lang='lat' dir='ltr'><strong>non</strong></span> <span class='ocrx_word' id='word_1_313' title='bbox 2040 1965 2122 2010; x_wconf 84' lang='lat' dir='ltr'><strong>est</strong></span> <span class='ocrx_word' id='word_1_314' title='bbox 2158 1970 2260 2011; x_wconf 90' lang='lat' dir='ltr'><strong>nos</strong></span> <span class='ocrx_word' id='word_1_315' title='bbox 2282 1954 2464 2009; x_wconf 90' lang='lat' dir='ltr'><strong>adhuc</strong></span> <span class='ocrx_word' id='word_1_316' title='bbox 2495 1953 2736 2010; x_wconf 81' lang='lat' dir='ltr'><strong>avaritia:</strong></span> <span class='ocrx_word' id='word_1_317' title='bbox 2782 1968 2878 2020; x_wconf 81' lang='lat' dir='ltr'><strong>seu</strong></span> <span class='ocrx_word' id='word_1_318' title='bbox 2910 1954 3260 2025; x_wconf 74' lang='lat' dir='ltr'><strong>philargyrite</strong></span> <span class='ocrx_word' id='word_1_319' title='bbox 3291 1954 3500 2024; x_wconf 86' lang='lat' dir='ltr'><strong>laqueis</strong></span> 
     </span>
    </p>
   </div>
   <div class='ocr_carea' id='block_1_51' title="bbox 1907 2045 3500 2118">
    <p class='ocr_par' dir='ltr' id='par_1_51' title="bbox 1907 2045 3500 2118">
     <span class='ocr_line' id='line_1_51' title="bbox 1907 2045 3500 2118; baseline -0.003 -14"><span class='ocrx_word' id='word_1_320' title='bbox 1907 2047 2229 2118; x_wconf 89' lang='lat' dir='ltr'><strong>compediri.</strong></span> <span class='ocrx_word' id='word_1_321' title='bbox 2265 2047 2424 2116; x_wconf 86' lang='lat' dir='ltr'><strong>Quod</strong></span> <span class='ocrx_word' id='word_1_322' title='bbox 2447 2047 2493 2102; x_wconf 90' lang='lat' dir='ltr'><strong>si</strong></span> <span class='ocrx_word' id='word_1_323' title='bbox 2523 2046 2960 2104; x_wconf 86' lang='lat' dir='ltr'><strong>recordationem</strong></span> <span class='ocrx_word' id='word_1_324' title='bbox 2984 2045 3199 2102; x_wconf 71' lang='lat' dir='ltr'><strong>feminae</strong></span> <span class='ocrx_word' id='word_1_325' title='bbox 3221 2046 3378 2102; x_wconf 89' lang='lat' dir='ltr'><strong>nobis</strong></span> <span class='ocrx_word' id='word_1_326' title='bbox 3415 2045 3500 2102; x_wconf 88' lang='lat' dir='ltr'><strong>vel</strong></span> 
     </span>
    </p>
   </div>
   <div class='ocr_carea' id='block_1_52' title="bbox 1907 2139 3498 2215">
    <p class='ocr_par' dir='ltr' id='par_1_52' title="bbox 1907 2139 3498 2215">
     <span class='ocr_line' id='line_1_52' title="bbox 1907 2139 3498 2215; baseline -0.003 -16"><span class='ocrx_word' id='word_1_327' title='bbox 1907 2143 2164 2215; x_wconf 79' lang='lat' dir='ltr'><strong>cogitatio</strong></span> <span class='ocrx_word' id='word_1_328' title='bbox 2201 2141 2384 2197; x_wconf 89' lang='lat' dir='ltr'><strong>subita</strong></span> <span class='ocrx_word' id='word_1_329' title='bbox 2415 2141 2502 2200; x_wconf 85' lang='lat' dir='ltr'><strong>vel</strong></span> <span class='ocrx_word' id='word_1_330' title='bbox 2537 2147 2707 2196; x_wconf 67' lang='lat' dir='ltr'><strong>sacrm</strong></span> <span class='ocrx_word' id='word_1_331' title='bbox 2740 2141 2917 2196; x_wconf 81' lang='lat' dir='ltr'><strong>series</strong></span> <span class='ocrx_word' id='word_1_332' title='bbox 2943 2141 3194 2196; x_wconf 86' lang='lat' dir='ltr'><strong>lectionis</strong></span> <span class='ocrx_word' id='word_1_333' title='bbox 3232 2139 3498 2205; x_wconf 86' lang='lat' dir='ltr'><strong>attulerit,</strong></span> 
     </span>
    </p>
   </div>
   <div class='ocr_carea' id='block_1_53' title="bbox 1907 2232 3498 2305">
    <p class='ocr_par' dir='ltr' id='par_1_53' title="bbox 1907 2232 3498 2305">
     <span class='ocr_line' id='line_1_53' title="bbox 1907 2232 3498 2305; baseline -0.004 -13"><span class='ocrx_word' id='word_1_334' title='bbox 1907 2247 1962 2293; x_wconf 91' lang='lat' dir='ltr'><strong>et</strong></span> <span class='ocrx_word' id='word_1_335' title='bbox 1986 2236 2042 2291; x_wconf 91' lang='lat' dir='ltr'><strong>in</strong></span> <span class='ocrx_word' id='word_1_336' title='bbox 2065 2252 2128 2291; x_wconf 88' lang='lat' dir='ltr'><strong>ea</strong></span> <span class='ocrx_word' id='word_1_337' title='bbox 2152 2235 2382 2305; x_wconf 88' lang='lat' dir='ltr'><strong>quadam</strong></span> <span class='ocrx_word' id='word_1_338' title='bbox 2409 2249 2509 2290; x_wconf 90' lang='lat' dir='ltr'><strong>nos</strong></span> <span class='ocrx_word' id='word_1_339' title='bbox 2535 2234 2869 2289; x_wconf 82' lang='lat' dir='ltr'><strong>senserimus</strong></span> <span class='ocrx_word' id='word_1_340' title='bbox 2895 2232 3211 2288; x_wconf 87' lang='lat' dir='ltr'><strong>titillatione</strong></span> <span class='ocrx_word' id='word_1_341' title='bbox 3233 2233 3498 2301; x_wconf 86' lang='lat' dir='ltr'><strong>pulsatos,</strong></span> 
     </span>
    </p>
   </div>
   <div class='ocr_carea' id='block_1_54' title="bbox 1907 2321 3498 2384">
    <p class='ocr_par' dir='ltr' id='par_1_54' title="bbox 1907 2321 3498 2384">
     <span class='ocr_line' id='line_1_54' title="bbox 1907 2321 3498 2384; baseline -0.004 0"><span class='ocrx_word' id='word_1_342' title='bbox 1907 2330 2142 2384; x_wconf 89' lang='lat' dir='ltr'><strong>sciamus</strong></span> <span class='ocrx_word' id='word_1_343' title='bbox 2169 2328 2400 2382; x_wconf 91' lang='lat' dir='ltr'><strong>necdum</strong></span> <span class='ocrx_word' id='word_1_344' title='bbox 2425 2326 2757 2384; x_wconf 84' lang='lat' dir='ltr'><strong>exstinctum</strong></span> <span class='ocrx_word' id='word_1_345' title='bbox 2792 2325 2844 2382; x_wconf 89' lang='lat' dir='ltr'><strong>in</strong></span> <span class='ocrx_word' id='word_1_346' title='bbox 2877 2323 3136 2382; x_wconf 86' lang='lat' dir='ltr'><strong>membris</strong></span> <span class='ocrx_word' id='word_1_347' title='bbox 3165 2325 3361 2378; x_wconf 86' lang='lat' dir='ltr'><strong>nostris</strong></span> <span class='ocrx_word' id='word_1_348' title='bbox 3382 2321 3498 2378; x_wconf 86' lang='lat' dir='ltr'><strong>for-</strong></span> 
     </span>
    </p>
   </div>
   <div class='ocr_carea' id='block_1_55' title="bbox 1908 2415 3501 2485">
    <p class='ocr_par' dir='ltr' id='par_1_55' title="bbox 1908 2415 3501 2485">
     <span class='ocr_line' id='line_1_55' title="bbox 1908 2415 3501 2485; baseline -0.004 -10"><span class='ocrx_word' id='word_1_349' title='bbox 1908 2420 2192 2475; x_wconf 86' lang='lat' dir='ltr'><strong>nicationis</strong></span> <span class='ocrx_word' id='word_1_350' title='bbox 2217 2418 2489 2473; x_wconf 87' lang='lat' dir='ltr'><strong>ardorem.</strong></span> <span class='ocrx_word' id='word_1_351' title='bbox 2506 2415 2560 2472; x_wconf 92' lang='lat' dir='ltr'><strong>Si</strong></span> <span class='ocrx_word' id='word_1_352' title='bbox 2587 2431 2716 2472; x_wconf 88' lang='lat' dir='ltr'><strong>vero</strong></span> <span class='ocrx_word' id='word_1_353' title='bbox 2746 2416 2814 2470; x_wconf 90' lang='lat' dir='ltr'><strong>de</strong></span> <span class='ocrx_word' id='word_1_354' title='bbox 2837 2415 3238 2485; x_wconf 86' lang='lat' dir='ltr'><strong>comparatione</strong></span> <span class='ocrx_word' id='word_1_355' title='bbox 3260 2415 3501 2470; x_wconf 77' lang='lat' dir='ltr'><strong>strictio—</strong></span> 
     </span>
    </p>
   </div>
   <div class='ocr_carea' id='block_1_56' title="bbox 1901 2508 3501 2569">
    <p class='ocr_par' dir='ltr' id='par_1_56' title="bbox 1901 2508 3501 2569">
     <span class='ocr_line' id='line_1_56' title="bbox 1901 2508 3501 2569; baseline -0.005 0"><span class='ocrx_word' id='word_1_356' title='bbox 1901 2514 1994 2569; x_wconf 67' lang='lat' dir='ltr'><strong>‘nis</strong></span> <span class='ocrx_word' id='word_1_357' title='bbox 2017 2521 2214 2567; x_wconf 66' lang='lat' dir='ltr'><strong>nostra)</strong></span> <span class='ocrx_word' id='word_1_358' title='bbox 2238 2520 2294 2566; x_wconf 89' lang='lat' dir='ltr'><strong>et</strong></span> <span class='ocrx_word' id='word_1_359' title='bbox 2319 2509 2656 2565; x_wconf 86' lang='lat' dir='ltr'><strong>remissionis</strong></span> <span class='ocrx_word' id='word_1_360' title='bbox 2678 2509 2870 2563; x_wconf 65' lang='lat' dir='ltr'><strong>alienae</strong></span> <span class='ocrx_word' id='word_1_361' title='bbox 2893 2509 2980 2563; x_wconf 86' lang='lat' dir='ltr'><strong>vel</strong></span> <span class='ocrx_word' id='word_1_362' title='bbox 3008 2508 3321 2563; x_wconf 82' lang='lat' dir='ltr'><strong>tenuissima</strong></span> <span class='ocrx_word' id='word_1_363' title='bbox 3354 2523 3501 2562; x_wconf 90' lang='lat' dir='ltr'><strong>men-</strong></span> 
     </span>
    </p>
   </div>
   <div class='ocr_carea' id='block_1_57' title="bbox 1910 2600 3502 2666">
    <p class='ocr_par' dir='ltr' id='par_1_57' title="bbox 1910 2600 3502 2666">
     <span class='ocr_line' id='line_1_57' title="bbox 1910 2600 3502 2666; baseline -0.003 -7"><span class='ocrx_word' id='word_1_364' title='bbox 1910 2612 2017 2659; x_wconf 88' lang='lat' dir='ltr'><strong>tem</strong></span> <span class='ocrx_word' id='word_1_365' title='bbox 2073 2613 2310 2660; x_wconf 87' lang='lat' dir='ltr'><strong>nostram</strong></span> <span class='ocrx_word' id='word_1_366' title='bbox 2364 2602 2580 2656; x_wconf 90' lang='lat' dir='ltr'><strong>tentarit</strong></span> <span class='ocrx_word' id='word_1_367' title='bbox 2626 2601 2814 2666; x_wconf 90' lang='lat' dir='ltr'><strong>elatio,</strong></span> <span class='ocrx_word' id='word_1_368' title='bbox 2864 2611 3072 2654; x_wconf 79' lang='lat' dir='ltr'><strong>certum</strong></span> <span class='ocrx_word' id='word_1_369' title='bbox 3123 2609 3209 2654; x_wconf 88' lang='lat' dir='ltr'><strong>est</strong></span> <span class='ocrx_word' id='word_1_370' title='bbox 3243 2600 3362 2654; x_wconf 89' lang='lat' dir='ltr'><strong>dira</strong></span> <span class='ocrx_word' id='word_1_371' title='bbox 3401 2614 3502 2661; x_wconf 86' lang='lat' dir='ltr'><strong>nos</strong></span> 
     </span>
    </p>
   </div>
   <div class='ocr_carea' id='block_1_58' title="bbox 1909 2689 3502 2766">
    <p class='ocr_par' dir='ltr' id='par_1_58' title="bbox 1909 2689 3502 2766">
     <span class='ocr_line' id='line_1_58' title="bbox 1909 2689 3502 2766; baseline -0.001 -15"><span class='ocrx_word' id='word_1_372' title='bbox 1909 2696 2178 2766; x_wconf 54' lang='lat' dir='ltr'><strong>superbire</strong></span> <span class='ocrx_word' id='word_1_373' title='bbox 2225 2702 2377 2764; x_wconf 90' lang='lat' dir='ltr'><strong>peste</strong></span> <span class='ocrx_word' id='word_1_374' title='bbox 2406 2700 2712 2760; x_wconf 89' lang='lat' dir='ltr'><strong>corruptos.</strong></span> <span class='ocrx_word' id='word_1_375' title='bbox 2747 2689 2881 2746; x_wconf 90' lang='lat' dir='ltr'><strong>Cum</strong></span> <span class='ocrx_word' id='word_1_376' title='bbox 2929 2693 3046 2748; x_wconf 84' lang='lat' dir='ltr'><strong>haec</strong></span> <span class='ocrx_word' id='word_1_377' title='bbox 3077 2707 3205 2762; x_wconf 87' lang='lat' dir='ltr'><strong>ergo</strong></span> <span class='ocrx_word' id='word_1_378' title='bbox 3255 2694 3305 2746; x_wconf 91' lang='lat' dir='ltr'><strong>in</strong></span> <span class='ocrx_word' id='word_1_379' title='bbox 3335 2691 3502 2749; x_wconf 83' lang='lat' dir='ltr'><strong>corde</strong></span> 
     </span>
    </p>
   </div>
   <div class='ocr_carea' id='block_1_59' title="bbox 1909 2783 3502 2855">
    <p class='ocr_par' dir='ltr' id='par_1_59' title="bbox 1909 2783 3502 2855">
     <span class='ocr_line' id='line_1_59' title="bbox 1909 2783 3502 2855; baseline -0.002 -14"><span class='ocrx_word' id='word_1_380' title='bbox 1909 2800 2096 2842; x_wconf 87' lang='lat' dir='ltr'><strong>nostro</strong></span> <span class='ocrx_word' id='word_1_381' title='bbox 2124 2784 2646 2855; x_wconf 84' lang='lat' dir='ltr'><strong>deprehenderimus</strong></span> <span class='ocrx_word' id='word_1_382' title='bbox 2674 2783 2926 2837; x_wconf 88' lang='lat' dir='ltr'><strong>vitiorum</strong></span> <span class='ocrx_word' id='word_1_383' title='bbox 2966 2783 3186 2850; x_wconf 78' lang='lat' dir='ltr'><strong>indicia,</strong></span> <span class='ocrx_word' id='word_1_384' title='bbox 3217 2783 3502 2843; x_wconf 83' lang='lat' dir='ltr'><strong>manifeste</strong></span> 
     </span>
    </p>
   </div>
   <div class='ocr_carea' id='block_1_60' title="bbox 1908 2874 3501 2950">
    <p class='ocr_par' dir='ltr' id='par_1_60' title="bbox 1908 2874 3501 2950">
     <span class='ocr_line' id='line_1_60' title="bbox 1908 2874 3501 2950; baseline -0.001 -16"><span class='ocrx_word' id='word_1_385' title='bbox 1908 2893 2300 2950; x_wconf 86' lang='lat' dir='ltr'><strong>cognoscamus</strong></span> <span class='ocrx_word' id='word_1_386' title='bbox 2320 2877 2480 2933; x_wconf 86' lang='lat' dir='ltr'><strong>nobis</strong></span> <span class='ocrx_word' id='word_1_387' title='bbox 2499 2891 2604 2931; x_wconf 91' lang='lat' dir='ltr'><strong>non</strong></span> <span class='ocrx_word' id='word_1_388' title='bbox 2624 2874 2900 2944; x_wconf 79' lang='lat' dir='ltr'><strong>affectum,</strong></span> <span class='ocrx_word' id='word_1_389' title='bbox 2919 2875 3010 2930; x_wconf 91' lang='lat' dir='ltr'><strong>sed</strong></span> <span class='ocrx_word' id='word_1_390' title='bbox 3029 2876 3282 2932; x_wconf 74' lang='lat' dir='ltr'><strong>effectum</strong></span> <span class='ocrx_word' id='word_1_391' title='bbox 3309 2876 3501 2932; x_wconf 88' lang='lat' dir='ltr'><strong>deesse</strong></span> 
     </span>
    </p>
   </div>
   <div class='ocr_carea' id='block_1_61' title="bbox 1909 2969 3494 3045">
    <p class='ocr_par' dir='ltr' id='par_1_61' title="bbox 1909 2969 3494 3045">
     <span class='ocr_line' id='line_1_61' title="bbox 1909 2969 3494 3045; baseline -0.005 -13"><span class='ocrx_word' id='word_1_392' title='bbox 1909 2975 2134 3045; x_wconf 85' lang='lat' dir='ltr'><strong>peccati.</strong></span> <span class='ocrx_word' id='word_1_393' title='bbox 2183 2972 2315 3042; x_wconf 66' lang='lat' dir='ltr'><strong>Quae</strong></span> <span class='ocrx_word' id='word_1_394' title='bbox 2345 2971 2530 3040; x_wconf 78' lang='lat' dir='ltr'><strong>utique</strong></span> <span class='ocrx_word' id='word_1_395' title='bbox 2578 2971 2880 3039; x_wconf 86' lang='lat' dir='ltr'><strong>passiones,</strong></span> <span class='ocrx_word' id='word_1_396' title='bbox 2931 2970 2978 3022; x_wconf 88' lang='lat' dir='ltr'><strong>si</strong></span> <span class='ocrx_word' id='word_1_397' title='bbox 3027 2984 3128 3023; x_wconf 88' lang='lat' dir='ltr'><strong>nos</strong></span> <span class='ocrx_word' id='word_1_398' title='bbox 3167 2969 3494 3040; x_wconf 81' lang='lat' dir='ltr'><strong>quandoque</strong></span> 
     </span>
    </p>
   </div>
   <div class='ocr_carea' id='block_1_62' title="bbox 1908 3064 3499 3133">
    <p class='ocr_par' dir='ltr' id='par_1_62' title="bbox 1908 3064 3499 3133">
     <span class='ocr_line' id='line_1_62' title="bbox 1908 3064 3499 3133; baseline -0.005 -7"><span class='ocrx_word' id='word_1_399' title='bbox 1908 3067 2307 3126; x_wconf 86' lang='lat' dir='ltr'><strong>conversationi</strong></span> <span class='ocrx_word' id='word_1_400' title='bbox 2336 3066 2720 3122; x_wconf 88' lang='lat' dir='ltr'><strong>miscuerimus</strong></span> <span class='ocrx_word' id='word_1_401' title='bbox 2749 3064 3019 3131; x_wconf 76' lang='lat' dir='ltr'><strong>humanae,</strong></span> <span class='ocrx_word' id='word_1_402' title='bbox 3050 3065 3292 3133; x_wconf 76' lang='lat' dir='ltr'><strong>protinus</strong></span> <span class='ocrx_word' id='word_1_403' title='bbox 3320 3064 3387 3126; x_wconf 88' lang='lat' dir='ltr'><strong>de</strong></span> <span class='ocrx_word' id='word_1_404' title='bbox 3407 3077 3499 3118; x_wconf 88' lang='lat' dir='ltr'><strong>ca-</strong></span> 
     </span>
    </p>
   </div>
   <div class='ocr_carea' id='block_1_63' title="bbox 1907 3156 3502 3228">
    <p class='ocr_par' dir='ltr' id='par_1_63' title="bbox 1907 3156 3502 3228">
     <span class='ocr_line' id='line_1_63' title="bbox 1907 3156 3502 3228; baseline -0.005 -8"><span class='ocrx_word' id='word_1_405' title='bbox 1907 3163 2091 3221; x_wconf 89' lang='lat' dir='ltr'><strong>vernis</strong></span> <span class='ocrx_word' id='word_1_406' title='bbox 2119 3168 2427 3218; x_wconf 89' lang='lat' dir='ltr'><strong>nostrorum</strong></span> <span class='ocrx_word' id='word_1_407' title='bbox 2473 3173 2728 3215; x_wconf 89' lang='lat' dir='ltr'><strong>sensuum</strong></span> <span class='ocrx_word' id='word_1_408' title='bbox 2765 3156 3146 3228; x_wconf 86' lang='lat' dir='ltr'><strong>procedentes,</strong></span> <span class='ocrx_word' id='word_1_409' title='bbox 3181 3157 3412 3224; x_wconf 83' lang='lat' dir='ltr'><strong>probant</strong></span> <span class='ocrx_word' id='word_1_410' title='bbox 3440 3170 3502 3212; x_wconf 86' lang='lat' dir='ltr'><strong>se</strong></span> 
     </span>
    </p>
   </div>
   <div class='ocr_carea' id='block_1_64' title="bbox 219 3247 3505 3338">
    <p class='ocr_par' dir='ltr' id='par_1_64' title="bbox 219 3247 3505 3338">
     <span class='ocr_line' id='line_1_64' title="bbox 219 3247 3505 3338; baseline -0.005 -16"><span class='ocrx_word' id='word_1_411' title='bbox 219 3265 416 3324; x_wconf 88' lang='lat' dir='ltr'><strong>deesse</strong></span> <span class='ocrx_word' id='word_1_412' title='bbox 444 3267 670 3322; x_wconf 88' lang='lat' dir='ltr'><strong>virtutes</strong></span> <span class='ocrx_word' id='word_1_413' title='bbox 688 3267 1028 3338; x_wconf 85' lang='lat' dir='ltr'><strong>exploratrix</strong></span> <span class='ocrx_word' id='word_1_414' title='bbox 1049 3268 1383 3324; x_wconf 82' lang='lat' dir='ltr'><strong>internnrum</strong></span> <span class='ocrx_word' id='word_1_415' title='bbox 1410 3277 1650 3322; x_wconf 90' lang='lat' dir='ltr'><strong>motuum</strong></span> <span class='ocrx_word' id='word_1_416' title='bbox 1671 3281 1806 3322; x_wconf 90' lang='lat' dir='ltr'><strong>eon-</strong></span> <span class='ocrx_word' id='word_1_417' title='bbox 1835 3247 1881 3312; x_wconf 80' lang='lat' dir='ltr'>C</span> <span class='ocrx_word' id='word_1_418' title='bbox 1913 3273 2021 3314; x_wconf 83' lang='lat' dir='ltr'><strong>non</strong></span> <span class='ocrx_word' id='word_1_419' title='bbox 2055 3267 2181 3313; x_wconf 82' lang='lat' dir='ltr'><strong>tunc</strong></span> <span class='ocrx_word' id='word_1_420' title='bbox 2211 3255 2448 3328; x_wconf 87' lang='lat' dir='ltr'><strong>primum</strong></span> <span class='ocrx_word' id='word_1_421' title='bbox 2481 3269 2602 3310; x_wconf 92' lang='lat' dir='ltr'><strong>cum</strong></span> <span class='ocrx_word' id='word_1_422' title='bbox 2626 3253 2905 3322; x_wconf 89' lang='lat' dir='ltr'><strong>eruperint</strong></span> <span class='ocrx_word' id='word_1_423' title='bbox 2933 3252 3102 3317; x_wconf 91' lang='lat' dir='ltr'><strong>nasci,</strong></span> <span class='ocrx_word' id='word_1_424' title='bbox 3123 3251 3216 3306; x_wconf 88' lang='lat' dir='ltr'><strong>sed</strong></span> <span class='ocrx_word' id='word_1_425' title='bbox 3249 3259 3375 3306; x_wconf 88' lang='lat' dir='ltr'><strong>tunc</strong></span> <span class='ocrx_word' id='word_1_426' title='bbox 3407 3249 3505 3306; x_wconf 90' lang='lat' dir='ltr'><strong>de-</strong></span> 
     </span>
    </p>
   </div>
   <div class='ocr_carea' id='block_1_65' title="bbox 219 3359 1806 3432">
    <p class='ocr_par' dir='ltr' id='par_1_65' title="bbox 219 3359 1806 3432">
     <span class='ocr_line' id='line_1_65' title="bbox 219 3359 1806 3432; baseline -0.001 -16"><span class='ocrx_word' id='word_1_427' title='bbox 219 3359 449 3416; x_wconf 86' lang='lat' dir='ltr'><strong>scientia</strong></span> <span class='ocrx_word' id='word_1_428' title='bbox 471 3361 866 3431; x_wconf 83' lang='lat' dir='ltr'><strong>deprehendet,</strong></span> <span class='ocrx_word' id='word_1_429' title='bbox 891 3376 960 3416; x_wconf 92' lang='lat' dir='ltr'><strong>ne</strong></span> <span class='ocrx_word' id='word_1_430' title='bbox 977 3359 1118 3416; x_wconf 84' lang='lat' dir='ltr'><strong>forte</strong></span> <span class='ocrx_word' id='word_1_431' title='bbox 1138 3361 1264 3432; x_wconf 89' lang='lat' dir='ltr'><strong>quia</strong></span> <span class='ocrx_word' id='word_1_432' title='bbox 1289 3359 1356 3416; x_wconf 87' lang='lat' dir='ltr'><strong>ab</strong></span> <span class='ocrx_word' id='word_1_433' title='bbox 1375 3361 1653 3416; x_wconf 84' lang='lat' dir='ltr'><strong>hominum</strong></span> <span class='ocrx_word' id='word_1_434' title='bbox 1677 3375 1806 3416; x_wconf 60' lang='lat' dir='ltr'><strong>cono</strong></span> 
     </span>
    </p>
   </div>
   <div class='ocr_carea' id='block_1_66' title="bbox 222 3453 1808 3526">
    <p class='ocr_par' dir='ltr' id='par_1_66' title="bbox 222 3453 1808 3526">
     <span class='ocr_line' id='line_1_66' title="bbox 222 3453 1808 3526; baseline -0.001 -17"><span class='ocrx_word' id='word_1_435' title='bbox 222 3453 401 3509; x_wconf 90' lang='lat' dir='ltr'><strong>sortio</strong></span> <span class='ocrx_word' id='word_1_436' title='bbox 429 3455 695 3526; x_wconf 74' lang='lat' dir='ltr'><strong>segregati</strong></span> <span class='ocrx_word' id='word_1_437' title='bbox 727 3453 891 3510; x_wconf 87' lang='lat' dir='ltr'><strong>nullis</strong></span> <span class='ocrx_word' id='word_1_438' title='bbox 918 3454 1228 3512; x_wconf 76' lang='lat' dir='ltr'><strong>earumdem</strong></span> <span class='ocrx_word' id='word_1_439' title='bbox 1259 3454 1656 3512; x_wconf 89' lang='lat' dir='ltr'><strong>irritationibus</strong></span> <span class='ocrx_word' id='word_1_440' title='bbox 1681 3470 1808 3526; x_wconf 88' lang='lat' dir='ltr'><strong>pro-</strong></span> 
     </span>
    </p>
   </div>
   <div class='ocr_carea' id='block_1_67' title="bbox 221 3546 1808 3617">
    <p class='ocr_par' dir='ltr' id='par_1_67' title="bbox 221 3546 1808 3617">
     <span class='ocr_line' id='line_1_67' title="bbox 221 3546 1808 3617; baseline 0.002 -17"><span class='ocrx_word' id='word_1_441' title='bbox 221 3560 504 3611; x_wconf 72' lang='lat' dir='ltr'><strong>vocamur,</strong></span> <span class='ocrx_word' id='word_1_442' title='bbox 542 3546 675 3601; x_wconf 90' lang='lat' dir='ltr'><strong>falsa</strong></span> <span class='ocrx_word' id='word_1_443' title='bbox 705 3546 1065 3606; x_wconf 72' lang='lat' dir='ltr'><strong>mstimatione</strong></span> <span class='ocrx_word' id='word_1_444' title='bbox 1097 3546 1335 3616; x_wconf 85' lang='lat' dir='ltr'><strong>decepti,</strong></span> <span class='ocrx_word' id='word_1_445' title='bbox 1365 3546 1808 3617; x_wconf 85' lang='lat' dir='ltr'><strong>tranquillitatem</strong></span> 
     </span>
    </p>
   </div>
   <div class='ocr_carea' id='block_1_68' title="bbox 223 3637 1572 3710">
    <p class='ocr_par' dir='ltr' id='par_1_68' title="bbox 223 3637 1572 3710">
     <span class='ocr_line' id='line_1_68' title="bbox 223 3637 1572 3710; baseline -0.001 -16"><span class='ocrx_word' id='word_1_446' title='bbox 223 3637 424 3694; x_wconf 79' lang='lat' dir='ltr'><strong>mentis</strong></span> <span class='ocrx_word' id='word_1_447' title='bbox 455 3653 552 3704; x_wconf 87' lang='lat' dir='ltr'><strong>nos</strong></span> <span class='ocrx_word' id='word_1_448' title='bbox 582 3637 912 3696; x_wconf 87' lang='lat' dir='ltr'><strong>immobilem</strong></span> <span class='ocrx_word' id='word_1_449' title='bbox 943 3639 1224 3710; x_wconf 80' lang='lat' dir='ltr'><strong>possidere</strong></span> <span class='ocrx_word' id='word_1_450' title='bbox 1249 3637 1572 3698; x_wconf 81' lang='lat' dir='ltr'><strong>credamus?</strong></span> 
     </span>
    </p>
   </div>
   <div class='ocr_carea' id='block_1_69' title="bbox 809 3724 1203 3808">
    <p class='ocr_par' dir='ltr' id='par_1_69' title="bbox 809 3724 1203 3808">
     <span class='ocr_line' id='line_1_69' title="bbox 809 3724 1203 3808; baseline -0.005 0"><span class='ocrx_word' id='word_1_451' title='bbox 809 3724 1046 3808; x_wconf 68' lang='lat' dir='ltr'><strong>CAPUT</strong></span> <span class='ocrx_word' id='word_1_452' title='bbox 1085 3751 1203 3808; x_wconf 80' lang='lat' dir='ltr'><strong>xu.</strong></span> 
     </span>
    </p>
   </div>
   <div class='ocr_carea' id='block_1_70' title="bbox 226 3846 1814 3919">
    <p class='ocr_par' dir='ltr' id='par_1_70' title="bbox 226 3846 1814 3919">
     <span class='ocr_line' id='line_1_70' title="bbox 226 3846 1814 3919; baseline -0.004 -17"><span class='ocrx_word' id='word_1_453' title='bbox 226 3846 516 3919; x_wconf 64' lang='lat' dir='ltr'><strong>Responsio</strong></span> <span class='ocrx_word' id='word_1_454' title='bbox 565 3848 818 3917; x_wconf 75' lang='lat' dir='ltr'><strong>quomodo</strong></span> <span class='ocrx_word' id='word_1_455' title='bbox 861 3847 1021 3916; x_wconf 71' lang='lat' dir='ltr'><strong>possit</strong></span> <span class='ocrx_word' id='word_1_456' title='bbox 1069 3846 1334 3901; x_wconf 65' lang='lat' dir='ltr'><strong>solitarius</strong></span> <span class='ocrx_word' id='word_1_457' title='bbox 1376 3846 1500 3899; x_wconf 78' lang='lat' dir='ltr'><strong>vitia</strong></span> <span class='ocrx_word' id='word_1_458' title='bbox 1527 3860 1624 3898; x_wconf 72' lang='lat' dir='ltr'><strong>sua</strong></span> <span class='ocrx_word' id='word_1_459' title='bbox 1651 3859 1814 3913; x_wconf 77' lang='lat' dir='ltr'><strong>agno-</strong></span> 
     </span>
    </p>
   </div>
   <div class='ocr_carea' id='block_1_71' title="bbox 936 3933 1096 3973">
    <p class='ocr_par' dir='ltr' id='par_1_71' title="bbox 936 3933 1096 3973">
     <span class='ocr_line' id='line_1_71' title="bbox 936 3933 1096 3973; baseline 0.006 -1"><span class='ocrx_word' id='word_1_460' title='bbox 936 3933 1096 3973; x_wconf 80' lang='lat' dir='ltr'><strong>scere.</strong></span> 
     </span>
    </p>
   </div>
   <div class='ocr_carea' id='block_1_72' title="bbox 301 4005 1811 4080">
    <p class='ocr_par' dir='ltr' id='par_1_72' title="bbox 301 4005 1811 4080">
     <span class='ocr_line' id='line_1_72' title="bbox 301 4005 1811 4080; baseline -0.003 -14"><span class='ocrx_word' id='word_1_461' title='bbox 301 4011 588 4068; x_wconf 87' lang='lat' dir='ltr'><strong>Joannes:</strong></span> <span class='ocrx_word' id='word_1_462' title='bbox 639 4011 695 4067; x_wconf 88' lang='lat' dir='ltr'><strong>In</strong></span> <span class='ocrx_word' id='word_1_463' title='bbox 752 4011 981 4070; x_wconf 74' lang='lat' dir='ltr'><strong>veritate</strong></span> <span class='ocrx_word' id='word_1_464' title='bbox 1036 4009 1404 4080; x_wconf 65' lang='lat' dir='ltr'><strong>quaerentibus</strong></span> <span class='ocrx_word' id='word_1_465' title='bbox 1463 4005 1811 4076; x_wconf 89' lang='lat' dir='ltr'><strong>medicinam,</strong></span> 
     </span>
    </p>
   </div>
   <div class='ocr_carea' id='block_1_73' title="bbox 229 4100 1816 4160">
    <p class='ocr_par' dir='ltr' id='par_1_73' title="bbox 229 4100 1816 4160">
     <span class='ocr_line' id='line_1_73' title="bbox 229 4100 1816 4160; baseline -0.003 0"><span class='ocrx_word' id='word_1_466' title='bbox 229 4104 473 4160; x_wconf 90' lang='lat' dir='ltr'><strong>remedia</strong></span> <span class='ocrx_word' id='word_1_467' title='bbox 523 4104 865 4158; x_wconf 89' lang='lat' dir='ltr'><strong>curationum</strong></span> <span class='ocrx_word' id='word_1_468' title='bbox 917 4103 986 4158; x_wconf 90' lang='lat' dir='ltr'><strong>ab</strong></span> <span class='ocrx_word' id='word_1_469' title='bbox 1036 4103 1129 4157; x_wconf 92' lang='lat' dir='ltr'><strong>illo</strong></span> <span class='ocrx_word' id='word_1_470' title='bbox 1179 4101 1468 4158; x_wconf 87' lang='lat' dir='ltr'><strong>verissimo</strong></span> <span class='ocrx_word' id='word_1_471' title='bbox 1513 4100 1816 4155; x_wconf 87' lang='lat' dir='ltr'><strong>animarum</strong></span> 
     </span>
    </p>
   </div>
   <div class='ocr_carea' id='block_1_74' title="bbox 228 4193 1815 4268">
    <p class='ocr_par' dir='ltr' id='par_1_74' title="bbox 228 4193 1815 4268">
     <span class='ocr_line' id='line_1_74' title="bbox 228 4193 1815 4268; baseline -0.001 -16"><span class='ocrx_word' id='word_1_472' title='bbox 228 4195 470 4262; x_wconf 83' lang='lat' dir='ltr'><strong>medico,</strong></span> <span class='ocrx_word' id='word_1_473' title='bbox 523 4197 719 4252; x_wconf 87' lang='lat' dir='ltr'><strong>deesse</strong></span> <span class='ocrx_word' id='word_1_474' title='bbox 765 4211 871 4252; x_wconf 91' lang='lat' dir='ltr'><strong>non</strong></span> <span class='ocrx_word' id='word_1_475' title='bbox 931 4204 1177 4268; x_wconf 89' lang='lat' dir='ltr'><strong>possunt,</strong></span> <span class='ocrx_word' id='word_1_476' title='bbox 1233 4194 1316 4251; x_wconf 87' lang='lat' dir='ltr'><strong>his</strong></span> <span class='ocrx_word' id='word_1_477' title='bbox 1369 4196 1670 4265; x_wconf 78' lang='lat' dir='ltr'><strong>praesertim</strong></span> <span class='ocrx_word' id='word_1_478' title='bbox 1725 4193 1815 4266; x_wconf 89' lang='lat' dir='ltr'><strong>qui</strong></span> 
     </span>
    </p>
   </div>
   <div class='ocr_carea' id='block_1_75' title="bbox 227 4288 1818 4362">
    <p class='ocr_par' dir='ltr' id='par_1_75' title="bbox 227 4288 1818 4362">
     <span class='ocr_line' id='line_1_75' title="bbox 227 4288 1818 4362; baseline 0.001 -17"><span class='ocrx_word' id='word_1_479' title='bbox 227 4291 258 4330; x_wconf 64' lang='grc' dir='ltr'><strong>ι’</strong></span> <span class='ocrx_word' id='word_1_480' title='bbox 297 4291 630 4350; x_wconf 85' lang='lat' dir='ltr'><strong>valetudines</strong></span> <span class='ocrx_word' id='word_1_481' title='bbox 667 4307 814 4359; x_wconf 87' lang='lat' dir='ltr'><strong>suas,</strong></span> <span class='ocrx_word' id='word_1_482' title='bbox 847 4307 953 4348; x_wconf 92' lang='lat' dir='ltr'><strong>non</strong></span> <span class='ocrx_word' id='word_1_483' title='bbox 994 4291 1330 4362; x_wconf 89' lang='lat' dir='ltr'><strong>desperando</strong></span> <span class='ocrx_word' id='word_1_484' title='bbox 1360 4297 1454 4346; x_wconf 88' lang='lat' dir='ltr'><strong>aut</strong></span> <span class='ocrx_word' id='word_1_485' title='bbox 1495 4288 1818 4362; x_wconf 86' lang='lat' dir='ltr'><strong>negligeudo</strong></span> 
     </span>
    </p>
   </div>
   <div class='ocr_carea' id='block_1_76' title="bbox 231 4381 1818 4454">
    <p class='ocr_par' dir='ltr' id='par_1_76' title="bbox 231 4381 1818 4454">
     <span class='ocr_line' id='line_1_76' title="bbox 231 4381 1818 4454; baseline -0.002 -16"><span class='ocrx_word' id='word_1_486' title='bbox 231 4386 689 4454; x_wconf 83' lang='lat' dir='ltr'><strong>cotttempserint,</strong></span> <span class='ocrx_word' id='word_1_487' title='bbox 719 4400 820 4440; x_wconf 91' lang='lat' dir='ltr'><strong>nec</strong></span> <span class='ocrx_word' id='word_1_488' title='bbox 847 4385 1134 4440; x_wconf 88' lang='lat' dir='ltr'><strong>vulnerum</strong></span> <span class='ocrx_word' id='word_1_489' title='bbox 1165 4398 1382 4440; x_wconf 88' lang='lat' dir='ltr'><strong>suorum</strong></span> <span class='ocrx_word' id='word_1_490' title='bbox 1405 4381 1648 4452; x_wconf 77' lang='lat' dir='ltr'><strong>pericula</strong></span> <span class='ocrx_word' id='word_1_491' title='bbox 1675 4381 1818 4436; x_wconf 89' lang='lat' dir='ltr'><strong>cela-</strong></span> 
     </span>
    </p>
   </div>
   <div class='ocr_carea' id='block_1_77' title="bbox 230 4475 1822 4547">
    <p class='ocr_par' dir='ltr' id='par_1_77' title="bbox 230 4475 1822 4547">
     <span class='ocr_line' id='line_1_77' title="bbox 230 4475 1822 4547; baseline -0.001 -17"><span class='ocrx_word' id='word_1_492' title='bbox 230 4476 438 4542; x_wconf 84' lang='lat' dir='ltr'><strong>verint,</strong></span> <span class='ocrx_word' id='word_1_493' title='bbox 471 4487 562 4532; x_wconf 86' lang='lat' dir='ltr'><strong>aut</strong></span> <span class='ocrx_word' id='word_1_494' title='bbox 592 4476 863 4536; x_wconf 83' lang='lat' dir='ltr'><strong>medelam</strong></span> <span class='ocrx_word' id='word_1_495' title='bbox 896 4475 1227 4547; x_wconf 69' lang='lat' dir='ltr'><strong>pmniteutite</strong></span> <span class='ocrx_word' id='word_1_496' title='bbox 1259 4476 1470 4545; x_wconf 83' lang='lat' dir='ltr'><strong>procaci</strong></span> <span class='ocrx_word' id='word_1_497' title='bbox 1513 4483 1694 4538; x_wconf 84' lang='lat' dir='ltr'><strong>mente</strong></span> <span class='ocrx_word' id='word_1_498' title='bbox 1735 4490 1822 4528; x_wconf 84' lang='lat' dir='ltr'><strong>re-</strong></span> 
     </span>
    </p>
   </div>
   <div class='ocr_carea' id='block_1_78' title="bbox 231 4568 1820 4642">
    <p class='ocr_par' dir='ltr' id='par_1_78' title="bbox 231 4568 1820 4642">
     <span class='ocr_line' id='line_1_78' title="bbox 231 4568 1820 4642; baseline -0.002 -17"><span class='ocrx_word' id='word_1_499' title='bbox 231 4571 506 4640; x_wconf 86' lang='lat' dir='ltr'><strong>spuerint,</strong></span> <span class='ocrx_word' id='word_1_500' title='bbox 533 4571 626 4626; x_wconf 89' lang='lat' dir='ltr'><strong>sed</strong></span> <span class='ocrx_word' id='word_1_501' title='bbox 653 4587 752 4642; x_wconf 91' lang='lat' dir='ltr'><strong>pro</strong></span> <span class='ocrx_word' id='word_1_502' title='bbox 782 4571 1136 4640; x_wconf 81' lang='lat' dir='ltr'><strong>languoribus</strong></span> <span class='ocrx_word' id='word_1_503' title='bbox 1166 4568 1483 4640; x_wconf 69' lang='lat' dir='ltr'><strong>ignorantiae</strong></span> <span class='ocrx_word' id='word_1_504' title='bbox 1517 4569 1598 4624; x_wconf 89' lang='lat' dir='ltr'><strong>vel</strong></span> <span class='ocrx_word' id='word_1_505' title='bbox 1633 4581 1820 4622; x_wconf 88' lang='lat' dir='ltr'><strong>errore</strong></span> 
     </span>
    </p>
   </div>
   <div class='ocr_carea' id='block_1_79' title="bbox 1911 3344 3509 3422">
    <p class='ocr_par' dir='ltr' id='par_1_79' title="bbox 1911 3344 3509 3422">
     <span class='ocr_line' id='line_1_79' title="bbox 1911 3344 3509 3422; baseline -0.005 -14"><span class='ocrx_word' id='word_1_506' title='bbox 1911 3367 2058 3408; x_wconf 90' lang='lat' dir='ltr'><strong>mum</strong></span> <span class='ocrx_word' id='word_1_507' title='bbox 2086 3351 2208 3422; x_wconf 81' lang='lat' dir='ltr'><strong>quia</strong></span> <span class='ocrx_word' id='word_1_508' title='bbox 2236 3350 2327 3405; x_wconf 91' lang='lat' dir='ltr'><strong>diu</strong></span> <span class='ocrx_word' id='word_1_509' title='bbox 2354 3347 2615 3406; x_wconf 89' lang='lat' dir='ltr'><strong>latuerint</strong></span> <span class='ocrx_word' id='word_1_510' title='bbox 2643 3347 2931 3417; x_wconf 83' lang='lat' dir='ltr'><strong>publicari.</strong></span> <span class='ocrx_word' id='word_1_511' title='bbox 2965 3346 3029 3401; x_wconf 84' lang='lat' dir='ltr'><strong>Et</strong></span> <span class='ocrx_word' id='word_1_512' title='bbox 3059 3345 3127 3400; x_wconf 87' lang='lat' dir='ltr'><strong>ita</strong></span> <span class='ocrx_word' id='word_1_513' title='bbox 3155 3344 3509 3414; x_wconf 85' lang='lat' dir='ltr'><strong>uniuscujus-</strong></span> 
     </span>
    </p>
   </div>
   <div class='ocr_carea' id='block_1_80' title="bbox 1911 3437 3508 3517">
    <p class='ocr_par' dir='ltr' id='par_1_80' title="bbox 1911 3437 3508 3517">
     <span class='ocr_line' id='line_1_80' title="bbox 1911 3437 3508 3517; baseline -0.005 -18"><span class='ocrx_word' id='word_1_514' title='bbox 1911 3461 2016 3517; x_wconf 89' lang='lat' dir='ltr'><strong>que</strong></span> <span class='ocrx_word' id='word_1_515' title='bbox 2043 3444 2157 3498; x_wconf 88' lang='lat' dir='ltr'><strong>vitii</strong></span> <span class='ocrx_word' id='word_1_516' title='bbox 2213 3443 2425 3498; x_wconf 89' lang='lat' dir='ltr'><strong>radices</strong></span> <span class='ocrx_word' id='word_1_517' title='bbox 2480 3441 2662 3497; x_wconf 83' lang='lat' dir='ltr'><strong>inesse</strong></span> <span class='ocrx_word' id='word_1_518' title='bbox 2693 3440 2900 3496; x_wconf 74' lang='lat' dir='ltr'><strong>defixos</strong></span> <span class='ocrx_word' id='word_1_519' title='bbox 2943 3439 3046 3493; x_wconf 90' lang='lat' dir='ltr'><strong>sibi</strong></span> <span class='ocrx_word' id='word_1_520' title='bbox 3090 3437 3252 3494; x_wconf 76' lang='lat' dir='ltr'><strong>certis</strong></span> <span class='ocrx_word' id='word_1_521' title='bbox 3295 3437 3508 3491; x_wconf 88' lang='lat' dir='ltr'><strong>indiciis</strong></span> 
     </span>
    </p>
   </div>
   <div class='ocr_carea' id='block_1_81' title="bbox 1913 3530 3504 3606">
    <p class='ocr_par' dir='ltr' id='par_1_81' title="bbox 1913 3530 3504 3606">
     <span class='ocr_line' id='line_1_81' title="bbox 1913 3530 3504 3606; baseline -0.009 -9"><span class='ocrx_word' id='word_1_522' title='bbox 1913 3542 2075 3598; x_wconf 90' lang='lat' dir='ltr'><strong>etiam</strong></span> <span class='ocrx_word' id='word_1_523' title='bbox 2126 3539 2403 3594; x_wconf 86' lang='lat' dir='ltr'><strong>solitarius</strong></span> <span class='ocrx_word' id='word_1_524' title='bbox 2460 3535 2861 3606; x_wconf 84' lang='lat' dir='ltr'><strong>deprehendit,</strong></span> <span class='ocrx_word' id='word_1_525' title='bbox 2917 3533 3164 3603; x_wconf 75' lang='lat' dir='ltr'><strong>quisquis</strong></span> <span class='ocrx_word' id='word_1_526' title='bbox 3215 3530 3504 3600; x_wconf 85' lang='lat' dir='ltr'><strong>puritatem</strong></span> 
     </span>
    </p>
   </div>
   <div class='ocr_carea' id='block_1_82' title="bbox 1914 3622 3506 3693">
    <p class='ocr_par' dir='ltr' id='par_1_82' title="bbox 1914 3622 3506 3693">
     <span class='ocr_line' id='line_1_82' title="bbox 1914 3622 3506 3693; baseline -0.009 -4"><span class='ocrx_word' id='word_1_527' title='bbox 1914 3649 2067 3689; x_wconf 90' lang='lat' dir='ltr'><strong>suam</strong></span> <span class='ocrx_word' id='word_1_528' title='bbox 2100 3647 2207 3686; x_wconf 91' lang='lat' dir='ltr'><strong>non</strong></span> <span class='ocrx_word' id='word_1_529' title='bbox 2239 3627 2552 3683; x_wconf 77' lang='lat' dir='ltr'><strong>hominibus</strong></span> <span class='ocrx_word' id='word_1_530' title='bbox 2576 3636 2875 3693; x_wconf 90' lang='lat' dir='ltr'><strong>ostentare,</strong></span> <span class='ocrx_word' id='word_1_531' title='bbox 2901 3624 2994 3678; x_wconf 89' lang='lat' dir='ltr'><strong>sed</strong></span> <span class='ocrx_word' id='word_1_532' title='bbox 3020 3625 3166 3682; x_wconf 86' lang='lat' dir='ltr'><strong>illius</strong></span> <span class='ocrx_word' id='word_1_533' title='bbox 3188 3622 3506 3689; x_wconf 79' lang='lat' dir='ltr'><strong>eonSpectui</strong></span> 
     </span>
    </p>
   </div>
   <div class='ocr_carea' id='block_1_83' title="bbox 1915 3712 3504 3786">
    <p class='ocr_par' dir='ltr' id='par_1_83' title="bbox 1915 3712 3504 3786">
     <span class='ocr_line' id='line_1_83' title="bbox 1915 3712 3504 3786; baseline -0.008 -7"><span class='ocrx_word' id='word_1_534' title='bbox 1915 3724 2224 3782; x_wconf 85' lang='lat' dir='ltr'><strong>inviolatam</strong></span> <span class='ocrx_word' id='word_1_535' title='bbox 2265 3719 2538 3774; x_wconf 81' lang='lat' dir='ltr'><strong>studuerit</strong></span> <span class='ocrx_word' id='word_1_536' title='bbox 2583 3716 2861 3781; x_wconf 82' lang='lat' dir='ltr'><strong>exhibere,</strong></span> <span class='ocrx_word' id='word_1_537' title='bbox 2915 3730 3076 3786; x_wconf 90' lang='lat' dir='ltr'><strong>quem</strong></span> <span class='ocrx_word' id='word_1_538' title='bbox 3129 3714 3295 3767; x_wconf 87' lang='lat' dir='ltr'><strong>latere</strong></span> <span class='ocrx_word' id='word_1_539' title='bbox 3324 3712 3504 3766; x_wconf 81' lang='lat' dir='ltr'><strong>omnia</strong></span> 
     </span>
    </p>
   </div>
   <div class='ocr_carea' id='block_1_84' title="bbox 1915 3816 2738 3886">
    <p class='ocr_par' dir='ltr' id='par_1_84' title="bbox 1915 3816 2738 3886">
     <span class='ocr_line' id='line_1_84' title="bbox 1915 3816 2738 3886; baseline -0.013 -13"><span class='ocrx_word' id='word_1_540' title='bbox 1915 3816 2094 3873; x_wconf 89' lang='lat' dir='ltr'><strong>cordis</strong></span> <span class='ocrx_word' id='word_1_541' title='bbox 2123 3828 2315 3870; x_wconf 82' lang='lat' dir='ltr'><strong>arcana</strong></span> <span class='ocrx_word' id='word_1_542' title='bbox 2349 3821 2454 3874; x_wconf 77' lang='lat' dir='ltr'><strong>non</strong></span> <span class='ocrx_word' id='word_1_543' title='bbox 2489 3817 2738 3886; x_wconf 88' lang='lat' dir='ltr'><strong>possunt.</strong></span> 
     </span>
    </p>
   </div>
   <div class='ocr_carea' id='block_1_85' title="bbox 2509 3899 2916 3956">
    <p class='ocr_par' dir='ltr' id='par_1_85' title="bbox 2509 3899 2916 3956">
     <span class='ocr_line' id='line_1_85' title="bbox 2509 3899 2916 3956; baseline -0.005 -1"><span class='ocrx_word' id='word_1_544' title='bbox 2509 3901 2736 3956; x_wconf 79' lang='lat' dir='ltr'><strong>CAPUT</strong></span> <span class='ocrx_word' id='word_1_545' title='bbox 2776 3899 2916 3956; x_wconf 81' lang='lat' dir='ltr'>XIII.</span> 
     </span>
    </p>
   </div>
   <div class='ocr_carea' id='block_1_86' title="bbox 1920 3990 3512 4072">
    <p class='ocr_par' dir='ltr' id='par_1_86' title="bbox 1920 3990 3512 4072">
     <span class='ocr_line' id='line_1_86' title="bbox 1920 3990 3512 4072; baseline -0.008 -16"><span class='ocrx_word' id='word_1_546' title='bbox 1920 3999 2290 4072; x_wconf 84' lang='lat' dir='ltr'><strong>Interrogatio,</strong></span> <span class='ocrx_word' id='word_1_547' title='bbox 2317 3995 2573 4072; x_wconf 73' lang='lat' dir='ltr'><strong>quomodo</strong></span> <span class='ocrx_word' id='word_1_548' title='bbox 2593 3995 2770 4072; x_wconf 71' lang='lat' dir='ltr'><strong>sanari</strong></span> <span class='ocrx_word' id='word_1_549' title='bbox 2791 3993 2950 4072; x_wconf 73' lang='lat' dir='ltr'><strong>possit</strong></span> <span class='ocrx_word' id='word_1_550' title='bbox 2975 3993 3061 4062; x_wconf 82' lang='lat' dir='ltr'><strong>qui</strong></span> <span class='ocrx_word' id='word_1_551' title='bbox 3083 4005 3186 4072; x_wconf 81' lang='lat' dir='ltr'><strong>non</strong></span> <span class='ocrx_word' id='word_1_552' title='bbox 3210 3990 3512 4060; x_wconf 71' lang='lat' dir='ltr'><strong>expurgatis</strong></span> 
     </span>
    </p>
   </div>
   <div class='ocr_carea' id='block_1_87' title="bbox 2311 4066 3187 4134">
    <p class='ocr_par' dir='ltr' id='par_1_87' title="bbox 2311 4066 3187 4134">
     <span class='ocr_line' id='line_1_87' title="bbox 2311 4066 3187 4134; baseline -0.009 -12"><span class='ocrx_word' id='word_1_553' title='bbox 2311 4068 2444 4122; x_wconf 83' lang='lat' dir='ltr'><strong>vitiis</strong></span> <span class='ocrx_word' id='word_1_554' title='bbox 2468 4067 2795 4120; x_wconf 81' lang='lat' dir='ltr'><strong>solitudinem</strong></span> <span class='ocrx_word' id='word_1_555' title='bbox 2821 4066 3080 4134; x_wconf 77' lang='lat' dir='ltr'><strong>ingressus</strong></span> <span class='ocrx_word' id='word_1_556' title='bbox 3104 4066 3187 4115; x_wconf 80' lang='lat' dir='ltr'><strong>sit.</strong></span> 
     </span>
    </p>
   </div>
   <div class='ocr_carea' id='block_1_88' title="bbox 1993 4173 3516 4252">
    <p class='ocr_par' dir='ltr' id='par_1_88' title="bbox 1993 4173 3516 4252">
     <span class='ocr_line' id='line_1_88' title="bbox 1993 4173 3516 4252; baseline -0.011 -8"><span class='ocrx_word' id='word_1_557' title='bbox 1993 4187 2295 4244; x_wconf 87' lang='lat' dir='ltr'><strong>Germanus</strong></span> <span class='ocrx_word' id='word_1_558' title='bbox 2326 4181 2696 4252; x_wconf 83' lang='lat' dir='ltr'><strong>:Argumenta</strong></span> <span class='ocrx_word' id='word_1_559' title='bbox 2747 4176 2939 4247; x_wconf 89' lang='lat' dir='ltr'><strong>quibus</strong></span> <span class='ocrx_word' id='word_1_560' title='bbox 2970 4174 3341 4231; x_wconf 87' lang='lat' dir='ltr'><strong>infirmitatum</strong></span> <span class='ocrx_word' id='word_1_561' title='bbox 3373 4173 3516 4229; x_wconf 82' lang='lat' dir='ltr'><strong>indi-</strong></span> 
     </span>
    </p>
   </div>
   <div class='ocr_carea' id='block_1_89' title="bbox 1921 4269 3518 4352">
    <p class='ocr_par' dir='ltr' id='par_1_89' title="bbox 1921 4269 3518 4352">
     <span class='ocr_line' id='line_1_89' title="bbox 1921 4269 3518 4352; baseline -0.009 -13"><span class='ocrx_word' id='word_1_562' title='bbox 1921 4285 2003 4340; x_wconf 90' lang='lat' dir='ltr'><strong>cia</strong></span> <span class='ocrx_word' id='word_1_563' title='bbox 2033 4281 2352 4352; x_wconf 80' lang='lat' dir='ltr'><strong>colligantur</strong></span> <span class='ocrx_word' id='word_1_564' title='bbox 2380 4286 2434 4332; x_wconf 88' lang='lat' dir='ltr'><strong>et</strong></span> <span class='ocrx_word' id='word_1_565' title='bbox 2467 4275 2728 4329; x_wconf 90' lang='lat' dir='ltr'><strong>rationem</strong></span> <span class='ocrx_word' id='word_1_566' title='bbox 2782 4269 3260 4332; x_wconf 84' lang='lat' dir='ltr'><strong>discernendarum</strong></span> <span class='ocrx_word' id='word_1_567' title='bbox 3299 4270 3518 4341; x_wconf 64' lang='lat' dir='ltr'><strong>aegritu-</strong></span> 
     </span>
    </p>
   </div>
   <div class='ocr_carea' id='block_1_90' title="bbox 1922 4363 3516 4443">
    <p class='ocr_par' dir='ltr' id='par_1_90' title="bbox 1922 4363 3516 4443">
     <span class='ocr_line' id='line_1_90' title="bbox 1922 4363 3516 4443; baseline -0.008 -11"><span class='ocrx_word' id='word_1_568' title='bbox 1922 4377 2130 4443; x_wconf 89' lang='lat' dir='ltr'><strong>dinum,</strong></span> <span class='ocrx_word' id='word_1_569' title='bbox 2180 4372 2233 4428; x_wconf 92' lang='lat' dir='ltr'><strong>id</strong></span> <span class='ocrx_word' id='word_1_570' title='bbox 2262 4380 2365 4440; x_wconf 88' lang='lat' dir='ltr'><strong>est,</strong></span> <span class='ocrx_word' id='word_1_571' title='bbox 2397 4385 2505 4440; x_wconf 91' lang='lat' dir='ltr'><strong>quo</strong></span> <span class='ocrx_word' id='word_1_572' title='bbox 2526 4379 2682 4439; x_wconf 86' lang='lat' dir='ltr'><strong>pacto</strong></span> <span class='ocrx_word' id='word_1_573' title='bbox 2705 4366 2829 4424; x_wconf 84' lang='lat' dir='ltr'><strong>vitia</strong></span> <span class='ocrx_word' id='word_1_574' title='bbox 2857 4382 2974 4436; x_wconf 71' lang='lat' dir='ltr'><strong>quae</strong></span> <span class='ocrx_word' id='word_1_575' title='bbox 3001 4365 3242 4420; x_wconf 82' lang='lat' dir='ltr'><strong>celantur</strong></span> <span class='ocrx_word' id='word_1_576' title='bbox 3272 4363 3325 4419; x_wconf 88' lang='lat' dir='ltr'><strong>in</strong></span> <span class='ocrx_word' id='word_1_577' title='bbox 3357 4364 3516 4419; x_wconf 74' lang='lat' dir='ltr'><strong>nobis</strong></span> 
     </span>
    </p>
   </div>
   <div class='ocr_carea' id='block_1_91' title="bbox 1923 4457 3518 4533">
    <p class='ocr_par' dir='ltr' id='par_1_91' title="bbox 1923 4457 3518 4533">
     <span class='ocr_line' id='line_1_91' title="bbox 1923 4457 3518 4533; baseline -0.008 -11"><span class='ocrx_word' id='word_1_578' title='bbox 1923 4469 2138 4524; x_wconf 85' lang='lat' dir='ltr'><strong>valeant</strong></span> <span class='ocrx_word' id='word_1_579' title='bbox 2175 4461 2529 4533; x_wconf 89' lang='lat' dir='ltr'><strong>deprehendi,</strong></span> <span class='ocrx_word' id='word_1_580' title='bbox 2563 4459 2738 4514; x_wconf 91' lang='lat' dir='ltr'><strong>lucide</strong></span> <span class='ocrx_word' id='word_1_581' title='bbox 2769 4460 2899 4514; x_wconf 89' lang='lat' dir='ltr'><strong>satis</strong></span> <span class='ocrx_word' id='word_1_582' title='bbox 2950 4467 3240 4528; x_wconf 85' lang='lat' dir='ltr'><strong>aperteque</strong></span> <span class='ocrx_word' id='word_1_583' title='bbox 3281 4457 3518 4528; x_wconf 89' lang='lat' dir='ltr'><strong>percepi-</strong></span> 
     </span>
    </p>
   </div>
   <div class='ocr_carea' id='block_1_92' title="bbox 1926 4550 3516 4626">
    <p class='ocr_par' dir='ltr' id='par_1_92' title="bbox 1926 4550 3516 4626">
     <span class='ocr_line' id='line_1_92' title="bbox 1926 4550 3516 4626; baseline -0.008 -10"><span class='ocrx_word' id='word_1_584' title='bbox 1926 4577 2064 4616; x_wconf 90' lang='lat' dir='ltr'><strong>mus.</strong></span> <span class='ocrx_word' id='word_1_585' title='bbox 2096 4557 2286 4613; x_wconf 88' lang='lat' dir='ltr'><strong>Omnia</strong></span> <span class='ocrx_word' id='word_1_586' title='bbox 2311 4554 2577 4626; x_wconf 90' lang='lat' dir='ltr'><strong>siquidcm</strong></span> <span class='ocrx_word' id='word_1_587' title='bbox 2602 4552 2912 4623; x_wconf 86' lang='lat' dir='ltr'><strong>qu0tidiana</strong></span> <span class='ocrx_word' id='word_1_588' title='bbox 2940 4550 3272 4617; x_wconf 85' lang='lat' dir='ltr'><strong>experientia</strong></span> <span class='ocrx_word' id='word_1_589' title='bbox 3309 4563 3371 4604; x_wconf 90' lang='lat' dir='ltr'><strong>ac</strong></span> <span class='ocrx_word' id='word_1_590' title='bbox 3395 4550 3516 4605; x_wconf 90' lang='lat' dir='ltr'><strong>diu-</strong></span> 
     </span>
    </p>
   </div>
   <div class='ocr_carea' id='block_1_93' title="bbox 234 4637 3520 4727">
    <p class='ocr_par' dir='ltr' id='par_1_93' title="bbox 234 4637 3520 4727">
     <span class='ocr_line' id='line_1_93' title="bbox 234 4637 3520 4727; baseline -0.007 -8"><span class='ocrx_word' id='word_1_591' title='bbox 234 4637 322 4719; x_wconf 77' lang='lat' dir='ltr'><strong>vel</strong></span> <span class='ocrx_word' id='word_1_592' title='bbox 375 4637 699 4720; x_wconf 77' lang='lat' dir='ltr'><strong>necessitate</strong></span> <span class='ocrx_word' id='word_1_593' title='bbox 738 4637 1053 4727; x_wconf 67' lang='lat' dir='ltr'><strong>contractis,</strong></span> <span class='ocrx_word' id='word_1_594' title='bbox 1099 4637 1285 4716; x_wconf 82' lang='lat' dir='ltr'><strong>humili</strong></span> <span class='ocrx_word' id='word_1_595' title='bbox 1326 4661 1538 4717; x_wconf 81' lang='lat' dir='ltr'><strong>tandem</strong></span> <span class='ocrx_word' id='word_1_596' title='bbox 1572 4668 1626 4714; x_wconf 89' lang='lat' dir='ltr'><strong>et</strong></span> <span class='ocrx_word' id='word_1_597' title='bbox 1664 4671 1819 4713; x_wconf 80' lang='lat' dir='ltr'><strong>cauta</strong></span> <span class='ocrx_word' id='word_1_598' title='bbox 1842 4637 1900 4708; x_wconf 73' lang='grc' dir='ltr'><strong>Ρ</strong></span> <span class='ocrx_word' id='word_1_599' title='bbox 1927 4653 2096 4708; x_wconf 89' lang='lat' dir='ltr'><strong>turnis</strong></span> <span class='ocrx_word' id='word_1_600' title='bbox 2125 4662 2430 4704; x_wconf 69' lang='lat' dir='ltr'><strong>noswarum</strong></span> <span class='ocrx_word' id='word_1_601' title='bbox 2455 4645 2692 4701; x_wconf 89' lang='lat' dir='ltr'><strong>motibus</strong></span> <span class='ocrx_word' id='word_1_602' title='bbox 2721 4643 3131 4714; x_wconf 70' lang='lat' dir='ltr'><strong>cogitationuu&#39;t,</strong></span> <span class='ocrx_word' id='word_1_603' title='bbox 3184 4642 3256 4696; x_wconf 87' lang='lat' dir='ltr'><strong>ita</strong></span> <span class='ocrx_word' id='word_1_604' title='bbox 3288 4649 3346 4696; x_wconf 92' lang='lat' dir='ltr'><strong>ut</strong></span> <span class='ocrx_word' id='word_1_605' title='bbox 3376 4641 3520 4697; x_wconf 81' lang='lat' dir='ltr'><strong>dicta</strong></span> 
     </span>
    </p>
   </div>
   <div class='ocr_carea' id='block_1_94' title="bbox 232 4752 1823 4826">
    <p class='ocr_par' dir='ltr' id='par_1_94' title="bbox 232 4752 1823 4826">
     <span class='ocr_line' id='line_1_94' title="bbox 232 4752 1823 4826; baseline -0.001 -16"><span class='ocrx_word' id='word_1_606' title='bbox 232 4757 304 4812; x_wconf 80' lang='lat' dir='ltr'><strong>ad</strong></span> <span class='ocrx_word' id='word_1_607' title='bbox 336 4758 618 4814; x_wconf 61' lang='lat' dir='ltr'><strong>caelestem</strong></span> <span class='ocrx_word' id='word_1_608' title='bbox 648 4758 920 4812; x_wconf 84' lang='lat' dir='ltr'><strong>medicum</strong></span> <span class='ocrx_word' id='word_1_609' title='bbox 970 4765 1147 4810; x_wconf 90' lang='lat' dir='ltr'><strong>mente</strong></span> <span class='ocrx_word' id='word_1_610' title='bbox 1174 4754 1537 4826; x_wconf 88' lang='lat' dir='ltr'><strong>confugerint.</strong></span> <span class='ocrx_word' id='word_1_611' title='bbox 1587 4752 1823 4822; x_wconf 89' lang='lat' dir='ltr'><strong>Ideoque</strong></span> 
     </span>
    </p>
   </div>
   <div class='ocr_carea' id='block_1_95' title="bbox 234 4844 1824 4917">
    <p class='ocr_par' dir='ltr' id='par_1_95' title="bbox 234 4844 1824 4917">
     <span class='ocr_line' id='line_1_95' title="bbox 234 4844 1824 4917; baseline -0.003 -13"><span class='ocrx_word' id='word_1_612' title='bbox 234 4864 401 4904; x_wconf 84' lang='lat' dir='ltr'><strong>nosse</strong></span> <span class='ocrx_word' id='word_1_613' title='bbox 432 4849 690 4908; x_wconf 85' lang='lat' dir='ltr'><strong>debemus</strong></span> <span class='ocrx_word' id='word_1_614' title='bbox 721 4851 862 4917; x_wconf 86' lang='lat' dir='ltr'><strong>quod</strong></span> <span class='ocrx_word' id='word_1_615' title='bbox 898 4849 944 4906; x_wconf 90' lang='lat' dir='ltr'><strong>si</strong></span> <span class='ocrx_word' id='word_1_616' title='bbox 974 4849 1038 4902; x_wconf 89' lang='lat' dir='ltr'><strong>ad</strong></span> <span class='ocrx_word' id='word_1_617' title='bbox 1071 4848 1416 4903; x_wconf 83' lang='lat' dir='ltr'><strong>solitudinem</strong></span> <span class='ocrx_word' id='word_1_618' title='bbox 1441 4845 1524 4901; x_wconf 87' lang='lat' dir='ltr'><strong>vel</strong></span> <span class='ocrx_word' id='word_1_619' title='bbox 1553 4845 1618 4899; x_wconf 88' lang='lat' dir='ltr'><strong>ad</strong></span> <span class='ocrx_word' id='word_1_620' title='bbox 1645 4844 1824 4900; x_wconf 84' lang='lat' dir='ltr'><strong>abdita</strong></span> 
     </span>
    </p>
   </div>
   <div class='ocr_carea' id='block_1_96' title="bbox 235 4938 1826 5005">
    <p class='ocr_par' dir='ltr' id='par_1_96' title="bbox 235 4938 1826 5005">
     <span class='ocr_line' id='line_1_96' title="bbox 235 4938 1826 5005; baseline -0.004 -9"><span class='ocrx_word' id='word_1_621' title='bbox 235 4945 353 4997; x_wconf 88' lang='lat' dir='ltr'><strong>loca</strong></span> <span class='ocrx_word' id='word_1_622' title='bbox 385 4945 622 5004; x_wconf 87' lang='lat' dir='ltr'><strong>nondum</strong></span> <span class='ocrx_word' id='word_1_623' title='bbox 676 4945 878 4998; x_wconf 88' lang='lat' dir='ltr'><strong>curatis</strong></span> <span class='ocrx_word' id='word_1_624' title='bbox 906 4943 1049 4997; x_wconf 88' lang='lat' dir='ltr'><strong>vitiis</strong></span> <span class='ocrx_word' id='word_1_625' title='bbox 1089 4940 1428 5005; x_wconf 86' lang='lat' dir='ltr'><strong>secedamus,</strong></span> <span class='ocrx_word' id='word_1_626' title='bbox 1478 4938 1704 4993; x_wconf 86' lang='lat' dir='ltr'><strong>effectus</strong></span> <span class='ocrx_word' id='word_1_627' title='bbox 1733 4953 1826 4991; x_wconf 88' lang='lat' dir='ltr'><strong>eo-</strong></span> 
     </span>
    </p>
   </div>
   <div class='ocr_carea' id='block_1_97' title="bbox 234 5029 1823 5102">
    <p class='ocr_par' dir='ltr' id='par_1_97' title="bbox 234 5029 1823 5102">
     <span class='ocr_line' id='line_1_97' title="bbox 234 5029 1823 5102; baseline -0.004 -12"><span class='ocrx_word' id='word_1_628' title='bbox 234 5051 357 5090; x_wconf 88' lang='lat' dir='ltr'><strong>rum</strong></span> <span class='ocrx_word' id='word_1_629' title='bbox 391 5034 763 5089; x_wconf 86' lang='lat' dir='ltr'><strong>tantummodo</strong></span> <span class='ocrx_word' id='word_1_630' title='bbox 790 5035 1133 5102; x_wconf 88' lang='lat' dir='ltr'><strong>reprimatur,</strong></span> <span class='ocrx_word' id='word_1_631' title='bbox 1155 5048 1259 5086; x_wconf 92' lang='lat' dir='ltr'><strong>non</strong></span> <span class='ocrx_word' id='word_1_632' title='bbox 1283 5031 1666 5099; x_wconf 84' lang='lat' dir='ltr'><strong>exstinguatur</strong></span> <span class='ocrx_word' id='word_1_633' title='bbox 1696 5029 1823 5085; x_wconf 77' lang='lat' dir='ltr'><strong>alle-</strong></span> 
     </span>
    </p>
   </div>
   <div class='ocr_carea' id='block_1_98' title="bbox 236 5123 1827 5197">
    <p class='ocr_par' dir='ltr' id='par_1_98' title="bbox 236 5123 1827 5197">
     <span class='ocr_line' id='line_1_98' title="bbox 236 5123 1827 5197; baseline -0.008 -10"><span class='ocrx_word' id='word_1_634' title='bbox 236 5140 380 5187; x_wconf 90' lang='lat' dir='ltr'><strong>ctus.</strong></span> <span class='ocrx_word' id='word_1_635' title='bbox 412 5130 614 5186; x_wconf 86' lang='lat' dir='ltr'><strong>Latitat</strong></span> <span class='ocrx_word' id='word_1_636' title='bbox 647 5132 788 5186; x_wconf 87' lang='lat' dir='ltr'><strong>enim</strong></span> <span class='ocrx_word' id='word_1_637' title='bbox 821 5129 961 5184; x_wconf 86' lang='lat' dir='ltr'><strong>intra</strong></span> <span class='ocrx_word' id='word_1_638' title='bbox 991 5143 1110 5197; x_wconf 89' lang='lat' dir='ltr'><strong>nos,</strong></span> <span class='ocrx_word' id='word_1_639' title='bbox 1145 5129 1306 5181; x_wconf 91' lang='lat' dir='ltr'><strong>immo</strong></span> <span class='ocrx_word' id='word_1_640' title='bbox 1340 5127 1505 5180; x_wconf 90' lang='lat' dir='ltr'><strong>etiam</strong></span> <span class='ocrx_word' id='word_1_641' title='bbox 1542 5123 1712 5192; x_wconf 89' lang='lat' dir='ltr'><strong>serpit</strong></span> <span class='ocrx_word' id='word_1_642' title='bbox 1742 5138 1827 5176; x_wconf 87' lang='lat' dir='ltr'><strong>ra-</strong></span> 
     </span>
    </p>
   </div>
   <div class='ocr_carea' id='block_1_99' title="bbox 1929 4734 3520 4808">
    <p class='ocr_par' dir='ltr' id='par_1_99' title="bbox 1929 4734 3520 4808">
     <span class='ocr_line' id='line_1_99' title="bbox 1929 4734 3520 4808; baseline -0.008 -7"><span class='ocrx_word' id='word_1_643' title='bbox 1929 4735 2082 4808; x_wconf 78' lang='lat' dir='ltr'><strong>sunt,</strong></span> <span class='ocrx_word' id='word_1_644' title='bbox 2117 4745 2406 4796; x_wconf 89' lang='lat' dir='ltr'><strong>intuemur.</strong></span> <span class='ocrx_word' id='word_1_645' title='bbox 2451 4739 2710 4808; x_wconf 84' lang='lat' dir='ltr'><strong>Superest</strong></span> <span class='ocrx_word' id='word_1_646' title='bbox 2750 4737 2914 4807; x_wconf 88' lang='lat' dir='ltr'><strong>igitur</strong></span> <span class='ocrx_word' id='word_1_647' title='bbox 2961 4745 3015 4790; x_wconf 93' lang='lat' dir='ltr'><strong>ut</strong></span> <span class='ocrx_word' id='word_1_648' title='bbox 3063 4734 3520 4808; x_wconf 83' lang='lat' dir='ltr'><strong>quemadmodum</strong></span> 
     </span>
    </p>
   </div>
   <div class='ocr_carea' id='block_1_100' title="bbox 1933 4829 3520 4908">
    <p class='ocr_par' dir='ltr' id='par_1_100' title="bbox 1933 4829 3520 4908">
     <span class='ocr_line' id='line_1_100' title="bbox 1933 4829 3520 4908; baseline -0.007 -15"><span class='ocrx_word' id='word_1_649' title='bbox 1933 4835 2278 4908; x_wconf 78' lang='lat' dir='ltr'><strong>probationes</strong></span> <span class='ocrx_word' id='word_1_650' title='bbox 2317 4847 2601 4902; x_wconf 58' lang='lat' dir='ltr'><strong>canamque</strong></span> <span class='ocrx_word' id='word_1_651' title='bbox 2631 4829 2941 4884; x_wconf 83' lang='lat' dir='ltr'><strong>morborum</strong></span> <span class='ocrx_word' id='word_1_652' title='bbox 2993 4829 3395 4888; x_wconf 80' lang='lat' dir='ltr'><strong>evidentissima</strong></span> <span class='ocrx_word' id='word_1_653' title='bbox 3424 4841 3520 4882; x_wconf 92' lang='lat' dir='ltr'><strong>no-</strong></span> 
     </span>
    </p>
   </div>
   <div class='ocr_carea' id='block_1_101' title="bbox 1935 4920 3524 4994">
    <p class='ocr_par' dir='ltr' id='par_1_101' title="bbox 1935 4920 3524 4994">
     <span class='ocr_line' id='line_1_101' title="bbox 1935 4920 3524 4994; baseline -0.007 -9"><span class='ocrx_word' id='word_1_654' title='bbox 1935 4931 2016 4985; x_wconf 90' lang='lat' dir='ltr'><strong>bis</strong></span> <span class='ocrx_word' id='word_1_655' title='bbox 2037 4929 2284 4984; x_wconf 89' lang='lat' dir='ltr'><strong>oratione</strong></span> <span class='ocrx_word' id='word_1_656' title='bbox 2320 4926 2599 4994; x_wconf 65' lang='lat' dir='ltr'><strong>patefacta:</strong></span> <span class='ocrx_word' id='word_1_657' title='bbox 2646 4931 2791 4985; x_wconf 89' lang='lat' dir='ltr'><strong>sunt,</strong></span> <span class='ocrx_word' id='word_1_658' title='bbox 2844 4921 2915 4975; x_wconf 89' lang='lat' dir='ltr'><strong>ita</strong></span> <span class='ocrx_word' id='word_1_659' title='bbox 2967 4921 3128 4974; x_wconf 87' lang='lat' dir='ltr'><strong>etiam</strong></span> <span class='ocrx_word' id='word_1_660' title='bbox 3181 4920 3524 4976; x_wconf 86' lang='lat' dir='ltr'><strong>curationum</strong></span> 
     </span>
    </p>
   </div>
   <div class='ocr_carea' id='block_1_102' title="bbox 1937 5011 3524 5083">
    <p class='ocr_par' dir='ltr' id='par_1_102' title="bbox 1937 5011 3524 5083">
     <span class='ocr_line' id='line_1_102' title="bbox 1937 5011 3524 5083; baseline -0.011 -2"><span class='ocrx_word' id='word_1_661' title='bbox 1937 5023 2142 5081; x_wconf 88' lang='lat' dir='ltr'><strong>medela</strong></span> <span class='ocrx_word' id='word_1_662' title='bbox 2174 5027 2524 5074; x_wconf 84' lang='lat' dir='ltr'><strong>monstretur.</strong></span> <span class='ocrx_word' id='word_1_663' title='bbox 2564 5014 2700 5069; x_wconf 84' lang='lat' dir='ltr'><strong>Nulli</strong></span> <span class='ocrx_word' id='word_1_664' title='bbox 2727 5029 2958 5083; x_wconf 90' lang='lat' dir='ltr'><strong>namque</strong></span> <span class='ocrx_word' id='word_1_665' title='bbox 2985 5011 3203 5065; x_wconf 73' lang='lat' dir='ltr'><strong>tlubium</strong></span> <span class='ocrx_word' id='word_1_666' title='bbox 3225 5021 3328 5076; x_wconf 88' lang='lat' dir='ltr'><strong>est,</strong></span> <span class='ocrx_word' id='word_1_667' title='bbox 3373 5011 3524 5065; x_wconf 89' lang='lat' dir='ltr'><strong>illum</strong></span> 
     </span>
    </p>
   </div>
   <div class='ocr_carea' id='block_1_103' title="bbox 1936 5103 3556 5189">
    <p class='ocr_par' dir='ltr' id='par_1_103' title="bbox 1936 5103 3556 5189">
     <span class='ocr_line' id='line_1_103' title="bbox 1936 5103 3556 5189; baseline -0.008 -18"><span class='ocrx_word' id='word_1_668' title='bbox 1936 5131 2094 5189; x_wconf 85' lang='lat' dir='ltr'><strong>posse</strong></span> <span class='ocrx_word' id='word_1_669' title='bbox 2121 5111 2423 5168; x_wconf 89' lang='lat' dir='ltr'><strong>rectissime</strong></span> <span class='ocrx_word' id='word_1_670' title='bbox 2456 5109 2525 5164; x_wconf 90' lang='lat' dir='ltr'><strong>de</strong></span> <span class='ocrx_word' id='word_1_671' title='bbox 2555 5106 2834 5172; x_wconf 86' lang='lat' dir='ltr'><strong>remediis,</strong></span> <span class='ocrx_word' id='word_1_672' title='bbox 2870 5103 3128 5159; x_wconf 87' lang='lat' dir='ltr'><strong>malarum</strong></span> <span class='ocrx_word' id='word_1_673' title='bbox 3161 5103 3525 5159; x_wconf 87' lang='lat' dir='ltr'><strong>valetudinum</strong></span> <span class='ocrx_word' id='word_1_674' title='bbox 3552 5172 3556 5176; x_wconf 34' lang='grc'><strong><em>,</em></strong></span> 
     </span>
    </p>
   </div>
   <div class='ocr_carea' id='block_1_104' title="bbox 1321 5248 1812 5322">
    <p class='ocr_par' dir='ltr' id='par_1_104' title="bbox 1321 5258 1812 5320">
     <span class='ocr_line' id='line_1_104' title="bbox 1321 5258 1812 5320; baseline -0.014 0"><span class='ocrx_word' id='word_1_675' title='bbox 1321 5261 1577 5320; x_wconf 76' lang='lat' dir='ltr'><strong>ALABDI</strong></span> <span class='ocrx_word' id='word_1_676' title='bbox 1616 5258 1812 5315; x_wconf 70' lang='lat' dir='ltr'><strong>GAZAE</strong></span> 
     </span>
    </p>
   </div>
   <div class='ocr_carea' id='block_1_105' title="bbox 1920 5248 3547 5322">
    <p class='ocr_par' dir='ltr' id='par_1_105' title="bbox 1920 5248 3547 5322">
     <span class='ocr_line' id='line_1_105' title="bbox 1920 5248 3547 5322; baseline -0.015 -12"><span class='ocrx_word' id='word_1_677' title='bbox 1920 5248 2447 5312; x_wconf 58' lang='lat' dir='ltr'><strong>LOMMEESTARIUS.</strong></span> <span class='ocrx_word' id='word_1_678' title='bbox 3540 5283 3547 5322; x_wconf 42' lang='grc' dir='ltr'><strong>,Ι</strong></span> 
     </span>
    </p>
   </div>
   <div class='ocr_carea' id='block_1_106' title="bbox 239 5327 3555 5431">
    <p class='ocr_par' dir='ltr' id='par_1_106' title="bbox 239 5327 3555 5431">
     <span class='ocr_line' id='line_1_106' title="bbox 239 5327 3555 5431; baseline 0.006 -21"><span class='ocrx_word' id='word_1_679' title='bbox 239 5359 584 5431; x_wconf 72' lang='lat' dir='ltr'><strong>fortissimum</strong></span> <span class='ocrx_word' id='word_1_680' title='bbox 611 5370 660 5415; x_wconf 79' lang='lat' dir='ltr'><strong>et</strong></span> <span class='ocrx_word' id='word_1_681' title='bbox 690 5361 1065 5415; x_wconf 74' lang='lat' dir='ltr'><strong>astutissimnm</strong></span> <span class='ocrx_word' id='word_1_682' title='bbox 1088 5356 1384 5431; x_wconf 76' lang='lat' dir='ltr'><strong>bellatorem</strong></span> <span class='ocrx_word' id='word_1_683' title='bbox 1411 5353 1676 5431; x_wconf 64' lang='lat' dir='ltr'><strong>diabolum</strong></span> <span class='ocrx_word' id='word_1_684' title='bbox 1698 5354 1833 5431; x_wconf 71' lang='lat' dir='ltr'><strong>ntul-</strong></span> <span class='ocrx_word' id='word_1_685' title='bbox 1939 5356 2113 5431; x_wconf 47' lang='lat' dir='ltr'><strong>menta.</strong></span> <span class='ocrx_word' id='word_1_686' title='bbox 2138 5342 2670 5431; x_wconf 54' lang='grc' dir='ltr'><strong>ρυςηέξνεξςισῖοίαηι·</strong></span> <span class='ocrx_word' id='word_1_687' title='bbox 2698 5341 3280 5431; x_wconf 57' lang='grc' dir='ltr'><strong>υδί,Τί¹¹’τῩ⁰[θ¹“ῗ¹)¹ξ</strong></span> <span class='ocrx_word' id='word_1_688' title='bbox 3314 5327 3555 5431; x_wconf 50' lang='lat' dir='ltr'><strong>add&quot;ij</strong></span> 
     </span>
    </p>
   </div>
   <div class='ocr_carea' id='block_1_107' title="bbox 237 5423 1832 5504">
    <p class='ocr_par' dir='ltr' id='par_1_107' title="bbox 237 5423 1832 5504">
     <span class='ocr_line' id='line_1_107' title="bbox 237 5423 1832 5504; baseline -0.005 -20"><span class='ocrx_word' id='word_1_689' title='bbox 237 5423 414 5484; x_wconf 66' lang='lat' dir='ltr'><strong>torum</strong></span> <span class='ocrx_word' id='word_1_690' title='bbox 429 5433 620 5488; x_wconf 71' lang='lat' dir='ltr'><strong>solatio</strong></span> <span class='ocrx_word' id='word_1_691' title='bbox 641 5435 717 5504; x_wconf 78' lang='lat' dir='ltr'><strong>(id</strong></span> <span class='ocrx_word' id='word_1_692' title='bbox 742 5444 845 5498; x_wconf 82' lang='lat' dir='ltr'><strong>est,</strong></span> <span class='ocrx_word' id='word_1_693' title='bbox 861 5431 1130 5501; x_wconf 86' lang='lat' dir='ltr'><strong>adjutorio</strong></span> <span class='ocrx_word' id='word_1_694' title='bbox 1148 5430 1400 5504; x_wconf 78' lang='lat' dir='ltr'><strong>aliorum,</strong></span> <span class='ocrx_word' id='word_1_695' title='bbox 1421 5437 1544 5495; x_wconf 87' lang='lat' dir='ltr'><strong>puta</strong></span> <span class='ocrx_word' id='word_1_696' title='bbox 1565 5423 1832 5504; x_wconf 76' lang='lat' dir='ltr'><strong>doctrina,</strong></span> 
     </span>
    </p>
   </div>
   <div class='ocr_carea' id='block_1_108' title="bbox 238 5494 1840 5571">
    <p class='ocr_par' dir='ltr' id='par_1_108' title="bbox 238 5494 1840 5571">
     <span class='ocr_line' id='line_1_108' title="bbox 238 5494 1840 5571; baseline -0.005 -17"><span class='ocrx_word' id='word_1_697' title='bbox 238 5503 516 5570; x_wconf 64' lang='lat' dir='ltr'><strong>teneritplo,</strong></span> <span class='ocrx_word' id='word_1_698' title='bbox 544 5494 1062 5569; x_wconf 67' lang='lat' dir='ltr'><strong>oraiionei&#39;ratrum)</strong></span> <span class='ocrx_word' id='word_1_699' title='bbox 1075 5504 1194 5571; x_wconf 82' lang='lat' dir='ltr'><strong>jam</strong></span> <span class='ocrx_word' id='word_1_700' title='bbox 1211 5501 1345 5551; x_wconf 79' lang='lat' dir='ltr'><strong>docti</strong></span> <span class='ocrx_word' id='word_1_701' title='bbox 1373 5494 1693 5571; x_wconf 81' lang='lat' dir='ltr'><strong>pugnare,_et</strong></span> <span class='ocrx_word' id='word_1_702' title='bbox 1716 5494 1840 5547; x_wconf 82' lang='lat' dir='ltr'><strong>bene</strong></span> 
     </span>
    </p>
   </div>
   <div class='ocr_carea' id='block_1_109' title="bbox 239 5567 1844 5643">
    <p class='ocr_par' dir='ltr' id='par_1_109' title="bbox 239 5567 1844 5643">
     <span class='ocr_line' id='line_1_109' title="bbox 239 5567 1844 5643; baseline -0.004 -16"><span class='ocrx_word' id='word_1_703' title='bbox 239 5567 510 5632; x_wconf 64' lang='lat' dir='ltr'><strong>instructi.</strong></span> <span class='ocrx_word' id='word_1_704' title='bbox 549 5581 782 5643; x_wconf 75' lang='lat' dir='ltr'><strong>fraterna</strong></span> <span class='ocrx_word' id='word_1_705' title='bbox 819 5591 889 5629; x_wconf 77' lang='lat' dir='ltr'><strong>ea:</strong></span> <span class='ocrx_word' id='word_1_706' title='bbox 931 5567 1152 5643; x_wconf 47' lang='lat' dir='ltr'><strong>acie&#39;lid</strong></span> <span class='ocrx_word' id='word_1_707' title='bbox 1190 5579 1294 5643; x_wconf 76' lang='lat' dir='ltr'><strong>est.</strong></span> <span class='ocrx_word' id='word_1_708' title='bbox 1335 5567 1754 5643; x_wconf 78' lang='lat' dir='ltr'><strong>congregatione</strong></span> <span class='ocrx_word' id='word_1_709' title='bbox 1785 5572 1844 5620; x_wconf 86' lang='lat' dir='ltr'><strong>et</strong></span> 
     </span>
    </p>
   </div>
   <div class='ocr_carea' id='block_1_110' title="bbox 238 5640 1842 5710">
    <p class='ocr_par' dir='ltr' id='par_1_110' title="bbox 238 5640 1842 5710">
     <span class='ocr_line' id='line_1_110' title="bbox 238 5640 1842 5710; baseline -0.007 -10"><span class='ocrx_word' id='word_1_710' title='bbox 238 5640 806 5700; x_wconf 50' lang='lat' dir='ltr'><strong>consortio&#39;fmtrum</strong></span> <span class='ocrx_word' id='word_1_711' title='bbox 853 5640 1367 5710; x_wconf 74' lang='lat' dir='ltr'><strong>commilitantium)</strong></span> <span class='ocrx_word' id='word_1_712' title='bbox 1411 5642 1478 5693; x_wconf 82' lang='lat' dir='ltr'><strong>ad</strong></span> <span class='ocrx_word' id='word_1_713' title='bbox 1523 5640 1842 5710; x_wconf 81' lang='lat' dir='ltr'><strong>singularem</strong></span> 
     </span>
    </p>
   </div>
   <div class='ocr_carea' id='block_1_111' title="bbox 245 5712 1846 5786">
    <p class='ocr_par' dir='ltr' id='par_1_111' title="bbox 245 5712 1846 5786">
     <span class='ocr_line' id='line_1_111' title="bbox 245 5712 1846 5786; baseline -0.004 -20"><span class='ocrx_word' id='word_1_714' title='bbox 245 5731 476 5784; x_wconf 72' lang='lat' dir='ltr'><strong>pugnam</strong></span> <span class='ocrx_word' id='word_1_715' title='bbox 503 5719 681 5782; x_wconf 77' lang='lat' dir='ltr'><strong>eremi,</strong></span> <span class='ocrx_word' id='word_1_716' title='bbox 704 5719 874 5770; x_wconf 72' lang='lat' dir='ltr'><strong>securi</strong></span> <span class='ocrx_word' id='word_1_717' title='bbox 895 5719 1006 5786; x_wconf 72' lang='lat' dir='ltr'><strong>iam</strong></span> <span class='ocrx_word' id='word_1_718' title='bbox 1025 5714 1135 5766; x_wconf 76' lang='lat' dir='ltr'><strong>sine</strong></span> <span class='ocrx_word' id='word_1_719' title='bbox 1155 5713 1527 5786; x_wconf 64' lang='lat' dir='ltr'><strong>consolatione,</strong></span> <span class='ocrx_word' id='word_1_720' title='bbox 1551 5712 1664 5786; x_wconf 76' lang='lat' dir='ltr'><strong>sola</strong></span> <span class='ocrx_word' id='word_1_721' title='bbox 1687 5721 1846 5786; x_wconf 63' lang='lat' dir='ltr'><strong>manu</strong></span> 
     </span>
    </p>
   </div>
   <div class='ocr_carea' id='block_1_112' title="bbox 241 5776 1843 5858">
    <p class='ocr_par' dir='ltr' id='par_1_112' title="bbox 241 5776 1843 5858">
     <span class='ocr_line' id='line_1_112' title="bbox 241 5776 1843 5858; baseline -0.005 -19"><span class='ocrx_word' id='word_1_722' title='bbox 241 5776 345 5858; x_wconf 65' lang='grc' dir='ltr'><strong>ὺιῖ</strong></span> <span class='ocrx_word' id='word_1_723' title='bbox 369 5787 577 5841; x_wconf 73' lang='lat' dir='ltr'><strong>brachio</strong></span> <span class='ocrx_word' id='word_1_724' title='bbox 622 5776 702 5858; x_wconf 81' lang='lat' dir='ltr'><strong>(id</strong></span> <span class='ocrx_word' id='word_1_725' title='bbox 755 5799 861 5851; x_wconf 70' lang='lat' dir='ltr'><strong>est,</strong></span> <span class='ocrx_word' id='word_1_726' title='bbox 896 5776 1139 5854; x_wconf 63' lang='lat' dir='ltr'><strong>&#39;propria</strong></span> <span class='ocrx_word' id='word_1_727' title='bbox 1186 5786 1384 5858; x_wconf 75' lang='lat' dir='ltr'><strong>virtute</strong></span> <span class='ocrx_word' id='word_1_728' title='bbox 1415 5776 1843 5858; x_wconf 73' lang='lat' dir='ltr'><strong>etfortitudine)</strong></span> 
     </span>
    </p>
   </div>
   <div class='ocr_carea' id='block_1_113' title="bbox 242 5851 1843 5924">
    <p class='ocr_par' dir='ltr' id='par_1_113' title="bbox 242 5851 1843 5924">
     <span class='ocr_line' id='line_1_113' title="bbox 242 5851 1843 5924; baseline -0.006 -12"><span class='ocrx_word' id='word_1_729' title='bbox 242 5857 362 5912; x_wconf 66' lang='lat' dir='ltr'><strong>lico</strong></span> <span class='ocrx_word' id='word_1_730' title='bbox 384 5851 677 5916; x_wconf 61' lang='lat' dir='ltr'><strong>auxiliante</strong></span> <span class='ocrx_word' id='word_1_731' title='bbox 703 5869 885 5913; x_wconf 83' lang='lat' dir='ltr'><strong>contra</strong></span> <span class='ocrx_word' id='word_1_732' title='bbox 928 5851 1123 5924; x_wconf 60' lang='lat' dir='ltr'><strong>carnis,</strong></span> <span class='ocrx_word' id='word_1_733' title='bbox 1156 5855 1334 5912; x_wconf 83' lang='lat' dir='ltr'><strong>mundi</strong></span> <span class='ocrx_word' id='word_1_734' title='bbox 1361 5865 1408 5910; x_wconf 81' lang='lat' dir='ltr'><strong>et</strong></span> <span class='ocrx_word' id='word_1_735' title='bbox 1447 5851 1643 5908; x_wconf 79' lang='lat' dir='ltr'><strong>diaboli</strong></span> <span class='ocrx_word' id='word_1_736' title='bbox 1676 5861 1843 5906; x_wconf 82' lang='lat' dir='ltr'><strong>tenta-</strong></span> 
     </span>
    </p>
   </div>
   <div class='ocr_carea' id='block_1_114' title="bbox 1943 5411 3526 5483">
    <p class='ocr_par' dir='ltr' id='par_1_114' title="bbox 1943 5411 3526 5483">
     <span class='ocr_line' id='line_1_114' title="bbox 1943 5411 3526 5483; baseline -0.006 -8"><span class='ocrx_word' id='word_1_737' title='bbox 1943 5411 2243 5475; x_wconf 75' lang='lat' dir='ltr'><strong>doctritiatn</strong></span> <span class='ocrx_word' id='word_1_738' title='bbox 2275 5415 2334 5470; x_wconf 90' lang='lat' dir='ltr'><strong>S.</strong></span> <span class='ocrx_word' id='word_1_739' title='bbox 2379 5411 2599 5468; x_wconf 71' lang='lat' dir='ltr'><strong>&#39;I&#39;liomm</strong></span> <span class='ocrx_word' id='word_1_740' title='bbox 2635 5415 2885 5483; x_wconf 86' lang='lat' dir='ltr'><strong>superius</strong></span> <span class='ocrx_word' id='word_1_741' title='bbox 2917 5412 3137 5464; x_wconf 75' lang='lat' dir='ltr'><strong>relatam</strong></span> <span class='ocrx_word' id='word_1_742' title='bbox 3168 5411 3273 5480; x_wconf 75' lang='lat' dir='ltr'><strong>(Ad</strong></span> <span class='ocrx_word' id='word_1_743' title='bbox 3304 5427 3420 5482; x_wconf 84' lang='lat' dir='ltr'><strong>cap.</strong></span> <span class='ocrx_word' id='word_1_744' title='bbox 3445 5412 3526 5481; x_wconf 83' lang='lat'><strong>6),</strong></span> 
     </span>
    </p>
   </div>
   <div class='ocr_carea' id='block_1_115' title="bbox 1946 5483 3533 5562">
    <p class='ocr_par' dir='ltr' id='par_1_115' title="bbox 1946 5483 3533 5562">
     <span class='ocr_line' id='line_1_115' title="bbox 1946 5483 3533 5562; baseline -0.004 -18"><span class='ocrx_word' id='word_1_745' title='bbox 1946 5505 2045 5562; x_wconf 90' lang='lat' dir='ltr'><strong>qua</strong></span> <span class='ocrx_word' id='word_1_746' title='bbox 2075 5490 2233 5562; x_wconf 86' lang='lat' dir='ltr'><strong>docet</strong></span> <span class='ocrx_word' id='word_1_747' title='bbox 2277 5487 2469 5562; x_wconf 77' lang='lat' dir='ltr'><strong>quibus</strong></span> <span class='ocrx_word' id='word_1_748' title='bbox 2501 5490 2787 5562; x_wconf 75' lang='lat' dir='ltr'><strong>conveniat</strong></span> <span class='ocrx_word' id='word_1_749' title='bbox 2817 5485 2923 5562; x_wconf 82' lang='lat' dir='ltr'><strong>vita</strong></span> <span class='ocrx_word' id='word_1_750' title='bbox 2965 5483 3236 5546; x_wconf 80' lang='lat' dir='ltr'><strong>solitaria,</strong></span> <span class='ocrx_word' id='word_1_751' title='bbox 3281 5491 3333 5536; x_wconf 91' lang='lat' dir='ltr'><strong>et</strong></span> <span class='ocrx_word' id='word_1_752' title='bbox 3368 5497 3533 5562; x_wconf 81' lang='lat' dir='ltr'><strong>quam</strong></span> 
     </span>
    </p>
   </div>
   <div class='ocr_carea' id='block_1_116' title="bbox 1947 5556 3535 5633">
    <p class='ocr_par' dir='ltr' id='par_1_116' title="bbox 1947 5556 3535 5633">
     <span class='ocr_line' id='line_1_116' title="bbox 1947 5556 3535 5633; baseline -0.008 -16"><span class='ocrx_word' id='word_1_753' title='bbox 1947 5556 2408 5633; x_wconf 76' lang='lat' dir='ltr'><strong>pericttlommsit</strong></span> <span class='ocrx_word' id='word_1_754' title='bbox 2437 5557 2708 5633; x_wconf 74' lang='lat' dir='ltr'><strong>inductos,</strong></span> <span class='ocrx_word' id='word_1_755' title='bbox 2738 5565 2794 5610; x_wconf 89' lang='lat' dir='ltr'><strong>et</strong></span> <span class='ocrx_word' id='word_1_756' title='bbox 2825 5558 3178 5633; x_wconf 54' lang='lat' dir='ltr'><strong>inexpertos,</strong></span> <span class='ocrx_word' id='word_1_757' title='bbox 3213 5562 3270 5607; x_wconf 90' lang='lat' dir='ltr'><strong>et</strong></span> <span class='ocrx_word' id='word_1_758' title='bbox 3297 5556 3535 5633; x_wconf 63' lang='lat' dir='ltr'><strong>nondum</strong></span> 
     </span>
    </p>
   </div>
   <div class='ocr_carea' id='block_1_117' title="bbox 1951 5623 3538 5698">
    <p class='ocr_par' dir='ltr' id='par_1_117' title="bbox 1951 5623 3538 5698">
     <span class='ocr_line' id='line_1_117' title="bbox 1951 5623 3538 5698; baseline -0.006 -10"><span class='ocrx_word' id='word_1_759' title='bbox 1951 5623 2004 5688; x_wconf 81' lang='lat' dir='ltr'><strong>in</strong></span> <span class='ocrx_word' id='word_1_760' title='bbox 2026 5631 2185 5685; x_wconf 77' lang='lat' dir='ltr'><strong>hellis</strong></span> <span class='ocrx_word' id='word_1_761' title='bbox 2207 5629 2578 5698; x_wconf 82' lang='lat' dir='ltr'><strong>spiritualihus</strong></span> <span class='ocrx_word' id='word_1_762' title='bbox 2599 5629 2730 5680; x_wconf 84' lang='lat' dir='ltr'><strong>satis</strong></span> <span class='ocrx_word' id='word_1_763' title='bbox 2751 5629 3107 5690; x_wconf 84' lang='lat' dir='ltr'><strong>exercitatos,</strong></span> <span class='ocrx_word' id='word_1_764' title='bbox 3130 5625 3295 5678; x_wconf 88' lang='lat' dir='ltr'><strong>vitam</strong></span> <span class='ocrx_word' id='word_1_765' title='bbox 3314 5623 3538 5693; x_wconf 83' lang='lat' dir='ltr'><strong>aggredi</strong></span> 
     </span>
    </p>
   </div>
   <div class='ocr_carea' id='block_1_118' title="bbox 1950 5699 2714 5760">
    <p class='ocr_par' dir='ltr' id='par_1_118' title="bbox 1950 5699 2714 5760">
     <span class='ocr_line' id='line_1_118' title="bbox 1950 5699 2714 5760; baseline -0.013 0"><span class='ocrx_word' id='word_1_766' title='bbox 1950 5702 2250 5760; x_wconf 82' lang='lat' dir='ltr'><strong>solitariam</strong></span> <span class='ocrx_word' id='word_1_767' title='bbox 2281 5710 2336 5754; x_wconf 89' lang='lat' dir='ltr'><strong>et</strong></span> <span class='ocrx_word' id='word_1_768' title='bbox 2360 5699 2714 5753; x_wconf 80' lang='lat' dir='ltr'><strong>eretniticatu.</strong></span> 
     </span>
    </p>
   </div>
   <div class='ocr_carea' id='block_1_119' title="bbox 2022 5766 3535 5842">
    <p class='ocr_par' dir='ltr' id='par_1_119' title="bbox 2022 5766 3535 5842">
     <span class='ocr_line' id='line_1_119' title="bbox 2022 5766 3535 5842; baseline -0.005 -16"><span class='ocrx_word' id='word_1_769' title='bbox 2022 5783 2048 5812; x_wconf 82' lang='grc' dir='ltr'>ι</span> <span class='ocrx_word' id='word_1_770' title='bbox 2072 5773 2127 5826; x_wconf 91' lang='lat' dir='ltr'><strong>ld</strong></span> <span class='ocrx_word' id='word_1_771' title='bbox 2151 5784 2252 5837; x_wconf 85' lang='lat' dir='ltr'><strong>est,</strong></span> <span class='ocrx_word' id='word_1_772' title='bbox 2277 5770 2707 5835; x_wconf 83' lang='lat' dir='ltr'><strong>diuturnitatem,</strong></span> <span class='ocrx_word' id='word_1_773' title='bbox 2735 5767 3104 5842; x_wconf 68' lang='lat' dir='ltr'><strong>prolixitatem</strong></span> <span class='ocrx_word' id='word_1_774' title='bbox 3127 5777 3183 5824; x_wconf 89' lang='lat' dir='ltr'><strong>et</strong></span> <span class='ocrx_word' id='word_1_775' title='bbox 3209 5766 3535 5842; x_wconf 56' lang='lat' dir='ltr'><strong>molesﬁrrn.</strong></span> 
     </span>
    </p>
   </div>
   <div class='ocr_carea' id='block_1_120' title="bbox 2020 5837 3537 5912">
    <p class='ocr_par' dir='ltr' id='par_1_120' title="bbox 2020 5837 3537 5912">
     <span class='ocr_line' id='line_1_120' title="bbox 2020 5837 3537 5912; baseline -0.005 -14"><span class='ocrx_word' id='word_1_776' title='bbox 2020 5845 2047 5886; x_wconf 72' lang='grc' dir='ltr'>δ</span> <span class='ocrx_word' id='word_1_777' title='bbox 2082 5846 2136 5900; x_wconf 90' lang='lat' dir='ltr'><strong>Id</strong></span> <span class='ocrx_word' id='word_1_778' title='bbox 2163 5853 2267 5912; x_wconf 87' lang='lat' dir='ltr'><strong>est,</strong></span> <span class='ocrx_word' id='word_1_779' title='bbox 2297 5837 2821 5900; x_wconf 46' lang='lat' dir='ltr'><strong>animi‘morbus’ct</strong></span> <span class='ocrx_word' id='word_1_780' title='bbox 2854 5840 3215 5898; x_wconf 83' lang='lat' dir='ltr'><strong>infirmitates.</strong></span> <span class='ocrx_word' id='word_1_781' title='bbox 3251 5838 3351 5896; x_wconf 80' lang='lat' dir='ltr'><strong>Est</strong></span> <span class='ocrx_word' id='word_1_782' title='bbox 3391 5837 3537 5894; x_wconf 87' lang='lat' dir='ltr'><strong>enim</strong></span> 
     </span>
    </p>
   </div>
  </div>
