4044 6190
522 336 663 392 1168

1580 325 1863 383 JOANNIS
1900 323 2215 384 CASSIANI
2252 321 2740 418 COLLATIONES.

3669 342 3806 399 ίίιι

522 452 815 521 disputare,
870 447 957 517 qui
1007 461 1193 503 earum
1247 446 1393 515 prius
1441 458 1632 499 causas
1685 452 1847 513 atque
1873 443 2109 513 origines
2136 441 2304 511 Aqui
2351 441 2551 496 dudum
2606 458 2728 500 cum
2781 444 2878 501 tibi
2910 461 3017 501 nou
3046 444 3217 504 solum
3246 466 3485 509 summas
3531 458 3805 514 convicio-

520 539 895 613 a‘grotanlium
942 538 1272 594 conscientia
1316 544 1609 591 attestante
1665 535 2110 606 deprehenderit.

519 634 704 704 Itaque
733 633 856 687 licet
893 630 1134 684 doctrina
1168 630 1514 683 beatitudinis
1546 637 1653 683 tua:
1695 630 1976 683 vulnerum
2012 646 2108 683 no-

520 736 757 781 strorum
785 738 978 777 arcana
1037 722 1339 787 nudaverit,
1371 739 1475 793 quo
1500 722 1552 776 fit
1587 733 1641 777 ut
1668 737 1887 793 sperare
1910 722 2111 792 aliquid

521 824 682 874 etiam
713 818 779 870 de
812 816 1062 870 remediis
1090 816 1407 881 audeamus,
1450 819 1571 882 quia
1616 828 1721 870 tam
1758 818 1978 871 evidens
2012 817 2109 872 de-

522 912 747 966 claratin
780 910 949 965 morbi
984 926 1134 979 spem
1162 912 1383 964 remedii
1438 911 1751 979 pollicetur;
1787 922 1963 967 tamen
1989 914 2112 983 quia

522 1005 780 1073 primum,
809 1014 864 1055 ιιι
895 1003 973 1056 ais
995 1044 1008 1066 ,
1041 1005 1090 1056 iit
1133 1004 1641 1069 congregationibus
1688 1004 1896 1058 initium
1926 1008 2114 1060 salutis

524 1096 840 1164 acquiritur,
872 1107 922 1149 et
970 1095 1084 1148 sani
1110 1094 1160 1147 in
1206 1094 1497 1149 solizudine
1550 1110 1671 1150 esse
1703 1112 1808 1150 non
1865 1107 2114 1165 possunt,

524 1191 626 1245 nisi
681 1203 816 1258 quos
872 1188 1020 1257 prius
1079 1185 1452 1242 cmnobiorum
1505 1188 1767 1243 medicina
1820 1191 2113 1255 sanaverit,

526 1284 828 1351 perniciosa
912 1297 1123 1336 rursum
1172 1283 1550 1350 desperatione
1604 1281 1961 1349 concidimus,
2048 1299 2117 1338 ne

525 1377 666 1431 forte
708 1380 795 1446 qui
839 1374 1138 1445 imperfecti
1191 1377 1497 1430 cmnobiutn
1546 1376 1885 1446 reliquimus,
1914 1392 2115 1446 nequa-

526 1484 685 1537 quam
722 1471 832 1537 jam
858 1470 1078 1538 perfecti
1104 1485 1225 1522 esse
1248 1469 1299 1521 in
1325 1484 1511 1522 eremo
1538 1469 1811 1524 valeamus

1114 1560 1344 1615 CAPUT
1386 1560 1524 1616 XIV.

845 1655 1129 1724 Responsio
1151 1674 1307 1726 super
1328 1673 1503 1709 eorum
1533 1659 1801 1712 medicina.

598 1748 833 1804 Joannes
865 1768 877 1803 :
916 1750 989 1804 De
1014 1752 1325 1806 morborum
1378 1767 1601 1806 suorum
1659 1754 1941 1809 curatione
1972 1754 2117 1808 solli-

2217 551 2336 590 rum
2367 536 2716 602 acerbitates,
2747 553 2933 593 verum
2963 542 3123 595 etiam
3170 542 3504 601 intoleranda
3545 551 3809 621 supplicia

2216 626 2332 697 ipse
2348 644 2706 697 proponeres,
2739 631 2869 686 satis
2897 634 3126 688 validum
3157 645 3319 705 atque
3366 639 3433 694 ad
3464 658 3658 699 omnes
3690 663 3811 714 pro-

2218 722 2384 776 cellas
2411 722 2741 777 immobilem
2770 735 2821 779 te
2846 726 3151 783 credebas?
3180 730 3461 798 Quomodo
3493 736 3687 791 invicta
3721 740 3811 796 illa

2220 814 2474 881 patientia
2536 822 2625 868 tua
2672 814 2927 872 levissimi
2980 820 3126 874 verbi
3176 820 3491 891 prolusione
3541 824 3709 899 [Lips.
3760 832 3813 884 in

2219 923 2382 977 marg.
2444 907 2764 981 prolatione]
2787 910 3036 968 confossa
3087 917 3203 970 est?
3248 917 3531 984 Quomodo
3585 923 3809 983 domum

2217 1005 2362 1052 tuam
2391 1015 2555 1069 super
2578 1001 2720 1056 illam
2752 1004 3137 1061 solidissitnam
3188 1022 3393 1076 petram
3449 1023 3594 1069 tanta
3619 1028 3673 1072 ut
3706 1019 3804 1075 tibi

2216 1090 2501 1146 videbatur
2533 1094 2672 1149 mole
2712 1106 3079 1153 constructam
3107 1101 3242 1157 levis
3289 1119 3417 1161 aura
3468 1112 3809 1165 commovit?

2224 1184 2321 1240 Ubi
2345 1195 2428 1240 est
2460 1188 2584 1241 illud
2617 1191 2757 1259 quod
2784 1190 2928 1247 inani
2963 1194 3155 1251 fiducia
3192 1197 3471 1255 bellumin
3507 1218 3639 1269 pace
3667 1206 3815 1262 desi-

2220 1282 2415 1337 derans
2442 1285 2831 1353 proclatuahas,
2865 1288 3089 1345 Paratus
3109 1309 3221 1347 sum
3241 1303 3287 1347 et
3310 1312 3413 1348 non
3442 1314 3555 1351 sum
3574 1300 3815 1357 turbatus

2224 1374 2396 1445 (Psul.
2426 1378 2654 1447 cxvttt)?
2684 1379 2893 1435 Etcum
2929 1385 3188 1454 propheta
3226 1404 3369 1456 smpe
3400 1390 3583 1446 dixisti
3621 1411 3635 1445 :
3678 1398 3809 1449 Pro-

2223 1469 2283 1522 ba
2305 1486 2404 1535 me,
2454 1470 2692 1539 Domine,
2728 1484 2777 1528 et
2828 1485 2963 1530 tenta
3003 1496 3097 1545 me,
3132 1497 3224 1535 ure
3267 1500 3416 1537 renes
3460 1501 3597 1541 meos
3648 1500 3692 1541 et
3718 1506 3809 1543 cor

2224 1578 2388 1615 meum
2410 1564 2635 1635 (Psalm.
2668 1567 2877 1639 cxxv);
2916 1582 2969 1624 et
3006 1570 3181 1626 Proba
3209 1591 3307 1639 me,
3341 1576 3578 1645 Domine,
3610 1590 3659 1634 et
3684 1583 3807 1638 scite

2224 1671 2311 1709 cor
2340 1674 2529 1723 meum,
2561 1660 2819 1732 interroga
2867 1680 2969 1727 me,
2997 1677 3043 1719 et
3066 1682 3313 1737 cognosce
3340 1674 3547 1727 semitas
3577 1692 3740 1745 meas,
3764 1690 3813 1733 et

2222 1749 2337 1803 ride
2373 1752 2417 1804 si
2446 1755 2525 1806 via
2563 1755 2848 1824 iniquitatis
2892 1758 2944 1809 in
3002 1774 3080 1811 me
3114 1772 3187 1814 est
3233 1760 3465 1830 (Psatm.
3506 1773 3812 1842 curvus)?

526 1842 647 1897 citis
670 1843 964 1896 remedium
1010 1843 1249 1899 salutare
1303 1844 1494 1899 deesse
1547 1862 1650 1900 non
1704 1847 1927 1916 poterit,
1957 1858 2007 1901 et
2038 1847 2121 1901 id-
2150 1843 2505 1912 BQuomodo
2553 1846 2821 1915 ingentem
2871 1852 3185 1905 certaminis
3247 1869 3565 1925 apparatum
3619 1863 3815 1932 exigua

525 1936 671 1989 circo
711 1935 899 1988 eodem
943 1937 1105 1990 modo
1146 1952 1253 2005 quo
1309 1938 1731 2007 uniuscujusque
1769 1940 1880 1993 vitii
1922 1939 2116 2008 depre-

525 2031 1076 2096 hendunturindicia,
1117 2034 1277 2087 etiam
1334 2033 1571 2087 remedia
1622 2043 1747 2087 sunt
1802 2034 2111 2103 quaerenda.

525 2122 657 2178 Nam
701 2124 1152 2193 quemadmodum
1211 2125 1468 2179 solitariis
1539 2124 1786 2179 humana:
1829 2140 2117 2180 conversa-

527 2220 690 2274 tionis
736 2218 862 2273 vitia
891 2219 1130 2273 diximus
1159 2234 1264 2273 non
1296 2219 1508 2281 deesse,
1540 2218 1610 2272 ita
1645 2219 1895 2273 virtutum
1943 2217 2115 2271 studia

528 2322 581 2367 et
603 2312 959 2367 instrumenta
989 2312 1282 2366 Sanitatum
1305 2312 1557 2365 omnibus
1596 2312 1756 2365 etiam
1788 2311 1852 2363 ah
1883 2310 2116 2363 lmmana

528 2411 944 2465 conversatione
971 2408 1221 2463 discretis
1254 2422 1414 2476 posse
1454 2417 1742 2477 suppetere
1790 2422 1895 2459 non
1953 2418 2115 2475 nega-

531 2517 669 2556 mus.
722 2502 855 2555 Cum
890 2517 948 2554 se
998 2502 1158 2569 igitur
1189 2500 1540 2568 impatientia:
1568 2500 1680 2552 sive
1714 2500 1805 2551 irae
1839 2499 2120 2567 perturba-

532 2595 768 2649 tionibus
793 2593 1056 2648 incursari
1078 2594 1181 2645 illis
1203 2608 1323 2662 qua:
1354 2608 1515 2662 supra
1547 2592 1878 2647 ostendimus
1902 2592 2118 2647 indiciis

534 2688 906 2757 unusquisque
956 2686 1400 2752 deprehenderit,
1435 2687 1724 2741 contrariis
1766 2688 2117 2755 semetipsum

529 2798 747 2851 semper
792 2781 1194 2849 objectionibus
1240 2790 1642 2847 exerceat,“et
1682 2780 1972 2850 propositis
2015 2781 2118 2836 sibi

529 2873 865 2929 multimodis
920 2873 1231 2942 injuriarutn
1274 2872 1789 2942 dispendiorumqne
1830 2873 2119 2945 generibus

529 2969 673 3023 velut
702 2968 771 3021 ah
801 2968 906 3022 alio
936 2968 1154 3023 sibimet
1181 2967 1455 3038 irrogatis,
1506 2967 1831 3023 assuefaciat
1881 2976 2118 3023 mentem

528 3075 679 3115 suam
708 3061 762 3114 in
792 3060 1041 3114 omnibus
1058 3076 1175 3130 qua:
1208 3063 1406 3116 inferre
1452 3060 1767 3130 improbitas
1793 3074 1965 3129 poteSt
1998 3077 2120 3132 per-

531 3153 670 3209 fecta
703 3154 1005 3209 humilitate
1028 3155 1382 3209 succumbere
1408 3172 1421 3219 ;
1446 3164 1607 3224 atque
1633 3170 1821 3225 aspera
1844 3154 1945 3210 sibi
1974 3170 2121 3226 quae-

2222 1933 2390 1987 bostis
2422 1936 2608 1990 umbra
2637 1940 2931 1994 conterruit
2978 1938 3145 2012 [Lips.
3180 1945 3231 1997 in
3277 1963 3447 2020 marg.
3488 1952 3759 2025 contrivit]
3788 1954 3814 2008 ΐ

2220 2025 2330 2080 Tali
2388 2041 2517 2097 ergo
2574 2030 2921 2099 semetipsum
2978 2037 3413 2103 compunctionis
3471 2044 3813 2101 animadver-

2220 2120 2371 2175 sione
2399 2121 2790 2191 condemnans,
2817 2125 3037 2182 inultam
3067 2130 3232 2185 animi
3261 2134 3344 2186 sui
3376 2138 3816 2194 commatiuncu-

2222 2216 2326 2269 lam
2355 2231 2475 2272 esse
2498 2232 2605 2272 non
2627 2220 2788 2285 sinat,
2827 2221 2921 2276 Sed
2943 2225 3171 2280 arctiore
3193 2241 3410 2282 carnem
3436 2245 3589 2287 suam
3614 2233 3814 2304 jejunii

2220 2323 2283 2363 ac
2311 2308 2612 2379 vigiliarum
2658 2315 3002 2383 correptione
3027 2317 3319 2387 castigans,
3344 2337 3407 2377 ac
3427 2322 3640 2394 jngibus
3670 2341 3815 2382 con-

2222 2403 2461 2458 tinentite
2494 2406 2667 2473 pmnis
2708 2407 2921 2476 culpam
2961 2425 3074 2465 sua:
3106 2412 3413 2468 mobilitatis
3457 2418 3809 2489 excrucians,

2222 2494 2273 2549 id
2304 2497 2446 2566 quod
2492 2498 2557 2552 ad
2585 2501 2797 2566 plenum
2830 2517 3134 2573 excoquere
3159 2506 3207 2561 iu
3238 2507 3463 2562 cmuobii
3498 2524 3806 2566 conversa-

2221 2590 2370 2643 tione
2424 2590 2703 2658 debuerat,
2747 2595 2798 2648 in
2852 2595 3141 2652 solitudine
3170 2600 3483 2656 constitutus
3508 2600 3612 2656 hoc
3634 2618 3814 2659 exer-

2222 2682 2496 2739 citationis
2540 2684 2662 2756 igne
2694 2698 2994 2743 consumat.
3028 2690 3163 2745 illud
3192 2707 3325 2747 sane
3353 2693 3419 2748 ad
3457 2694 3811 2751 obtinendam

2216 2776 2403 2847 jugem
2428 2793 2491 2833 ac
2535 2778 2781 2835 stabilem
2835 2783 3146 2852 patientiam
3179 2797 3492 2842 constanter
3518 2801 3668 2858 atque
3696 2792 3806 2843 im-

2224 2872 2498 2927 mobiliter
2549 2887 2633 2928 est
2685 2877 2999 2946 tenendum,
3043 2894 3147 2932 non
3209 2879 3378 2936 licere
3417 2883 3569 2937 nobis
3614 2883 3811 2954 quibus

2221 2962 2342 3035 lege
2371 2965 2556 3021 divina
2586 2983 2691 3021 non
2721 2969 2897 3023 solum
2930 2972 3063 3026 ultio
3119 2971 3462 3045 injuriarum,
3512 2975 3603 3030 sed
3643 2977 3812 3031 etiam

2223 3060 2487 3114 memoria
2519 3061 2855 3129 prohibetur,
2888 3065 3177 3135 cujuslibet
3206 3065 3518 3124 detrimenti
3560 3071 3638 3125 vel
3690 3071 3819 3125 irri-

2223 3152 2441 3207 tationis
2488 3154 2711 3209 obtentu
2754 3156 2820 3209 ad
2869 3158 3201 3212 iracundiam
3259 3163 3609 3218 commoveri.
3654 3164 3817 3229 Quod

530 3262 633 3315 que
657 3256 711 3299 et
738 3246 1098 3300 intolerabilia
1133 3246 1443 3315 frequenter
1472 3261 1773 3317 opponens,
1805 3258 2006 3313 quanta
2036 3250 2115 3305 eis
2144 3249 2189 3312 C
2220 3245 2363 3300 enim
2408 3246 2599 3299 animae
2646 3248 2862 3315 gravius
2915 3258 3094 3317 potest
3136 3252 3356 3307 evenire
3422 3254 3791 3323 diapendium,

528 3355 815 3397 occurrere
852 3339 1047 3395 debeat
1070 3340 1290 3395 lenitate
1316 3340 1462 3394 omni
1482 3342 1686 3410 jugiter
1711 3339 1889 3395 cordis
1914 3342 2119 3395 contri-

531 3435 677 3487 tione
707 3431 1013 3487 meditetur.
1048 3433 1111 3487 Et
1158 3432 1227 3486 ita
1280 3432 1575 3502 respiciens
1630 3432 1695 3487 ad
1750 3434 1869 3487 illas
1902 3442 2116 3488 sancto-

530 3542 649 3581 rum
678 3526 919 3580 omnium
951 3526 1065 3581 sive
1093 3527 1261 3596 ipsius
1290 3527 1500 3581 Domini
1534 3528 1836 3593 passiones,
1862 3528 2113 3581 universa

531 3634 635 3675 non
668 3620 840 3673 solum
863 3619 1255 3685 conviciorum,
1281 3619 1373 3673 sed
1400 3620 1560 3674 etiam
1588 3634 1868 3689 poenarum
1892 3634 2110 3689 genera,

532 3712 783 3768 inferiora
824 3713 1030 3768 meritis
1062 3713 1172 3766 suis
1198 3727 1317 3767 esse
1362 3714 1736 3781 pronuntians,
1784 3713 1850 3768 ad
1899 3727 2111 3767 omnem

531 3822 588 3861 se
635 3808 879 3862 dolorum
925 3807 1261 3861 tolerantiam
1311 3807 1656 3875 praeparabit.
1716 3805 1961 3875 Cumque
2013 3806 2112 3860 ali-

531 3901 743 3969 quando
765 3900 831 3953 ad
863 3910 1036 3955 cmtus
1086 3898 1317 3951 fratrum
1367 3899 1548 3969 aliqua
1599 3901 1758 3955 fuerit
1796 3900 2117 3956 invitatione

530 4004 835 4058 revocatus,
870 3990 1128 4060 quodnon
1157 4000 1335 4053 potest
1372 3992 1456 4047 vel
1489 4009 1611 4048 raro
1627 3994 1788 4049 etiam
1822 3994 2118 4050 diSiriCliS-

530 4083 682 4139 simis
732 4084 903 4139 eremi
956 4083 1155 4136 accolis
1220 4084 1532 4154 provenire,
1578 4088 1622 4141 si
1670 4096 1904 4141 mentem
1964 4101 2115 4139 suam

528 4176 688 4230 etiam
730 4189 826 4244 pro
884 4174 1093 4229 levibus
1122 4176 1422 4247 quibusque
1474 4180 1634 4233 rebus
1693 4177 2115 4246 deprehenderit

530 4267 688 4321 tacita
714 4266 1045 4322 conscientia
1065 4268 1231 4324 fuisse
1248 4281 1594 4336 commotam,
1612 4282 1669 4325 ut
1692 4270 1907 4337 quidam
1935 4269 2115 4323 occul-

529 4370 702 4415 torum
732 4373 969 4414 mutuum
989 4363 1365 4418 severissimus
1385 4378 1601 4427 censor,
1620 4377 1741 4416 mox
1763 4360 1866 4414 sibi
1896 4359 1986 4413 illa
2016 4359 2111 4412 du-

528 4455 739 4509 rissima
765 4454 1081 4524 iniuriarum
1132 4472 1331 4525 genera
1363 4456 1555 4525 quibus
1600 4453 1665 4507 ad
1697 4450 1992 4521 perfectam
2027 4460 2113 4504 to-

526 4552 805 4606 lerantiam
865 4552 1219 4621 semetipsum
1278 4550 1604 4621 quotidianis
1674 4546 2113 4601 meditationibus

2220 3350 2379 3406 quam
2448 3345 2502 3388 ut
2557 3350 2653 3404 per
2701 3340 3077 3393 commOtionis
3105 3341 3336 3396 subitam
3367 3347 3671 3402 caecitatem
3698 3349 3819 3403 veri

2217 3437 2373 3496 atque
2401 3429 2587 3481 aeterni
2639 3428 2855 3483 luminis
2902 3431 3149 3486 claritate
3180 3434 3414 3499 privata,
3448 3438 3518 3489 ab
3546 3438 3696 3493 illius
3720 3440 3824 3510 qui

2218 3522 2363 3576 mitis
2383 3528 2438 3574 et
2464 3518 2679 3573 humilis
2700 3528 2783 3574 est
2809 3522 2976 3577 corde
3008 3524 3467 3590 contemplatione
3514 3529 3828 3587 discedat?

2215 3611 2377 3679 Quid,
2409 3626 2564 3681 rogo,
2590 3610 2970 3681 perniciosius,
2990 3614 3184 3685 quidve
3201 3614 3526 3683 deformius,
3557 3635 3726 3690 quam
3765 3634 3826 3679 ut

2216 3707 2336 3777 quis
2364 3706 2663 3762 honestatis
2709 3707 2968 3777 judicium
3011 3719 3065 3764 et
3093 3710 3333 3780 regulam
3367 3726 3433 3766 ac
3462 3712 3819 3784 disciplinam

2218 3812 2382 3857 recta:
2428 3802 2777 3859 discretionis
2830 3804 3060 3870 amittat,
3114 3816 3166 3859 et
3193 3820 3254 3859 ea
3294 3821 3464 3861 sanus
3494 3824 3558 3863 ac
3596 3811 3818 3867 sobrius

2221 3902 2496 3963 perpetret
2527 3910 2645 3964 qu
2677 3909 2776 3951 nec
2803 3897 3125 3951 temulentus
3154 3896 3369 3966 quidem
3405 3899 3522 3968 quis
3553 3915 3614 3954 ac
3644 3916 3816 3957 sensu

2222 3988 2472 4058 indigens
2510 3987 2850 4043 veniabiiiter
2886 3989 3234 4044 admisisset?
3277 3989 3403 4046 Haec
3452 4006 3583 4063 ergo
3623 4004 3675 4048 et
3702 4010 3818 4048 ca:-

2224 4091 2338 4135 tcra
2393 4080 2478 4133 his
2529 4080 2723 4133 similia
2778 4080 3104 4135 detrimenta
3153 4080 3395 4151 quisquis
3440 4086 3810 4152 perpenderit,

2220 4189 2327 4226 non
2366 4171 2540 4226 solum
2597 4171 2844 4225 universa
2903 4172 3224 4228 damnorum
3259 4190 3478 4245 genera,
3511 4178 3609 4232 sed
3646 4179 3813 4233 etiam

2218 4266 2537 4335 injuriarum
2586 4274 2748 4334 atque
2790 4280 3073 4335 pmnarum
3129 4284 3482 4340 quaecumque
3531 4282 3813 4340 possunt:

2215 4355 2606 4413 crudelissimis
2636 4356 2881 4426 irrogari,
2914 4358 3056 4414 facili
3086 4362 3481 4417 sustentatione
3518 4362 3806 4431 despiciet,

2216 4450 2348 4506 nihil
2380 4450 2778 4518 diSpendiosius
2832 4451 3110 4507 iracundia
3161 4469 3260 4509 nec
3298 4454 3575 4523 pretiosius
3630 4455 3804 4508 animi

2217 4540 2609 4611 tranquillitate
2631 4557 2693 4597 ac
2721 4552 2978 4613 perpetua
3013 4545 3193 4601 cordis
3233 4547 3315 4601 sui
3366 4546 3603 4615 judicans
3652 4548 3809 4615 puri-

524 4645 803 4700 exercebat
850 4646 1169 4714 exprobret,
1224 4656 1382 4714 atque
1414 4644 1481 4696 ita
1516 4658 1576 4696 se
1627 4642 1915 4711 objurgans
1943 4652 1996 4696 et
2025 4642 2106 4695 in-
2138 4630 2189 4688 D
2218 4649 2345 4701 tate,
2376 4639 2447 4693 ob
2478 4652 2637 4706 quam
2662 4653 2767 4691 non
2798 4639 2972 4693 solum
3019 4640 3334 4709 carnalium,
3377 4642 3470 4697 sed
3498 4640 3659 4695 etiam
3686 4640 3811 4695 illa-

523 4754 751 4807 crepans
776 4739 1079 4808 alloquatur
1108 4757 1120 4791 :
1151 4737 1299 4791 Tune
1327 4737 1413 4789 ille
1444 4750 1499 4788 es
1536 4735 1675 4789 bone
1729 4735 1831 4798 vir,
1860 4734 1952 4804 qui
1981 4735 2107 4790 dum

524 4838 575 4885 te
608 4832 661 4885 in
691 4831 778 4885 illa
836 4831 1142 4886 solitudinis
1199 4838 1301 4882 tute
1355 4841 1641 4882 exerceres
1684 4828 2105 4897 palmstra,_om-

524 4925 611 4980 nia
629 4934 1003 4996 superaturum
1048 4922 1186 4976 mala
1230 4919 1669 4975 constantissime
1712 4920 2103 4991 praesumchas,

2218 4749 2335 4788 rum
2366 4748 2490 4804 quae
2519 4734 2792 4802 Spiritales
2832 4734 3105 4799 videntur,
3147 4751 3327 4789 rerqu
3352 4734 3654 4805 spernenda
3682 4746 3809 4790 sunt

2217 4825 2524 4891 commoda,
2579 4826 2623 4879 si
2673 4826 2803 4880 alias
2859 4828 3064 4896 acquiri
3121 4828 3201 4882 vel
3251 4828 3459 4897 perfici,
3519 4828 3622 4882 nisi
3680 4843 3804 4882 cum

2217 4922 2375 4991 hujus
2404 4922 2809 4993 tranquillitatis
2835 4922 3242 4992 perturbatione
3273 4938 3378 4977 non
3404 4930 3643 4992 possunt.

1575 5059 1827 5115 ALARDI
1870 5060 2101 5116 GAZIEI
2140 5060 2703 5119 COMMENTARIUS.

518 5158 772 5213 valetudo
826 5154 1145 5213 vocabulum
1190 5169 1412 5221 anceps,
1462 5164 1521 5209 ut
1567 5154 1701 5208 alias
1749 5155 1948 5207 dictum
1992 5165 2095 5206 est.

590 5238 615 5267 ⁸
647 5228 822 5283 Minus
877 5229 1034 5288 enim,
1089 5230 1159 5281 ait
1209 5226 1269 5281 Β.
1330 5227 1621 5294 Gregorius
1670 5223 1899 5296 (Ηοηηι.
1944 5225 2013 5280 55
2048 5227 2100 5279 in

514 5298 767 5372 Erang.),
788 5298 968 5371 jacuta
999 5300 1188 5370 feriunt
1213 5315 1327 5372 qua:
1354 5298 1734 5372 praevidentur;
1778 5306 1826 5349 et
1856 5313 1945 5372 nos
1975 5298 2101 5349 tole-

512 5369 733 5426 rabilius
774 5369 951 5425 mundi
998 5369 1135 5425 mata
1181 5371 1507 5438 suscipimus,
1536 5371 1581 5421 si
1630 5378 1807 5419 contra
1854 5369 1962 5421 Itazc
2010 5383 2102 5437 per

510 5444 848 5513 prrescientia:
923 5444 1157 5511 clypeum
1226 5441 1506 5513 muniatur.
1570 5439 1699 5513 Eant
1738 5440 1828 5513 ob
1883 5454 2097 5513 causam

511 5507 762 5569 Christus
791 5528 913 5567 cum
938 5507 1060 5566 aiiis
1102 5528 1210 5567 tum
1266 5512 1526 5579 apostolis
1568 5511 1620 5563 in
1670 5507 1856 5578 primis
1890 5508 2099 5562 futuras

456 5632 467 5647 ,
510 5585 919 5649 persecutiones
969 5595 1220 5636 accurate
1269 5583 1535 5647 praedixit.
1594 5590 1651 5633 tit
1697 5596 1763 5634 ne
1812 5588 2096 5648 postquam

510 5651 817 5700 evenissent
856 5659 948 5702 aut
975 5654 1473 5704 scandalizat-enim
1503 5662 1593 5703 aut
1623 5652 2097 5704 conturbarentur.

511 5713 674 5783 ﬂare,
709 5717 900 5780 inquit,
932 5718 1130 5769 locutus
1158 5735 1270 5771 sum
1295 5720 1433 5771 vobis
1456 5760 1471 5783 ,
1505 5733 1560 5773 ut
1587 5736 1687 5771 non
1709 5722 2102 5773 scandalizemi-

510 5781 565 5856 ni
581 5779 1093 5856 :.-tbsque_fynggogis
1107 5787 1292 5856 facient
1307 5779 1522 5856 vogreic.
1541 5786 1721 5856 (Joan.
1739 5796 1872 5853 xvi).
1892 5791 2093 5845 Eiidem

513 5851 763 5907 spectans
800 5846 864 5898 ομ
914 5846 1193 5912 (ζιιιῖγεόει.
1237 5854 1455 5907 homilia
1493 5846 1560 5909 de
1584 5846 1860 5911 Avaritia:
1895 5858 2090 5927 Rebus,

2210 5156 2402 5225 inquit,
2436 5157 2695 5225 prosperis
2725 5165 2982 5231 exspectes
3029 5158 3291 5214 adversas.
3326 5160 3393 5213 In
3423 5160 3804 5231 tranquilutate

2207 5236 2558 5302 tempestatem
2585 5237 2844 5297 exspecta,
2876 5230 2927 5280 in
2956 5231 3172 5283 sanitate
3190 5232 3420 5284 morbum
3443 5230 3683 5302 exspecta
3707 5248 3726 5295 ς
3748 5235 3800 5285 in

2207 5298 2396 5350 divitiis
2450 5308 2807 5370 paupertatem
2855 5315 2915 5351 ac
2960 5302 3334 5356 mendicitatem
3381 5298 3636 5370 exspecta.
3691 5302 3802 5356 Me-

2206 5378 2397 5445 mento,
2434 5370 2605 5437 inquit
2648 5368 2946 5445 Scriptura
2975 5370 3199 5445 (Eccles.
3260 5373 3434 5443 xviri),
3472 5368 3691 5445 tempus
3720 5375 3799 5443 fa-

2207 5441 2384 5515 ξηὶεῂᾒηΔ
2410 5451 2633 5515 tempore
2661 5440 3015 5515 abundantite,
3042 5440 3418 5497 mendicitatem
3449 5454 3496 5497 et
3524 5440 3797 5515 egestatem

2206 5510 2257 5562 in
2284 5512 2460 5585 diebus
2493 5510 2788 5585 opulentae.
2819 5511 2899 5565 Ad
2919 5513 3285 5585 ltuttcmodum
3305 5516 3349 5567 si
3377 5516 3536 5585 fueris
3554 5510 3795 5583 amvi-tus,

2207 5590 2314 5633 tum
2347 5591 2393 5634 et
2420 5582 2623 5635 divitias
2664 5584 2829 5638 multa
2854 5600 2968 5637 cum
2995 5584 3263 5640 sobrietate
3299 5582 3724 5651 administrabis;
3748 5582 3796 5641 et

2209 5661 2504 5729 egestatem,
2538 5654 2581 5705 si
2608 5655 2821 5717 incidat,
2847 5656 3117 5729 [artissime
3156 5659 3397 5729 perferes.
3431 5656 3631 5711 Malum
3656 5657 3788 5729 enim

2204 5722 2614 5788 inexspectatum
2662 5722 2977 5794 perturbabit
3021 5722 3271 5793 anim-um,
3303 5731 3347 5782 si
3393 5730 3604 5782 incidat.
3637 5726 3788 5794 Quod

2200 5798 2904 5866 autem_eajspectabatur,si
2958 5800 3179 5862 accidat,
3210 5817 3311 5854 non
3363 5799 3583 5855 multum
3635 5798 3787 5866 affert

2198 5862 2620 5930 perturbationis.
