4044 6190
192 440 332 500 “ob

786 558 1014 616 CAPUT
1038 559 1154 617 XV.

190 649 572 726 Interrogatio,
597 669 664 707 an
696 652 769 706 ita
821 654 1028 708 castitas
1055 655 1189 708 sicut
1209 666 1256 708 et
1280 663 1476 709 cratera
1515 657 1780 726 passiones

758 745 939 800 debeat
967 746 1252 815 explorari.

271 839 787 897 GermanuszSicut
847 850 1162 894 ceterorum
1224 840 1527 902 vulnerum,
1583 841 1632 895 id
1677 852 1778 905 est,

193 931 313 998 irae,
346 932 573 988 tristitiae
603 932 688 987 vel
717 932 1088 1001 impatientizc,
1141 947 1236 1001 per
1265 933 1624 1002 objectiouem
1654 949 1782 988 con-

193 1027 482 1080 trariarum
503 1039 679 1078 rerum
703 1022 913 1078 medela
939 1031 1232 1078 monstrata
1247 1034 1351 1087 881,
1368 1024 1439 1078 ita
1462 1026 1623 1079 etiam
1653 1040 1781 1079 con-

192 1126 275 1170 tra
302 1116 545 1184 spiritum
572 1115 936 1170 fornicationis
973 1115 1115 1186 quod
1147 1117 1444 1171 curationis
1483 1134 1656 1186 genus
1682 1133 1782 1174 nos

191 1218 442 1279 oporteat
481 1210 738 1264 adbibere
785 1209 1032 1265 volumus
1077 1211 1316 1279 edoceri,
1349 1211 1400 1265 id
1459 1220 1566 1277 est,
1602 1222 1779 1268 utrum

190 1303 357 1356 etiam
404 1302 858 1370 coacupiscentize
910 1301 1050 1372 ignis
1094 1304 1406 1373 propositis,
1447 1304 1587 1359 sicut
1637 1305 1778 1371 illic,

191 1395 489 1464 majoribus
521 1395 836 1450 irritationis
887 1397 1192 1466 augtnentis
1246 1396 1416 1466 possit
1464 1399 1778 1468 exstingui,

187 1487 333 1557 quod
363 1488 493 1542 satis
541 1489 776 1542 castitati
835 1489 1106 1544 credimus
1152 1505 1272 1545 esse
1323 1493 1693 1555 contrarium,
1735 1492 1779 1546 si

188 1592 296 1633 non
324 1579 494 1634 solum
528 1591 928 1650 exaggerentur
953 1582 1005 1635 in
1029 1583 1191 1637 nobis
1216 1583 1452 1637 libidinis
1486 1584 1776 1653 incentiva,

188 1672 286 1728 sed
312 1674 397 1729 vel
429 1682 792 1743 praetereunte
820 1677 1017 1729 mentis
1043 1676 1201 1731 oculo
1227 1677 1679 1747 perstringuntur.

791 1767 1020 1824 CAPUT
1046 1769 1183 1823 XVI.

325 1860 635 1928 Responsio,
663 1861 847 1932 quibus
877 1863 1196 1918 documentis
1221 1867 1381 1933 possit
1410 1867 1643 1936 agnosci.

865 437 1205 499 COLLATIO
1247 439 1385 496 XIX.
1420 471 1488 481 —
1519 442 1608 497 DE
1647 443 1806 500 FINE
1837 441 2241 499 C(ENOBITIE
2281 443 2369 498 ET
2410 442 2765 500 EREMITE.

3333 445 3473 508 tuo

1803 571 1857 627 Α
1881 562 2193 633 qumstiouis
2214 562 2540 619 dilucidatur
2569 566 2896 631 obscuritas,
2918 579 3040 619 cum
3072 563 3471 622 absolutionem

1885 658 2003 727 ejus
2032 657 2331 726 anticipans
2367 657 2640 726 inquisitio
2661 673 2769 728 quo
2797 657 3040 714 ducenda
3065 668 3147 714 est
3174 658 3469 714 antecedit.

1885 750 2069 820 Itaque
2109 751 2362 807 remediis
2388 752 2604 821 quidem
2635 753 2845 808 illorum
2873 770 2993 824 qua:
3044 769 3204 824 supra
3238 753 3471 810 diximus

1882 843 2157 910 vitiorum,
2208 858 2312 897 non
2361 845 2538 898 solum
2595 845 2727 898 nihil
2782 846 3050 911 officiunt,
3093 862 3278 901 verum
3308 845 3469 902 etiam

1884 938 2106 991 multum
2131 935 2416 990 conferunt
2440 935 2668 989 humana
2683 938 2976 993 consortia.
3003 937 3134 991 Nam
3169 936 3468 1008 frequentia

1885 1031 2231 1099 impatientia:
2279 1046 2390 1084 sua:
2435 1029 2681 1086 crebrius
2735 1033 3018 1098 patefacta.
3053 1042 3258 1102 quanto
3301 1033 3470 1103 magis

1882 1122 2160 1176 assiduum
2201 1121 2469 1192 superatis
2499 1121 2744 1176 dolorem
2795 1125 3226 1191 compunctiOnis
3274 1125 3470 1180 intule-

1883 1216 2016 1283 rint,
2042 1225 2188 1270 tanto
2237 1217 2560 1271 velociorem
2591 1216 2960 1271 laborantibus
3008 1217 3296 1272 conferunt
3326 1219 3469 1274 sani-

1883 1319 2070 1364 tatem.
2129 1309 2210 1365 Ob
2262 1311 2404 1379 quod
2454 1314 2614 1364 etiam
2670 1312 2721 1364 in
2769 1309 3060 1365 solitudine
3081 1311 3468 1378 consistentes,

1882 1416 2009 1456 cum
2034 1403 2392 1457 irritatiouum
2423 1401 2593 1458 fomes
2615 1413 2775 1472 atque
2815 1403 3038 1458 materia
3069 1402 3135 1455 ab
3162 1402 3470 1459 hominibus

1883 1509 1988 1547 non
2045 1492 2216 1563 possit
2265 1509 2592 1564 exsurgere,
2653 1502 2830 1548 tmnen
2907 1494 3219 1548 earumdem
3283 1496 3472 1550 incita-

1883 1597 2059 1640 menta
2109 1585 2369 1642 debemus
2412 1587 2572 1641 etiam
2615 1587 2683 1641 de
2731 1587 2994 1641 industria
3036 1596 3364 1652 retractare,
3414 1597 3470 1642 ut

1880 1677 2146 1733 adversus
2176 1693 2241 1734 ea
2279 1677 2452 1752 [Lips.
2485 1681 2536 1734 in
2565 1696 2730 1752 marg.
2762 1679 2912 1752 eam]
2938 1681 3048 1751 jugi
3081 1680 3467 1752 cogitationum

1881 1775 2261 1830 colluctatione
2316 1775 2679 1845 pugnantibus
2723 1773 2878 1830 nobis
2927 1775 3138 1830 medela
3170 1775 3469 1846 promptior

1881 1870 2212 1924 conferatur.
2243 1877 2270 1906 ⁸
2296 1867 2497 1924 Contra
2532 1868 2907 1923 fornicationis
2956 1883 3086 1922 vero
3112 1867 3359 1937 spiritum
3391 1867 3473 1922 di-

259 1953 496 2010 Joaunes
531 1973 545 2009 :
572 1955 936 2024 Quaestiouem
967 1973 1088 2029 qua:
1138 1959 1300 2014 etiam
1361 1960 1658 2015 tacentibus
1679 1975 1774 2015 νο·
1802 1961 1850 2022 Β
1874 1978 2029 2016 versa
2061 1963 2217 2028 ratio,
2251 1972 2306 2017 et
2333 1963 2515 2030 dispar
2539 1971 2618 2017 est
2646 1977 2827 2017 causa.
2859 1961 2991 2016 Nam
3020 1962 3470 2030 quemadmodum
3544 1972 3547 1974 '

187 2042 272 2100 bis
303 2047 666 2102 narrationem
693 2060 930 2104 nostram
964 2053 1135 2106 fuerat
1185 2060 1458 2116 secutura,
1507 2066 1667 2122 sagax
1696 2053 1776 2108 in-

187 2140 481 2210 terrogatio
506 2149 684 2196 vestra
718 2143 997 2210 praevenit,
1029 2153 1081 2198 et
1112 2143 1314 2198 idcirco
1337 2143 1627 2200 ellicaciter
1654 2160 1772 2200 eam

187 2231 440 2286 sensibus
484 2235 679 2288 vestris
735 2234 1146 2304 concipiendam
1201 2251 1322 2292 esse
1371 2252 1478 2292 non
1534 2237 1772 2307 ambigo,

185 2325 622 2396 quandoquidem
668 2326 1063 2383 institutionem
1113 2341 1358 2386 nostram
1412 2346 1637 2386 actunen
1683 2347 1776 2386 ve-

186 2416 286 2471 stri
309 2421 587 2488 praecessit
614 2419 834 2491 ingenii.
892 2421 1020 2478 Sine
1067 2422 1256 2478 labore
1309 2423 1452 2478 enim
1486 2423 1774 2491 cujuslibet

1875 2054 2088 2122 corpori
2145 2067 2272 2108 usus
2330 2054 2565 2109 libidinis
2597 2056 2880 2124 carnisque
2911 2055 3180 2122 vicinitas,
3209 2056 3286 2108 ita
3307 2054 3469 2108 etiam

1877 2145 2045 2200 menti
2070 2149 2328 2201 memoria
2358 2147 2473 2214 ejus
2521 2155 2604 2200 est
2641 2149 2852 2215 penitus
2894 2145 3281 2200 subtrahenda.
3325 2144 3471 2200 Satis

1878 2240 2018 2293 enim
2062 2239 2417 2307 perniciosum
2456 2247 2541 2292 est
2578 2238 2750 2292 adhuc
2799 2238 3028 2292 infirmis
3069 2243 3334 2307 aegrisque
3377 2253 3471 2307 pe-

1875 2331 2114 2385 ctoribus
2145 2331 2227 2384 vel
2269 2329 2634 2383 tenuissimam
2675 2329 3102 2383 recordationem
3145 2330 3302 2396 hujus
3342 2344 3468 2398 pas-

1878 2422 2046 2475 sionis
2073 2422 2381 2488 admittere,
2399 2422 2470 2475 ita
2501 2428 2558 2475 ut
2589 2435 2990 2490 nonnumquam
3018 2422 3097 2476 eis
3122 2421 3284 2476 etiam
3315 2419 3341 2458 ι’
3368 2420 3471 2476 sub

1238 2537 1496 2593 ALARDI
1536 2537 1770 2592 GAZEI
1809 2534 2372 2592 COMMENTARIUS.

264 2641 288 2669 ι
314 2631 545 2686 Luxuria
566 2633 708 2687 enim
734 2648 839 2688 non
861 2632 1185 2696 resistendo,
1210 2631 1302 2686 sed
1333 2631 1583 2700 fugiendo
1615 2632 1785 2686 vinci-

192 2713 295 2758 tur.
332 2703 482 2771 Quod
510 2703 793 2758 insinunns
835 2704 1124 2770 Apostolus
1154 2704 1229 2757 ait
1281 2721 1292 2754 :
1344 2700 1532 2774 Fugite
1560 2705 1783 2771 fornica-

191 2775 378 2829 tionem
426 2775 464 2845 (Ι
499 2774 620 2829 Cor.
651 2774 748 2845 γι).
803 2774 858 2828 ld
887 2791 1016 2845 vero
1071 2776 1342 2843 quonme
1371 2774 1778 2842 intelligendum

189 2847 281 2913 sit,
309 2843 552 2901 declarat
593 2847 654 2900 l).
685 2843 922 2898 'lhomas
954 2843 1044 2915 (In
1073 2847 1370 2914 comment.)
1405 2863 1416 2897 :
1453 2845 1778 2911 Notandum,

187 2919 383 2985 inquit,
413 2917 550 2986 quod
593 2925 777 2971 ccetera
830 2916 953 2968 vitio
993 2917 1266 2969 vincuntur
1321 2918 1626 2984 resistendo,
1661 2919 1782 2983 quia

186 2997 384 3058 quanto
412 2989 577 3058 magis
602 2989 752 3040 homo
795 2988 1137 3058 particularia
1184 2987 1474 3041 considerat
1504 2998 1549 3042 et
1571 2998 1777 3053 tractat,

187 3057 334 3112 tanto
361 3057 527 3112 minus
554 3060 607 3111 iu
651 3059 722 3112 eis
767 3057 954 3112 invenit
982 3057 1118 3111 unde
1160 3057 1465 3123 delectetur,
1498 3061 1586 3112 sed
1619 3061 1780 3130 magis

189 3132 435 3184 anxietur
461 3146 481 3196 ;
529 3130 618 3184 sed
649 3131 828 3183 vitium
881 3130 1238 3198 fornicationis
1269 3145 1367 3182 non
1404 3131 1622 3182 vincitur
1655 3132 1781 3184 resi-

189 3201 391 3269 stendo,
417 3202 540 3270 quia
568 3211 760 3270 quanto
786 3203 946 3271 magis
973 3202 1262 3254 incenditur
1287 3216 1305 3254 :
1337 3201 1427 3254 sed
1453 3201 1671 3254 vincitur
1698 3203 1780 3270 fu-

190 3274 397 3343 qiendo,
422 3273 478 3324 id
504 3283 600 3336 est,
627 3273 850 3325 totaliter
871 3272 1080 3325 vitando
1101 3273 1429 3343 cogitationes
1460 3274 1776 3343 immundos,

187 3340 240 3399 ct
280 3343 528 3414 quaslibet
575 3343 887 3400 occasiones.
917 3343 1196 3414 utidicitur
1223 3341 1443 3414 Zachar.
1478 3359 1516 3397 ιι
1553 3341 1781 3414 :Fugite

191 3420 253 3469 de
281 3413 417 3469 terra
447 3415 754 3484 Aquilonis,
803 3415 929 3467 dicit
966 3413 1236 3468 Dominus.
1281 3413 1538 3469 Eamdem
1577 3413 1777 3469 doctri-

193 3462 717 3554 natiuitatis;
741 3462 993 3554 cs'pt'i'c'at—
1012 3462 1775 3558 ὗζῙὶἰὲἑοῐίιὶὶῖἶέἷρῐῖῗίξί-
1804 3462 1850 3525 C

192 3557 412 3611 lamium
447 3557 780 3621 hatreticum,
805 3557 894 3626 qui
927 3560 1219 3610 monachos
1247 3568 1301 3611 et
1320 3558 1611 3622 solitarios,
1635 3557 1779 3624 qu'od

191 3627 428 3682 libidinis
472 3644 701 3699 pugnam
751 3627 1008 3696 fugiendo
1047 3629 1302 3692 vitarent,
1328 3628 1483 3699 velut
1534 3628 1780 3699 imbelles

191 3707 246 3752 et
277 3700 496 3768 ignavos
523 3696 976 3770 suggillahat.his
1011 3699 1193 3770 verbis
1227 3698 1509 3766 aptissime
1556 3696 1776 3770 refutat,

193 3767 315 3835 ejus
337 3767 993 3838 olijectioui'respondens
1025 3785 1039 3821 :
1073 3767 1198 3829 Cur,
1249 3771 1443 3835 inquit,
1498 3770 1666 3835 pergis
1710 3768 1780 3820 ad

196 3857 418 3895 eremum
442 3843 467 3895 ?
487 3842 722 3894 videlicet
761 3851 815 3892 ut
861 3849 906 3891 te
935 3855 1034 3891 non
1084 3837 1314 3903 audiam,
1337 3853 1440 3890 non
1470 3839 1664 3890 videam
1681 3853 1702 3902 ;
1726 3848 1779 3891 ut

202 3921 288 3965 tuo
328 3913 499 3980 furore
537 3927 636 3964 non
684 3925 908 3980 movear,
938 3917 994 3961 ut
1035 3917 1122 3960 tua
1146 3905 1286 3980 bella
1324 3924 1428 3980 non
1471 3909 1684 3980 patiar;
1718 3926 1781 3962 ne

200 3999 280 4035 me
309 3978 476 4054 capiat
507 3985 685 4035 oculus
700 3979 1008 4054 meretricis;
1040 3995 1102 4030 ne
1131 3978 1296 4054 forma
1338 3978 1686 4054 pulcherrima
1712 3982 1781 4033 ad

196 4049 404 4107 illicitos
451 4055 601 4105 ducat
644 4049 928 4120 amplexus.
971 4049 1318 4115 Respondebis
1351 4065 1368 4104 :
1403 4049 1518 4102 Hoc
1559 4065 1664 4102 non
1709 4062 1780 4104 est

198 4141 448 4192 pugnare,
473 4125 560 4177 sed
587 4122 803 4192 fugere;
834 4129 912 4173 sta
938 4121 990 4174 in
1043 4122 1172 4185 acie,
1212 4121 1520 4192 adversgriis
1549 4132 1781 4176 armatus

195 4189 385 4249 obsisto
408 4189 509 4257 ;'ut
553 4189 818 4262 postquam
854 4192 1027 4246 viceris
1068 4192 1344 4245 coroneris.
1384 4189 1574 4244 Fateor
1623 4193 1781 4246 imbe-

194 4267 460 4320 cillitatem
490 4282 652 4318 meam
690 4280 707 4317 :
758 4263 876 4316 nolo
933 4280 1024 4336 spe
1046 4279 1275 4336 pugnare
1305 4263 1636 4336 victoriw,_ne
1665 4279 1781 4328 per-

193 4339 315 4390 dam
338 4338 619 4406 aliquando
651 4337 936 4390 victoriam.
962 4333 1026 4390 Si
1054 4333 1250 4406 fugero,
1278 4335 1512 4404 gladium
1533 4334 1776 4406 devitavi;

191 4411 233 4462 si
265 4417 376 4462 stet.
393 4405 472 4473 ro,
528 4418 615 4462 aut
672 4407 974 4460 vincendum
1021 4407 1146 4458 mihi
1198 4413 1292 4468 est,
1331 4413 1421 4458 aut
1444 4405 1778 4460 cadendum:

193 4480 315 4550 quid
363 4492 532 4534 autem
583 4495 781 4534 necesse
827 4486 900 4531 est
955 4485 1094 4550 certa
1139 4477 1434 4550 dimittere,
1485 4485 1531 4528 et
1586 4477 1780 4550 i_ucerta

191 4545 410 4606 sectari?
435 4555 536 4604 Aut
555 4560 697 4604 scuto
721 4559 808 4602 aut
831 4548 1042 4618 pedibus
1062 4563 1198 4599 mors
1224 4547 1432 4599 vitanda
1463 4556 1556 4600 cst.
1589 4545 1664 4599 Tu
1693 4550 1781 4612 qui

191 4639 414 4692 pugnas,
446 4631 494 4674 et
523 4624 753 4690 superari
777 4630 939 4692 potes,
970 4629 1018 4672 et
1054 4621 1285 4692 vincere;
1322 4633 1417 4692 ego
1439 4633 1552 4668 cum
1577 4620 1779 4692 fugere,

191 4688 294 4745 non
327 4695 471 4745 vinco
496 4692 547 4744 in
574 4688 630 4743 eo
658 4688 796 4760 quod
827 4690 1000 4759 fugio;
1022 4688 1111 4742 sed
1151 4689 1264 4740 ideo
1291 4689 1456 4757 fugio,
1473 4702 1544 4760 ne
1588 4688 1778 4743 vincar.

193 4762 362 4817 Nulla
408 4759 677 4815 securitas?
705 4771 777 4813 est
826 4762 990 4814 vicino
1044 4767 1280 4824 serpente
1314 4759 1540 4812 dormire
1573 4773 1591 4810 .'
1624 4770 1781 4824 potest

1888 2639 1999 2685 tam
2032 2641 2219 2685 natura
2251 2647 2409 2702 quam
2440 2647 2606 2702 prona
2637 2633 2912 2686 voluntate
2967 2649 2978 2684 :
3011 2631 3154 2700 quod
3186 2632 3348 2686 etiam
3372 2631 3468 2686 do-

1886 2715 1971 2757 cet
2002 2703 2289 2758 CassiauUs
2322 2703 2469 2774 (Lib.
2502 2719 2572 2759 vn
2615 2702 2748 2758 Inst.
2788 2721 2901 2774 cap.
2947 2705 2970 2758 l
3006 2713 3053 2756 et
3085 2703 3172 2772 5).
3215 2704 3467 2757 Omnium

1887 2782 2065 2827 tamen
2099 2776 2348 2830 vitiorum
2390 2778 2701 2830 occasiones
2728 2786 2781 2829 et
2808 2775 3180 2841 incitamenta,
3211 2783 3466 2840 quantum

1886 2844 1940 2898 iu
1971 2845 2126 2897 nobis
2150 2857 2251 2913 est,
2286 2846 2458 2901 vitare
2502 2847 2786 2912 debemus,
2825 2846 2947 2915 quia
3006 2845 3215 2914 objecta
3247 2853 3469 2898 movent

1887 2918 2184 2985 potentias,
2214 2917 2516 2986 przrsertim
2544 2916 2752 2985 objecta
2793 2915 3050 2981 libidinis,
3095 2915 3328 2982 idquue
3355 2932 3470 2970 ma-

1883 2987 1966 3054 gis
1995 2987 2265 3042 evitanda.
2295 2988 2558 3042 Similiter
2612 2987 2942 3055 Augustinus
2996 2991 3047 3040 in
3094 2988 3324 3057 quodam
3354 3004 3469 3041 ser-

1884 3072 2044 3128 mone
2082 3075 2096 3111 :
2142 3057 2293 3128 Quod
2346 3058 2648 3124 libidinem,
2697 3060 2868 3128 inquit.
2901 3056 3122 3128 (Serm.
3164 3062 3199 3111 2
3262 3056 3471 3111 Domini

1882 3127 1917 3180 Ξ
1975 3137 2094 3203 post
2122 3127 2288 3203 ‘Trin.
2315 3129 2333 3200 )
2358 3171 2374 3196 ,
2431 3131 2728 3201 fugiendam
2765 3127 2872 3184 esse
2913 3127 3272 3203 suggerimus,
3343 3145 3470 3197 apo-

1881 3201 2042 3253 stolus
2113 3198 2321 3255 Paulus
2364 3198 2620 3255 evidenter
2686 3203 2945 3268 ostendit,
2993 3198 3104 3272 ’ἧιιί
3183 3215 3297 3254 cum
3361 3217 3470 3252 om-

1882 3273 2030 3324 nibus
2061 3273 2195 3325 vitiis
2247 3274 2603 3340 prccdica-rerit
2654 3289 2761 3327 esse
2799 3275 3154 3328 resistendum.
3195 3273 3317 3325 dum
3349 3286 3470 3325 con-

1881 3349 1960 3394 tra
1991 3342 2251 3397 libidinem
2273 3343 2584 3412 loqueretur,
2615 3361 2717 3398 non
2755 3345 2889 3399 dixit
2922 3362 2940 3399 :
2971 3344 3227 3408 Resistite,
3250 3345 3336 3398 sed
3356 3340 3471 3396 Fu-

1879 3417 1984 3486 gite
2013 3415 2424 3486 fornicationem.
2481 3416 2572 3468 Sic
2621 3428 2666 3468 et
2706 3417 2828 3470 alibi
2855 3419 2909 3469 iu
2959 3416 3248 3486 Scripturis
3287 3415 3471 3468 divinis

1881 3487 2098 3556 legimus
2124 3504 2136 3540 :
2167 3485 2294 3557 Noli
2320 3488 2374 3539 in
2402 3487 2585 3556 faciem
2625 3487 2835 3557 virginis
2863 3485 3224 3557 i_ntendere,ne
3252 3496 3298 3538 te
3316 3500 3468 3557 scan-

1883 3553 2070 3610 dalizet
2093 3556 2262 3610 vultus
2305 3553 2417 3627 ejus
2453 3557 2676 3626 (Eccles.
2703 3553 2807 3626 is).
2860 3555 2924 3609 Et
2953 3557 3126 3627 beatus
3151 3553 3344 3625 Ioseph
3369 3597 3384 3620 ,
3419 3565 3472 3608 ut

1881 3628 2194 3695 impudicam
2221 3625 2483 3680 dominam
2521 3633 2686 3696 posset
2737 3627 2965 3696 evadere,
2996 3625 3218 3696 pallium
3254 3643 3353 3694 quo
3379 3643 3471 3695 ap-

1882 3701 2162 3765 prehensus
2189 3698 2360 3766 fuerat
2384 3695 2611 3765 reliquit,
2651 3707 2698 3748 et
2731 3697 2881 3766 fugit.
2918 3695 3058 3766 Ergo
3089 3704 3267 3748 contra
3297 3696 3472 3748 libidi-

1882 3769 1962 3819 nis
1991 3769 2231 3838 impetum
2270 3766 2594 3838 apprehende
2621 3767 2820 3838 fugam,
2845 3767 2889 3818 si
2936 3768 3010 3820 vis
3049 3766 3276 3838 obtinere
3315 3766 3472 3838 victo-

1883 3842 2032 3890 riam.
2066 3836 2176 3890 Ncc
2203 3838 2291 3889 tibi
2321 3836 2754 3908 verecundanti—sit
2789 3838 2984 3908 fugere,
3005 3839 3048 3890 si
3077 3837 3329 3908 castitatis
3357 3837 3472 3907 pal-

1881 3924 2018 3960 mam
2059 3909 2320 3961 desideras
2369 3907 2613 3961 obtinere.
2660 3907 2732 3962 Ita
2762 3907 3110 3976 AuguSIinus.
3171 3907 3267 3962 Est
3309 3908 3473 3979 igitur

1883 3992 2069 4050 contra
2102 3979 2368 4033 luxuriam
2427 3993 2578 4033 more
2606 3979 2927 4034 Parthorum
2961 3981 3323 4050 pugnandum,
3364 3980 3471 4034 sci-

1884 4049 2009 4120 licet
2055 4050 2328 4119 fugiendo,
2371 4051 2626 4117 versisque
2678 4051 2897 4120 sagittis,
2930 4062 2987 4104 ut
3031 4049 3281 4120 Virgilius
3338 4051 3472 4106 dixit

1883 4117 2207 4192 (Georgfm)
2227 4163 2241 4187 ,
2269 4131 2326 4176 et
2345 4123 2621 4190 eleganter
2653 4117 2889 4193 Baptism
2932 4117 3249 4176 Mantuanus
3277 4139 3290 4175 :

1977 4233 2112 4296 Hanc
2135 4244 2301 4284 contra
2325 4241 2519 4285 certare
2544 4247 2690 4296 cave;
2717 4249 2826 4284 nam
2854 4237 3055 4285 vincere
3080 4236 3206 4284 vinci
3233 4241 3310 4285 est
3334 4251 3344 4286 :

1978 4295 2189 4347 Vincere
2215 4305 2353 4359 terga
2376 4298 2514 4357 dare,
2539 4304 2588 4347 et
2611 4295 2750 4348 retro
2774 4299 2981 4360 vestigia
3005 4298 3157 4348 ferre.

1953 4403 1981 4442 ι)
2010 4405 2145 4459 Ιτιίηο
2161 4402 2451 4458 Cassianus
2469 4417 2649 4458 monet
2668 4403 2761 4458 lib.
2782 4419 2833 4456 v1
2859 4403 3031 4458 lnstit.
3056 4419 3180 4465 cap.
3202 4401 3289 4462 15.
3314 4400 3473 4458 casti-

1886 4477 2078 4530 monia:
2095 4477 2317 4544 primum
2335 4490 2456 4530 esse
2468 4475 2788 4541 custodiam,
2804 4484 2857 4528 ut
2875 4492 2989 4528 cum
3006 4475 3160 4528 metui
3172 4484 3358 4527 nostra?
3370 4492 3474 4528 me-

1885 4549 2048 4599 moria
2063 4564 2212 4600 sexus
2226 4547 2428 4614 feiitinei
2445 4562 2534 4612 per
2546 4546 2782 4600 subtilem
2803 4548 3178 4616 suggestionem
3200 4544 3474 4598 diabolica

1887 4617 2188 4671 calliditatis
2219 4617 2524 4686 obrepserit,
2569 4620 2790 4688 primum
2849 4618 3077 4671 immissa
3121 4616 3473 4670 recordatione

1885 4691 2096 4750 matris,
2153 4704 2416 4755 sororum,
2475 4706 2560 4743 seu
2616 4697 2750 4743 certe
2791 4691 3097 4758 feminarum
3143 4696 3468 4748 sanctarum,

1885 4761 2186 4826 quantocius
2219 4777 2328 4813 eam
2356 4760 2420 4814 de
2449 4770 2635 4815 nostrte
2669 4761 2848 4814 mentis
2885 4758 3164 4813 recessibus
3201 4758 3472 4813 estruderc

192 4835 306 4904 ﬁeri
363 4845 415 4886 ut
482 4849 559 4885 me
612 4848 713 4884 non
770 4832 998 4904 mordeat
1031 4871 1044 4891 .
1115 4840 1286 4882 tamen
1346 4838 1508 4898 potest
1569 4827 1682 4895 ﬁeri
1727 4840 1782 4884 ut
1810 4837 1861 4896 D
1886 4832 2216 4904 festinemus,
2247 4843 2358 4904 etc.
2387 4831 2639 4904 Eatndem
2669 4833 2738 4904 (ξι)
2765 4846 2980 4904 causam
3018 4831 3075 4882 Ι).
3114 4829 3471 4904 Hieronymus

191 4899 472 4972 aliquando
529 4919 608 4956 me
647 4903 893 4955 mordeat.
939 4899 1135 4954 Matres
1173 4915 1443 4972 vocamus,
1495 4912 1690 4972 sorores
1735 4912 1781 4955 et

194 4970 331 5043 ﬁlius
354 5018 368 5041 ,
399 4986 448 5030 et
487 4991 589 5028 non
631 4973 970 5028 erubescimus
1012 4971 1145 5024 vitiis
1184 4971 1372 5043 nostris
1420 4970 1625 5043 nomina
1676 4975 1783 5040 pie-

194 5040 310 5100 tatis
358 5040 646 5100 obtendere.
697 5043 834 5109 Quid
867 5044 988 5112 facit
1031 5043 1313 5112 monachus
1358 5041 1412 5093 in
1457 5040 1656 5094 cellulis
1697 5047 1778 5110 fe-

192 5118 450 5172 minarum
480 5117 648 5185 ?quid
676 5114 772 5167 sibi
814 5111 1018 5185 velunt,
1045 5111 1155 5166 sola
1200 5122 1246 5164 et
1277 5113 1476 5181 privata
1497 5112 1778 5185 colloquia,

193 5197 239 5241 et
267 5191 486 5241 arbitros
518 5184 769 5258 fugientes
794 5187 973 5258 oculi?
998 5184 1219 5258 Sanctus
1240 5199 1387 5237 amor
1407 5184 1778 5251 impatientiam

192 5275 297 5312 non
346 5255 526 5314 habet.
560 5255 709 5322 Quod
738 5257 800 5309 de
829 5256 1040 5310 libidine
1090 5255 1334 5320 diximus,
1383 5258 1664 5322 referamus
1710 5257 1779 5310 ad

190 5331 462 5382 avaritiam
488 5337 533 5381 et
562 5333 630 5380 ad
671 5327 846 5380 omnia
894 5328 1008 5381 vitia
1046 5341 1160 5396 quoe
1201 5326 1424 5379 vitantur
1476 5325 1772 5381 solitudine.

196 5399 262 5452 Et
307 5401 500 5453 idcirco
533 5399 733 5453 urbium
778 5400 1089 5468 frequentius
1141 5396 1474 5463 declinamus,
1509 5413 1570 5450 ne
1608 5398 1776 5465 facere

190 5470 560 5540 compellamur
616 5485 728 5540 qua:
755 5486 847 5523 nos
890 5487 992 5522 non
1033 5480 1135 5523 tam
1193 5479 1377 5540 natura
1426 5471 1560 5536 cogit
1606 5471 1774 5539 facere

189 5539 346 5612 quam
395 5539 653 5596 voluntas.
712 5540 835 5612 Hzcc
894 5539 1768 5612 llieronymus;ubirvideturin-

155 5663 160 5668 .
191 5610 362 5668 nuere
392 5613 658 5682 quoddam
694 5611 978 5666 discrimen
1018 5610 1157 5666 inter
1198 5612 1280 5665 illa
1331 5610 1459 5666 vitia
1499 5625 1620 5680 qum
1652 5621 1772 5664 tau-

187 5684 527 5752 gitJoanues
559 5684 659 5738 Illis
707 5682 885 5737 verbis
918 5701 929 5734 :
966 5683 1127 5735 Utnue
1161 5683 1300 5753 quod
1346 5691 1416 5735 est
1459 5682 1514 5735 in
1555 5682 1766 5746 mundo,

188 5764 279 5809 aut
311 5765 385 5809 est
407 5755 821 5824 concupiscentia
850 5755 1037 5821 carnis,
1065 5765 1152 5807 aut
1178 5753 1589 5824 concupiscentia
1642 5768 1768 5804 ocu-

189 5831 360 5885 lorum
393 5827 468 5899 (id
486 5837 590 5893 est,
616 5824 882 5899 avtnritia),
907 5835 997 5878 aut
1013 5824 1257 5899 superbia
1278 5827 1391 5899 viae
1413 5823 1456 5893 (l
1482 5823 1641 5899 ἶΙοιιη.
1669 5825 1768 5891 tv).

191 5894 469 5972 Siquidem
497 5900 564 5972 ad
596 5894 1084 5972 concupiscentiam
1114 5898 1310 5960 carnis,
1332 5897 1456 5972 _sive
1483 5894 1768 5972 lusui-iam,

191 5964 384 6026 riaiura
418 5964 812 6040 quodammodo
863 5967 1189 6037 impellimur
1218 5980 1231 6026 ;
1280 5965 1344 6016 ad
1373 5965 1472 6016 alia
1505 5964 1631 6016 vitia
1666 5980 1769 6018 non

1886 4899 2110 4956 Rustico
2152 4903 2419 4956 monacho
2447 4903 2634 4955 suadet
2661 4899 2855 4970 (Epist.
2894 4902 2972 4968 Α),
3007 4915 3067 4970 ne
3097 4901 3174 4952 vel
3203 4902 3353 4952 matri
3385 4914 3472 4950 co-

1885 4973 2074 5027 habitet
2103 4989 2120 5026 :
2150 4991 2234 5040 ne,
2269 4975 2441 5043 inquit
2460 5013 2475 5037 ,
2505 4983 2592 5026 aut
2623 4967 2921 5036 offerentem
2952 4967 3200 5043 delicatos
3225 4969 3362 5043 cibos
3391 4984 3471 5043 re-

1883 5045 2086 5099 nuendo
2117 5037 2416 5107 contristes;
2445 5054 2534 5096 aut
2575 5044 2616 5095 si
2656 5043 2911 5110 acceperis
2933 5081 2948 5106 ,
2989 5037 3156 5091 oleum
3187 5040 3293 5108 igni
3331 5039 3470 5110 adji-

1881 5117 1988 5170 cias
2034 5125 2082 5170 et
2127 5119 2257 5169 inter
2301 5115 2633 5184 frequentiam
2665 5109 2950 5184 puellarum
2994 5126 3080 5184 per
3121 5109 3469 5184 dien_t__vi_deas

1880 5187 2018 5254 quod
2065 5196 2212 5239 nocte
2260 5180 2468 5255 cogites.
2519 5185 2585 5238 Et
2616 5180 2754 5236 libro
2799 5183 2892 5236 illo
2941 5181 3198 5255 adversus
3226 5180 3469 5255 Vigilan-

1882 5251 2015 5310 tium
2049 5274 2062 5309 :
2100 5251 2406 5320 Monach—us,
2438 5256 2631 5322 inquit,
2666 5271 2765 5307 non
2795 5252 3039 5314 doctoris,
3062 5252 3153 5322 sed
3181 5251 3468 5322 plangentis

1879 5326 2030 5379 habet
2063 5327 2311 5395 ofﬁcium;
2341 5327 2428 5393 qui
2461 5327 2535 5379 vel
2563 5320 2637 5390 se,
2668 5326 2744 5379 vel
2773 5324 3022 5376 naiadum
3051 5320 3247 5392 lugeat,
3282 5320 3330 5395 et
3363 5321 3470 5374 Do-

1881 5399 2005 5449 mini
2032 5394 2248 5464 pavidus
2272 5397 2590 5465 prwstoletur
2610 5395 2920 5458 adventum;
2947 5395 3034 5458 qui
3055 5398 3220 5447 sciens
3241 5394 3466 5446 imbecil-

1879 5469 2074 5522 litatem
2111 5483 2277 5527 suam,
2310 5477 2356 5519 et
2384 5484 2470 5520 vas
2511 5468 2697 5537 fragile
2724 5467 2861 5535 quod
2889 5471 3075 5535 portat,
3119 5465 3259 5518 timet
3301 5464 3465 5532 olliu-

1878 5541 2026 5602 dere,
2069 5555 2133 5593 ne
2171 5539 2416 5606 impingat
2438 5577 2450 5596 .
2482 5547 2688 5591 corruat
2719 5548 2870 5605 atque
2905 5540 3217 5605 frangatur:
3257 5545 3392 5588 unde
3418 5545 3466 5588 et

1877 5610 2182 5673 mulierum,
2233 5612 2550 5673 maximeque
2597 5608 3101 5661 adolescentularum
3143 5607 3268 5659 vitat
3310 5623 3464 5673 aspe-

1875 5691 2046 5745 ctum;
2077 5690 2123 5735 et
2169 5684 2222 5734 in
2265 5690 2464 5733 tantum
2505 5679 2778 5749 castigator
2814 5687 2885 5732 est
2931 5678 3032 5741 sui,
3084 5689 3136 5730 ut
3175 5679 3322 5732 etiam
3351 5693 3466 5746 qth

1876 5763 1987 5823 tuta
2014 5765 2134 5823 sunt
2167 5753 2506 5823 pertimescat.
2535 5753 2600 5806 Et
2623 5754 2690 5806 de
2717 5752 2776 5808 S.
2800 5750 3098 5823 Augustino
3123 5749 3304 5823 scribit
3334 5750 3465 5804 l‘os-

1874 5822 2042 5878 sidtus
2077 5820 2176 5894 (ln'
2201 5823 2319 5878 Vita
2349 5824 2410 5879 S.
2444 5827 2577 5897 Aug.
2608 5841 2655 5879 c.
2678 5825 2770 5894 ‘26)
2798 5842 2810 5876 :
2842 5820 3345 5897 Feminarumiutra
3372 5823 3466 5877 dea

1875 5911 2013 5948 nium
2043 5897 2154 5967 ejus
2183 5897 2328 5949 ςτεςΙΙίι
2358 5894 2601 5970 umquam
2630 5904 3057 5970 conversataest.
3089 5894 3233 5970 n‘ulla
3257 5898 3463 5970 mansit,

1878 5982 1968 6017 nec
1995 5964 2198 6036 quidem
2240 5964 2483 6036 germana
2531 5985 2676 6023 soror
2700 6009 2714 6028 ,
2759 5983 2875 6037 qua!
2911 5965 3067 6019 vidua
3099 5964 3208 6019 Deo
3247 5969 3466 6020 serviens
