4014 6200
167 329 332 390 me

1095 329 1434 390 COLLATIO
1472 332 1593 394 XX.
1625 362 1697 378 --
1720 334 1812 398 DE
1849 334 2329 396 PleTENTIE
2367 337 2547 395 FINE.

3341 351 3473 408 H50

166 461 320 503 num
350 445 563 502 nullum
613 443 810 500 mentis
847 458 1155 514 assensum,
1195 447 1396 504 nullam
1429 449 1610 505 carnis
1636 464 1787 506 com-
1811 459 1863 522 Α
1891 453 2054 510 etiam
2076 451 2124 510 si
2171 454 2512 524 corporalem
2540 454 2760 516 femine
2811 465 3074 518 attactum
3115 474 3279 518 causa
3302 467 3479 534 cuius.

167 541 492 597 motionem
523 539 575 593 in
614 554 673 594 se
703 538 1124 608 deprehenderit
1175 540 1424 610 excitari,
1484 544 1784 614 certissima

165 632 443 706 puritatis
490 644 604 690 sua:
635 633 811 706 capiet
841 633 1187 703 documenta,
1230 635 1303 691 ita
1360 645 1417 690 ut
1440 638 1504 692 ad
1537 639 1675 692 hanc
1726 654 1785 696 se

162 727 499 783 ﬁrmitatem
527 729 779 798 puritatis
809 743 1094 794 exercens,
1124 731 1386 787 castitatis
1418 741 1580 802 atque
1607 735 1784 789 incoro

159 821 456 892 ruptionis
486 820 691 876 bonum
747 833 854 875 non
912 822 1086 875 solum
1145 832 1326 879 mente
1360 825 1654 893 possideat,
1690 824 1785 880 sed

1899 561 2151 618 cumque,
2166 557 2222 604 ut
2233 547 2393 612 solet,
2409 549 2746 610 necessitatis
2759 551 3018 619 stutlerit,
3038 554 3253 622 penitus
3263 571 3480 614 sensum

1894 641 2160 712 passionis
2184 643 2418 714 ignoret.
2451 643 2562 704 Hoc
2599 644 2766 706 abbas
2802 644 3068 713 Joannes;
3103 657 3132 686 ι
3157 662 3283 706 cum
3335 651 3482 708 horae

1893 749 2052 792 nonae
2076 734 2426 800 refectionem
2467 736 2753 798 imminere
2798 739 3081 808 sensisset,
3129 741 3482 803 collationem

1892 827 2000 886 fine
2027 830 2316 888 conclusit.

1266 937 1523 996 ALARDI
1561 938 1796 1000 GAZIEI
1835 939 2400 1001 COMMENTARIUS.

259 1046 288 1074 ει
318 1033 613 1094 Monacbos
634 1036 788 1102 olim,
820 1042 1004 1104 utpote
1025 1036 1266 1106 quotidie
1293 1039 1602 1108 jejunantes
1625 1049 1774 1102 extra

165 1106 579 1171 Pentecosten,
621 1123 726 1162 non
775 1117 900 1161 ante
935 1109 1121 1161 horam
1156 1106 1359 1164 nonam
1385 1111 1451 1163 ab
1491 1120 1610 1164 ortu
1648 1112 1778 1170 solis

169 1181 336 1245 (quia:
380 1177 533 1232 nobis
576 1186 658 1232 est
701 1179 854 1232 tertia
896 1178 1296 1250 notueridiana)
1341 1181 1520 1235 cibum
1565 1196 1778 1238 sumere

162 1251 403 1316 solitos,
433 1251 534 1304 nisi
560 1264 719 1322 causa
759 1252 1076 1308 exercendae
1107 1252 1484 1320 hospitalitatis
1513 1253 1775 1322 jejunium

168 1323 494 1386 solverent,
532 1320 659 1378 alibi
705 1326 1028 1380 notavimus.
1065 1322 1216 1378 Hanc
1255 1340 1396 1379 enun
1442 1320 1630 1379 horam
1662 1326 1775 1384 sol-

168 1393 348 1478 Σεξιηῆ
384 1391 744 1478 jejttlnii'apud
788 1393 1087 1477 ctenobitas
1119 1391 1772 1478 @gyprioshpbscrvatam

164 1463 353 1536 fuisse
375 1464 562 1518 scribit
581 1465 641 1518 D.
662 1464 1024 1536 Hieronymus
1045 1467 1097 1519 in
1119 1463 1364 1535 Epistola
1381 1466 1472 1530 2‘2,
1493 1467 1557 1520 ad
1581 1468 1772 1523 EuSto-

160 1535 364 1589 chiutn
384 1576 400 1601 ,
433 1536 686 1605 idemque
714 1535 1001 1591 confirmat
1027 1538 1316 1592 Cassianus
1344 1539 1636 1595 collatione
1667 1539 1731 1594 2t
1754 1581 1769 1607 ,

167 1621 305 1672 cap.
339 1607 429 1662 25.
467 1607 623 1663 Unde
653 1617 706 1662 et
732 1608 792 1662 D.
831 1608 1149 1664 Benedictus
1178 1624 1227 1663 c.
1260 1610 1321 1666 61
1360 1627 1374 1668 ;
1413 1611 1642 1676 Quarta,
1684 1611 1769 1667 iu-

165 1678 317 1748 quit,
342 1690 389 1732 et
411 1687 558 1732 sexta
586 1679 720 1750 feria
750 1683 989 1752 jejunent
1015 1697 1174 1750 usque
1205 1683 1272 1734 ad
1301 1699 1491 1736 nonam
1515 1699 1532 1734 :
1559 1684 1769 1753 reliquis

1885 1041 2059 1118 diebus
2087 1043 2156 1094 ad
2184 1052 2378 1118 agitatam
2407 1044 2716 1114 prandeant.
2747 1044 2950 1118 Exstat
2970 1045 3132 1118 etiam
3163 1049 3302 1118 apud
3333 1047 3474 1104 Pruo

1884 1112 2123 1192 dentium
2175 1113 2361 1192 (Hgm.
2396 1112 2622 1192 l0_mpi
2665 1117 2904 1192 stipata.)
2943 1117 3098 1186 hujus
3143 1112 3374 1188 antiqua:
3420 1131 3477 1175 et

1885 1184 2170 1253 primitivre
2218 1184 2613 1242 observationis
2662 1184 2787 1256 (qua
2831 1184 3179 1257 jejuna—otes,
3223 1184 3385 1246 etiam
3442 1207 3472 1246 a

1883 1264 2009 1380 potu
2037 1270 2204 1324 usque
2233 1257 2299 1312 ad
2330 1270 2527 1316 nonam
2555 1258 2925 1330 abstinebant)
2953 1261 3175 1331 insignis
3206 1264 3469 1322 memoria

1903 1343 1986 1380 ioc
2013 1343 2174 1380 versu
2199 1343 2214 1380 ε

1903 1343 1986 1382 lOC
2013 1343 2174 1384 versu
2199 1343 2214 1383 ε

2067 1505 2308 1572 Quosdam
2331 1507 2396 1558 de
2416 1507 2999 1572 populovidetisacerdos

2065 1567 2332 1633 Libandum
2353 1567 2443 1620 sibi
2469 1567 2694 1633 poculum
2712 1571 3002 1622 offerentes:

2063 1628 2368 1694 Jejunamus,
2395 1628 2492 1694 ait';
2519 1629 2695 1682 recuso
2717 1642 2904 1694 potum:

2062 1693 2285 1745 Nondum
2308 1709 2433 1745 nona
2450 1693 2582 1748 diem
2607 1693 2830 1758 resignat
2853 1696 2987 1745 hora.

171 1817 3452 1846 mm

982 1951 1770 2059 COLLATIO
1870 1953 2625 2063 VIGESIMA
2655 2035 2689 2076 ,

1413 2141 1567 2218 Quae
1597 2148 1691 2203 est
1718 2141 1969 2206 abbatis
1998 2141 2252 2208 Pinufii.

1127 2285 1210 2335 DE
1243 2285 1683 2339 ΡΟΕΝΠΕΝἸἸΕ
1717 2285 1864 2338 FINE
1898 2284 1979 2336 ET
2013 2285 2523 2336 SATISFACTIONE.

699 2526 930 2586 CAPUT
969 2527 1252 2594 PRIMUM.

303 2620 380 2676 De
409 2621 609 2680 abbatis
632 2621 832 2694 Pinuﬁi
858 2624 1150 2684 humilitate
1171 2634 1216 2679 ιι
1239 2624 1440 2686 latendi
1459 2624 1650 2681 studio.

250 2711 505 2772 Prmclari
531 2728 593 2773 ac
619 2714 906 2787 singularis
937 2717 1037 2771 viri
1063 2725 1086 2752 α
1110 2716 1320 2773 abbatis
1349 2718 1542 2778 Pinufti
1575 2718 1642 2775 de
1673 2717 1781 2776 fine

171 2808 516 2880 paruitentire
543 2818 814 2881 praecepta
838 2808 1102 2880 dicturus,
1127 2826 1380 2880 magnam
1401 2813 1641 2870 materiai
1661 2829 1780 2883 par-

175 2906 292 2956 tem
324 2900 452 2955 mihi
488 2900 674 2958 videor
704 2911 1020 2972 amputare,
1065 2904 1110 2958 si
1161 2903 1483 2962 humilitatis
1521 2906 1637 2975 ejus
1667 2907 1781 2962 laup

176 2991 334 3059 dem,
367 3009 525 3063 quam
558 2994 610 3049 in
641 3006 835 3065 quarto
868 2996 1267 3056 institutionum
1302 2997 1443 3053 libro
1478 2998 1630 3069 (Cap.
1664 2999 1776 3071 50).

175 3084 272 3158 qui
309 3095 388 3140 est
410 3083 438 3122 ι)
469 3101 631 3156 super
657 3087 1005 3146 instituendis
1033 3087 1490 3146 Renuntiantibus
1511 3091 1776 3158 titnlatns,

175 3179 334 3235 brevi
356 3193 605 3235 sermone
629 3181 951 3250 perstrinti,
984 3181 1204 3244 lectoris
1227 3182 1442 3240 fastidio
1462 3187 1776 3251 consulens,

177 3271 274 3327 ltic
302 3272 512 3326 silentio
545 3276 985 3343 praetermittam;
1018 3290 1141 3329 cum
1187 3278 1486 3346 prmsertim
1529 3279 1680 3332 multi
1716 3279 1780 3332 il-

176 3365 290 3421 lius
320 3366 562 3434 opusculi
596 3367 841 3420 notitiam
888 3382 994 3420 non
1029 3367 1288 3423 habentes
1319 3368 1370 3422 in
1403 3369 1542 3424 hanc
1574 3372 1782 3440 possint

177 3457 470 3516 incurrere
499 3460 820 3525 lectionem,
853 3467 908 3514 et
936 3461 1113 3515 omnis
1142 3461 1409 3518 dictorum
1443 3465 1658 3518 Varillrl
1686 3483 1781 3520 au-

178 3553 413 3609 ctoritas
451 3555 495 3606 si
533 3553 766 3608 dicentis
800 3555 1048 3609 meritum
1082 3557 1451 3612 subtrahatur.
1487 3559 1582 3614 Hic
1611 3560 1778 3628 siqui-

182 3647 311 3704 detn
360 3662 479 3702 cum
512 3647 652 3706 haud
698 3646 858 3719 longe
889 3663 917 3702 a
966 3649 1270 3721 Panephysi
1299 3649 1519 3720 Egypti
1540 3695 1554 3716 ,
1587 3661 1642 3705 ut
1673 3653 1780 3708 illic

180 3739 386 3796 dictmn
414 3749 524 3806 est,
557 3740 794 3805 civitate.
827 3741 995 3798 abbas
1025 3752 1078 3797 et
1110 3744 1398 3814 presbyter
1441 3744 1638 3813 ingenti
1671 3760 1782 3800 ρω-

187 3834 354 3889 nobio
383 3834 719 3904 prasideret,
753 3845 1067 3907 tantumque
1096 3851 1216 3890 cum
1264 3838 1319 3891 in
1358 3839 1501 3892 omni
1533 3838 1618 3891 illa
1652 3854 1777 3908 pro-

1807 2535 1856 2595 B
1883 2530 2013 2585 tima
2055 2545 2180 2589 eum
2217 2541 2330 2597 jam
2368 2536 2527 2584 aetate
2574 2527 2723 2583 velut
2767 2529 2924 2599 panis
2952 2537 3193 2600 egestate
3218 2530 3470 2600 computa

1883 2638 2023 2691 sum,
2057 2637 2163 2680 non
2193 2623 2402 2679 sincere
2443 2621 2587 2680 illius
2627 2622 2891 2692 propositi
2933 2624 3278 2678 sanctitatem
3307 2637 3473 2693 expe-

1883 2716 2014 2774 tisse
2043 2715 2314 2782 dicebant,
2350 2714 2565 2772 tandem
2593 2723 2652 2769 ut
2677 2715 3062 2786 susciperetur,
3091 2715 3344 2780 obtinuit,
3377 2713 3469 2768 ubi

1881 2808 2217 2868 adolescenti
2263 2808 2476 2866 cuidam
2535 2807 2688 2862 fratri
2737 2808 2828 2878 qui
2879 2808 3096 2862 hortum
3153 2813 3476 2876 susceperat

1882 2902 2234 2960 excolendum
2257 2943 2274 2968 ,
2320 2903 2372 2958 iu
2403 2900 2791 2956 adminiculum
2829 2897 3151 2968 deputatus,
3195 2913 3316 2954 cum
3359 2912 3469 2953 non

1880 2997 2054 3053 solum
2087 2994 2264 3052 omnia
2303 3009 2422 3064 quae
2452 2993 2593 3050 idem
2625 2993 2948 3062 praepositus
2997 2993 3350 3062 imperasset,
3381 2991 3470 3047 vel

1881 3106 2000 3162 quae
2028 3089 2252 3160 injuncti
2283 3089 2466 3159 operis
2495 3102 2627 3144 cura
2651 3085 2928 3156 poscebat,
2960 3100 3082 3141 cum
3113 3085 3472 3141 admiratione

1884 3195 1990 3240 tam
2030 3193 2228 3240 sanctae
2263 3183 2582 3238 humilitatis
2610 3183 2880 3252 impleret,
2912 3197 3097 3237 verum
3128 3181 3289 3236 etiam
3321 3195 3469 3250 qua:-

1883 3279 2003 3340 dam
2035 3280 2340 3334 necessaria
2371 3293 2556 3352 opera,
2599 3293 2718 3347 quae
2746 3286 2967 3348 propter
3011 3276 3294 3332 horrorem
3325 3277 3406 3330 sui
3441 3290 3470 3329 a

1882 3373 2094 3429 caeteris
2115 3373 2442 3437 vitabantur,
2472 3374 2541 3427 ita
2566 3373 2762 3428 furtivo
2785 3389 2878 3442 per
2901 3383 3113 3427 noctem
3136 3372 3322 3427 labore
3351 3387 3473 3440 per-

1885 3468 2091 3536 liceret,
2133 3476 2195 3521 ut
2233 3465 2473 3522 diluculo
2498 3467 2673 3520 omnis
2715 3465 2808 3519 illa
2850 3465 3198 3536 congregatio
3227 3472 3334 3518 tam
3368 3464 3474 3517 uti-

1883 3559 2014 3616 liutn
2043 3575 2268 3630 operum
2297 3558 2571 3616 admirans
2598 3559 2870 3628 ignoraret
2898 3566 3194 3611 auctorem.
3227 3556 3474 3625 Cumque

1886 3654 1956 3706 ita
1991 3651 2280 3706 triennium
2328 3649 2502 3713 ferme
2532 3649 2675 3717 illic,
2725 3648 2967 3717 gaudens
2995 3647 3317 3701 desideratis
3361 3657 3471 3702 tam

1885 3743 2158 3813 injuriosm
2190 3741 2540 3809 subiectionis
2584 3739 2860 3795 laboribus
2881 3781 2894 3805 ,
2930 3740 3200 3810 exegisset
3226 3779 3241 3805 ,
3275 3739 3474 3795 accidit

1887 3848 1942 3891 ut
1975 3835 2192 3906 quidam
2231 3834 2396 3896 frater
2435 3833 2608 3890 eidem
2655 3835 2900 3904 cognitus
2938 3849 3004 3888 ex
3044 3834 3171 3897 illis,
3200 3831 3343 3886 unde
3379 3833 3474 3889 ille

184 3927 363 3983 vincia
392 3928 646 3987 virtutum
679 3945 896 3986 suarum
929 3941 1090 3999 atque
1121 3931 1395 4001 signorum
1419 3931 1585 4000 gloria
1614 3933 1782 3988 subli-
1810 3929 1854 3993 C
1887 3929 2229 3996 discesserat,
2249 3926 2462 3999 Λεωπριί
2496 3929 2761 3997 partibus,
2785 3927 3089 3982 adveniret.
3122 3924 3222 3992 Qui
3246 3940 3368 3978 cum
3393 3925 3475 3978 in-

183 4031 422 4088 masset.
472 4031 528 4079 ut
571 4023 679 4080 sibi
721 4022 831 4093 jam
880 4024 1154 4080 videretur
1196 4025 1558 4081 retributione
1607 4027 1781 4082 laudis

186 4115 440 4170 humanae
471 4116 717 4171 laborum
756 4131 976 4173 suorum
1005 4117 1279 4188 recepisse
1323 4119 1664 4188 mercedem,
1712 4120 1783 4175 ti-

187 4221 346 4263 mens
377 4222 442 4262 ne
469 4208 571 4263 sibi
602 4210 914 4278 specialiter
943 4209 1112 4266 invisa
1143 4211 1416 4283 popularis
1448 4211 1650 4274 favoris
1673 4215 1784 4269 ina.

186 4300 354 4367 nitas,
385 4299 616 4359 fructum
647 4302 852 4370 praemii
877 4313 1175 4360 evacuaret
1195 4305 1403 4369 aeterni,
1429 4308 1640 4363 occulte
1671 4323 1786 4362 mo-

186 4393 484 4448 nasterium
516 4409 675 4447 suum
707 4394 937 4464 fugiens,
978 4396 1044 4449 ad
1076 4395 1262 4451 intima
1295 4408 1318 4436 ο
1348 4397 1782 4455 Tabennensium

189 4484 580 4540 monachorum
615 4497 821 4542 secreta
855 4487 1154 4552 contendit,
1188 4487 1278 4548 ubi
1311 4505 1420 4547 non
1453 4494 1621 4548 eremi
1653 4495 1784 4550 soli-

189 4579 472 4648 tudinem,
522 4596 629 4635 oon
675 4580 960 4652 singularis
1013 4583 1136 4639 vitae
1187 4584 1574 4651 securitatem,
1623 4603 1786 4657 quam

189 4671 355 4727 etiam
386 4671 686 4740 imperfecti
717 4674 936 4743 quique,
972 4673 1213 4730 laborem
1245 4675 1569 4732 obedientiae
1598 4676 1651 4732 in
1678 4693 1790 4735 cm-

191 4763 369 4817 nobiis
397 4777 502 4817 non
535 4762 792 4827 ferentes,
817 4766 1049 4834 superba
1074 4782 1178 4820 non
1205 4782 1492 4838 numquam
1525 4784 1790 4840 prazsum-

190 4856 376 4926 ptione
407 4865 702 4923 seCtantur,
725 4858 820 4914 sed
852 4859 1210 4916 celeberrimo
1243 4861 1790 4932 prmelegitcmuohio

190 4946 486 5015 subjugari.
526 4947 625 5004 Ubi
661 4959 839 5005 tamen
869 4967 938 5007 ne
972 4953 1080 5008 ullo
1109 4953 1326 5008 habitus
1356 4955 1436 5009 sui
1469 4955 1791 5024 proderetur

190 5040 414 5107 indicio,
444 5041 664 5096 indutus
687 5054 842 5100 veste
871 5046 1142 5115 saeculari,
1174 5048 1374 5112 multis,
1403 5059 1458 5102 ut
1481 5049 1590 5104 illic
1622 5051 1789 5110 moris

193 5143 298 5199 est,
336 5134 526 5204 diebus
557 5138 864 5210 lacrymans
907 5155 1003 5211 pro
1047 5139 1254 5198 foribus
1291 5143 1599 5211 excubavit,
1630 5155 1791 5215 atque

192 5228 263 5284 ad
293 5230 536 5286 omnium
567 5247 741 5302 genua
769 5233 1089 5302 provolutus
1109 5277 1124 5301 ,
1155 5242 1277 5304 post
1303 5250 1491 5289 eorum
1535 5237 1788 5293 diuturna

1885 4024 2266 4078 dumentorum
2293 4022 2407 4092 ejus
2431 4031 2593 4092 atque
2612 4022 2779 4079 officii
2799 4020 3028 4086 vilitate,
3053 4017 3475 4090 promptissima:

1885 4118 2210 4190 cognitionis
2238 4119 2548 4175 facilitatem
2578 4117 2669 4172 ditt
2717 4115 2972 4176 haesitans
3001 4114 3314 4181 cohiberet,
3352 4125 3475 4185 post

1886 4212 2314 4282 explorationem
2357 4211 2848 4270 manifestissimam
2890 4209 2957 4265 ad
2999 4208 3116 4280 ejus
3143 4223 3316 4278 genua
3351 4222 3474 4274 pro-

1889 4304 2128 4369 volutus,
2157 4305 2386 4372 prituum
2414 4313 2692 4372 stuporem
2732 4301 2988 4356 fratribus
3014 4303 3244 4364 cunctis,
3277 4297 3474 4354 dehinc

1889 4395 2104 4467 prodito
2132 4396 2293 4451 etiam
2329 4397 2567 4463 nomine,
2599 4393 2740 4466 quod
2770 4397 2909 4463 apud
2942 4396 3063 4451 illos
3092 4409 3302 4464 quoque
3332 4408 3473 4463 pra:-

1889 4492 2060 4560 cipuae
2099 4490 2398 4548 sanctitatis
2449 4489 2585 4544 fama
2634 4489 2967 4559 vulgaverat,
3015 4489 3176 4546 etiam
3229 4487 3475 4542 dolorem

1889 4583 2324 4653 compunctionis
2352 4583 2599 4649 incussit,
2629 4584 2770 4654 quod
2800 4584 3010 4639 scilicet
3037 4584 3168 4637 tanti
3199 4580 3380 4636 meriti
3413 4595 3476 4634 ac

1891 4677 2175 4732 sacerdotii
2200 4679 2370 4732 virum
2396 4687 2500 4730 tam
2531 4676 2808 4748 injuriosis
2831 4677 3085 4748 operibus
3107 4675 3474 4746 deputassent.

1893 4767 1999 4826 Sed
2049 4780 2332 4840 postquam
2364 4768 2501 4825 flens
2547 4769 2815 4834 ubertim,
2851 4779 2904 4822 et
2950 4769 3233 4824 diabolicae
3265 4766 3480 4822 invidiae

1892 4863 2044 4933 quasi
2099 4879 2318 4932 gravem
2377 4863 2699 4932 proditionis
2775 4877 2888 4915 sua:
2963 4863 3234 4930 imputans
3293 4873 3478 4914 casum

1893 4955 2179 5029 [causam],
2213 4955 2278 5010 ad
2310 4957 2694 5012 monasterium
2725 4969 2878 5009 suum
2925 4953 3222 5009 honorifica
3256 4955 3478 5034 fratrum

1893 5049 2135 5107 CtlSlOdia
2155 5051 2426 5108 ambicnle
2447 5049 2740 5120 perductus
2761 5059 2865 5112 est.
2890 5049 3082 5116 exiguo
3106 5047 3215 5102 illic
3237 5055 3482 5116 tempore

1893 5144 2234 5207 demoratus.
2276 5161 2463 5202 rursus
2491 5143 2725 5199 offensus
2759 5152 2842 5197 est
2882 5143 3012 5212 ipsis
3042 5140 3262 5196 honoris
3304 5141 3387 5196 sui
3420 5156 3484 5197 ac

1893 5242 2158 5311 primatus
2189 5240 2494 5310 obsequiis;
2527 5255 2589 5294 ac
2619 5239 2802 5293 furtim
2831 5234 3132 5291 ascendens
3163 5250 3384 5300 navem,
3415 5233 3483 5289 ad

193 5322 428 5392 fastidia,
461 5325 556 5398 qui
584 5325 650 5379 ad
679 5326 1072 5396 explorandum
1103 5330 1222 5397 ejus
1249 5328 1581 5384 desiderium
1617 5331 1667 5384 in
1703 5330 1784 5385 nl-
1815 5324 1869 5385 D
1894 5333 2234 5390 Pal-.cstinam
2262 5332 2436 5404 Syriae
2461 5332 2787 5404 provinciam
2818 5330 3186 5398 transmeavit,
3219 5328 3307 5384 ubi
3335 5329 3486 5386 velut

1271 5464 1533 5522 ALARDI
1572 5467 1808 5535 GAZIEI
1846 5471 2416 5538 COMMENTARIUS.

279 5573 663 5648 ‘iiynupbiuni
708 5577 839 5647 legit
879 5579 1164 5636 Ciaconius
1189 5620 1205 5646 ,
1238 5595 1344 5636 ms.
1382 5581 1646 5638 Pioofium
1680 5601 1694 5638 :
1723 5584 1795 5641 de

198 5658 306 5716 quo
335 5643 627 5710 Cassianus
649 5643 833 5704 libftv
864 5650 1036 5716 Ittslil.
1069 5643 1198 5720 cap.
1217 5652 1286 5707 50
1311 5661 1368 5708 et
1389 5668 1504 5722 seq.

198 5784 241 5800 n
271 5709 300 5751 δ
331 5713 385 5772 Id
417 5728 534 5800 est,
588 5717 683 5800 pe
706 5717 967 5800 Institutas
995 5721 1430 5800 Renuntiatum»:
1468 5725 1789 5800 inscriptus.

195 5784 276 5872 De
304 5801 410 5872 qua
437 5784 795 5872 inscriptione
819 5797 939 5872 _sive
974 5796 1127 5854 titulo
1153 5784 1273 5856 libri
1303 5798 1479 5868 quarti
1500 5843 1514 5868 ,
1544 5784 1666 5854 vide
1697 5814 1791 5855 no-

199 5868 312 5915 tam
339 5860 540 5918 ibidem
567 5861 634 5918 ad
658 5876 779 5933 cap.
811 5863 834 5917 1

1977 5597 1998 5628 τ
2030 5586 2448 5653 Tahentienses,
2489 5585 2612 5640 sive
2647 5585 3103 5642 Tabennensiotae
3151 5585 3401 5643 monachi
3455 5601 3491 5646 ι

1901 5657 1961 5714 S.
2003 5657 2298 5712 Paclinmio
2340 5656 2621 5722 instituti;
2675 5659 2814 5712 unde
2873 5660 3033 5713 etiam
3101 5657 3486 5729 Pachomianl,

1902 5731 2014 5785 sive
2052 5729 2590 5804 Pacliumjaa_i__dccti.
2625 5729 2704 5786 De
2742 5730 2939 5804 quibus
2969 5729 3388 5804 casslanusilib.
3432 5745 3491 5792 IV

1901 5801 2128 5878 caput,
2173 5811 2229 5878 et
2283 5795 2340 5878 S‘.
2378 5795 2852 5878 Hieronymus’in
2902 5795 3215 5878 praefatione
3271 5795 3491 5878 [legulae

1902 5874 2145 5942 eiusdem
2182 5873 2482 5931 Pacliomii.
2585 5873 2594 5874 ’
2902 5873 2921 5878 ν
3350 5873 3356 5884 ς
