4014 6200
554 438 688 501 1151

558 560 824 629 incipiens
864 567 1031 630 atque
1065 556 1303 613 novitius
1339 555 1394 610 in
1424 554 1517 609 illo
1558 553 1611 607 in
1640 565 1746 622 quo
1778 564 1875 605 nos
1919 548 2152 619 degeba-
2177 558 2231 617 Α

554 668 674 708 mus
696 694 709 716 ,
738 651 1053 707 monasterii
1084 658 1338 719 receptus
1367 646 1703 712 habitaculo,
1736 645 1789 698 in
1829 652 2012 698 nostra
2039 640 2149 697 cel-

554 745 661 803 lula
683 747 750 800 ab
771 745 967 801 abbate
992 752 1292 815 praeceptus
1318 750 1403 798 est
1420 755 1789 797 commanere.
1810 738 1918 795 Sed
1945 752 2010 791 ne
2035 734 2148 790 illic

554 840 771 912 quidem
820 840 911 894 diu
958 838 1172 894 virtutis
1214 836 1333 907 ejus
1381 835 1573 890 merita
1623 834 1790 887 latere
1836 836 2145 901 potuerunt.

554 932 689 988 Nam
730 932 895 987 simili
929 932 1231 1000 proditione
1272 930 1542 992 detectus,
1575 936 1735 996 atque
1775 924 1841 979 ad
1873 931 2148 977 monaste-

556 1026 697 1081 rlum
727 1040 882 1080 suum
912 1040 1031 1078 cum
1058 1024 1259 1094 ingenti
1289 1022 1696 1077 honorificentia
1725 1034 1787 1073 ac
1811 1017 1968 1072 laude
1997 1031 2150 1070 revo-

557 1128 730 1185 catus,
762 1122 977 1175 tandem
1006 1119 1149 1190 quod
1182 1128 1299 1173 erat
1326 1132 1450 1173 esse
1472 1115 1789 1186 compulsus
1817 1119 1925 1167 est.

1197 1250 1429 1307 CAPUT
1470 1250 1534 1305 ll.

748 1364 825 1421 De
852 1366 1077 1419 adventu
1107 1374 1281 1421 nostro
1309 1364 1380 1417 ad
1408 1363 1647 1417 abbatem
1675 1360 1964 1431 Pinnﬁum.

630 1501 768 1559 Cum
802 1502 962 1573 igitur
1002 1512 1121 1572 post
1151 1518 1255 1557 non
1304 1502 1519 1571 longum
1559 1510 1772 1570 tempus
1818 1514 1917 1555 nos
1944 1510 2158 1568 quoque

560 1595 856 1667 Egyptian
913 1605 1100 1665 petere
1161 1603 1363 1649 sancta:
1420 1594 1774 1649 institutionis
1831 1590 2156 1646 desiderium

558 1689 931 1758 compulisset,
957 1703 1170 1742 summo
1198 1703 1321 1743 cum
1348 1687 1537 1741 affectu
1562 1701 1623 1741 ac
1651 1685 1918 1742 desiderio
1950 1683 2157 1754 perqui-

556 1791 769 1844 rentes,
824 1788 968 1833 tanta
1020 1780 1140 1848 ejus
1196 1795 1381 1833 sumus
1430 1780 1604 1848 gratia
1650 1788 1813 1848 atque
1862 1777 2161 1831 luunihtate

557 1875 827 1942 su~cepti,
880 1881 935 1926 ut
996 1887 1093 1927 nos
1134 1883 1413 1943 tamquam
1455 1876 1482 1904 ⁸
1528 1873 1783 1942 pristinos
1828 1872 2156 1943 syncellitas,

557 1966 719 2018 etiam
746 1964 955 2018 cellulm
984 1978 1115 2030 suae,
1147 1981 1305 2032 quam
1330 1966 1379 2018 in
1407 1975 1656 2019 extrema
1678 1964 1819 2019 horti
1852 1973 2002 2033 parte
2030 1978 2159 2018 σοι·
2187 1944 2234 2007 Β

558 2065 856 2125 struxerat,
894 2058 1191 2112 bonoraret
1238 2059 1493 2128 hospitio.
1547 2058 1644 2113 Ubi
1680 2074 1800 2112 cum
1831 2059 1961 2112 satis
1992 2059 2158 2112 ardua

558 2161 717 2221 atque
768 2153 1029 2221 praecelsa
1066 2152 1281 2207 cuidam
1338 2152 1485 2207 fratri
1537 2152 1847 2206 monasterii
1900 2151 2156 2223 Regulam

558 2246 813 2301 subeunti
862 2261 1044 2301 coram
1088 2247 1342 2301 omnibus
1388 2248 1439 2301 in
1488 2248 1675 2317 synaxi
1726 2245 1981 2301 fratribus
2021 2261 2160 2314 prac-

559 2347 715 2407 Cepta
770 2338 1086 2393 tradidisset
1130 2342 1271 2408 (qua:
1320 2338 1372 2392 in
1422 2351 1636 2409 quarto,
1690 2348 1745 2392 ut
1789 2336 2159 2407 prmdiximus,

560 2430 962 2487 lustitutionum
991 2432 1129 2488 libro
1161 2432 1315 2505 (Cap.
1349 2433 1441 2502 52)
1472 2442 1669 2502 quanta
1702 2434 1848 2502 potui
1890 2431 2162 2487 brevitate

559 2527 880 2595 complexus
910 2526 1082 2597 sum),
1109 2538 1214 2581 tam
1248 2525 1812 2596 incomprehensibilia
1845 2525 1998 2580 nobis
2021 2535 2161 2579 tam-

561 2630 665 2686 que
692 2619 919 2672 miriftca
952 2632 1095 2672 vera:
1123 2617 1610 2672 abrenuntiationis
1641 2619 1875 2671 culmina
1909 2617 2165 2672 videban—

562 2717 672 2772 tur,
708 2717 766 2762 ut
797 2708 947 2763 nullo
976 2709 1140 2763 modo
1186 2709 1311 2762 illuc
1362 2709 1723 2765 humilitatem
1756 2719 1994 2765 nostram
2040 2726 2164 2766 cre-

563 2798 819 2853 deremus
857 2813 1015 2866 posse
1045 2800 1434 2855 conscendere.
1470 2802 1632 2871 Igitur
1661 2802 2045 2872 desperatione
2072 2803 2167 2859 de-

557 2888 712 2960 jecti,
740 2898 796 2945 et
824 2890 946 2960 ipso
969 2890 1132 2946 etiam
1159 2897 1308 2947 vultu
1333 2893 1577 2948 intimam
1602 2896 1987 2965 cogitationum
2017 2911 2164 2950 ama-

563 2980 855 3037 ritudinem
880 2999 985 3038 non
1011 2986 1272 3050 celantes,
1296 2987 1360 3041 ad
1381 2986 1598 3041 beatum
1620 3004 1829 3055 senem,
1854 2990 1986 3045 satis
2004 2990 2162 3044 anxia

563 3085 748 3131 mente
772 3079 1129 3145 recurrimus;
1153 3081 1237 3134 cui
1264 3082 1510 3151 protinus
1531 3098 1747 3138 causam
1780 3095 1939 3140 tanta:
1960 3085 2166 3142 maesti-

566 3167 767 3224 tudinis
818 3169 1138 3240 inquirenti,
1174 3174 1341 3229 abbas
1370 3174 1695 3244 Germanus,
1726 3178 1966 3247 graviter
2017 3178 2166 3248 inge-

567 3262 824 3329 miscens,
850 3264 919 3319 ita
950 3266 1250 3334 respondit.

1616 431 1900 490 JOANNIS
1937 427 2250 488 CASSIANI
2289 421 2789 485 COLLATIONES.

3829 407 3943 469 tif:

2878 560 3107 618 CAPUT
3149 559 3236 616 lll.

2253 668 2602 739 Interrogatio
2624 666 2690 718 de
2712 663 3021 736 paenitentia:
3043 663 3147 731 fine
3169 671 3220 715 et
3245 657 3683 731 satisfactiom's
3708 655 3933 710 iudicia.

2321 762 2534 830 Quanto
2577 756 3011 829 magnificentior
3039 766 3201 824 atque
3243 753 3566 811 sublimior
3602 752 3931 821 incognita

2253 854 2411 910 nobis
2433 868 2611 910 sermo
2634 851 2896 906 doctrina:
2921 861 3028 904 tum
3050 850 3152 903 iter
3175 850 3408 903 arduum
3437 844 3932 917 przecelsissintz

2253 946 2674 1004 renuntiationis
2723 944 2971 1012 aperuit,
3023 950 3080 998 et
3122 942 3274 1012 quasi
3329 952 3557 996 remma
3617 937 3933 991 oculorum

2253 1052 2560 1097 nostrorum
2580 1038 2813 1107 caligine
2832 1035 3113 1092 conditum
3138 1036 3284 1090 coelo
3301 1033 3536 1088 culmen
3561 1032 3715 1100 ejus
3742 1040 3933 1083 osten-

2256 1134 2354 1200 dit,
2388 1140 2535 1186 tauto
2580 1130 2785 1200 majore
2825 1127 3228 1198 desperationis
3278 1126 3431 1180 mole
3488 1124 3924 1192 deprimimur.

2257 1227 2683 1283 lmmensitatcm
2718 1222 2986 1293 siquidem
3019 1223 3135 1290 ejus
3175 1236 3298 1275 cum
3345 1219 3688 1287 exiguitate
3724 1215 3923 1268 virium

2258 1332 2565 1375 nostrarum
2600 1317 2909 1383 metientes,
2944 1327 2996 1372 et
3029 1315 3246 1369 nimiam
3296 1312 3704 1382 abjectionem
3766 1312 3922 1380 igna-

2258 1414 2360 1467 via:
2398 1423 2596 1467 nostra:
2639 1426 2760 1465 cunt
2790 1408 2999 1464 infinita
3028 1408 3245 1462 virtutis
3273 1418 3519 1462 ostensa:
3556 1407 3919 1461 celsitudine

2259 1506 2625 1570 conferentes,
2662 1504 2982 1573 pravitatem
3009 1512 3245 1556 nostram
3278 1518 3385 1556 non
3418 1502 3614 1556 solum
3654 1500 3739 1556 ad
3766 1502 3914 1555 illam

2262 1615 2367 1653 non
2401 1612 2559 1668 posse
2587 1596 2873 1665 proficere,
2906 1610 3088 1649 verum
3115 1596 3276 1649 etiam
3301 1594 3369 1649 ab
3395 1610 3463 1649 eo
3494 1595 3663 1663 quod
3698 1608 3787 1649 εει
3819 1595 3913 1647 de-

2263 1690 2424 1745 ficere
2454 1704 2611 1758 posse
2640 1691 2925 1743 sentimus.
2951 1686 3083 1741 Nam
3115 1686 3454 1755 ponderibus
3475 1688 3685 1740 nimia:
3706 1686 3909 1754 despe-

2264 1783 2490 1837 rationis
2522 1782 2789 1849 oppressi,
2823 1779 3223 1849 quodammodo
3266 1779 3334 1833 de
3385 1779 3602 1832 infimis
3638 1780 3716 1832 ad
3770 1780 3903 1832 infe-

2268 1877 2413 1929 riora
2450 1874 2803 1944 prolabimur.
2839 1870 3011 1926 Unum
3046 1870 3273 1940 proinde
3312 1885 3374 1924 ac
3427 1871 3735 1941 singulare
3765 1887 3901 1940 pne-

2261 1967 2458 2021 sidium
2507 1966 2734 2021 medela:
2781 1966 2982 2019 nostris
3029 1973 3209 2033 potest
3240 1960 3484 2017 conferri
3539 1963 3897 2027 vulneribus,

2262 2070 2319 2115 ut
2364 2059 2431 2114 de
2472 2059 2580 2113 fine
2624 2056 2959 2128 poenitentia:
2990 2066 3047 2111 et
3088 2056 3322 2110 maxime
3370 2056 3442 2109 de
3487 2056 3896 2111 satisfactionis

2264 2152 2465 2208 indicio
2495 2154 2675 2220 aliqua
2702 2152 2995 2217 discamus,
3024 2160 3078 2204 ut
3108 2150 3243 2205 certi
3276 2149 3346 2204 de
3378 2150 3719 2205 remis~ione
3753 2164 3894 2218 prae-

2264 2245 2568 2301 cedentium
2600 2245 2941 2308 delictorum,
2975 2242 3245 2313 poSsimus
3274 2242 3441 2297 etiam
3489 2242 3562 2296 ad
3608 2257 3885 2298 conscen-

2266 2340 2443 2398 denda
2472 2339 2683 2411 fastigia
2721 2338 2989 2409 praedicta:
3018 2335 3367 2405 perfectionis
3392 2336 3651 2391 animari.

2881 2429 3114 2485 CAPUT
3164 2429 3253 2485 IV.

2675 2523 2961 2591 Responsio
2990 2519 3189 2574 abbatis
3225 2516 3439 2581 Pinuﬁi.

2340 2616 2579 2671 Pinufius
2606 2632 2618 2668 :
2652 2615 2900 2670 Delector
2926 2612 3213 2667 admodum
3248 2612 3454 2681 quidem
3483 2612 3738 2681 copiosis
3770 2612 3880 2667 hu-

2273 2710 2513 2765 militatis
2543 2718 2737 2764 vestrze
2767 2707 3051 2773 fructibus,
3084 2720 3220 2773 quos
3266 2706 3427 2761 etiam
3458 2705 3678 2760 cellulae
3731 2706 3876 2761 illius

2269 2802 2542 2874 quondam
2591 2800 2923 2856 habitatione
2963 2810 3247 2869 susceptus
3281 2812 3387 2851 non
3419 2798 3697 2853 incuriosa
3729 2800 3874 2853 aesti-

2273 2897 2509 2951 matione
2531 2894 2802 2965 perSpexi,
2832 2893 3095 2963 valdeque
3123 2891 3460 2963 congaudeo,
3484 2894 3617 2962 quia
3650 2892 3701 2946 id
3729 2892 3869 2963 quod

2273 3004 2304 3043 a
2336 2989 2491 3043 nobis
2523 2987 2761 3041 omnium
2796 2985 3226 3041 Christianorum
3258 2986 3459 3039 infimis
3490 2984 3609 3039 sola
3648 2986 3866 3039 forsitan

2275 3081 2561 3136 verborum
2616 3079 2865 3134 libertate
2914 3078 3256 3147 praecipitur,
3308 3086 3457 3131 tanta
3511 3078 3867 3133 admiratione

2273 3173 2610 3242 suscepistis,
2639 3183 2694 3227 ut
2724 3187 2786 3227 ea
2810 3171 2881 3232 (si
2910 3187 3018 3224 non
3046 3171 3222 3241 fallor)
3267 3169 3412 3225 haud
3444 3173 3669 3241 segnius
3713 3190 3863 3243 quam

2274 3286 2303 3323 a
2322 3270 2476 3323 nobis
2501 3269 2641 3322 dicta
2664 3278 2789 3322 sunt
2814 3266 3097 3336 impleatis.
3124 3264 3150 3304 ι’
3167 3264 3413 3335 Cumque
3434 3266 3605 3335 (sicut
3630 3269 3864 3335 memini)

1632 3405 1887 3461 ALARDI
1926 3404 2159 3469 GAZEI
2199 3403 2765 3461 COMMENTARIUS.

647 3531 673 3595 ε
709 3521 763 3577 id
790 3532 871 3595 est
897 3522 1135 3595 ejusdem
1162 3524 1311 3580 cellae
1332 3524 1753 3593 cohabitatores,
1777 3526 1862 3579 vel
1890 3524 1943 3579 in
1968 3523 2158 3579 eadem
2187 3523 2233 3586 C

568 3594 703 3648 cella
729 3594 1120 3650 cohabitamus.
1153 3596 1408 3652 Sidonius
1436 3596 1749 3651 concellitas
1776 3596 1943 3659 dicit;
1976 3596 2161 3650 Euno-

568 3667 690 3721 tlius
744 3668 1120 3721 concellaneos
1175 3669 1363 3722 eadem
1418 3668 1838 3736 significatione.
1898 3667 2163 3722 Pristinos

567 3747 747 3792 autem
780 3736 878 3809 _hic
915 3749 1091 3801 vocat,
1124 3740 1247 3809 quia
1281 3741 1531 3809 superius
1560 3739 1715 3806 dixit,
1749 3741 1850 3794 sub
1881 3739 2041 3793 finem
2074 3754 2163 3791 ca-

570 3809 717 3878 pitis,
769 3807 1038 3878 Pinuﬁum
1084 3807 1154 3864 in'
1183 3807 1361 3865 eadem
1409 3811 1572 3872 cella,
1622 3811 1920 3865 monasterii
1971 3809 2165 3863 scilicet

570 3877 964 3943 Bethleeminci,
1003 3898 1175 3934 secum
1211 3898 1533 3936 commanere
1562 3884 1796 3950 jussum,
1841 3899 1954 3935 cum
1984 3882 2038 3935 in
2076 3881 2166 3933 illo

568 3950 703 4022 velut
738 3952 990 4018 incipiens
1017 3964 1063 4004 et
1089 3954 1313 4007 novitius
1352 3964 1585 4022 receptus
1608 3965 1753 4007 esset.
1788 3954 1867 4007 Ad
1900 3954 2055 4021 cujus
2087 3952 2165 4005 iu-

573 4020 921 4095 telligentiatn
952 4025 1187 4095 notanda
1210 4024 1374 4079 verba
1404 4020 1804 4095 D.Hieﬁronytni
1832 4026 1882 4095 iu
1910 4020 1999 4076 illa
2030 4038 2168 4093 prte-

572 4090 773 4146 fatione
818 4092 1037 4163 Regula:
1088 4095 1467 4149 Pal-Itomianae
1500 4112 1513 4148 :
1548 4090 1776 4159 Habent,
1827 4090 2045 4162 inquit,
2079 4108 2170 4157 per

573 4162 777 4235 singula
806 4167 1111 4217 monasteria
1143 4165 1349 4230 Patres,
1376 4177 1425 4220 et
1452 4166 1857 4235 dispensatores,
1892 4175 1938 4217 et
1979 4164 2169 4217 ltebth-

574 4234 858 4306 madarios,
888 4249 949 4285 ac
971 4237 1259 4298 ministros,
1294 4244 1340 4288 et
1378 4234 1702 4306 singularum
1739 4237 2011 4288 domorum
2038 4250 2169 4297 prte-

572 4302 898 4376 positospita
926 4315 979 4355 ut
1008 4307 1061 4356 in
1094 4324 1197 4359 una
1224 4306 1377 4357 domo
1411 4302 1760 4376 quadraginta
1786 4307 1903 4376 plus
1940 4308 2169 4358 minusve

574 4372 765 4441 fratres
801 4371 1056 4439 habitent,
1093 4377 1180 4441 qui
1213 4371 1449 4429 obediant
1478 4371 1752 4446 pra‘posito
1770 4371 1796 4443 ,5
1820 4378 2041 4443 sintque,
2076 4393 2168 4447 pro

574 4456 784 4496 munero
828 4448 1081 4510 fratrum,
1118 4449 1355 4517 triginta,
1395 4450 1471 4500 vel
1505 4448 1851 4518 quadraginta
1894 4448 2078 4500 domus
2116 4449 2168 4500 in

572 4527 672 4587 uno
703 4519 1014 4587 monasterio
1031 4533 1049 4581 ;
1081 4531 1125 4569 et
1154 4529 1314 4570 terna:
1336 4518 1411 4570 vel
1437 4531 1698 4587 quaterna:
1725 4521 1909 4572 domus
1937 4520 1986 4571 in
2012 4536 2168 4571 uuam

575 4583 765 4664 tribum
787 4586 1123 4664 foedarentur,
1155 4587 1406 4664 utrelad
1438 4583 1592 4664 opera
1632 4592 1787 4664 simul
1831 4591 2047 4655 vadant,
2091 4588 2167 4664 vel

574 4655 627 4707 in
664 4655 1109 4712 hebdomadarum
1148 4660 1430 4713 ministerio
1462 4655 1557 4714 sibi
1593 4663 1870 4716 succedant
1908 4679 2001 4727 per
2031 4662 2170 4713 ordi-

575 4740 710 4808 nem.
762 4727 887 4808 llaec
929 4729 1019 4783 ibi.
1058 4729 1248 4808 Itaque
1286 4732 1579 4808 syucellitte
1608 4732 1927 4808 dicebantur
1973 4732 2168 4808 fratres

576 4797 696 4867 plus
729 4797 976 4873 minusve
996 4797 1346 4871 quadraginta
1382 4804 1430 4856 in
1466 4819 1566 4857 una
1596 4805 1759 4872 cella,
1791 4805 1873 4859 vel
1908 4808 2085 4873 potius
2113 4803 2166 4857 in

576 4882 677 4950 una
709 4868 873 4950 domt)
902 4868 1331 4950 cotutuanetitcs,
1358 4884 1412 4950 et
1446 4877 1534 4928 uni
1579 4868 1868 4950 prthosilo
1909 4868 2163 4950 subjecti.

578 4939 916 5020 lirantenim
950 4941 1001 4996 in
1034 4959 1136 5020 una
1163 4945 1329 5020 domo
1354 4948 1536 5020 plures
1567 4939 1739 5013 cellae,
1767 4947 1817 5000 in
1849 4939 2048 5020 quibit—5
2076 4958 2168 5000 ειυι

574 5012 792 5079 singuli,
827 5024 917 5066 aut
946 5024 1093 5068 certe
1125 5016 1260 5082 hirti,
1290 5012 1371 5071 vel
1403 5018 1565 5077 terni,
1606 5028 1826 5071 auctore
1869 5012 1933 5069 Ι).
1981 5017 2170 5071 lliero-

573 5096 738 5157 nvmo
786 5084 1041 5157 in__epist.
1072 5087 1136 5139 ad
1174 5087 1522 5140 Etllet'ilillln
1568 5086 1761 5157 (Epist.
1788 5084 1903 5153 ΞΞ),
1933 5102 2169 5142 Comma-

573 5154 794 5227 tit-baut.
834 5154 986 5213 Unde
1028 5168 1081 5209 et
1126 5158 1370 5224 ejusdem
1423 5154 1650 5227 Regula!
1683 5166 1789 5213 art.
1826 5158 1857 5212 7
1888 5158 2171 5214 manifeste

573 5223 978 5299 distinguuntur
1018 5227 1171 5283 cella:
1211 5244 1239 5281 a
1285 5223 1538 5282 domibus
1572 5248 1583 5283 :
1630 5228 1806 5293 Mane,
1842 5231 2046 5299 inquit,
2082 5246 2171 5296 per

578 5295 804 5367 vingttlas
835 5300 1037 5360 domos,
1066 5300 1227 5367 ﬁnitis
1257 5300 1602 5362 orationibus,
1634 5318 1735 5354 non
1759 5295 1933 5356 statim
1956 5302 2022 5354 ad
2050 5295 2171 5355 snas

574 5364 734 5419 cellas
760 5364 1097 5444 revertentur,
1140 5370 1229 5423 sed
1259 5374 1519 5439 conferent
1564 5374 1695 5444 inter
1740 5390 1793 5427 se
1826 5389 1941 5441 qua:
1970 5389 2171 5444 prpr-

574 5448 699 5489 sttos
746 5440 1006 5494 audierint
1055 5442 1405 5511 disputantes,
1443 5454 1545 5497 etc.
1595 5442 1781 5497 Porro.
1812 5440 1901 5497 illa
1942 5440 2171 5498 duorum

577 5517 672 5559 aut
722 5511 954 5576 plurium
1009 5511 1231 5566 fratrum
1280 5514 1393 5566 sive
1445 5514 1834 5568 monachorum
1883 5516 1933 5569 in
1982 5516 2171 5568 eadem

576 5581 710 5632 cella
753 5594 848 5654 seu
881 5582 1133 5636 cubiculo
1172 5584 1505 5638 cobabntatio
1536 5585 1933 5654 posterioribus
1958 5586 2174 5639 smculis

575 5660 633 5701 et
680 5652 921 5724 moribus
966 5655 1082 5707 visa
1135 5666 1210 5708 est
1262 5669 1369 5709 non
1403 5652 1669 5724 expedire
1712 5671 1809 5710 nec
1853 5657 2174 5719 condecere,

578 5721 723 5785 quod
754 5721 916 5776 etiam
949 5725 1077 5777 alibi
1104 5725 1367 5779 monitum
1395 5721 1639 5781 memini.
1672 5725 1824 5782 Unde
1866 5729 1918 5780 in
1947 5725 2179 5780 concilio

578 5787 879 5865 Turoneusi
915 5795 995 5865 ita
1017 5796 1286 5847 sancitum
1320 5795 1554 5865 legitur:
1588 5795 1765 5865 Neque
1801 5798 1949 5851 liceat
1992 5814 2171 5850 monw-

578 5854 695 5934 slsis
723 5857 881 5934 cellas
911 5863 1095 5913 habere
1135 5854 1450 5934 contmnam,
1499 5865 1586 5919 ubi
1621 5854 1711 5918 aut
1753 5867 1856 5919 bini
1904 5878 2166 5931 maneant,

580 5933 678 5977 aut
705 5927 992 5988 singulares
1020 5932 1198 5997 reponi
1233 5927 1451 6001 possint,
1479 5946 1583 5989 etc.
1628 5934 1846 6001 ('l‘uron.
1886 5938 1945 6001 ll,
1974 5952 2019 5990 c.
2060 5927 2169 6005 10f.

2196 4905 2246 4965 D

2266 3521 2604 3577 Justinianus
2657 3522 2850 3590 imper.
2904 3521 2957 3574 in
3010 3534 3103 3574 sua
3156 3518 3377 3593 Novella
3435 3521 3691 3593 (Novell.
3733 3525 3764 3579 5
3806 3526 3861 3575 de

2268 3594 2564 3661 monac/tis)
2614 3594 2804 3646 statuit
2853 3602 2911 3645 ut
2953 3592 3234 3645 monachis
3276 3608 3378 3645 una
3422 3594 3646 3662 quidem
3676 3596 3742 3649 sit
3770 3596 3852 3649 doc

2269 3681 2409 3730 tuus,
2446 3680 2611 3718 unum
2656 3679 2944 3718 commune
2990 3667 3324 3717 cwnaculum
3358 3680 3422 3717 ac
3452 3666 3854 3730 dormitorium;

2269 3737 2483 3790 diversa
2519 3745 2697 3789 tamen
2744 3734 2986 3788 cubicula
3028 3735 3145 3789 sive
3193 3736 3445 3789 cellula~:
3482 3740 3588 3789 Aut
3626 3739 3669 3790 si
3717 3739 3855 3805 forte,

2272 3807 2465 3876 inquit,
2495 3824 2596 3859 non
2634 3806 2817 3875 suﬁicu
2847 3806 2913 3859 ad
2942 3806 3322 3858 multitudinem
3357 3809 3733 3861 monachorum
3768 3811 3853 3860 do-

2270 3895 2382 3930 mus
2410 3896 2534 3943 una,
2560 3878 2759 3930 induas
2781 3887 2870 3929 aut
2890 3878 3060 3945 plures
3080 3877 3549 3947 (distribuantur),
3576 3897 3677 3932 non
3702 3892 3853 3932 tamen

2270 3966 2484 4003 seorsmt
2532 3959 2576 4002 et
2628 3951 2767 4017 apud
2816 3948 3133 4017 semetipsos,
3162 3950 3255 4001 sed
3305 3950 3359 4002 in
3411 3952 3673 4003 communi
3717 3963 3853 4003 testes

2270 4021 2509 4073 alterutri
2552 4021 2653 4073 sint
2690 4020 2974 4071 honestatis
3004 4028 3049 4071 et
3092 4021 3380 4086 castitatis;
3410 4022 3513 4073 nisi
3552 4031 3713 4075 tamen
3747 4024 3850 4085 qui-

2273 4092 2392 4164 dam
2434 4107 2609 4143 eorum
2644 4093 2697 4143 in
2736 4090 3164 4164 contemplatione
3200 4100 3248 4143 et
3277 4094 3599 4161 perfectione
3631 4094 3848 4164 degentes

2272 4162 2429 4214 vitam
2450 4172 2696 4215 remotam
2720 4162 2935 4215 habeant
2961 4162 3011 4213 in
3035 4178 3255 4227 secessu,
3285 4179 3415 4229 quos
3439 4180 3620 4216 vocare
3637 4162 3848 4216 anacho-

2272 4244 2405 4286 retas
2446 4242 2494 4286 et
2539 4235 2874 4303 hesychastas
2913 4244 3299 4297 consueverunt,
3331 4244 3595 4303 tamquam
3636 4250 3694 4288 ea:
3721 4250 3849 4286 com-

2273 4305 2516 4357 munione
2544 4304 2612 4356 ad
2646 4305 2859 4357 meliora
2904 4314 3163 4375 exceptos.
3196 4304 3335 4375 illa-c
3380 4306 3472 4363 ibi,
3504 4322 3624 4375 qua?
3655 4316 3759 4358 tum
3788 4321 3847 4359 ex

2271 4375 2393 4428 aliis
2427 4376 2694 4439 Palrilms,
2731 4384 2839 4428 tttm
2870 4390 2932 4428 ex
2958 4374 3156 4444 Regula
3188 4374 3247 4428 D.
3271 4374 3545 4429 Benedicti
3576 4379 3845 4443 desumpta

2271 4457 2397 4499 sunt
2425 4462 2545 4512 cap.
2580 4446 2669 4499 2‘2.
2704 4446 2800 4501 Ubi
2833 4445 3153 4501 Casinenses
3187 4446 3289 4501 hoc
3330 4458 3581 4500 statutum
3625 4448 3846 4500 adlude-

2271 4528 2397 4570 ruttt
2431 4536 2440 4570 :
2476 4518 2777 4571 Secundum
2806 4519 3109 4570 ntodernum
3151 4534 3357 4579 morem,
3382 4526 3585 4582 propter
3611 4515 3844 4570 honesta-

2272 4596 2389 4652 tem,
2418 4599 2463 4641 et
2487 4600 2539 4641 ut
2563 4588 2769 4641 liberius
2800 4592 2986 4659 fratres
3016 4606 3070 4641 se
3101 4605 3329 4642 exercere
3356 4588 3544 4659 possint
3575 4592 3626 4639 in
3654 4590 3844 4640 oratio-

2271 4659 2415 4712 nibus
2445 4670 2491 4713 et
2518 4661 2637 4713 aliis
2657 4661 2908 4714 exercitiis
2933 4660 3310 4725 spiritualibus,
3336 4671 3378 4711 et
3406 4668 3457 4711 ut
3480 4660 3661 4711 vitetur
3686 4661 3845 4711 curio-

2271 4731 2416 4797 sitas,
2451 4732 2815 4785 dormitorium
2855 4731 3072 4784 divisum
3109 4744 3178 4784 est
3222 4748 3311 4799 per
3348 4731 3573 4784 diversas
3612 4733 3778 4793 (cllas,
3806 4744 3845 4784 et

2272 4804 2595 4874 assignamus
2639 4804 2914 4873 unicuique
2963 4806 3184 4874 fratrum
3234 4803 3415 4874 cellam
3462 4818 3649 4867 unam,
3689 4804 3759 4855 sic
3796 4814 3842 4856 ut

2273 4873 2465 4943 singuli
2492 4875 2546 4927 in
2577 4874 2794 4944 singulis
2825 4874 3084 4926 dormiant
3106 4873 3268 4926 cellis.
3301 4873 3425 4927 llaec
3458 4874 3556 4940 ipsi
3590 4874 3651 4927 ad
3677 4874 3840 4927 decla-

2275 4948 2535 4999 rationem
2566 4944 2684 5012 ejus
2715 4960 2836 5014 cap.
2880 4945 3119 5011 ltt-gulae,
3154 4961 3259 5014 quo
3296 4945 3557 4998 statuitur
3587 4955 3638 4996 ut
3672 4945 3842 5004 singuli

2272 5033 2361 5087 per
2391 5015 2619 5087 singulos
2649 5017 2804 5069 lectos
2834 5016 3093 5068 dorntiant
3120 5016 3376 5087 monachi.

2346 5086 2371 5123 δ
2415 5086 2486 5140 lta
2516 5088 2863 5140 emendatum
2894 5104 2923 5140 e
2953 5086 3139 5141 codice
3179 5086 3474 5141 Basileensi
3507 5102 3563 5141 et
3595 5087 3840 5141 nonnullis

2275 5159 2656 5225 manuscript.,
2704 5172 2827 5211 cum
2869 5168 3025 5211 antea
3067 5172 3321 5224 corrupte
3363 5158 3631 5226 legeretur
3662 5175 3673 5211 :
3700 5158 3838 5211 Cum-

2274 5246 2391 5300 que,
2420 5230 2552 5282 sirut
2580 5230 2807 5293 memini,
2833 5227 3055 5281 laborem
3084 5228 3251 5300 operis
3282 5230 3435 5281 vestri
3468 5244 3595 5291 pene
3617 5229 3839 5300 dictorum

2276 5298 2565 5354 nostrorum
2588 5301 2875 5369 exsequitur
2899 5300 3177 5365 industria,
3198 5298 3489 5353 Ciaconius
3514 5313 3680 5353 tamen
3705 5298 3815 5369 it'git
3839 5319 3846 5347 r

2279 5370 2522 5439 Cumque,
2571 5374 2704 5424 sicut
2758 5371 2987 5434 memini,
3035 5370 3288 5423 industria
3335 5369 3532 5423 laboris
3562 5372 3702 5424 vestri
3736 5387 3841 5439 pene

2280 5443 2531 5496 dictorum
2565 5454 2855 5495 nostrorum
2899 5450 3189 5510 exa’quetur
3216 5442 3511 5494 instructio.
3546 5443 3644 5495 Alii
3672 5460 3683 5494 :
3711 5442 3839 5495 Cum-

2278 5530 2397 5585 que,
2425 5517 2554 5567 sicut
2580 5514 2809 5577 memini,
2844 5512 3018 5567 labore
3062 5512 3229 5583 operis
3256 5514 3425 5585 (vestri
3459 5528 3587 5580 pene
3622 5515 3839 5585 dictarunt

2282 5583 2581 5638 nostrorum
2623 5587 2847 5654 gravitas
2876 5594 3186 5653 es'thuetur.
3230 5584 3434 5639 Sensus
3462 5596 3545 5637 est
3573 5602 3583 5635 :
3614 5583 3733 5639 Cum
3764 5596 3839 5635 vos

2284 5656 2513 5712 antehac
2555 5656 2797 5710 noverim
2840 5672 2901 5711 ca
2934 5670 3054 5724 qum
3083 5654 3205 5708 dlCO
3234 5666 3287 5709 et
3315 5671 3511 5709 moueo
3539 5657 3701 5721 reipsa
3729 5666 3839 5723 pene

2286 5730 2351 5781 ad
2386 5744 2615 5797 unguem
2648 5737 2928 5796 praestare.
2960 5726 3051 5780 Vel
3080 5735 3136 5779 ut
3162 5727 3280 5779 aliis
3312 5727 3494 5797 verbis
3527 5727 3837 5794 praecedenti-

2282 5798 2380 5853 bus
2403 5796 2540 5854 tliiit
2570 5818 2581 5852 :
2616 5798 2747 5853 Cum
2774 5816 2830 5852 ea
2867 5800 2934 5868 (si
2965 5814 3066 5851 non
3092 5797 3276 5867 fallor)
3300 5796 3447 5851 haud
3477 5798 3678 5869 segnius
3709 5812 3834 5871 qm

2280 5886 2309 5919 η
2338 5871 2483 5924 nobis
2515 5873 2653 5924 diem
2683 5881 2797 5925 sunt
2829 5871 3100 5939 impleatis.
