4014 6200
96 227 275 285 1153

1041 205 1375 268 SOLLATIO
1414 204 1534 261 XX.
1566 230 1637 247 -—
1668 200 1757 258 DE
1799 195 2276 259 ΡΕΕΝΙΤΕΝΤΙᾸΞ
2308 194 2489 258 FINE.

3285 210 3440 271 ηδι

95 346 317 403 labore
349 336 535 409 operis
563 335 734 391 vestri
781 345 920 403 pene
973 329 1241 385 dictorum
1290 334 1596 380 nostrorum
1645 334 1737 374 ex-
1764 319 1814 378 Α
1843 347 1966 409 pter
1994 340 2142 395 omni
2182 340 2445 395 brevitate
2492 348 2656 409 atque
2684 328 3010 409 compendio
3047 344 3435 413 propositionis

95 444 380 507 aequetur
402 431 775 493 industria,ita
804 425 1054 481 meritum
1080 431 1274 477 vestrae
1303 419 1522 475 virtutis
1543 415 1728 472 occul-

98 531 277 597 tatis,
310 538 591 599 tamquam
622 526 665 576 si
696 519 838 575 nulla
879 518 948 575 ad
986 531 1081 572 vos
1110 531 1295 572 eorum
1342 528 1463 585 qua:
1493 508 1731 581 quotidie

98 623 407 679 exercetis
435 633 565 672 aura
608 613 938 686 pervenerit.
971 610 1077 667 Sed
1104 610 1228 677 quia
1256 608 1488 677 idipsum
1520 619 1731 659 summa

101 716 292 772 laude
330 711 712 784 dignissimum
756 715 860 773 est,
893 703 1039 776 quod
1070 702 1216 757 velut
1241 701 1420 755 adhuc
1450 697 1610 753 rudes
1651 696 1733 750 in-

99 808 344 879 cognita
395 803 552 859 vobis
597 816 720 856 esse
765 799 867 854 ista
913 804 1223 851 sanctorum
1272 792 1513 847 instituta
1562 800 1730 845 testa-

104 900 282 965 mini,
318 897 376 953 id
414 894 557 967 quod
587 910 616 949 a
647 891 802 947 nobis
841 889 1033 945 sedulo
1066 885 1349 956 postulatis
1399 883 1635 939 breviter
1676 892 1733 939 ut

105 1006 425 1065 possumus
465 988 917 1058 complectamur.
952 983 1184 1039 Necesse
1211 988 1293 1036 est
1318 979 1462 1034 enim
1493 988 1552 1032 ut
1592 978 1730 1031 ulzra

106 1084 549 1157 possibilitatem
577 1088 819 1134 nostram
842 1086 1004 1146 atque
1030 1076 1281 1128 virtutem
1310 1071 1546 1140 antiquae.
1572 1070 1732 1125 fami-

113 1175 394 1232 Iiariiatis
418 1181 613 1228 vestrae
642 1184 931 1242 pareamus
964 1166 1211 1236 imperio.
1244 1165 1430 1234 Itaque
1457 1162 1525 1217 de
1559 1162 1731 1231 pugni-

112 1270 321 1326 tentiae
371 1265 747 1324 exhortatione
796 1263 879 1317 vel
933 1261 1129 1316 merito
1179 1258 1335 1314 multi
1391 1273 1498 1312 non
1550 1257 1727 1313 solum

113 1362 329 1429 dictis,
373 1346 560 1414 verum
604 1356 764 1411 etiam
811 1352 1027 1422 scriptis
1077 1351 1305 1421 plurima
1353 1350 1725 1419 vulgaverunt,

116 1461 510 1510 monstrantes
539 1457 735 1516 quanta
768 1447 886 1515 ejus
915 1445 1141 1511 utilitas,
1173 1451 1482 1514 quantaque
1509 1442 1578 1495 sit
1606 1456 1730 1511 gra-

118 1548 222 1613 tia,
250 1549 327 1601 ita
357 1555 413 1599 ut
444 1545 557 1599 Deo
582 1540 874 1612 praeteritis
898 1537 1223 1592 facinoribus
1249 1534 1476 1603 oll‘enso,
1513 1545 1729 1601 Iamque

114 1638 491 1711 iustissimam
525 1650 737 1705 poenam
774 1647 871 1702 pro
899 1630 1060 1686 tantis
1088 1629 1407 1683 criminibus
1451 1627 1723 1691 inferenti,

1834 443 2031 487 veStrae
2056 433 2332 489 desiderio
2358 432 2673 488 satisfacere
2699 431 2938 489 nitimur.

2467 568 2695 625 CAPUT
2734 570 2799 624 Ἴ.

1940 700 2018 757 De
2048 703 2201 757 modo
2231 704 2573 775 paenitentiae,
2612 714 2659 758 et
2702 705 3035 777 indulgentia:
3073 718 3326 780 percepta

2469 787 2787 846 argumento.

1907 898 1932 927 ι
1972 889 2311 947 Pmnitentize
2360 893 2515 961 plena
2564 902 2616 947 et
2666 893 2900 962 perlecta
2948 895 3192 952 deﬁnitio
3236 908 3342 964 est,
3380 908 3438 955 ut

1838 993 2060 1051 peccata
2084 1000 2183 1053 pro
2205 985 2402 1055 quibus
2431 986 2819 1056 paenitudinem
2841 989 3101 1059 gerimus,
3126 992 3210 1047 vel
3233 993 3434 1061 quibus

1835 1084 2021 1131 nostra
2065 1080 2401 1134 conscientia
2439 1080 2804 1145 remordetur,
2834 1098 3168 1153 nequaquam
3204 1087 3429 1142 ulterius

1834 1168 2213 1225 admittamus.
2248 1171 2275 1209 δ
2306 1172 2567 1228 Indicium
2600 1189 2729 1229 vero
2755 1176 3141 1233 satisfactionis
3171 1189 3224 1235 et
3256 1180 3431 1235 indul-

1833 1263 2028 1332 gentiae
2056 1274 2140 1319 est
2169 1264 2392 1320 allectus
2423 1282 2638 1335 quoque
2677 1282 2865 1323 eorum
2911 1268 2979 1322 de
3011 1272 3212 1326 nostris
3248 1273 3427 1327 Cordi-

1833 1353 1935 1409 bus
1966 1357 2259 1425 expulisse.
2303 1358 2526 1413 Noverit
2556 1360 2698 1413 enim
2741 1364 3111 1433 unusquisque
3152 1380 3254 1420 nec
3300 1366 3427 1421 dum

1833 1461 1892 1502 se
1918 1449 2152 1518 peccatis
2184 1449 2427 1517 pristinis
2453 1451 2782 1518 absolutum,
2808 1457 3065 1524 quamdiu
3092 1456 3193 1512 sibi
3220 1459 3430 1515 satisla~

1832 1538 1994 1593 ctioui
2028 1548 2082 1594 et
2111 1540 2396 1608 gemitibus
2442 1543 2721 1599 incubanti
2764 1546 2846 1601 vel
2896 1548 3108 1603 illorum
3158 1567 3274 1619 qua:
3322 1555 3432 1623 egit

1833 1632 1917 1685 vel
1950 1632 2203 1687 similium
2229 1636 2515 1690 criminum
2538 1646 2665 1691 ante
2687 1640 2874 1694 oculos
2900 1641 3077 1712 imago
3103 1645 3429 1713 prmluserit,

116 1733 169 1787 si
205 1731 320 1787 dici
356 1730 435 1784 fas
467 1737 570 1795 est,
606 1723 1003 1797 quodammodo
1032 1722 1283 1782 obsistat.
1318 1728 1373 1775 et
1401 1720 1552 1790 quasi
1579 1720 1731 1773 inviti
1764 1712 1812 1772 Β
1840 1741 2138 1796 eorumque
2167 1742 2270 1782 non
2315 1728 2491 1783 dicam
2527 1731 2844 1795 oblectatio,
2876 1734 2972 1788 sed
3006 1737 3087 1790 vel
3108 1712 3431 1794 recordatio

126 1826 220 1897 (ut
255 1825 330 1879 ita
362 1819 615 1892 dixerim)
644 1819 921 1875 dexteram
950 1816 1246 1886 suspendat
1273 1814 1484 1869 ultoris.
1534 1814 1731 1869 Verum

124 1921 256 1974 haec
302 1916 483 1974 omnia
528 1915 703 1979 vobis,
736 1913 821 1968 vel
864 1928 959 1981 pro
999 1911 1262 1981 sapientia
1306 1909 1729 1979 supernaturali,

121 2013 218 2069 vel
265 2028 363 2083 pro
415 2010 686 2068 indefesso
731 2024 1006 2065 sacrarum
1053 2007 1233 2063 studio
1277 2007 1611 2071 litterarum,
1657 2004 1732 2059 ita

124 2107 351 2179 cognita
382 2122 506 2162 esse
536 2121 641 2160 non
674 2104 907 2175 ambigo,
942 2112 1000 2157 ut
1025 2102 1093 2156 de
1131 2102 1215 2156 Iiis
1256 2102 1429 2171 prima
1474 2100 1734 2171 plantatio

124 2208 337 2255 vestrae
378 2198 813 2255 conversationis
854 2194 1167 2251 inoleverit.
1222 2194 1461 2265 Denique
1508 2209 1615 2249 non
1664 2195 1734 2250 de

128 2289 481 2362 paenitentiae
505 2290 788 2360 qualitate,
820 2288 917 2345 sed
944 2288 1012 2343 de
1042 2288 1162 2357 ejus
1190 2287 1295 2342 line
1322 2302 1384 2342 ac
1409 2287 1732 2343 satisfactio-

133 2383 228 2439 nis
276 2383 481 2438 indicio
525 2383 759 2448 solliciti,
795 2382 847 2436 id
878 2382 1019 2450 quod
1046 2381 1115 2435 ab
1144 2380 1262 2435 aliis
1308 2382 1728 2447 prietermissum

132 2483 244 2540 est,
285 2474 628 2546 sagacissima
672 2474 1095 2544 interrogatione
1125 2472 1446 2543 disquiritis.
1489 2471 1731 2542 Quapro-

1842 1818 2178 1874 infestaverit
2207 1824 2406 1876 mentis
2434 1837 2652 1878 arcana.
2688 1825 2873 1895 Itaque
2902 1835 3028 1883 tunc
3058 1845 3116 1884 se
3148 1831 3193 1884 is
3221 1834 3308 1901 qui
3336 1848 3433 1902 pro

1839 1912 2211 1968 satisfactione
2249 1913 2535 1983 pervigilat
2575 1931 2603 1968 a
2641 1918 2957 1973 criminibus
3003 1922 3330 1989 absolutum,
3372 1941 3436 1982 ac

1840 2005 1907 2060 de
1933 2007 2228 2075 praeteritis
2256 2008 2507 2062 admissis
2539 2009 2750 2063 veniam
2781 2012 3090 2080 percepisse
3117 2028 3432 2085 cognoscat,

1838 2115 1961 2155 cum
1992 2116 2327 2170 nequaquam
2366 2116 2462 2175 (ιρι-
2498 2118 2654 2156 suum
2686 2105 3002 2159 eorumdem
3032 2105 3285 2163 vitiorum
3318 2111 3433 2166 ille-

1839 2195 2020 2250 cebris
2067 2196 2301 2250 senserit
2350 2196 2434 2249 vel
2478 2197 2861 2267 imaginatione
2903 2201 3433 2271 perstringi.Quam-

1839 2285 2024 2341 obretn
2058 2287 2376 2342 verissimus
2405 2288 2621 2357 quidam
2654 2290 2997 2344 examinator
3020 2296 3348 2361 pmnitentiae
3378 2304 3435 2351 et

1839 2378 2187 2447 indulgentia:
2238 2377 2406 2452 (Lips.
2454 2381 2509 2433 in
2551 2398 2715 2454 marg.
2770 2380 2955 2454 index]
3000 2384 3053 2439 in
3097 2388 3433 2444 conscientia

1839 2473 2043 2529 residet
2072 2484 2281 2540 nostra,
2311 2474 2401 2544 qui
2444 2474 2839 2532 absolutionem
2872 2485 3055 2533 reatus
3093 2480 3265 2535 nostri
3307 2492 3436 2539 ante

1216 2670 1469 2725 ALARDI
1511 2670 1743 2727 ΟΔΖᾸΞΙ
1780 2673 2351 2733 COMMENTARIUS.

280 2829 481 2887 Eodem
510 2828 625 2884 fere
661 2827 827 2883 modo
856 2826 947 2882 alii
976 2825 1166 2881 Patres
1196 2827 1568 2894 paenitentiam
1603 2827 1734 2882 deli-

136 2904 314 2959 niunt.
345 2902 657 2956 Lactantius
685 2901 722 2953 l.
757 2916 808 2954 vr
837 2898 968 2954 Inst.
1001 2913 1120 2967 cap.
1144 2894 1215 2949 2i
1243 2916 1256 2950 ε
1284 2901 1468 2969 Agere,
1501 2901 1598 2959 ait,
1629 2916 1736 2964 par—

138 2975 433 3039 nitentiam,
467 2971 600 3025 nihil
629 2971 778 3024 aliud
819 2979 894 3024 est
937 2986 1091 3041 quam
1125 2970 1370 3041 proﬁteri
1400 2979 1446 3022 et
1480 2972 1737 3041 aﬂirmare

135 3062 195 3099 se
239 3045 456 3099 ulterius
501 3060 602 3097 non
634 3039 988 3114 peccaturum.
1032 3040 1095 3114 Et
1129 3042 1265 3114 inira
1293 3059 1306 3092 :
1341 3039 1397 3114 Is
1427 3039 1561 3094 enim
1584 3057 1737 3114 quem

138 3118 267 3188 {acti
288 3118 367 3169 sui
390 3111 860 3188 pwnitet,errorem
878 3129 1025 3188 suum
1046 3111 1307 3188 intelligit,
1331 3112 1546 3181 ideoque
1569 3111 1738 3166 (ἕτωεὶ

138 3184 325 3241 melius
370 3184 416 3240 et
455 3186 840 3255 significantius
888 3184 1404 3255 peréuoww_dl€ulll,
1449 3201 1605 3253 quam
1647 3200 1738 3235 nos

1846 2826 2073 2883 bitatum
2123 2843 2246 2884 esse
2286 2828 2470 2892 debet,
2519 2830 2659 2897 quod
2687 2839 2744 2883 et
2768 2845 2797 2883 a
2829 2829 3082 2886 Patribus
3112 2831 3439 2889 Tridentinis

1846 2898 2174 2957 declaratur.
2206 2900 2518 2971 paenitentia:
2546 2901 2849 2955 vocabulum
2881 2911 2990 2954 tum
3037 2905 3088 2955 in
3132 2905 3315 2957 divinis
3358 2906 3444 2958 lit-

1847 2972 1989 3035 teris,
2029 2981 2135 3023 tum
2155 2970 2298 3041 apud
2325 2970 2430 3026 SS.
2466 2970 2675 3035 Patres,
2697 2990 2799 3025 non
2830 2990 2926 3039 pro
2953 2976 3063 3029 sola
3085 2977 3441 3043 resipiscentia

1846 3052 1934 3116 aut
1964 3044 2404 3116 mutationevitte,
2435 3054 2489 3095 ut
2516 3043 2691 3096 volunt
2715 3043 2963 3107 heretici,
2992 3047 3081 3099 sed
3105 3063 3197 3116 pro
3225 3048 3443 3099 detesta-

1851 3112 1987 3165 tione
2029 3123 2077 3167 et
2124 3114 2471 3167 vindicatione
2513 3124 2835 3177 peccatorum
2864 3112 3254 3170 coiiiiiiissnrum
3292 3134 3444 3171 usur-

1848 3185 1981 3252 pari.
2006 3185 2231 3256 Atloucilii
2258 3186 2419 3238 verba
2444 3193 2569 3239 sunt
2598 3183 2723 3256 (Ubi
2744 3187 2923 3253 supra)
2952 3203 2966 3241 :
3002 3186 3241 3242 Declarat
3265 3198 3446 3243 sancta

139 3275 413 3329 possumus
463 3252 1106 3329 resipiscentiain‘dicere.
1163 3252 1636 3329 Resipiscitenim,
1681 3270 1741 3329 ac
1771 3254 1816 3316 C
1847 3254 2079 3324 synodus
2120 3256 2269 3329 hanc,
2295 3252 2651 3309 contritionein
2700 3274 2801 3311 non
2847 3252 3010 3313 solum
3053 3270 3385 3313 cessationem
3415 3277 3447 3315 a

141 3326 365 3381 utentem
412 3344 557 3381 suam
602 3327 749 3395 quasi
798 3326 861 3378 ab
906 3328 1109 3378 insania
1146 3326 1350 3391 recipit,
1392 3343 1541 3391 quem
1585 3327 1740 3379 errati

142 3400 307 3468 piget,
338 3400 651 3468 castigatque
676 3399 897 3465 seipsum
927 3396 1220 3459 demetitur,
1252 3406 1298 3450 et
1326 3398 1597 3466 conﬁrmat
1625 3398 1741 3450 ani-

144 3487 287 3523 mum
326 3486 475 3523 suum
506 3471 571 3521 ad
602 3470 787 3521 rectius
834 3469 1120 3521 vivendum.
1158 3469 1485 3536 Augthliiiiis
1512 3486 1676 3523 serln.
1708 3469 1739 3522 7

145 3540 217 3595 de
237 3542 499 3605 Tempore.
522 3556 535 3593 :
562 3537 671 3593 Ista
694 3548 769 3593 est
794 3556 912 3592 vera
934 3539 1249 3609 partirentiu,
1279 3540 1488 3607 quando
1516 3541 1589 3592 sic
1618 3557 1743 3593 eon-

145 3613 364 3665 vertitur
390 3612 522 3678 quis,
548 3622 601 3662 ut
627 3627 729 3663 non
752 3621 1066 3673 revertatur;
1088 3611 1296 3678 quando
1325 3627 1398 3662 sic
1431 3612 1657 3673 pwnitet,
1686 3619 1740 3663 ut

147 3698 257 3753 non
290 3693 499 3753 repetat.
531 3680 821 3750 Gregorius
859 3682 1045 3734 homil.
1094 3679 1163 3733 54
1204 3696 1365 3746 super
1409 3681 1735 3745 Evangelia:

152 3751 412 3807 Paenitere
434 3762 505 3805 est
539 3762 775 3806 anteacta
797 3764 1004 3821 pecuata
1025 3754 1168 3821 flere,
1196 3760 1242 3804 et
1270 3753 1443 3820 ﬂenda
1472 3768 1574 3804 non
1596 3768 1738 3803 cont-

150 3830 391 3877 mittere:
422 3824 484 3877 Et
512 3823 752 3877 Isidorus
785 3824 876 3876 lib.
904 3840 937 3878 Il
962 3827 1029 3876 de
1059 3824 1282 3877 Summo
1315 3822 1463 3873 Bono
1491 3837 1609 3888 cap.
1646 3822 1736 3875 l6:

151 3893 326 3966 {scias
353 3897 415 3948 de
443 3895 794 3966 peccatoribus
826 3895 989 3948 dicit:
1025 3891 1317 3966 Lai'aniini,
1351 3892 1529 3966 mundi
1556 3900 1735 3966 estote.

150 3964 375 4019 Lavatur
393 3961 685 4019 et'mnndus
707 3978 780 4018 est
802 3966 890 4036 qui
912 3973 960 4019 et
980 3965 1241 4034 prteterita
1265 3961 1460 4031 plangit
1484 3972 1533 4015 et
1561 3964 1735 4032 ﬂenda

150 4038 338 4089 iterum
368 4054 472 4089 non
500 4037 787 4089 committit.
815 4035 1058 4089 'Lavatur
1083 4045 1130 4089 et
1163 4051 1263 4086 non
1299 4037 1625 4105 est_mundus
1653 4035 1742 4105 qui

152 4106 353 4177 plangit
387 4124 502 4175 quae
539 4109 712 4175 gessit,
752 4125 840 4161 nec
871 4109 1093 4162 deserit:
1129 4118 1197 4172 et,
1230 4116 1340 4171 post
1371 4103 1740 4177 lacrgrmaspea

151 4175 291 4249 quae
318 4180 587 4249 deﬂeverat
635 4179 835 4249 repetit.
880 4176 1081 4233 Verum
1114 4187 1171 4230 ut
1214 4178 1294 4231 liae
1338 4185 1391 4230 et
1434 4175 1740 4246 bujusinodi

153 4248 443 4305 Sententia:
473 4265 604 4304 sane
634 4248 1021 4318 intelligantur,
1056 4248 1348 4302 notandum
1390 4249 1740 4317 qiiein:idmo-

152 4322 283 4375 dum
313 4321 566 4390 superius
592 4319 659 4374 de
686 4322 919 4374 amicitia
954 4336 1081 4375 vera
1114 4321 1312 4372 dictum
1335 4330 1417 4371 est
1441 4322 1620 4373 collat.
1652 4320 1737 4385 lli,

152 4392 233 4446 ita
260 4390 325 4445 de
353 4406 474 4445 vera
509 4391 822 4458 paenitentia
846 4392 1211 4454 sentiendum,
1238 4393 1444 4442 duobus
1474 4406 1594 4444 eam
1628 4407 1743 4443 mo-

154 4462 247 4517 dis
288 4462 458 4529 accipi
490 4477 672 4531 posse,
708 4472 763 4514 ut
792 4463 950 4515 ducto
981 4470 1207 4515 aniiutat
1253 4461 1313 4513 Ι).
1368 4460 1741 4516 Bnnaventura

153 4534 218 4588 in
261 4544 503 4603 quartum
548 4533 797 4589 Sentent.
842 4533 1000 4603 (ωδε.
1038 4532 1146 4598 14).
1202 4531 1385 4586 Primo
1410 4534 1570 4587 modo
1616 4547 1739 4603 vera

154 4602 469 4676 pendentia
501 4604 697 4659 dicitur
727 4605 777 4656 in
810 4620 914 4672 qua
947 4605 1216 4676 reperitur
1244 4619 1367 4656 vera
1402 4604 1542 4656 ratio
1570 4602 1744 4672 poeni-

160 4674 364 4739 tentiae,
394 4677 665 4743 quomodo
705 4690 889 4729 verum
933 4691 1121 4728 aurum
1167 4674 1399 4728 dicimus
1455 4678 1593 4743 quod
1636 4689 1742 4727 non

153 4755 244 4802 est
280 4745 674 4809 adulterinum;
721 4758 777 4800 et
808 4748 907 4800 hoc
941 4746 1100 4800 modo
1127 4753 1347 4814 accepta
1398 4760 1527 4800 vera
1578 4745 1747 4813 pinni—

154 4816 321 4871 tentia
344 4815 635 4884 opponitur
664 4816 812 4871 l'alsw
844 4826 937 4871 aut
961 4818 1247 4871 simulatae.
1283 4816 1404 4870 Alio
1435 4815 1594 4870 modo
1622 4831 1745 4869 vera

154 4887 352 4943 dicitur
382 4887 697 4954 poenitentia
729 4903 845 4954 qum
892 4890 1163 4941 hominem
1212 4887 1455 4950 perducit
1487 4886 1551 4939 ad
1587 4886 1745 4940 linem

155 4959 429 5020 ultimum,
457 4958 507 5012 id
537 4967 642 5020 est,
668 4959 834 5010 vitam
868 4970 1147 5013 aeternam.
1180 4957 1253 5011 De
1288 4960 1383 5010 hac
1413 4959 1572 5026 igitur
1596 4973 1744 5019 vera,

153 5028 217 5085 id
239 5038 335 5092 est,
363 5030 595 5097 perlecta
624 5030 957 5097 poenitentia,
986 5030 1277 5100 loquuntur
1302 5029 1510 5093 Patres,
1534 5029 1750 5098 quando

156 5100 343 5155 dicunt
390 5115 572 5153 veram
627 5100 995 5168 paenitentiam
1043 5116 1163 5155 esse
1208 5100 1477 5170 prieterita
1530 5112 1750 5167 peccata

155 5171 386 5228 deliere.
419 5182 467 5225 et
500 5171 675 5225 lleinla
700 5174 923 5225 ulti-rius
948 5186 1052 5226 non
1079 5172 1447 5235 committere;
1478 5171 1566 5224 vel
1597 5178 1749 5225 certe

156 5240 465 5307 intelligunt
491 5242 862 5310 penitentiam
895 5258 1015 5296 esse
1042 5246 1403 5295 CBSSllltillem
1430 5257 1459 5293 a
1494 5243 1746 5307 peccatis,

154 5312 345 5383 saltem
379 5313 430 5364 iii
464 5326 590 5367 voio
620 5328 668 5366 ei
706 5315 983 5382 proposito
1014 5313 1361 5383 paenitentis;
1396 5315 1748 5381 quemadmo-

156 5384 286 5440 dum
318 5382 505 5457 Patres
534 5383 833 5457 Tridentini
867 5382 1038 5457 (Sess.
1074 5382 1139 5436 14
1165 5399 1209 5434 c.
1246 5384 1299 5450 4)
1330 5382 1522 5457 ducent
1551 5384 1750 5457 centri:

156 5457 357 5524 tionem
388 5455 531 5523 (qua:
553 5462 639 5508 est
663 5471 711 5524 pi
728 5454 1222 5523 itnus‘pteniteutite
1250 5454 1427 5521 aetiis)
1460 5469 1569 5506 esse
1589 5455 1751 5507 animi

160 5523 414 5591 dolorem,
458 5537 504 5577 et
542 5523 927 5579 deteitationem
963 5530 1024 5578 de
1058 5535 1264 5593 peccato
1305 5525 1599 5586 commisso,
1636 5541 1751 5577 cum

160 5598 421 5670 proposita
448 5612 551 5650 non
578 5597 824 5670 peccandi
846 5599 907 5650 de
930 5608 1112 5670 cmtsre
1144 5594 1305 5670 (Vide
1326 5611 1395 5670 ss.
1421 5593 1593 5670 6_cap.
1630 5596 1748 5670 14),;

205 5669 431 5721 uomodo
455 5670 615 5721 etiam
641 5668 889 5722 videntur
911 5667 1223 5736 aceipienda
1249 5666 1412 5720 verba
1438 5666 1745 5736 Augustini,

192 5736 351 5794 sidori
381 5746 437 5795 et
465 5737 676 5799 abbatis
720 5737 913 5798 Piiiulii
954 5739 1059 5795 hoc
1080 5738 1233 5812 loco.
1263 5737 1402 5794 Illud
1433 5753 1562 5794 vero
1591 5739 1750 5794 indu-

1773 4641 1821 4700 D

1848 3335 2081 3393 peccato,
2131 3337 2177 3378 et
2227 3328 2339 3381 vita:
2387 3344 2530 3382 uerte
2577 3333 2925 3396 prapositum,
2968 3342 3012 3383 et
3044 3331 3445 3398 inclioaiio'rm,

1844 3398 1932 3475 sed
1960 3400 2140 3475 veteris
2162 3400 2319 3475 etiam
2352 3401 2527 3475 odium
2558 3403 2841 3467 continere,
2872 3403 3027 3463 iuxta
3049 3403 3224 3455 illud:
3258 3400 3443 3475 Proji-

1845 3469 1947 3521 cite
1986 3487 2015 3520 a
2051 3469 2197 3542 uobis
2229 3487 2399 3523 omnes
2430 3472 2722 3539 iniquitates
2763 3483 2972 3537 vestras,
3002 3476 3054 3523 in
3097 3475 3280 3542 quibus
3316 3469 3446 3537 prai.

1844 3540 2058 3592 varicati
2110 3542 2263 3611 estis;
2301 3552 2348 3592 et
2389 3543 2547 3607 facile
2570 3542 2715 3611 i'obis
2760 3558 2848 3593 cor
2892 3540 3177 3605 novum,'et
3208 3544 3447 3611 spiritum

1846 3626 2032 3662 novum
2083 3608 2301 3677 (Ezech.
2336 3611 2510 3675 xviii).
2558 3609 2628 3661 Et
2668 3620 2802 3662 certe
2845 3613 2932 3676 qui
2979 3611 3099 3663 illos
3150 3608 3446 3665 sanitatum

1845 3679 2096 3733 clamores
2147 3679 2543 3731 consideraverit
2567 3696 2586 3731 :
2617 3678 2732 3732 Tibi
2762 3682 2861 3732 soli
2902 3684 3125 3745 peccavi,
3156 3694 3203 3733 et
3245 3682 3441 3733 malum

1845 3766 2018 3802 coram
2043 3759 2091 3801 te
2121 3749 2252 3817 feci;
2286 3750 2516 3801 laboravi
2545 3750 2596 3800 in
2627 3753 2815 3816 gemitu
2842 3767 2986 3816 meo;
3016 3752 3198 3804 lavabo
3225 3768 3314 3820 per
3333 3752 3445 3803 siit-

1844 3820 1997 3890 gulas
2036 3831 2206 3871 noctes
2240 3819 2425 3872 lectum
2451 3835 2618 3872 meum
2650 3820 2826 3887 (Psal.
2865 3838 2892 3874 t.
2920 3831 2967 3873 et
3000 3826 3110 3889 Vl);
3148 3819 3439 3891 raeogitabo

1846 3892 1938 3944 tr'bi
1984 3906 2157 3943 omnes
2202 3906 2365 3942 annos
2413 3907 2549 3943 meos
2593 3892 2646 3942 in
2687 3893 3039 3946 amaritudine
3085 3894 3272 3947 anima:
3319 3910 3442 3947 mae

1846 3960 1983 4032 (Isa.
2020 3963 2277 4034 xxxviii);
2309 3970 2354 4034 et
2386 3962 2520 4015 alios
2554 3962 2711 4033 hujus
2738 3965 2979 4033 generis;
3014 3966 3164 4034 facile
3192 3962 3443 4033 intelliget

1845 4049 1929 4086 eos
1960 4049 2023 4086 ea:
2051 4032 2330 4106 vehementi
2358 4033 2587 4106 quodam
2616 4032 3149 4106 anteacttevitw’odio
3172 4044 3216 4088 et
3246 4035 3439 4106 ingenti

1845 4115 2167 4176 peccatorum
2197 4104 2533 4176 detestatione
2558 4122 2808 4158 manasse.
2843 4105 2966 4158 Ilaec
2996 4106 3254 4176 synodus.

1916 4174 1944 4248 β
1984 4175 2039 4229 Id
2086 4185 2191 4239 est,
2227 4175 2518 4248 indicium,
2561 4176 2675 4230 sive
2723 4174 3121 4244 argumentum,
3170 4194 3277 4248 quo
3321 4176 3441 4247 quis

1846 4247 2152 4319 colligatrse
2186 4247 2342 4313 plene
2391 4255 2444 4300 et
2486 4248 2721 4319 perfecte
2767 4248 3016 4315 expiasse
3058 4247 3298 4319 peccata,
3348 4256 3445 4304 aut

1846 4318 2174 4372 satisfecisse
2204 4333 2298 4386 pro
2328 4318 2588 4387 peccatis,
2618 4332 2669 4373 et
2714 4320 2945 4387 proinde
2988 4318 3175 4375 eorum
3226 4322 3438 4375 veniam

1847 4398 1902 4442 et
1931 4389 2317 4457 indulgentiam
2351 4404 2471 4442 esse
2497 4399 2868 4453 consecutum,
2901 4391 2991 4459 qui
3018 4401 3101 4445 est
3126 4395 3244 4444 linis
3273 4391 3443 4459 poenio

1850 4462 2052 4523 lentiae,
2076 4461 2144 4513 de
2172 4475 2277 4528 quo
2300 4461 2541 4513 iiiSiitiita
2573 4469 2625 4514 et
2657 4461 2914 4528 inscripta
2948 4461 3063 4516 haec
3092 4462 3327 4515 collatio.
3360 4460 3441 4515 Ad

1850 4530 1992 4584 hunc
2020 4545 2185 4599 porro
2208 4533 2381 4584 locum
2408 4545 2537 4583 sane
2561 4532 2965 4599 intelligendum
2998 4548 3101 4586 non
3125 4532 3243 4601 ιιι-ει
3269 4531 3443 4601 ειιιιᾱα

1853 4601 1995 4674 Petri
2026 4602 2219 4674 Maturi
2248 4601 2527 4655 aunntatio
2559 4602 2777 4672 (Chron.
2811 4614 2944 4674 part.
2981 4619 3041 4666 tt,
3067 4621 3111 4658 c.
3142 4606 3197 4667 ξ),
3233 4602 3313 4656 tit.
3348 4602 3438 4667 15,

1851 4671 1880 4742 ᾗ
1920 4671 2007 4736 l9)
2050 4672 2189 4741 apud
2219 4674 2274 4725 S.
2307 4671 2635 4725 Antoninum
2666 4689 2679 4725 :
2711 4671 2842 4739 Qua:
2883 4677 2983 4730 lioc
3030 4676 3172 4740 loco,
3204 4674 3296 4737 ait,
3334 4681 3445 4728 tr.i-

1850 4745 2071 4808 duntur,
2106 4743 2170 4796 de
2200 4745 2569 4812 cognoscenda
2620 4759 2961 4812 peccatorum
3012 4762 3232 4801 suorum
3276 4748 3441 4799 abso-

1850 4813 2051 4868 lutione
2090 4823 2145 4869 et
2185 4814 2523 4880 remissione,
2556 4815 2752 4869 indicia
2794 4818 3011 4885 quidem
3041 4828 3095 4872 et
3117 4820 3445 4883 conjectura:

1854 4898 1977 4939 esse
2026 4894 2251 4951 possunt
2294 4886 2654 4942 absolutionis
2703 4896 3081 4955 peccaturum;
3117 4902 3222 4940 non
3266 4897 3443 4941 tamen

1852 4967 1997 5009 certa
2042 4966 2095 5009 et
2140 4958 2446 5010 necessaria
2493 4971 2829 5027 argumenta,
2875 4959 3070 5027 quibus
3109 4962 3270 5012 bonio
3300 4958 3364 5010 ad
3394 4957 3445 5010 id

1854 5028 2181 5081 credendum
2214 5043 2309 5093 pro
2338 5039 2490 5082 certo
2531 5030 2721 5083 adduci
2765 5029 2936 5096 pOSsil
2961 5050 2973 5084 :
3002 5034 3270 5084 nominem
3302 5028 3445 5081 enim

1855 5100 1958 5153 nisi
1992 5114 2085 5166 per
2114 5098 2349 5151 divinam
2380 5100 2606 5167 gratiam
2648 5112 2854 5155 certum
2886 5116 3007 5156 esse
3041 5115 3198 5168 posse
3227 5110 3449 5153 ceriitu-

1856 5170 1980 5223 dine
2033 5170 2157 5222 lltlt'l
2206 5170 2308 5222 sibi
2357 5179 2576 5237 peccata
2617 5187 2738 5226 esse
2781 5173 3027 5231 dimissa,
3067 5178 3324 5223 constans
3367 5178 3450 5223 est

1856 5240 2247 5296 catholicorum
2272 5240 2476 5308 opinio.
2506 5243 2635 5296 Vide
2657 5246 2928 5297 Caiusnum
2956 5247 3004 5296 in
3029 5240 3204 5305 Opere.
3222 5240 3445 5295 Catecli.

1857 5327 1975 5380 cap.
2027 5314 2095 5364 de
2132 5311 2377 5366 Peccatis
2422 5326 2607 5365 contra
2655 5314 2914 5379 Spiritum
2962 5315 3020 5368 S.
3070 5322 3260 5382 qua-st.
3302 5311 3353 5373 5,
3398 5321 3451 5364 et

1856 5385 1912 5438 δ.
1947 5382 2207 5436 Thomam
2241 5385 2290 5435 iu
2327 5383 2436 5448 μὲ,
2470 5394 2658 5451 quiest.
2696 5386 2820 5450 H2,
2852 5400 2903 5437 a.
2938 5386 2991 5448 5,
3026 5384 3211 5439 Solum
3260 5384 3354 5435 lib.
3392 5396 3452 5435 tu

1859 5456 1927 5509 de
1956 5453 2074 5508 Nat.
2100 5464 2155 5508 et
2179 5453 2328 5509 Gl’lll.
2356 5468 2404 5505 c.
2436 5453 2623 5519 10-12,
2655 5465 2707 5508 et
2741 5455 2934 5525 Vegaiii
2960 5458 3025 5508 de
3051 5452 3452 5525 Justilicatione

1861 5525 1955 5579 lib.
1993 5542 2068 5589 is,
2100 5525 2191 5596 qui
2221 5528 2535 5596 Continuam
2588 5541 2649 5579 ea
2700 5523 2834 5589 mite
2861 5529 2910 5578 in
2962 5529 3157 5581 ciincil.
3204 5523 3451 5596 Trident.

1861 5612 1996 5650 sess.
2026 5597 2058 5651 6
2079 5594 2196 5664 cap.
2224 5596 2257 5651 9
2280 5607 2335 5650 et
2357 5611 2474 5647 can.
2507 5594 2571 5649 12
2590 5610 2643 5650 et
2668 5596 2733 5651 15
2755 5606 2876 5650 sunt
2903 5599 3131 5659 sancita,
3158 5603 3211 5655 e,t
3235 5594 3448 5648 Sixtum

1860 5667 2089 5723 Senens.
2135 5669 2230 5723 lib.
2262 5683 2314 5721 VI
2347 5666 2692 5723 Bibliotheca:
2736 5679 2925 5722 aiiiiut.
2968 5666 3095 5723 210.
3136 5665 3262 5722 Haec
3304 5664 3451 5724 Petr.

1858 5739 2116 5797 Maturus.
2161 5740 2267 5798 Sed
2297 5739 2418 5794 vide
2448 5739 2601 5808 plura
2633 5738 2854 5797 inferius
2882 5751 3160 5796 annotata.
