  <div class='ocr_page' id='page_1' title='image "/cluster/home/n/w/nwhite01/storage/ocr_20150623/49/uva.x000827093/589.png"; bbox 0 0 4014 6200; ppageno 0'>
   <div class='ocr_carea' id='block_1_1' title="bbox 590 230 738 309">
    <p class='ocr_par' dir='ltr' id='par_1_1' title="bbox 590 230 738 309">
     <span class='ocr_line' id='line_1_1' title="bbox 590 230 738 309; baseline 0.014 -3"><span class='ocrx_word' id='word_1_1' title='bbox 590 230 738 309; x_wconf 68' lang='lat' dir='ltr'><strong>nis</strong></span> 
     </span>
    </p>
   </div>
   <div class='ocr_carea' id='block_1_2' title="bbox 1664 220 2831 301">
    <p class='ocr_par' dir='ltr' id='par_1_2' title="bbox 1664 220 2831 301">
     <span class='ocr_line' id='line_1_2' title="bbox 1664 220 2831 301; baseline -0.002 -2"><span class='ocrx_word' id='word_1_2' title='bbox 1664 232 1947 301; x_wconf 74' lang='lat' dir='ltr'><strong>JOANNIs</strong></span> <span class='ocrx_word' id='word_1_3' title='bbox 1985 228 2300 299; x_wconf 76' lang='lat' dir='ltr'><strong>CASSIANI</strong></span> <span class='ocrx_word' id='word_1_4' title='bbox 2337 220 2831 299; x_wconf 61' lang='lat' dir='ltr'><strong>COLcA&#39;TM&#39;NEs.</strong></span> 
     </span>
    </p>
   </div>
   <div class='ocr_carea' id='block_1_3' title="bbox 3771 240 3907 301">
    <p class='ocr_par' dir='ltr' id='par_1_3' title="bbox 3771 240 3907 301">
     <span class='ocr_line' id='line_1_3' title="bbox 3771 240 3907 301; baseline 0.015 -2"><span class='ocrx_word' id='word_1_5' title='bbox 3771 240 3907 301; x_wconf 65' lang='grc' dir='ltr'>ΗΝ</span> 
     </span>
    </p>
   </div>
   <div class='ocr_carea' id='block_1_4' title="bbox 588 342 3910 435">
    <p class='ocr_par' dir='ltr' id='par_1_4' title="bbox 588 342 3910 435">
     <span class='ocr_line' id='line_1_4' title="bbox 588 342 3910 435; baseline -0.003 -14"><span class='ocrx_word' id='word_1_6' title='bbox 588 368 815 435; x_wconf 72' lang='lat' dir='ltr'><strong>peccata</strong></span> <span class='ocrx_word' id='word_1_7' title='bbox 837 366 945 416; x_wconf 82' lang='lat' dir='ltr'><strong>non</strong></span> <span class='ocrx_word' id='word_1_8' title='bbox 964 342 1133 430; x_wconf 63' lang='lat' dir='ltr'><strong>posse</strong></span> <span class='ocrx_word' id='word_1_9' title='bbox 1157 349 1422 424; x_wconf 66' lang='lat' dir='ltr'><strong>causaris,</strong></span> <span class='ocrx_word' id='word_1_10' title='bbox 1454 368 1556 412; x_wconf 90' lang='lat' dir='ltr'><strong>nec</strong></span> <span class='ocrx_word' id='word_1_11' title='bbox 1576 348 1732 426; x_wconf 77' lang='lat' dir='ltr'><strong>petes</strong></span> <span class='ocrx_word' id='word_1_12' title='bbox 1753 356 1973 412; x_wconf 85' lang='lat' dir='ltr'><strong>dicere:</strong></span> <span class='ocrx_word' id='word_1_13' title='bbox 2001 354 2182 410; x_wconf 83' lang='lat' dir='ltr'><strong>Genua</strong></span> <span class='ocrx_word' id='word_1_14' title='bbox 2207 356 2259 418; x_wconf 81' lang='grc' dir='ltr'>Α</span> <span class='ocrx_word' id='word_1_15' title='bbox 2284 355 2433 411; x_wconf 82' lang='lat' dir='ltr'><strong>illius</strong></span> <span class='ocrx_word' id='word_1_16' title='bbox 2475 355 2823 411; x_wconf 69' lang='lat' dir='ltr'><strong>verecundiae</strong></span> <span class='ocrx_word' id='word_1_17' title='bbox 2858 352 3224 425; x_wconf 79' lang='lat' dir='ltr'><strong>publicatione</strong></span> <span class='ocrx_word' id='word_1_18' title='bbox 3252 367 3477 420; x_wconf 82' lang='lat' dir='ltr'><strong>curare.</strong></span> <span class='ocrx_word' id='word_1_19' title='bbox 3517 356 3575 412; x_wconf 81' lang='lat' dir='ltr'><strong>et</strong></span> <span class='ocrx_word' id='word_1_20' title='bbox 3620 354 3767 411; x_wconf 80' lang='lat' dir='ltr'><strong>sine</strong></span> <span class='ocrx_word' id='word_1_21' title='bbox 3810 358 3910 411; x_wconf 66' lang='lat' dir='ltr'><strong>im-</strong></span> 
     </span>
    </p>
   </div>
   <div class='ocr_carea' id='block_1_5' title="bbox 591 447 2186 525">
    <p class='ocr_par' dir='ltr' id='par_1_5' title="bbox 591 447 2186 525">
     <span class='ocr_line' id='line_1_5' title="bbox 591 447 2186 525; baseline -0.006 -14"><span class='ocrx_word' id='word_1_22' title='bbox 591 462 705 512; x_wconf 79' lang='lat' dir='ltr'><strong>mea</strong></span> <span class='ocrx_word' id='word_1_23' title='bbox 722 453 992 525; x_wconf 72' lang='lat' dir='ltr'><strong>inﬁrmata</strong></span> <span class='ocrx_word' id='word_1_24' title='bbox 1013 450 1131 506; x_wconf 78' lang='lat' dir='ltr'><strong>’sun‘t</strong></span> <span class='ocrx_word' id='word_1_25' title='bbox 1159 466 1191 503; x_wconf 90' lang='lat' dir='ltr'><strong>a</strong></span> <span class='ocrx_word' id='word_1_26' title='bbox 1208 447 1439 524; x_wconf 77' lang='lat' dir='ltr'><strong>jejunio,</strong></span> <span class='ocrx_word' id='word_1_27' title='bbox 1469 455 1517 502; x_wconf 89' lang='lat' dir='ltr'><strong>et</strong></span> <span class='ocrx_word' id='word_1_28' title='bbox 1542 452 1664 504; x_wconf 87' lang='lat' dir='ltr'><strong>caro</strong></span> <span class='ocrx_word' id='word_1_29' title='bbox 1687 465 1799 503; x_wconf 91' lang='lat' dir='ltr'><strong>mea</strong></span> <span class='ocrx_word' id='word_1_30' title='bbox 1820 451 2090 503; x_wconf 80' lang='lat' dir='ltr'><strong>immutata</strong></span> <span class='ocrx_word' id='word_1_31' title='bbox 2109 458 2186 503; x_wconf 87' lang='lat' dir='ltr'><strong>est</strong></span> 
     </span>
    </p>
   </div>
   <div class='ocr_carea' id='block_1_6' title="bbox 592 534 2187 619">
    <p class='ocr_par' dir='ltr' id='par_1_6' title="bbox 592 534 2187 619">
     <span class='ocr_line' id='line_1_6' title="bbox 592 534 2187 619; baseline -0.004 -19"><span class='ocrx_word' id='word_1_32' title='bbox 592 552 805 619; x_wconf 82' lang='lat' dir='ltr'><strong>prapter</strong></span> <span class='ocrx_word' id='word_1_33' title='bbox 827 544 998 597; x_wconf 80' lang='lat' dir='ltr'><strong>oleum</strong></span> <span class='ocrx_word' id='word_1_34' title='bbox 1012 538 1399 611; x_wconf 45' lang='lat' dir='ltr'><strong>‘(Psal.‘cvnt);</strong></span> <span class='ocrx_word' id='word_1_35' title='bbox 1424 541 1546 608; x_wconf 86' lang='lat' dir='ltr'><strong>quia</strong></span> <span class='ocrx_word' id='word_1_36' title='bbox 1567 540 1787 595; x_wconf 85' lang='lat' dir='ltr'><strong>cinerem</strong></span> <span class='ocrx_word' id='word_1_37' title='bbox 1808 534 2071 612; x_wconf 80' lang='lat' dir='ltr'><strong>tamquam</strong></span> <span class='ocrx_word' id='word_1_38' title='bbox 2092 554 2187 612; x_wconf 82' lang='lat' dir='ltr'><strong>pa-</strong></span> 
     </span>
    </p>
   </div>
   <div class='ocr_carea' id='block_1_7' title="bbox 592 630 2185 701">
    <p class='ocr_par' dir='ltr' id='par_1_7' title="bbox 592 630 2185 701">
     <span class='ocr_line' id='line_1_7' title="bbox 592 630 2185 701; baseline -0.004 -10"><span class='ocrx_word' id='word_1_39' title='bbox 592 653 707 691; x_wconf 80' lang='lat' dir='ltr'><strong>nem</strong></span> <span class='ocrx_word' id='word_1_40' title='bbox 732 632 1133 701; x_wconf 73' lang='lat' dir='ltr'><strong>manduca&#39;b‘a&#39;m,</strong></span> <span class='ocrx_word' id='word_1_41' title='bbox 1160 637 1211 685; x_wconf 85' lang='lat' dir='ltr'><strong>et</strong></span> <span class='ocrx_word' id='word_1_42' title='bbox 1241 630 1484 699; x_wconf 82' lang='lat' dir='ltr'><strong>poculum</strong></span> <span class='ocrx_word' id='word_1_43' title='bbox 1508 636 1683 685; x_wconf 82' lang='lat' dir='ltr'><strong>meum</strong></span> <span class='ocrx_word' id='word_1_44' title='bbox 1710 648 1827 685; x_wconf 89' lang='lat' dir='ltr'><strong>cum</strong></span> <span class='ocrx_word' id='word_1_45' title='bbox 1847 632 1974 701; x_wconf 77' lang='lat' dir='ltr'><strong>ﬂetu</strong></span> <span class='ocrx_word' id='word_1_46' title='bbox 2000 632 2185 686; x_wconf 87' lang='lat' dir='ltr'><strong>misce-</strong></span> 
     </span>
    </p>
   </div>
   <div class='ocr_carea' id='block_1_8' title="bbox 590 722 2182 798">
    <p class='ocr_par' dir='ltr' id='par_1_8' title="bbox 590 722 2182 798">
     <span class='ocr_line' id='line_1_8' title="bbox 590 722 2182 798; baseline -0.003 -17"><span class='ocrx_word' id='word_1_47' title='bbox 590 730 713 781; x_wconf 90' lang='lat' dir='ltr'><strong>bam</strong></span> <span class='ocrx_word' id='word_1_48' title='bbox 732 726 905 798; x_wconf 88' lang='lat' dir='ltr'><strong>(Psal.</strong></span> <span class='ocrx_word' id='word_1_49' title='bbox 928 722 1004 795; x_wconf 75' lang='lat' dir='ltr'><strong>ci)</strong></span> <span class='ocrx_word' id='word_1_50' title='bbox 1032 744 1046 779; x_wconf 90' lang='lat'><strong>:</strong></span> <span class='ocrx_word' id='word_1_51' title='bbox 1078 722 1549 794; x_wconf 79' lang='lat' dir='ltr'><strong>eleemosynarum</strong></span> <span class='ocrx_word' id='word_1_52' title='bbox 1580 738 1644 779; x_wconf 90' lang='lat' dir='ltr'><strong>ea</strong></span> <span class='ocrx_word' id='word_1_53' title='bbox 1673 724 1882 779; x_wconf 84' lang='lat' dir='ltr'><strong>redime</strong></span> <span class='ocrx_word' id='word_1_54' title='bbox 1913 723 2182 794; x_wconf 77' lang='lat' dir='ltr'><strong>largitate.</strong></span> 
     </span>
    </p>
   </div>
   <div class='ocr_carea' id='block_1_9' title="bbox 591 812 2184 887">
    <p class='ocr_par' dir='ltr' id='par_1_9' title="bbox 591 812 2184 887">
     <span class='ocr_line' id='line_1_9' title="bbox 591 812 2184 887; baseline -0.002 -16"><span class='ocrx_word' id='word_1_55' title='bbox 591 818 861 887; x_wconf 76' lang='lat' dir='ltr'><strong>l&#39;ndigenti</strong></span> <span class='ocrx_word' id='word_1_56' title='bbox 888 819 931 870; x_wconf 82' lang='lat' dir='ltr'><strong>si</strong></span> <span class='ocrx_word' id='word_1_57' title='bbox 969 820 1081 869; x_wconf 89' lang='lat' dir='ltr'><strong>n&#39;on</strong></span> <span class='ocrx_word' id='word_1_58' title='bbox 1110 815 1283 870; x_wconf 84' lang='lat' dir='ltr'><strong>habes</strong></span> <span class='ocrx_word' id='word_1_59' title='bbox 1308 814 1456 884; x_wconf 83' lang='lat' dir='ltr'><strong>quod</strong></span> <span class='ocrx_word' id='word_1_60' title='bbox 1483 812 1762 884; x_wconf 86' lang='lat' dir='ltr'><strong>im‘partias</strong></span> <span class='ocrx_word' id='word_1_61' title='bbox 1794 815 1946 886; x_wconf 87' lang='lat' dir='ltr'><strong>(licet</strong></span> <span class='ocrx_word' id='word_1_62' title='bbox 1980 815 2184 869; x_wconf 87' lang='lat' dir='ltr'><strong>nullum</strong></span> 
     </span>
    </p>
   </div>
   <div class='ocr_carea' id='block_1_10' title="bbox 506 908 2187 978">
    <p class='ocr_par' dir='ltr' id='par_1_10' title="bbox 506 908 2187 978">
     <span class='ocr_line' id='line_1_10' title="bbox 506 908 2187 978; baseline -0.001 -16"><span class='ocrx_word' id='word_1_63' title='bbox 506 938 510 943; x_wconf 92' lang='lat'><strong>-</strong></span> <span class='ocrx_word' id='word_1_64' title='bbox 596 910 667 963; x_wconf 86' lang='lat' dir='ltr'><strong>ab</strong></span> <span class='ocrx_word' id='word_1_65' title='bbox 699 909 803 964; x_wconf 89' lang='lat' dir='ltr'><strong>hoc</strong></span> <span class='ocrx_word' id='word_1_66' title='bbox 832 910 1001 978; x_wconf 84' lang='lat' dir='ltr'><strong>Opere</strong></span> <span class='ocrx_word' id='word_1_67' title='bbox 1044 908 1339 963; x_wconf 80' lang='lat' dir='ltr'><strong>necessitas</strong></span> <span class='ocrx_word' id='word_1_68' title='bbox 1378 908 1579 976; x_wconf 65' lang='lat' dir='ltr'><strong>inopia:</strong></span> <span class='ocrx_word' id='word_1_69' title='bbox 1628 922 1689 960; x_wconf 86' lang='lat' dir='ltr'><strong>ac</strong></span> <span class='ocrx_word' id='word_1_70' title='bbox 1718 908 2053 977; x_wconf 78' lang='lat' dir='ltr'><strong>paupertatis</strong></span> <span class='ocrx_word' id='word_1_71' title='bbox 2092 921 2187 962; x_wconf 87' lang='lat' dir='ltr'><strong>ex-</strong></span> 
     </span>
    </p>
   </div>
   <div class='ocr_carea' id='block_1_11' title="bbox 592 1000 2186 1071">
    <p class='ocr_par' dir='ltr' id='par_1_11' title="bbox 592 1000 2186 1071">
     <span class='ocr_line' id='line_1_11' title="bbox 592 1000 2186 1071; baseline -0.004 -13"><span class='ocrx_word' id='word_1_72' title='bbox 592 1002 803 1068; x_wconf 79' lang='lat' dir='ltr'><strong>cludat,</strong></span> <span class='ocrx_word' id='word_1_73' title='bbox 856 1001 1298 1071; x_wconf 75' lang='lat' dir='ltr'><strong>quandoquidem</strong></span> <span class='ocrx_word' id='word_1_74' title='bbox 1338 1008 1395 1055; x_wconf 82' lang='lat' dir='ltr'><strong>et</strong></span> <span class='ocrx_word' id='word_1_75' title='bbox 1436 1000 1583 1054; x_wconf 88' lang='lat' dir='ltr'><strong>illius</strong></span> <span class='ocrx_word' id='word_1_76' title='bbox 1621 1000 1796 1054; x_wconf 67' lang='lat' dir='ltr'><strong>Vidua:</strong></span> <span class='ocrx_word' id='word_1_77' title='bbox 1826 1000 1934 1055; x_wconf 92' lang='lat' dir='ltr'><strong>duo</strong></span> <span class='ocrx_word' id='word_1_78' title='bbox 1981 1007 2186 1053; x_wconf 89' lang='lat' dir='ltr'><strong>tantum</strong></span> 
     </span>
    </p>
   </div>
   <div class='ocr_carea' id='block_1_12' title="bbox 592 1091 2188 1165">
    <p class='ocr_par' dir='ltr' id='par_1_12' title="bbox 592 1091 2188 1165">
     <span class='ocr_line' id='line_1_12' title="bbox 592 1091 2188 1165; baseline -0.002 -17"><span class='ocrx_word' id='word_1_79' title='bbox 592 1100 701 1149; x_wconf 47' lang='lat' dir='ltr'><strong>uira</strong></span> <span class='ocrx_word' id='word_1_80' title='bbox 768 1094 1081 1165; x_wconf 71' lang='lat' dir='ltr'><strong>ingentibus</strong></span> <span class='ocrx_word' id='word_1_81' title='bbox 1139 1093 1373 1148; x_wconf 79' lang='lat' dir='ltr'><strong>divitum</strong></span> <span class='ocrx_word' id='word_1_82' title='bbox 1437 1091 1759 1147; x_wconf 73' lang='lat' dir='ltr'><strong>muneribus</strong></span> <span class='ocrx_word' id='word_1_83' title='bbox 1820 1092 2188 1161; x_wconf 79' lang='lat' dir='ltr'><strong>praeferuntur</strong></span> 
     </span>
    </p>
   </div>
   <div class='ocr_carea' id='block_1_13' title="bbox 590 1184 2189 1258">
    <p class='ocr_par' dir='ltr' id='par_1_13' title="bbox 590 1184 2189 1258">
     <span class='ocr_line' id='line_1_13' title="bbox 590 1184 2189 1258; baseline 0 -17"><span class='ocrx_word' id='word_1_84' title='bbox 590 1186 752 1258; x_wconf 65' lang='lat' dir='ltr'><strong>(Lac.</strong></span> <span class='ocrx_word' id='word_1_85' title='bbox 776 1189 913 1257; x_wconf 80' lang='lat' dir='ltr'><strong>xxi),</strong></span> <span class='ocrx_word' id='word_1_86' title='bbox 947 1188 1001 1243; x_wconf 81' lang='lat' dir='ltr'><strong>et</strong></span> <span class='ocrx_word' id='word_1_87' title='bbox 1028 1196 1125 1257; x_wconf 88' lang='lat' dir='ltr'><strong>pro</strong></span> <span class='ocrx_word' id='word_1_88' title='bbox 1153 1186 1324 1242; x_wconf 80' lang='lat' dir='ltr'><strong>calice</strong></span> <span class='ocrx_word' id='word_1_89' title='bbox 1364 1192 1518 1256; x_wconf 66' lang='lat' dir='ltr'><strong>aquae</strong></span> <span class='ocrx_word' id='word_1_90' title='bbox 1547 1186 1754 1258; x_wconf 67' lang='lat' dir='ltr'><strong>frigida:</strong></span> <span class='ocrx_word' id='word_1_91' title='bbox 1794 1185 2100 1242; x_wconf 83' lang='lat' dir='ltr'><strong>mercedem</strong></span> <span class='ocrx_word' id='word_1_92' title='bbox 2129 1184 2189 1241; x_wconf 80' lang='lat' dir='ltr'><strong>se</strong></span> 
     </span>
    </p>
   </div>
   <div class='ocr_carea' id='block_1_14' title="bbox 590 1270 2188 1348">
    <p class='ocr_par' dir='ltr' id='par_1_14' title="bbox 590 1270 2188 1348">
     <span class='ocr_line' id='line_1_14' title="bbox 590 1270 2188 1348; baseline 0 -16"><span class='ocrx_word' id='word_1_93' title='bbox 590 1270 934 1334; x_wconf 74' lang='lat' dir='ltr'><strong>redditurum</strong></span> <span class='ocrx_word' id='word_1_94' title='bbox 974 1277 1243 1333; x_wconf 77' lang='lat' dir='ltr'><strong>Dominus</strong></span> <span class='ocrx_word' id='word_1_95' title='bbox 1284 1276 1503 1347; x_wconf 76' lang='lat' dir='ltr'><strong>(Matth.</strong></span> <span class='ocrx_word' id='word_1_96' title='bbox 1530 1276 1588 1347; x_wconf 86' lang='lat' dir='ltr'><strong>x)</strong></span> <span class='ocrx_word' id='word_1_97' title='bbox 1620 1276 1993 1348; x_wconf 75' lang='lat' dir='ltr'><strong>repromittit),</strong></span> <span class='ocrx_word' id='word_1_98' title='bbox 2038 1288 2188 1333; x_wconf 91' lang='lat' dir='ltr'><strong>certe</strong></span> 
     </span>
    </p>
   </div>
   <div class='ocr_carea' id='block_1_15' title="bbox 588 1370 2188 1443">
    <p class='ocr_par' dir='ltr' id='par_1_15' title="bbox 588 1370 2188 1443">
     <span class='ocr_line' id='line_1_15' title="bbox 588 1370 2188 1443; baseline -0.001 -16"><span class='ocrx_word' id='word_1_99' title='bbox 588 1373 800 1443; x_wconf 70' lang='lat' dir='ltr'><strong>absque</strong></span> <span class='ocrx_word' id='word_1_100' title='bbox 838 1370 953 1428; x_wconf 80' lang='lat' dir='ltr'><strong>illis</strong></span> <span class='ocrx_word' id='word_1_101' title='bbox 999 1382 1212 1428; x_wconf 86' lang='lat' dir='ltr'><strong>morum</strong></span> <span class='ocrx_word' id='word_1_102' title='bbox 1255 1372 1467 1442; x_wconf 81' lang='lat' dir='ltr'><strong>poteris</strong></span> <span class='ocrx_word' id='word_1_103' title='bbox 1514 1370 1897 1426; x_wconf 83' lang='lat' dir='ltr'><strong>emendatione</strong></span> <span class='ocrx_word' id='word_1_104' title='bbox 1944 1371 2188 1440; x_wconf 89' lang='lat' dir='ltr'><strong>purgari.</strong></span> 
     </span>
    </p>
   </div>
   <div class='ocr_carea' id='block_1_16' title="bbox 589 1451 2190 1536">
    <p class='ocr_par' dir='ltr' id='par_1_16' title="bbox 589 1451 2190 1536">
     <span class='ocr_line' id='line_1_16' title="bbox 589 1451 2190 1536; baseline -0.001 -15"><span class='ocrx_word' id='word_1_105' title='bbox 589 1451 745 1535; x_wconf 63' lang='lat' dir='ltr'><strong>quod</strong></span> <span class='ocrx_word' id='word_1_106' title='bbox 790 1468 833 1521; x_wconf 89' lang='lat' dir='ltr'><strong>si</strong></span> <span class='ocrx_word' id='word_1_107' title='bbox 875 1464 1265 1536; x_wconf 79' lang='lat' dir='ltr'><strong>perfectionem</strong></span> <span class='ocrx_word' id='word_1_108' title='bbox 1311 1466 1577 1520; x_wconf 79' lang='lat' dir='ltr'><strong>virtutum</strong></span> <span class='ocrx_word' id='word_1_109' title='bbox 1620 1465 1981 1520; x_wconf 82' lang='lat' dir='ltr'><strong>exstinctione</strong></span> <span class='ocrx_word' id='word_1_110' title='bbox 2028 1464 2190 1519; x_wconf 87' lang='lat' dir='ltr'><strong>vitio-</strong></span> 
     </span>
    </p>
   </div>
   <div class='ocr_carea' id='block_1_17' title="bbox 587 1556 2184 1627">
    <p class='ocr_par' dir='ltr' id='par_1_17' title="bbox 587 1556 2184 1627">
     <span class='ocr_line' id='line_1_17' title="bbox 587 1556 2184 1627; baseline -0.002 -13"><span class='ocrx_word' id='word_1_111' title='bbox 587 1559 711 1615; x_wconf 74' lang='lat' dir='ltr'><strong>ram</strong></span> <span class='ocrx_word' id='word_1_112' title='bbox 738 1558 978 1613; x_wconf 74' lang='lat' dir='ltr'><strong>omnium</strong></span> <span class='ocrx_word' id='word_1_113' title='bbox 1005 1562 1111 1613; x_wconf 88' lang='lat' dir='ltr'><strong>non</strong></span> <span class='ocrx_word' id='word_1_114' title='bbox 1138 1556 1293 1627; x_wconf 86' lang='lat' dir='ltr'><strong>potes</strong></span> <span class='ocrx_word' id='word_1_115' title='bbox 1318 1557 1566 1627; x_wconf 81' lang='lat' dir='ltr'><strong>adipisci,</strong></span> <span class='ocrx_word' id='word_1_116' title='bbox 1592 1557 2011 1613; x_wconf 70' lang='lat' dir='ltr'><strong>sollicitudinem</strong></span> <span class='ocrx_word' id='word_1_117' title='bbox 2041 1556 2184 1626; x_wconf 83' lang='lat' dir='ltr'><strong>piam</strong></span> 
     </span>
    </p>
   </div>
   <div class='ocr_carea' id='block_1_18' title="bbox 589 1650 2189 1722">
    <p class='ocr_par' dir='ltr' id='par_1_18' title="bbox 589 1650 2189 1722">
     <span class='ocr_line' id='line_1_18' title="bbox 589 1650 2189 1722; baseline -0.001 -15"><span class='ocrx_word' id='word_1_118' title='bbox 589 1658 723 1722; x_wconf 79' lang='lat' dir='ltr'><strong>erga</strong></span> <span class='ocrx_word' id='word_1_119' title='bbox 756 1652 1044 1707; x_wconf 74' lang='lat' dir='ltr'><strong>utilitatem</strong></span> <span class='ocrx_word' id='word_1_120' title='bbox 1078 1652 1277 1706; x_wconf 69' lang='lat' dir='ltr'><strong>aliena:</strong></span> <span class='ocrx_word' id='word_1_121' title='bbox 1305 1650 1497 1706; x_wconf 86' lang='lat' dir='ltr'><strong>salutis</strong></span> <span class='ocrx_word' id='word_1_122' title='bbox 1532 1652 1803 1719; x_wconf 86' lang='lat' dir='ltr'><strong>impende.</strong></span> <span class='ocrx_word' id='word_1_123' title='bbox 1839 1651 1897 1707; x_wconf 90' lang='lat' dir='ltr'><strong>Si</strong></span> <span class='ocrx_word' id='word_1_124' title='bbox 1921 1659 2101 1706; x_wconf 86' lang='lat' dir='ltr'><strong>autem</strong></span> <span class='ocrx_word' id='word_1_125' title='bbox 2136 1656 2189 1706; x_wconf 85' lang='lat' dir='ltr'><strong>te</strong></span> 
     </span>
    </p>
   </div>
   <div class='ocr_carea' id='block_1_19' title="bbox 2286 440 3907 520">
    <p class='ocr_par' dir='ltr' id='par_1_19' title="bbox 2286 440 3907 520">
     <span class='ocr_line' id='line_1_19' title="bbox 2286 440 3907 520; baseline -0.001 -17"><span class='ocrx_word' id='word_1_126' title='bbox 2286 447 2543 520; x_wconf 89' lang='lat' dir='ltr'><strong>properio</strong></span> <span class='ocrx_word' id='word_1_127' title='bbox 2570 442 2793 518; x_wconf 76' lang='lat' dir='ltr'><strong>peccata</strong></span> <span class='ocrx_word' id='word_1_128' title='bbox 2826 440 3033 504; x_wconf 80' lang='lat' dir='ltr'><strong>denare</strong></span> <span class='ocrx_word' id='word_1_129' title='bbox 3071 449 3379 504; x_wconf 77' lang='lat' dir='ltr'><strong>consuevit.</strong></span> <span class='ocrx_word' id='word_1_130' title='bbox 3408 447 3539 503; x_wconf 84' lang='lat' dir='ltr'><strong>Post</strong></span> <span class='ocrx_word' id='word_1_131' title='bbox 3569 448 3731 503; x_wconf 91' lang='lat' dir='ltr'><strong>istud</strong></span> <span class='ocrx_word' id='word_1_132' title='bbox 3780 464 3907 519; x_wconf 58' lang='lat' dir='ltr'><strong>quo.</strong></span> 
     </span>
    </p>
   </div>
   <div class='ocr_carea' id='block_1_20' title="bbox 2284 536 3903 623">
    <p class='ocr_par' dir='ltr' id='par_1_20' title="bbox 2284 536 3903 623">
     <span class='ocr_line' id='line_1_20' title="bbox 2284 536 3903 623; baseline -0.002 -26"><span class='ocrx_word' id='word_1_133' title='bbox 2284 536 2522 615; x_wconf 78' lang='lat' dir='ltr'><strong>quotam</strong></span> <span class='ocrx_word' id='word_1_134' title='bbox 2541 540 2851 623; x_wconf 78' lang='lat' dir='ltr'><strong>promptum</strong></span> <span class='ocrx_word' id='word_1_135' title='bbox 2880 550 3199 613; x_wconf 89' lang='lat' dir='ltr'><strong>certumque</strong></span> <span class='ocrx_word' id='word_1_136' title='bbox 3227 540 3558 608; x_wconf 83' lang='lat' dir='ltr'><strong>subsidium,</strong></span> <span class='ocrx_word' id='word_1_137' title='bbox 3594 542 3761 597; x_wconf 85' lang='lat' dir='ltr'><strong>aliud</strong></span> <span class='ocrx_word' id='word_1_138' title='bbox 3788 559 3903 609; x_wconf 75' lang='lat' dir='ltr'><strong>quo</strong></span> 
     </span>
    </p>
   </div>
   <div class='ocr_carea' id='block_1_21' title="bbox 2281 632 3901 707">
    <p class='ocr_par' dir='ltr' id='par_1_21' title="bbox 2281 632 3901 707">
     <span class='ocr_line' id='line_1_21' title="bbox 2281 632 3901 707; baseline -0.002 -14"><span class='ocrx_word' id='word_1_139' title='bbox 2281 632 2391 707; x_wconf 67' lang='lat' dir='ltr'><strong>‘que</strong></span> <span class='ocrx_word' id='word_1_140' title='bbox 2418 637 2597 693; x_wconf 89' lang='lat' dir='ltr'><strong>adhuc</strong></span> <span class='ocrx_word' id='word_1_141' title='bbox 2622 636 2841 691; x_wconf 77' lang='lat' dir='ltr'><strong>facilius</strong></span> <span class='ocrx_word' id='word_1_142' title='bbox 2872 636 3063 707; x_wconf 83' lang='lat' dir='ltr'><strong>largita</strong></span> <span class='ocrx_word' id='word_1_143' title='bbox 3094 645 3179 691; x_wconf 89' lang='lat' dir='ltr'><strong>est</strong></span> <span class='ocrx_word' id='word_1_144' title='bbox 3219 634 3379 690; x_wconf 88' lang='lat' dir='ltr'><strong>nobis</strong></span> <span class='ocrx_word' id='word_1_145' title='bbox 3405 634 3593 690; x_wconf 86' lang='lat' dir='ltr'><strong>divina</strong></span> <span class='ocrx_word' id='word_1_146' title='bbox 3625 633 3901 706; x_wconf 73' lang='lat' dir='ltr'><strong>dignatio,</strong></span> 
     </span>
    </p>
   </div>
   <div class='ocr_carea' id='block_1_22' title="bbox 2282 724 3904 799">
    <p class='ocr_par' dir='ltr' id='par_1_22' title="bbox 2282 724 3904 799">
     <span class='ocr_line' id='line_1_22' title="bbox 2282 724 3904 799; baseline -0.004 -15"><span class='ocrx_word' id='word_1_147' title='bbox 2282 724 2578 799; x_wconf 74' lang='lat' dir='ltr'><strong>ipsamque</strong></span> <span class='ocrx_word' id='word_1_148' title='bbox 2618 728 2844 783; x_wconf 80' lang='lat' dir='ltr'><strong>remedii</strong></span> <span class='ocrx_word' id='word_1_149' title='bbox 2882 730 3042 798; x_wconf 79' lang='lat' dir='ltr'><strong>’Opem</strong></span> <span class='ocrx_word' id='word_1_150' title='bbox 3086 738 3275 783; x_wconf 89' lang='lat' dir='ltr'><strong>nostro</strong></span> <span class='ocrx_word' id='word_1_151' title='bbox 3318 727 3601 783; x_wconf 84' lang='lat' dir='ltr'><strong>commisit</strong></span> <span class='ocrx_word' id='word_1_152' title='bbox 3647 727 3904 789; x_wconf 63' lang='lat' dir='ltr'><strong>arbitrio,</strong></span> 
     </span>
    </p>
   </div>
   <div class='ocr_carea' id='block_1_23' title="bbox 2284 820 3905 891">
    <p class='ocr_par' dir='ltr' id='par_1_23' title="bbox 2284 820 3905 891">
     <span class='ocr_line' id='line_1_23' title="bbox 2284 820 3905 891; baseline -0.002 -14"><span class='ocrx_word' id='word_1_153' title='bbox 2284 824 2350 877; x_wconf 83' lang='lat' dir='ltr'><strong>&#39;ut</strong></span> <span class='ocrx_word' id='word_1_154' title='bbox 2400 820 2790 891; x_wconf 78' lang='lat' dir='ltr'><strong>indulgentiam</strong></span> <span class='ocrx_word' id='word_1_155' title='bbox 2845 830 3161 875; x_wconf 86' lang='lat' dir='ltr'><strong>nostrorum</strong></span> <span class='ocrx_word' id='word_1_156' title='bbox 3223 821 3495 876; x_wconf 89' lang='lat' dir='ltr'><strong>scelerum</strong></span> <span class='ocrx_word' id='word_1_157' title='bbox 3549 834 3654 888; x_wconf 81' lang='lat' dir='ltr'><strong>pro</strong></span> <span class='ocrx_word' id='word_1_158' title='bbox 3717 832 3905 875; x_wconf 75' lang='lat' dir='ltr'><strong>nostra</strong></span> 
     </span>
    </p>
   </div>
   <div class='ocr_carea' id='block_1_24' title="bbox 2284 910 3905 983">
    <p class='ocr_par' dir='ltr' id='par_1_24' title="bbox 2284 910 3905 983">
     <span class='ocr_line' id='line_1_24' title="bbox 2284 910 3905 983; baseline -0.002 -16"><span class='ocrx_word' id='word_1_159' title='bbox 2284 917 2685 983; x_wconf 77' lang='lat' dir='ltr'><strong>praesumamus</strong></span> <span class='ocrx_word' id='word_1_160' title='bbox 2735 911 2953 977; x_wconf 78' lang='lat' dir='ltr'><strong>allecto,</strong></span> <span class='ocrx_word' id='word_1_161' title='bbox 3001 910 3245 966; x_wconf 84' lang='lat' dir='ltr'><strong>dicentes</strong></span> <span class='ocrx_word' id='word_1_162' title='bbox 3289 911 3338 967; x_wconf 91' lang='lat' dir='ltr'><strong>ei</strong></span> <span class='ocrx_word' id='word_1_163' title='bbox 3374 928 3387 964; x_wconf 90' lang='lat'><strong>:</strong></span> <span class='ocrx_word' id='word_1_164' title='bbox 3426 911 3702 965; x_wconf 84' lang='lat' dir='ltr'><strong>Dimittite</strong></span> <span class='ocrx_word' id='word_1_165' title='bbox 3766 913 3905 964; x_wconf 70' lang='lat' dir='ltr'><strong>nobis</strong></span> 
     </span>
    </p>
   </div>
   <div class='ocr_carea' id='block_1_25' title="bbox 2290 1002 3904 1070">
    <p class='ocr_par' dir='ltr' id='par_1_25' title="bbox 2290 1002 3904 1070">
     <span class='ocr_line' id='line_1_25' title="bbox 2290 1002 3904 1070; baseline 0.001 -13"><span class='ocrx_word' id='word_1_166' title='bbox 2290 1004 2465 1059; x_wconf 91' lang='lat' dir='ltr'><strong>debita</strong></span> <span class='ocrx_word' id='word_1_167' title='bbox 2495 1014 2694 1070; x_wconf 82' lang='lat' dir='ltr'><strong>nostra,</strong></span> <span class='ocrx_word' id='word_1_168' title='bbox 2739 1006 2870 1059; x_wconf 82' lang='lat' dir='ltr'><strong>sicut</strong></span> <span class='ocrx_word' id='word_1_169' title='bbox 2890 1014 2940 1059; x_wconf 89' lang='lat' dir='ltr'><strong>et</strong></span> <span class='ocrx_word' id='word_1_170' title='bbox 2968 1002 3059 1058; x_wconf 78' lang='lat' dir='ltr'><strong>nos</strong></span> <span class='ocrx_word' id='word_1_171' title='bbox 3100 1003 3405 1058; x_wconf 72' lang='lat' dir='ltr'><strong>dimittimus</strong></span> <span class='ocrx_word' id='word_1_172' title='bbox 3438 1002 3790 1057; x_wconf 72' lang='lat' dir='ltr'><strong>debitoribus</strong></span> <span class='ocrx_word' id='word_1_173' title='bbox 3822 1022 3904 1058; x_wconf 76' lang='lat' dir='ltr'><strong>nc-</strong></span> 
     </span>
    </p>
   </div>
   <div class='ocr_carea' id='block_1_26' title="bbox 2289 1094 3900 1167">
    <p class='ocr_par' dir='ltr' id='par_1_26' title="bbox 2289 1094 3900 1167">
     <span class='ocr_line' id='line_1_26' title="bbox 2289 1094 3900 1167; baseline 0 -18"><span class='ocrx_word' id='word_1_174' title='bbox 2289 1097 2412 1150; x_wconf 87' lang='lat' dir='ltr'><strong>stris</strong></span> <span class='ocrx_word' id='word_1_175' title='bbox 2456 1095 2669 1167; x_wconf 80' lang='lat' dir='ltr'><strong>(Matth.</strong></span> <span class='ocrx_word' id='word_1_176' title='bbox 2717 1094 2813 1167; x_wconf 77' lang='lat' dir='ltr'><strong>vi).</strong></span> <span class='ocrx_word' id='word_1_177' title='bbox 2857 1094 3114 1165; x_wconf 85' lang='lat' dir='ltr'><strong>Quisquis</strong></span> <span class='ocrx_word' id='word_1_178' title='bbox 3160 1096 3321 1165; x_wconf 80' lang='lat' dir='ltr'><strong>igitur</strong></span> <span class='ocrx_word' id='word_1_179' title='bbox 3367 1094 3433 1149; x_wconf 82' lang='lat' dir='ltr'><strong>ad</strong></span> <span class='ocrx_word' id='word_1_180' title='bbox 3492 1095 3900 1166; x_wconf 76' lang='lat' dir='ltr'><strong>indulgentiam</strong></span> 
     </span>
    </p>
   </div>
   <div class='ocr_carea' id='block_1_27' title="bbox 2291 1182 3903 1256">
    <p class='ocr_par' dir='ltr' id='par_1_27' title="bbox 2291 1182 3903 1256">
     <span class='ocr_line' id='line_1_27' title="bbox 2291 1182 3903 1256; baseline 0.001 -14"><span class='ocrx_word' id='word_1_181' title='bbox 2291 1201 2511 1243; x_wconf 89' lang='lat' dir='ltr'><strong>suorum</strong></span> <span class='ocrx_word' id='word_1_182' title='bbox 2554 1186 2838 1241; x_wconf 85' lang='lat' dir='ltr'><strong>criminum</strong></span> <span class='ocrx_word' id='word_1_183' title='bbox 2871 1186 3151 1242; x_wconf 87' lang='lat' dir='ltr'><strong>desiderat</strong></span> <span class='ocrx_word' id='word_1_184' title='bbox 3182 1182 3493 1256; x_wconf 55' lang='lat' dir='ltr'><strong>pervenire,</strong></span> <span class='ocrx_word' id='word_1_185' title='bbox 3529 1188 3663 1242; x_wconf 87' lang='lat' dir='ltr'><strong>istis</strong></span> <span class='ocrx_word' id='word_1_186' title='bbox 3696 1202 3903 1244; x_wconf 74' lang='lat' dir='ltr'><strong>semet~</strong></span> 
     </span>
    </p>
   </div>
   <div class='ocr_carea' id='block_1_28' title="bbox 2288 1276 3901 1349">
    <p class='ocr_par' dir='ltr' id='par_1_28' title="bbox 2288 1276 3901 1349">
     <span class='ocr_line' id='line_1_28' title="bbox 2288 1276 3901 1349; baseline -0.001 -16"><span class='ocrx_word' id='word_1_187' title='bbox 2288 1278 2466 1349; x_wconf 89' lang='lat' dir='ltr'><strong>ipsum</strong></span> <span class='ocrx_word' id='word_1_188' title='bbox 2526 1287 2716 1348; x_wconf 88' lang='lat' dir='ltr'><strong>aptare</strong></span> <span class='ocrx_word' id='word_1_189' title='bbox 2757 1278 2976 1334; x_wconf 82' lang='lat' dir='ltr'><strong>studeat</strong></span> <span class='ocrx_word' id='word_1_190' title='bbox 3026 1276 3439 1344; x_wconf 79' lang='lat' dir='ltr'><strong>instrumentis,</strong></span> <span class='ocrx_word' id='word_1_191' title='bbox 3486 1292 3594 1334; x_wconf 86' lang='lat' dir='ltr'><strong>nec</strong></span> <span class='ocrx_word' id='word_1_192' title='bbox 3645 1278 3901 1333; x_wconf 80' lang='lat' dir='ltr'><strong>obdurati</strong></span> 
     </span>
    </p>
   </div>
   <div class='ocr_carea' id='block_1_29' title="bbox 2289 1368 3899 1440">
    <p class='ocr_par' dir='ltr' id='par_1_29' title="bbox 2289 1368 3899 1440">
     <span class='ocr_line' id='line_1_29' title="bbox 2289 1368 3899 1440; baseline 0.001 -16"><span class='ocrx_word' id='word_1_193' title='bbox 2289 1370 2470 1425; x_wconf 79' lang='lat' dir='ltr'><strong>cordis</strong></span> <span class='ocrx_word' id='word_1_194' title='bbox 2516 1370 2825 1440; x_wconf 80' lang='lat' dir='ltr'><strong>pervicacia</strong></span> <span class='ocrx_word' id='word_1_195' title='bbox 2862 1385 2893 1423; x_wconf 88' lang='lat' dir='ltr'><strong>a</strong></span> <span class='ocrx_word' id='word_1_196' title='bbox 2932 1370 3175 1425; x_wconf 87' lang='lat' dir='ltr'><strong>remedio</strong></span> <span class='ocrx_word' id='word_1_197' title='bbox 3224 1368 3451 1424; x_wconf 82' lang='lat' dir='ltr'><strong>salutari</strong></span> <span class='ocrx_word' id='word_1_198' title='bbox 3483 1370 3703 1426; x_wconf 72' lang='lat' dir='ltr'><strong>fontem</strong></span> <span class='ocrx_word' id='word_1_199' title='bbox 3744 1382 3899 1426; x_wconf 60' lang='lat' dir='ltr'><strong>tanta</strong></span> 
     </span>
    </p>
   </div>
   <div class='ocr_carea' id='block_1_30' title="bbox 2288 1463 3895 1535">
    <p class='ocr_par' dir='ltr' id='par_1_30' title="bbox 2288 1463 3895 1535">
     <span class='ocr_line' id='line_1_30' title="bbox 2288 1463 3895 1535; baseline 0 -17"><span class='ocrx_word' id='word_1_200' title='bbox 2288 1463 2504 1535; x_wconf 87' lang='lat' dir='ltr'><strong>pietatis</strong></span> <span class='ocrx_word' id='word_1_201' title='bbox 2528 1472 2765 1528; x_wconf 90' lang='lat' dir='ltr'><strong>avertat;</strong></span> <span class='ocrx_word' id='word_1_202' title='bbox 2798 1464 2922 1533; x_wconf 86' lang='lat' dir='ltr'><strong>quia</strong></span> <span class='ocrx_word' id='word_1_203' title='bbox 2949 1463 3165 1519; x_wconf 90' lang='lat' dir='ltr'><strong>etiamsi</strong></span> <span class='ocrx_word' id='word_1_204' title='bbox 3208 1463 3321 1519; x_wconf 74' lang='lat' dir='ltr'><strong>hazc</strong></span> <span class='ocrx_word' id='word_1_205' title='bbox 3351 1463 3537 1519; x_wconf 86' lang='lat' dir='ltr'><strong>omnia</strong></span> <span class='ocrx_word' id='word_1_206' title='bbox 3571 1464 3895 1525; x_wconf 84' lang='lat' dir='ltr'><strong>fecerimus.</strong></span> 
     </span>
    </p>
   </div>
   <div class='ocr_carea' id='block_1_31' title="bbox 2288 1553 3894 1623">
    <p class='ocr_par' dir='ltr' id='par_1_31' title="bbox 2288 1553 3894 1623">
     <span class='ocr_line' id='line_1_31' title="bbox 2288 1553 3894 1623; baseline 0.001 -14"><span class='ocrx_word' id='word_1_207' title='bbox 2288 1566 2394 1610; x_wconf 90' lang='lat' dir='ltr'><strong>non</strong></span> <span class='ocrx_word' id='word_1_208' title='bbox 2425 1563 2586 1611; x_wconf 90' lang='lat' dir='ltr'><strong>erunt</strong></span> <span class='ocrx_word' id='word_1_209' title='bbox 2627 1554 2823 1609; x_wconf 87' lang='lat' dir='ltr'><strong>idonea</strong></span> <span class='ocrx_word' id='word_1_210' title='bbox 2854 1554 2921 1609; x_wconf 83' lang='lat' dir='ltr'><strong>ad</strong></span> <span class='ocrx_word' id='word_1_211' title='bbox 2954 1555 3316 1623; x_wconf 87' lang='lat' dir='ltr'><strong>expiationem</strong></span> <span class='ocrx_word' id='word_1_212' title='bbox 3353 1553 3641 1610; x_wconf 87' lang='lat' dir='ltr'><strong>scelerum</strong></span> <span class='ocrx_word' id='word_1_213' title='bbox 3686 1568 3894 1611; x_wconf 74' lang='lat' dir='ltr'><strong>nosrro—</strong></span> 
     </span>
    </p>
   </div>
   <div class='ocr_carea' id='block_1_32' title="bbox 2288 1646 3894 1718">
    <p class='ocr_par' dir='ltr' id='par_1_32' title="bbox 2288 1646 3894 1718">
     <span class='ocr_line' id='line_1_32' title="bbox 2288 1646 3894 1718; baseline 0.002 -16"><span class='ocrx_word' id='word_1_214' title='bbox 2288 1650 2431 1717; x_wconf 85' lang='lat' dir='ltr'><strong>rum,</strong></span> <span class='ocrx_word' id='word_1_215' title='bbox 2466 1647 2567 1702; x_wconf 90' lang='lat' dir='ltr'><strong>nisi</strong></span> <span class='ocrx_word' id='word_1_216' title='bbox 2608 1661 2671 1702; x_wconf 91' lang='lat' dir='ltr'><strong>ea</strong></span> <span class='ocrx_word' id='word_1_217' title='bbox 2701 1646 2916 1702; x_wconf 88' lang='lat' dir='ltr'><strong>bonitas</strong></span> <span class='ocrx_word' id='word_1_218' title='bbox 2959 1647 3177 1703; x_wconf 88' lang='lat' dir='ltr'><strong>Domini</strong></span> <span class='ocrx_word' id='word_1_219' title='bbox 3220 1648 3639 1718; x_wconf 86' lang='lat' dir='ltr'><strong>clementiaque</strong></span> <span class='ocrx_word' id='word_1_220' title='bbox 3688 1650 3894 1705; x_wconf 58' lang='lat' dir='ltr'><strong>delere-</strong></span> 
     </span>
    </p>
   </div>
   <div class='ocr_carea' id='block_1_33' title="bbox 586 1740 3890 1816">
    <p class='ocr_par' dir='ltr' id='par_1_33' title="bbox 586 1740 3890 1816">
     <span class='ocr_line' id='line_1_33' title="bbox 586 1740 3890 1816; baseline -0 -16"><span class='ocrx_word' id='word_1_221' title='bbox 586 1744 846 1800; x_wconf 85' lang='lat' dir='ltr'><strong>idoneum</strong></span> <span class='ocrx_word' id='word_1_222' title='bbox 872 1743 1002 1799; x_wconf 89' lang='lat' dir='ltr'><strong>huic</strong></span> <span class='ocrx_word' id='word_1_223' title='bbox 1028 1743 1333 1799; x_wconf 90' lang='lat' dir='ltr'><strong>ministerio</strong></span> <span class='ocrx_word' id='word_1_224' title='bbox 1362 1759 1471 1798; x_wconf 91' lang='lat' dir='ltr'><strong>non</strong></span> <span class='ocrx_word' id='word_1_225' title='bbox 1500 1758 1621 1800; x_wconf 91' lang='lat' dir='ltr'><strong>esse</strong></span> <span class='ocrx_word' id='word_1_226' title='bbox 1644 1747 2023 1815; x_wconf 88' lang='lat' dir='ltr'><strong>conquereris,</strong></span> <span class='ocrx_word' id='word_1_227' title='bbox 2048 1759 2182 1816; x_wconf 57' lang='lat' dir='ltr'><strong>ope.</strong></span> <span class='ocrx_word' id='word_1_228' title='bbox 2214 1741 2263 1805; x_wconf 85' lang='lat' dir='ltr'><strong>B</strong></span> <span class='ocrx_word' id='word_1_229' title='bbox 2290 1741 2382 1809; x_wconf 76' lang='lat' dir='ltr'><strong>rit,</strong></span> <span class='ocrx_word' id='word_1_230' title='bbox 2410 1740 2440 1780; x_wconf 71' lang='grc' dir='ltr'><strong>ι)</strong></span> <span class='ocrx_word' id='word_1_231' title='bbox 2481 1742 2571 1812; x_wconf 89' lang='lat' dir='ltr'><strong>qui</strong></span> <span class='ocrx_word' id='word_1_232' title='bbox 2613 1756 2735 1796; x_wconf 90' lang='lat' dir='ltr'><strong>cum</strong></span> <span class='ocrx_word' id='word_1_233' title='bbox 2785 1740 3025 1812; x_wconf 76' lang='lat' dir='ltr'><strong>religiosi</strong></span> <span class='ocrx_word' id='word_1_234' title='bbox 3069 1750 3297 1797; x_wconf 88' lang='lat' dir='ltr'><strong>conatus</strong></span> <span class='ocrx_word' id='word_1_235' title='bbox 3340 1743 3616 1812; x_wconf 83' lang='lat' dir='ltr'><strong>obsequia</strong></span> <span class='ocrx_word' id='word_1_236' title='bbox 3670 1746 3890 1814; x_wconf 83' lang='lat' dir='ltr'><strong>supplici</strong></span> 
     </span>
    </p>
   </div>
   <div class='ocr_carea' id='block_1_34' title="bbox 585 1837 2186 1911">
    <p class='ocr_par' dir='ltr' id='par_1_34' title="bbox 585 1837 2186 1911">
     <span class='ocr_line' id='line_1_34' title="bbox 585 1837 2186 1911; baseline 0.002 -20"><span class='ocrx_word' id='word_1_237' title='bbox 585 1840 702 1893; x_wconf 86' lang='lat' dir='ltr'><strong>rire</strong></span> <span class='ocrx_word' id='word_1_238' title='bbox 733 1844 955 1905; x_wconf 89' lang='lat' dir='ltr'><strong>peccata</strong></span> <span class='ocrx_word' id='word_1_239' title='bbox 980 1837 1192 1907; x_wconf 88' lang='lat' dir='ltr'><strong>poteris</strong></span> <span class='ocrx_word' id='word_1_240' title='bbox 1214 1837 1496 1893; x_wconf 87' lang='lat' dir='ltr'><strong>charitatis</strong></span> <span class='ocrx_word' id='word_1_241' title='bbox 1516 1837 1729 1893; x_wconf 71' lang='lat' dir='ltr'><strong>adcctu.</strong></span> <span class='ocrx_word' id='word_1_242' title='bbox 1746 1839 1803 1894; x_wconf 88' lang='lat' dir='ltr'><strong>In</strong></span> <span class='ocrx_word' id='word_1_243' title='bbox 1836 1840 1943 1895; x_wconf 89' lang='lat' dir='ltr'><strong>hoc</strong></span> <span class='ocrx_word' id='word_1_244' title='bbox 1971 1854 2186 1911; x_wconf 88' lang='lat' dir='ltr'><strong>quoque</strong></span> 
     </span>
    </p>
   </div>
   <div class='ocr_carea' id='block_1_35' title="bbox 586 1924 2187 2001">
    <p class='ocr_par' dir='ltr' id='par_1_35' title="bbox 586 1924 2187 2001">
     <span class='ocr_line' id='line_1_35' title="bbox 586 1924 2187 2001; baseline 0.001 -15"><span class='ocrx_word' id='word_1_245' title='bbox 586 1930 634 1986; x_wconf 83' lang='lat' dir='ltr'><strong>si</strong></span> <span class='ocrx_word' id='word_1_246' title='bbox 666 1939 719 1985; x_wconf 91' lang='lat' dir='ltr'><strong>te</strong></span> <span class='ocrx_word' id='word_1_247' title='bbox 749 1928 998 2000; x_wconf 82' lang='lat' dir='ltr'><strong>fragilem</strong></span> <span class='ocrx_word' id='word_1_248' title='bbox 1027 1928 1218 1986; x_wconf 80' lang='lat' dir='ltr'><strong>iecerit</strong></span> <span class='ocrx_word' id='word_1_249' title='bbox 1247 1932 1507 2000; x_wconf 86' lang='lat' dir='ltr'><strong>quaelibet</strong></span> <span class='ocrx_word' id='word_1_250' title='bbox 1544 1924 1751 1986; x_wconf 76' lang='lat' dir='ltr'><strong>mentis</strong></span> <span class='ocrx_word' id='word_1_251' title='bbox 1778 1933 2013 2001; x_wconf 86' lang='lat' dir='ltr'><strong>ignavia,</strong></span> <span class='ocrx_word' id='word_1_252' title='bbox 2062 1947 2187 1987; x_wconf 89' lang='lat' dir='ltr'><strong>ora-</strong></span> 
     </span>
    </p>
   </div>
   <div class='ocr_carea' id='block_1_36' title="bbox 589 2021 2185 2093">
    <p class='ocr_par' dir='ltr' id='par_1_36' title="bbox 589 2021 2185 2093">
     <span class='ocr_line' id='line_1_36' title="bbox 589 2021 2185 2093; baseline 0 -16"><span class='ocrx_word' id='word_1_253' title='bbox 589 2022 743 2077; x_wconf 84' lang='lat' dir='ltr'><strong>tione</strong></span> <span class='ocrx_word' id='word_1_254' title='bbox 770 2022 966 2078; x_wconf 89' lang='lat' dir='ltr'><strong>saltem</strong></span> <span class='ocrx_word' id='word_1_255' title='bbox 993 2031 1158 2093; x_wconf 89' lang='lat' dir='ltr'><strong>atque</strong></span> <span class='ocrx_word' id='word_1_256' title='bbox 1179 2021 1580 2078; x_wconf 86' lang='lat' dir='ltr'><strong>intercessione</strong></span> <span class='ocrx_word' id='word_1_257' title='bbox 1604 2032 1917 2079; x_wconf 87' lang='lat' dir='ltr'><strong>sanctorum</strong></span> <span class='ocrx_word' id='word_1_258' title='bbox 1940 2023 2185 2079; x_wconf 89' lang='lat' dir='ltr'><strong>remedia</strong></span> 
     </span>
    </p>
   </div>
   <div class='ocr_carea' id='block_1_37' title="bbox 584 2112 2186 2188">
    <p class='ocr_par' dir='ltr' id='par_1_37' title="bbox 584 2112 2186 2188">
     <span class='ocr_line' id='line_1_37' title="bbox 584 2112 2186 2188; baseline 0.001 -20"><span class='ocrx_word' id='word_1_259' title='bbox 584 2114 905 2171; x_wconf 77' lang='lat' dir='ltr'><strong>vulneribus</strong></span> <span class='ocrx_word' id='word_1_260' title='bbox 951 2115 1057 2171; x_wconf 86' lang='lat' dir='ltr'><strong>tuis</strong></span> <span class='ocrx_word' id='word_1_261' title='bbox 1100 2114 1425 2170; x_wconf 86' lang='lat' dir='ltr'><strong>humilitatis</strong></span> <span class='ocrx_word' id='word_1_262' title='bbox 1459 2114 1657 2170; x_wconf 75' lang='lat' dir='ltr'><strong>aﬂectu</strong></span> <span class='ocrx_word' id='word_1_263' title='bbox 1696 2115 2004 2172; x_wconf 87' lang='lat' dir='ltr'><strong>submissus</strong></span> <span class='ocrx_word' id='word_1_264' title='bbox 2026 2112 2186 2188; x_wconf 82' lang='lat' dir='ltr'><strong>[sub—</strong></span> 
     </span>
    </p>
   </div>
   <div class='ocr_carea' id='block_1_38' title="bbox 582 2206 2187 2281">
    <p class='ocr_par' dir='ltr' id='par_1_38' title="bbox 582 2206 2187 2281">
     <span class='ocr_line' id='line_1_38' title="bbox 582 2206 2187 2281; baseline -0.001 -16"><span class='ocrx_word' id='word_1_265' title='bbox 582 2206 768 2281; x_wconf 80' lang='lat' dir='ltr'><strong>nixus]</strong></span> <span class='ocrx_word' id='word_1_266' title='bbox 807 2208 1060 2279; x_wconf 90' lang='lat' dir='ltr'><strong>implora.</strong></span> <span class='ocrx_word' id='word_1_267' title='bbox 1114 2208 1403 2265; x_wconf 89' lang='lat' dir='ltr'><strong>Postremo</strong></span> <span class='ocrx_word' id='word_1_268' title='bbox 1439 2208 1562 2280; x_wconf 90' lang='lat' dir='ltr'><strong>quis</strong></span> <span class='ocrx_word' id='word_1_269' title='bbox 1607 2216 1692 2264; x_wconf 92' lang='lat' dir='ltr'><strong>est</strong></span> <span class='ocrx_word' id='word_1_270' title='bbox 1732 2209 1824 2278; x_wconf 91' lang='lat' dir='ltr'><strong>qui</strong></span> <span class='ocrx_word' id='word_1_271' title='bbox 1874 2214 1983 2263; x_wconf 89' lang='lat' dir='ltr'><strong>non</strong></span> <span class='ocrx_word' id='word_1_272' title='bbox 2012 2209 2187 2277; x_wconf 84' lang='lat' dir='ltr'><strong>poSsit</strong></span> 
     </span>
    </p>
   </div>
   <div class='ocr_carea' id='block_1_39' title="bbox 583 2301 2186 2374">
    <p class='ocr_par' dir='ltr' id='par_1_39' title="bbox 583 2301 2186 2374">
     <span class='ocr_line' id='line_1_39' title="bbox 583 2301 2186 2374; baseline -0.002 -15"><span class='ocrx_word' id='word_1_273' title='bbox 583 2304 909 2374; x_wconf 81' lang='lat' dir='ltr'><strong>suppliciter</strong></span> <span class='ocrx_word' id='word_1_274' title='bbox 953 2302 1183 2360; x_wconf 85' lang='lat' dir='ltr'><strong>dicere:</strong></span> <span class='ocrx_word' id='word_1_275' title='bbox 1226 2302 1507 2358; x_wconf 84' lang='lat' dir='ltr'><strong>Peccatum</strong></span> <span class='ocrx_word' id='word_1_276' title='bbox 1559 2319 1745 2371; x_wconf 19' lang='lat' dir='ltr'><strong>meum,</strong></span> <span class='ocrx_word' id='word_1_277' title='bbox 1788 2304 2045 2374; x_wconf 89' lang='lat' dir='ltr'><strong>cognitum</strong></span> <span class='ocrx_word' id='word_1_278' title='bbox 2094 2301 2186 2357; x_wconf 86' lang='lat' dir='ltr'><strong>tibi</strong></span> 
     </span>
    </p>
   </div>
   <div class='ocr_carea' id='block_1_40' title="bbox 585 2394 2187 2468">
    <p class='ocr_par' dir='ltr' id='par_1_40' title="bbox 585 2394 2187 2468">
     <span class='ocr_line' id='line_1_40' title="bbox 585 2394 2187 2468; baseline -0.001 -17"><span class='ocrx_word' id='word_1_279' title='bbox 585 2396 706 2466; x_wconf 70' lang='lat' dir='ltr'><strong>feci,</strong></span> <span class='ocrx_word' id='word_1_280' title='bbox 737 2406 785 2451; x_wconf 91' lang='lat' dir='ltr'><strong>et</strong></span> <span class='ocrx_word' id='word_1_281' title='bbox 813 2398 1127 2468; x_wconf 84' lang='lat' dir='ltr'><strong>injustitiam</strong></span> <span class='ocrx_word' id='word_1_282' title='bbox 1162 2412 1332 2450; x_wconf 86' lang='lat' dir='ltr'><strong>meam</strong></span> <span class='ocrx_word' id='word_1_283' title='bbox 1374 2412 1477 2450; x_wconf 87' lang='lat' dir='ltr'><strong>non</strong></span> <span class='ocrx_word' id='word_1_284' title='bbox 1509 2394 1870 2468; x_wconf 87' lang='lat' dir='ltr'><strong>operui(Psal.</strong></span> <span class='ocrx_word' id='word_1_285' title='bbox 1902 2394 2099 2466; x_wconf 74' lang='lat' dir='ltr'><strong>xxxi)?</strong></span> <span class='ocrx_word' id='word_1_286' title='bbox 2128 2403 2187 2450; x_wconf 88' lang='lat' dir='ltr'><strong>ut</strong></span> 
     </span>
    </p>
   </div>
   <div class='ocr_carea' id='block_1_41' title="bbox 582 2476 2181 2560">
    <p class='ocr_par' dir='ltr' id='par_1_41' title="bbox 582 2476 2181 2560">
     <span class='ocr_line' id='line_1_41' title="bbox 582 2476 2181 2560; baseline -0.003 -15"><span class='ocrx_word' id='word_1_287' title='bbox 582 2476 683 2560; x_wconf 81' lang='lat' dir='ltr'><strong>per</strong></span> <span class='ocrx_word' id='word_1_288' title='bbox 707 2491 847 2546; x_wconf 89' lang='lat' dir='ltr'><strong>hanc</strong></span> <span class='ocrx_word' id='word_1_289' title='bbox 878 2491 1280 2544; x_wconf 79' lang='lat' dir='ltr'><strong>confessionem</strong></span> <span class='ocrx_word' id='word_1_290' title='bbox 1308 2489 1475 2543; x_wconf 87' lang='lat' dir='ltr'><strong>etiam</strong></span> <span class='ocrx_word' id='word_1_291' title='bbox 1507 2487 1643 2542; x_wconf 90' lang='lat' dir='ltr'><strong>illud</strong></span> <span class='ocrx_word' id='word_1_292' title='bbox 1676 2487 2018 2542; x_wconf 79' lang='lat' dir='ltr'><strong>conﬁdenter</strong></span> <span class='ocrx_word' id='word_1_293' title='bbox 2048 2487 2181 2541; x_wconf 88' lang='lat' dir='ltr'><strong>sub-</strong></span> 
     </span>
    </p>
   </div>
   <div class='ocr_carea' id='block_1_42' title="bbox 583 2576 2184 2651">
    <p class='ocr_par' dir='ltr' id='par_1_42' title="bbox 583 2576 2184 2651">
     <span class='ocr_line' id='line_1_42' title="bbox 583 2576 2184 2651; baseline 0 -19"><span class='ocrx_word' id='word_1_294' title='bbox 583 2580 814 2650; x_wconf 86' lang='lat' dir='ltr'><strong>jungere</strong></span> <span class='ocrx_word' id='word_1_295' title='bbox 847 2576 1241 2651; x_wconf 17' lang='lat' dir='ltr'><strong>mereatur,‘Et</strong></span> <span class='ocrx_word' id='word_1_296' title='bbox 1287 2586 1344 2631; x_wconf 89' lang='lat' dir='ltr'><strong>tu</strong></span> <span class='ocrx_word' id='word_1_297' title='bbox 1372 2577 1618 2632; x_wconf 78' lang='lat' dir='ltr'><strong>remisisti</strong></span> <span class='ocrx_word' id='word_1_298' title='bbox 1651 2578 1966 2646; x_wconf 85' lang='lat' dir='ltr'><strong>impietatem</strong></span> <span class='ocrx_word' id='word_1_299' title='bbox 2012 2578 2184 2633; x_wconf 87' lang='lat' dir='ltr'><strong>cordis</strong></span> 
     </span>
    </p>
   </div>
   <div class='ocr_carea' id='block_1_43' title="bbox 584 2666 2184 2740">
    <p class='ocr_par' dir='ltr' id='par_1_43' title="bbox 584 2666 2184 2740">
     <span class='ocr_line' id='line_1_43' title="bbox 584 2666 2184 2740; baseline 0.001 -17"><span class='ocrx_word' id='word_1_300' title='bbox 584 2671 687 2723; x_wconf 86' lang='lat' dir='ltr'><strong>mei</strong></span> <span class='ocrx_word' id='word_1_301' title='bbox 722 2668 938 2740; x_wconf 65' lang='lat' dir='ltr'><strong>(Ibid).</strong></span> <span class='ocrx_word' id='word_1_302' title='bbox 967 2667 1123 2736; x_wconf 83' lang='lat' dir='ltr'><strong>Quod</strong></span> <span class='ocrx_word' id='word_1_303' title='bbox 1158 2675 1185 2704; x_wconf 73' lang='grc' dir='ltr'>ι</span> <span class='ocrx_word' id='word_1_304' title='bbox 1208 2668 1255 2722; x_wconf 88' lang='lat' dir='ltr'><strong>si</strong></span> <span class='ocrx_word' id='word_1_305' title='bbox 1286 2666 1625 2724; x_wconf 82' lang='lat' dir='ltr'><strong>verecundia</strong></span> <span class='ocrx_word' id='word_1_306' title='bbox 1665 2666 1982 2725; x_wconf 88' lang='lat' dir='ltr'><strong>retrahente</strong></span> <span class='ocrx_word' id='word_1_307' title='bbox 2026 2684 2184 2725; x_wconf 89' lang='lat' dir='ltr'><strong>reve-</strong></span> 
     </span>
    </p>
   </div>
   <div class='ocr_carea' id='block_1_44' title="bbox 580 2759 2187 2832">
    <p class='ocr_par' dir='ltr' id='par_1_44' title="bbox 580 2759 2187 2832">
     <span class='ocr_line' id='line_1_44' title="bbox 580 2759 2187 2832; baseline 0.002 -17"><span class='ocrx_word' id='word_1_308' title='bbox 580 2760 704 2817; x_wconf 85' lang='lat' dir='ltr'><strong>lare</strong></span> <span class='ocrx_word' id='word_1_309' title='bbox 755 2775 938 2815; x_wconf 88' lang='lat' dir='ltr'><strong>coram</strong></span> <span class='ocrx_word' id='word_1_310' title='bbox 984 2759 1292 2815; x_wconf 86' lang='lat' dir='ltr'><strong>hominibus</strong></span> <span class='ocrx_word' id='word_1_311' title='bbox 1340 2759 1646 2830; x_wconf 86' lang='lat' dir='ltr'><strong>erubescis,</strong></span> <span class='ocrx_word' id='word_1_312' title='bbox 1696 2759 1775 2816; x_wconf 89' lang='lat' dir='ltr'><strong>illi</strong></span> <span class='ocrx_word' id='word_1_313' title='bbox 1815 2776 1977 2832; x_wconf 88' lang='lat' dir='ltr'><strong>quem</strong></span> <span class='ocrx_word' id='word_1_314' title='bbox 2016 2762 2187 2819; x_wconf 87' lang='lat' dir='ltr'><strong>latere</strong></span> 
     </span>
    </p>
   </div>
   <div class='ocr_carea' id='block_1_45' title="bbox 582 2850 2185 2923">
    <p class='ocr_par' dir='ltr' id='par_1_45' title="bbox 582 2850 2185 2923">
     <span class='ocr_line' id='line_1_45' title="bbox 582 2850 2185 2923; baseline 0 -14"><span class='ocrx_word' id='word_1_315' title='bbox 582 2867 694 2909; x_wconf 88' lang='lat' dir='ltr'><strong>non</strong></span> <span class='ocrx_word' id='word_1_316' title='bbox 721 2860 950 2922; x_wconf 85' lang='lat' dir='ltr'><strong>possunt</strong></span> <span class='ocrx_word' id='word_1_317' title='bbox 976 2850 1229 2908; x_wconf 83' lang='lat' dir='ltr'><strong>conﬁteri</strong></span> <span class='ocrx_word' id='word_1_318' title='bbox 1269 2865 1333 2907; x_wconf 91' lang='lat' dir='ltr'><strong>ea</strong></span> <span class='ocrx_word' id='word_1_319' title='bbox 1360 2850 1475 2923; x_wconf 84' lang='lat' dir='ltr'><strong>jugi</strong></span> <span class='ocrx_word' id='word_1_320' title='bbox 1515 2851 1918 2922; x_wconf 90' lang='lat' dir='ltr'><strong>supplicatione</strong></span> <span class='ocrx_word' id='word_1_321' title='bbox 1950 2868 2057 2908; x_wconf 91' lang='lat' dir='ltr'><strong>non</strong></span> <span class='ocrx_word' id='word_1_322' title='bbox 2086 2854 2185 2909; x_wconf 89' lang='lat' dir='ltr'><strong>de-</strong></span> 
     </span>
    </p>
   </div>
   <div class='ocr_carea' id='block_1_46' title="bbox 582 2938 2187 3018">
    <p class='ocr_par' dir='ltr' id='par_1_46' title="bbox 582 2938 2187 3018">
     <span class='ocr_line' id='line_1_46' title="bbox 582 2938 2187 3018; baseline -0.001 -15"><span class='ocrx_word' id='word_1_323' title='bbox 582 2947 756 3012; x_wconf 81' lang='lat' dir='ltr'><strong>sinas,</strong></span> <span class='ocrx_word' id='word_1_324' title='bbox 794 2960 859 3000; x_wconf 91' lang='lat' dir='ltr'><strong>ac</strong></span> <span class='ocrx_word' id='word_1_325' title='bbox 887 2945 1092 3011; x_wconf 88' lang='lat' dir='ltr'><strong>dicere,</strong></span> <span class='ocrx_word' id='word_1_326' title='bbox 1123 2938 1461 3016; x_wconf 80' lang='lat' dir='ltr'><strong>Iniquitatem</strong></span> <span class='ocrx_word' id='word_1_327' title='bbox 1491 2961 1658 2999; x_wconf 92' lang='lat' dir='ltr'><strong>meam</strong></span> <span class='ocrx_word' id='word_1_328' title='bbox 1695 2962 1785 3015; x_wconf 86' lang='lat' dir='ltr'><strong>ego</strong></span> <span class='ocrx_word' id='word_1_329' title='bbox 1823 2962 2095 3018; x_wconf 85' lang='lat' dir='ltr'><strong>cognosco,</strong></span> <span class='ocrx_word' id='word_1_330' title='bbox 2138 2955 2187 3001; x_wconf 90' lang='lat' dir='ltr'><strong>et</strong></span> 
     </span>
    </p>
   </div>
   <div class='ocr_carea' id='block_1_47' title="bbox 582 3038 2184 3110">
    <p class='ocr_par' dir='ltr' id='par_1_47' title="bbox 582 3038 2184 3110">
     <span class='ocr_line' id='line_1_47' title="bbox 582 3038 2184 3110; baseline 0 -17"><span class='ocrx_word' id='word_1_331' title='bbox 582 3048 851 3110; x_wconf 82' lang='lat' dir='ltr'><strong>peccatum</strong></span> <span class='ocrx_word' id='word_1_332' title='bbox 889 3053 1055 3090; x_wconf 90' lang='lat' dir='ltr'><strong>meum</strong></span> <span class='ocrx_word' id='word_1_333' title='bbox 1090 3045 1273 3091; x_wconf 88' lang='lat' dir='ltr'><strong>contra</strong></span> <span class='ocrx_word' id='word_1_334' title='bbox 1308 3052 1393 3092; x_wconf 82' lang='lat' dir='ltr'><strong>me</strong></span> <span class='ocrx_word' id='word_1_335' title='bbox 1434 3043 1511 3091; x_wconf 84' lang='lat' dir='ltr'><strong>est</strong></span> <span class='ocrx_word' id='word_1_336' title='bbox 1541 3053 1773 3107; x_wconf 82' lang='lat' dir='ltr'><strong>semper;</strong></span> <span class='ocrx_word' id='word_1_337' title='bbox 1801 3038 1890 3090; x_wconf 80' lang='lat' dir='ltr'><strong>tibi</strong></span> <span class='ocrx_word' id='word_1_338' title='bbox 1926 3040 2022 3092; x_wconf 88' lang='lat' dir='ltr'><strong>soli</strong></span> <span class='ocrx_word' id='word_1_339' title='bbox 2067 3055 2184 3105; x_wconf 85' lang='lat' dir='ltr'><strong>pec-</strong></span> 
     </span>
    </p>
   </div>
   <div class='ocr_carea' id='block_1_48' title="bbox 2290 1834 3893 1906">
    <p class='ocr_par' dir='ltr' id='par_1_48' title="bbox 2290 1834 3893 1906">
     <span class='ocr_line' id='line_1_48' title="bbox 2290 1834 3893 1906; baseline -0.001 -14"><span class='ocrx_word' id='word_1_340' title='bbox 2290 1846 2475 1892; x_wconf 88' lang='lat' dir='ltr'><strong>mente</strong></span> <span class='ocrx_word' id='word_1_341' title='bbox 2494 1852 2525 1890; x_wconf 90' lang='lat' dir='ltr'><strong>a</strong></span> <span class='ocrx_word' id='word_1_342' title='bbox 2552 1835 2708 1890; x_wconf 88' lang='lat' dir='ltr'><strong>nobis</strong></span> <span class='ocrx_word' id='word_1_343' title='bbox 2733 1834 2912 1889; x_wconf 88' lang='lat' dir='ltr'><strong>oblata</strong></span> <span class='ocrx_word' id='word_1_344' title='bbox 2936 1835 3302 1904; x_wconf 82' lang='lat' dir='ltr'><strong>perspexerit,</strong></span> <span class='ocrx_word' id='word_1_345' title='bbox 3321 1836 3559 1904; x_wconf 77' lang='lat' dir='ltr'><strong>exiguos</strong></span> <span class='ocrx_word' id='word_1_346' title='bbox 3592 1852 3893 1906; x_wconf 78' lang='lat' dir='ltr'><strong>parvosque</strong></span> 
     </span>
    </p>
   </div>
   <div class='ocr_carea' id='block_1_49' title="bbox 2295 1926 3889 2005">
    <p class='ocr_par' dir='ltr' id='par_1_49' title="bbox 2295 1926 3889 2005">
     <span class='ocr_line' id='line_1_49' title="bbox 2295 1926 3889 2005; baseline -0.001 -21"><span class='ocrx_word' id='word_1_347' title='bbox 2295 1939 2520 2005; x_wconf 89' lang='lat' dir='ltr'><strong>conatus</strong></span> <span class='ocrx_word' id='word_1_348' title='bbox 2560 1930 2824 1983; x_wconf 83' lang='lat' dir='ltr'><strong>immensa</strong></span> <span class='ocrx_word' id='word_1_349' title='bbox 2870 1926 3205 1982; x_wconf 85' lang='lat' dir='ltr'><strong>liberalitate</strong></span> <span class='ocrx_word' id='word_1_350' title='bbox 3238 1928 3619 1998; x_wconf 81' lang='lat' dir='ltr'><strong>prosequitur,</strong></span> <span class='ocrx_word' id='word_1_351' title='bbox 3649 1929 3846 1983; x_wconf 85' lang='lat' dir='ltr'><strong>dicens</strong></span> <span class='ocrx_word' id='word_1_352' title='bbox 3879 1948 3889 1982; x_wconf 88' lang='lat'><em>:</em></span> 
     </span>
    </p>
   </div>
   <div class='ocr_carea' id='block_1_50' title="bbox 2288 2019 3897 2092">
    <p class='ocr_par' dir='ltr' id='par_1_50' title="bbox 2288 2019 3897 2092">
     <span class='ocr_line' id='line_1_50' title="bbox 2288 2019 3897 2092; baseline -0.003 -16"><span class='ocrx_word' id='word_1_353' title='bbox 2288 2020 2400 2092; x_wconf 87' lang='lat' dir='ltr'><strong>Ego</strong></span> <span class='ocrx_word' id='word_1_354' title='bbox 2443 2037 2580 2089; x_wconf 87' lang='lat' dir='ltr'><strong>sum,</strong></span> <span class='ocrx_word' id='word_1_355' title='bbox 2616 2037 2708 2088; x_wconf 89' lang='lat' dir='ltr'><strong>ego</strong></span> <span class='ocrx_word' id='word_1_356' title='bbox 2736 2022 2853 2074; x_wconf 79' lang='lat' dir='ltr'><strong>sum</strong></span> <span class='ocrx_word' id='word_1_357' title='bbox 2888 2020 2978 2091; x_wconf 89' lang='lat' dir='ltr'><strong>qui</strong></span> <span class='ocrx_word' id='word_1_358' title='bbox 3020 2019 3165 2073; x_wconf 86' lang='lat' dir='ltr'><strong>deleo</strong></span> <span class='ocrx_word' id='word_1_359' title='bbox 3194 2020 3495 2090; x_wconf 74' lang='lat' dir='ltr'><strong>iniquitates</strong></span> <span class='ocrx_word' id='word_1_360' title='bbox 3530 2029 3650 2074; x_wconf 84' lang='lat' dir='ltr'><strong>tuas</strong></span> <span class='ocrx_word' id='word_1_361' title='bbox 3690 2031 3897 2090; x_wconf 76' lang='lat' dir='ltr'><strong>propter</strong></span> 
     </span>
    </p>
   </div>
   <div class='ocr_carea' id='block_1_51' title="bbox 2287 2112 3891 2185">
    <p class='ocr_par' dir='ltr' id='par_1_51' title="bbox 2287 2112 3891 2185">
     <span class='ocr_line' id='line_1_51' title="bbox 2287 2112 3891 2185; baseline -0.002 -16"><span class='ocrx_word' id='word_1_362' title='bbox 2287 2132 2390 2183; x_wconf 86' lang='lat' dir='ltr'><strong>me,</strong></span> <span class='ocrx_word' id='word_1_363' title='bbox 2433 2124 2479 2168; x_wconf 89' lang='lat' dir='ltr'><strong>et</strong></span> <span class='ocrx_word' id='word_1_364' title='bbox 2510 2120 2839 2185; x_wconf 85' lang='lat' dir='ltr'><strong>peccatorum</strong></span> <span class='ocrx_word' id='word_1_365' title='bbox 2878 2120 3085 2167; x_wconf 87' lang='lat' dir='ltr'><strong>tuorum</strong></span> <span class='ocrx_word' id='word_1_366' title='bbox 3105 2116 3221 2185; x_wconf 88' lang='lat' dir='ltr'><strong>jam</strong></span> <span class='ocrx_word' id='word_1_367' title='bbox 3251 2129 3355 2166; x_wconf 86' lang='lat' dir='ltr'><strong>non</strong></span> <span class='ocrx_word' id='word_1_368' title='bbox 3387 2115 3713 2167; x_wconf 81' lang='lat' dir='ltr'><strong>recordabar</strong></span> <span class='ocrx_word' id='word_1_369' title='bbox 3741 2112 3891 2182; x_wconf 79' lang='lat' dir='ltr'><strong>(Issi.</strong></span> 
     </span>
    </p>
   </div>
   <div class='ocr_carea' id='block_1_52' title="bbox 2287 2210 3891 2287">
    <p class='ocr_par' dir='ltr' id='par_1_52' title="bbox 2287 2210 3891 2287">
     <span class='ocr_line' id='line_1_52' title="bbox 2287 2210 3891 2287; baseline -0.002 -16"><span class='ocrx_word' id='word_1_370' title='bbox 2287 2210 2435 2287; x_wconf 62' lang='lat' dir='ltr'><strong>xxv).</strong></span> <span class='ocrx_word' id='word_1_371' title='bbox 2470 2215 2552 2271; x_wconf 85' lang='lat' dir='ltr'><strong>Ad</strong></span> <span class='ocrx_word' id='word_1_372' title='bbox 2576 2210 2724 2269; x_wconf 84' lang='lat' dir='ltr'><strong>hunc</strong></span> <span class='ocrx_word' id='word_1_373' title='bbox 2755 2222 2886 2285; x_wconf 84' lang='lat' dir='ltr'><strong>ergo</strong></span> <span class='ocrx_word' id='word_1_374' title='bbox 2908 2228 3069 2284; x_wconf 90' lang='lat' dir='ltr'><strong>quem</strong></span> <span class='ocrx_word' id='word_1_375' title='bbox 3116 2212 3477 2283; x_wconf 74' lang='lat' dir='ltr'><strong>praediximus</strong></span> <span class='ocrx_word' id='word_1_376' title='bbox 3506 2214 3715 2270; x_wconf 84' lang='lat' dir='ltr'><strong>statum</strong></span> <span class='ocrx_word' id='word_1_377' title='bbox 3747 2218 3891 2280; x_wconf 84' lang='lat' dir='ltr'><strong>quis-</strong></span> 
     </span>
    </p>
   </div>
   <div class='ocr_carea' id='block_1_53' title="bbox 2285 2304 3881 2388">
    <p class='ocr_par' dir='ltr' id='par_1_53' title="bbox 2285 2304 3881 2388">
     <span class='ocr_line' id='line_1_53' title="bbox 2285 2304 3881 2388; baseline -0.002 -15"><span class='ocrx_word' id='word_1_378' title='bbox 2285 2318 2408 2388; x_wconf 85' lang='lat' dir='ltr'><strong>quis</strong></span> <span class='ocrx_word' id='word_1_379' title='bbox 2436 2316 2837 2382; x_wconf 87' lang='lat' dir='ltr'><strong>conscenderit,</strong></span> <span class='ocrx_word' id='word_1_380' title='bbox 2871 2313 3257 2370; x_wconf 82' lang='lat' dir='ltr'><strong>satisl‘actionis</strong></span> <span class='ocrx_word' id='word_1_381' title='bbox 3285 2304 3515 2384; x_wconf 75' lang='lat' dir='ltr'><strong>gratiam</strong></span> <span class='ocrx_word' id='word_1_382' title='bbox 3541 2318 3881 2386; x_wconf 85' lang='lat' dir='ltr'><strong>quotidianis</strong></span> 
     </span>
    </p>
   </div>
   <div class='ocr_carea' id='block_1_54' title="bbox 2283 2416 3890 2491">
    <p class='ocr_par' dir='ltr' id='par_1_54' title="bbox 2283 2416 3890 2491">
     <span class='ocr_line' id='line_1_54' title="bbox 2283 2416 3890 2491; baseline -0.001 -16"><span class='ocrx_word' id='word_1_383' title='bbox 2283 2418 2510 2491; x_wconf 85' lang='lat' dir='ltr'><strong>jejuniis</strong></span> <span class='ocrx_word' id='word_1_384' title='bbox 2537 2428 2592 2476; x_wconf 90' lang='lat' dir='ltr'><strong>et</strong></span> <span class='ocrx_word' id='word_1_385' title='bbox 2618 2417 3039 2473; x_wconf 84' lang='lat' dir='ltr'><strong>mortiﬁcatione</strong></span> <span class='ocrx_word' id='word_1_386' title='bbox 3059 2416 3242 2473; x_wconf 88' lang='lat' dir='ltr'><strong>cordis</strong></span> <span class='ocrx_word' id='word_1_387' title='bbox 3267 2428 3322 2473; x_wconf 90' lang='lat' dir='ltr'><strong>et</strong></span> <span class='ocrx_word' id='word_1_388' title='bbox 3347 2418 3598 2487; x_wconf 88' lang='lat' dir='ltr'><strong>corporis</strong></span> <span class='ocrx_word' id='word_1_389' title='bbox 3625 2433 3890 2487; x_wconf 78' lang='lat' dir='ltr'><strong>asseque-</strong></span> 
     </span>
    </p>
   </div>
   <div class='ocr_carea' id='block_1_55' title="bbox 2287 2510 3891 2593">
    <p class='ocr_par' dir='ltr' id='par_1_55' title="bbox 2287 2510 3891 2593">
     <span class='ocr_line' id='line_1_55' title="bbox 2287 2510 3891 2593; baseline -0.001 -16"><span class='ocrx_word' id='word_1_390' title='bbox 2287 2530 2418 2579; x_wconf 86' lang='lat' dir='ltr'><strong>tur:</strong></span> <span class='ocrx_word' id='word_1_391' title='bbox 2456 2522 2607 2593; x_wconf 89' lang='lat' dir='ltr'><strong>quia,</strong></span> <span class='ocrx_word' id='word_1_392' title='bbox 2655 2521 2798 2575; x_wconf 91' lang='lat' dir='ltr'><strong>sicut</strong></span> <span class='ocrx_word' id='word_1_393' title='bbox 2839 2519 3103 2590; x_wconf 82' lang='lat' dir='ltr'><strong>scriptum</strong></span> <span class='ocrx_word' id='word_1_394' title='bbox 3143 2528 3251 2585; x_wconf 81' lang='lat' dir='ltr'><strong>eSt,</strong></span> <span class='ocrx_word' id='word_1_395' title='bbox 3299 2525 3405 2574; x_wconf 83' lang='lat' dir='ltr'><strong>sine</strong></span> <span class='ocrx_word' id='word_1_396' title='bbox 3439 2521 3715 2591; x_wconf 76' lang='lat' dir='ltr'><strong>sanguinis</strong></span> <span class='ocrx_word' id='word_1_397' title='bbox 3747 2510 3891 2589; x_wconf 73' lang='lat' dir='ltr'><strong>eﬁ‘u-</strong></span> 
     </span>
    </p>
   </div>
   <div class='ocr_carea' id='block_1_56' title="bbox 2287 2619 3893 2691">
    <p class='ocr_par' dir='ltr' id='par_1_56' title="bbox 2287 2619 3893 2691">
     <span class='ocr_line' id='line_1_56' title="bbox 2287 2619 3893 2691; baseline 0 -15"><span class='ocrx_word' id='word_1_398' title='bbox 2287 2623 2431 2678; x_wconf 85' lang='lat' dir='ltr'><strong>sione</strong></span> <span class='ocrx_word' id='word_1_399' title='bbox 2460 2640 2561 2677; x_wconf 85' lang='lat' dir='ltr'><strong>non</strong></span> <span class='ocrx_word' id='word_1_400' title='bbox 2594 2622 2651 2691; x_wconf 83' lang='lat' dir='ltr'><strong>fit</strong></span> <span class='ocrx_word' id='word_1_401' title='bbox 2672 2621 2910 2675; x_wconf 81' lang='lat' dir='ltr'><strong>remissio</strong></span> <span class='ocrx_word' id='word_1_402' title='bbox 2941 2619 3134 2691; x_wconf 83' lang='lat' dir='ltr'><strong>(Hebr.</strong></span> <span class='ocrx_word' id='word_1_403' title='bbox 3165 2620 3266 2691; x_wconf 80' lang='lat' dir='ltr'><strong>Ix).</strong></span> <span class='ocrx_word' id='word_1_404' title='bbox 3296 2620 3397 2676; x_wconf 78' lang='lat' dir='ltr'><strong>Nec</strong></span> <span class='ocrx_word' id='word_1_405' title='bbox 3419 2619 3723 2675; x_wconf 84' lang='lat' dir='ltr'><strong>immerito.</strong></span> <span class='ocrx_word' id='word_1_406' title='bbox 3750 2622 3893 2676; x_wconf 76' lang='lat' dir='ltr'><strong>Caro</strong></span> 
     </span>
    </p>
   </div>
   <div class='ocr_carea' id='block_1_57' title="bbox 2287 2718 3887 2796">
    <p class='ocr_par' dir='ltr' id='par_1_57' title="bbox 2287 2718 3887 2796">
     <span class='ocr_line' id='line_1_57' title="bbox 2287 2718 3887 2796; baseline -0.002 -16"><span class='ocrx_word' id='word_1_407' title='bbox 2287 2718 2423 2780; x_wconf 87' lang='lat' dir='ltr'><strong>enim</strong></span> <span class='ocrx_word' id='word_1_408' title='bbox 2466 2736 2513 2779; x_wconf 87' lang='lat' dir='ltr'><strong>et</strong></span> <span class='ocrx_word' id='word_1_409' title='bbox 2555 2724 2767 2796; x_wconf 84' lang='lat' dir='ltr'><strong>sanguis</strong></span> <span class='ocrx_word' id='word_1_410' title='bbox 2814 2739 3031 2793; x_wconf 89' lang='lat' dir='ltr'><strong>regnum</strong></span> <span class='ocrx_word' id='word_1_411' title='bbox 3070 2720 3173 2777; x_wconf 87' lang='lat' dir='ltr'><strong>Dei</strong></span> <span class='ocrx_word' id='word_1_412' title='bbox 3222 2722 3484 2793; x_wconf 81' lang='lat' dir='ltr'><strong>possidere</strong></span> <span class='ocrx_word' id='word_1_413' title='bbox 3533 2739 3637 2776; x_wconf 88' lang='lat' dir='ltr'><strong>non</strong></span> <span class='ocrx_word' id='word_1_414' title='bbox 3679 2734 3887 2795; x_wconf 76' lang='lat' dir='ltr'><strong>possunt</strong></span> 
     </span>
    </p>
   </div>
   <div class='ocr_carea' id='block_1_58' title="bbox 2287 2823 3880 2899">
    <p class='ocr_par' dir='ltr' id='par_1_58' title="bbox 2287 2823 3880 2899">
     <span class='ocr_line' id='line_1_58' title="bbox 2287 2823 3880 2899; baseline -0.002 -17"><span class='ocrx_word' id='word_1_415' title='bbox 2287 2826 2333 2899; x_wconf 87' lang='grc' dir='ltr'><strong>(Ι</strong></span> <span class='ocrx_word' id='word_1_416' title='bbox 2358 2825 2477 2880; x_wconf 89' lang='lat' dir='ltr'><strong>Cor.</strong></span> <span class='ocrx_word' id='word_1_417' title='bbox 2511 2826 2627 2894; x_wconf 94' lang='lat' dir='ltr'><strong>xv).</strong></span> <span class='ocrx_word' id='word_1_418' title='bbox 2665 2825 2730 2879; x_wconf 85' lang='lat' dir='ltr'><strong>Et</strong></span> <span class='ocrx_word' id='word_1_419' title='bbox 2760 2824 2881 2879; x_wconf 86' lang='lat' dir='ltr'><strong>ideo</strong></span> <span class='ocrx_word' id='word_1_420' title='bbox 2912 2824 3155 2893; x_wconf 91' lang='lat' dir='ltr'><strong>quisquis</strong></span> <span class='ocrx_word' id='word_1_421' title='bbox 3196 2823 3264 2877; x_wconf 79' lang='lat' dir='ltr'><strong>ab</strong></span> <span class='ocrx_word' id='word_1_422' title='bbox 3302 2823 3467 2892; x_wconf 84' lang='lat' dir='ltr'><strong>hujus</strong></span> <span class='ocrx_word' id='word_1_423' title='bbox 3505 2826 3784 2894; x_wconf 83' lang='lat' dir='ltr'><strong>sanguinis</strong></span> <span class='ocrx_word' id='word_1_424' title='bbox 3808 2826 3880 2879; x_wconf 87' lang='lat' dir='ltr'><strong>ef-</strong></span> 
     </span>
    </p>
   </div>
   <div class='ocr_carea' id='block_1_59' title="bbox 2287 2922 3881 2998">
    <p class='ocr_par' dir='ltr' id='par_1_59' title="bbox 2287 2922 3881 2998">
     <span class='ocr_line' id='line_1_59' title="bbox 2287 2922 3881 2998; baseline -0.004 -15"><span class='ocrx_word' id='word_1_425' title='bbox 2287 2926 2501 2983; x_wconf 88' lang='lat' dir='ltr'><strong>fusione</strong></span> <span class='ocrx_word' id='word_1_426' title='bbox 2528 2925 2767 2998; x_wconf 81' lang='lat' dir='ltr'><strong>gladium</strong></span> <span class='ocrx_word' id='word_1_427' title='bbox 2792 2924 3037 2995; x_wconf 87' lang='lat' dir='ltr'><strong>spiritus,</strong></span> <span class='ocrx_word' id='word_1_428' title='bbox 3070 2922 3215 2995; x_wconf 90' lang='lat' dir='ltr'><strong>quod</strong></span> <span class='ocrx_word' id='word_1_429' title='bbox 3258 2934 3341 2978; x_wconf 89' lang='lat' dir='ltr'><strong>est</strong></span> <span class='ocrx_word' id='word_1_430' title='bbox 3372 2924 3604 2979; x_wconf 89' lang='lat' dir='ltr'><strong>verbum</strong></span> <span class='ocrx_word' id='word_1_431' title='bbox 3640 2924 3761 2988; x_wconf 71' lang='lat' dir='ltr'><strong>Dei,</strong></span> <span class='ocrx_word' id='word_1_432' title='bbox 3795 2941 3881 2979; x_wconf 82' lang='lat' dir='ltr'><strong>vo-</strong></span> 
     </span>
    </p>
   </div>
   <div class='ocr_carea' id='block_1_60' title="bbox 2287 3016 3879 3099">
    <p class='ocr_par' dir='ltr' id='par_1_60' title="bbox 2287 3016 3879 3099">
     <span class='ocr_line' id='line_1_60' title="bbox 2287 3016 3879 3099; baseline -0.003 -13"><span class='ocrx_word' id='word_1_433' title='bbox 2287 3029 2453 3086; x_wconf 89' lang='lat' dir='ltr'><strong>luerit</strong></span> <span class='ocrx_word' id='word_1_434' title='bbox 2493 3029 2765 3093; x_wconf 89' lang='lat' dir='ltr'><strong>inhibere,</strong></span> <span class='ocrx_word' id='word_1_435' title='bbox 2811 3026 3019 3096; x_wconf 86' lang='lat' dir='ltr'><strong>absque</strong></span> <span class='ocrx_word' id='word_1_436' title='bbox 3042 3026 3207 3082; x_wconf 81' lang='lat' dir='ltr'><strong>dubio</strong></span> <span class='ocrx_word' id='word_1_437' title='bbox 3244 3016 3342 3081; x_wconf 85' lang='lat' dir='ltr'><strong>illa</strong></span> <span class='ocrx_word' id='word_1_438' title='bbox 3372 3027 3635 3083; x_wconf 71' lang='lat' dir='ltr'><strong>Jeremia:</strong></span> <span class='ocrx_word' id='word_1_439' title='bbox 3661 3031 3879 3099; x_wconf 60' lang='lat' dir='ltr'><strong>propino.</strong></span> 
     </span>
    </p>
   </div>
   <div class='ocr_carea' id='block_1_61' title="bbox 587 3121 3875 3202">
    <p class='ocr_par' dir='ltr' id='par_1_61' title="bbox 587 3121 3875 3202">
     <span class='ocr_line' id='line_1_61' title="bbox 587 3121 3875 3202; baseline -0 -18"><span class='ocrx_word' id='word_1_440' title='bbox 587 3132 719 3197; x_wconf 84' lang='lat' dir='ltr'><strong>cavi,</strong></span> <span class='ocrx_word' id='word_1_441' title='bbox 745 3142 793 3184; x_wconf 86' lang='lat' dir='ltr'><strong>et</strong></span> <span class='ocrx_word' id='word_1_442' title='bbox 821 3129 1015 3183; x_wconf 89' lang='lat' dir='ltr'><strong>malum</strong></span> <span class='ocrx_word' id='word_1_443' title='bbox 1036 3144 1214 3183; x_wconf 87' lang='lat' dir='ltr'><strong>coram</strong></span> <span class='ocrx_word' id='word_1_444' title='bbox 1244 3137 1293 3183; x_wconf 89' lang='lat' dir='ltr'><strong>te</strong></span> <span class='ocrx_word' id='word_1_445' title='bbox 1321 3128 1421 3201; x_wconf 80' lang='lat' dir='ltr'><strong>feci</strong></span> <span class='ocrx_word' id='word_1_446' title='bbox 1450 3127 1624 3200; x_wconf 86' lang='lat' dir='ltr'><strong>(Psal.</strong></span> <span class='ocrx_word' id='word_1_447' title='bbox 1659 3128 1713 3198; x_wconf 84' lang='lat' dir='ltr'><strong>L)</strong></span> <span class='ocrx_word' id='word_1_448' title='bbox 1735 3146 1748 3193; x_wconf 93' lang='lat'><strong>;</strong></span> <span class='ocrx_word' id='word_1_449' title='bbox 1773 3130 1861 3199; x_wconf 91' lang='lat' dir='ltr'><strong>qui</strong></span> <span class='ocrx_word' id='word_1_450' title='bbox 1894 3139 1947 3184; x_wconf 91' lang='lat' dir='ltr'><strong>et</strong></span> <span class='ocrx_word' id='word_1_451' title='bbox 1975 3130 2177 3201; x_wconf 87' lang='lat' dir='ltr'><strong>absque</strong></span> <span class='ocrx_word' id='word_1_452' title='bbox 2203 3121 2250 3184; x_wconf 88' lang='lat' dir='ltr'><strong><em>C</em></strong></span> <span class='ocrx_word' id='word_1_453' title='bbox 2283 3137 2350 3186; x_wconf 71' lang='lat' dir='ltr'><strong>tte</strong></span> <span class='ocrx_word' id='word_1_454' title='bbox 2378 3129 2756 3186; x_wconf 89' lang='lat' dir='ltr'><strong>maledictione</strong></span> <span class='ocrx_word' id='word_1_455' title='bbox 2778 3129 3066 3199; x_wconf 86' lang='lat' dir='ltr'><strong>plectetur.</strong></span> <span class='ocrx_word' id='word_1_456' title='bbox 3100 3126 3234 3183; x_wconf 81' lang='lat' dir='ltr'><strong>Nam</strong></span> <span class='ocrx_word' id='word_1_457' title='bbox 3267 3138 3289 3167; x_wconf 75' lang='grc' dir='ltr'><strong>ε</strong></span> <span class='ocrx_word' id='word_1_458' title='bbox 3318 3128 3661 3197; x_wconf 81' lang='lat' dir='ltr'><strong>&#39;maledictus,</strong></span> <span class='ocrx_word' id='word_1_459' title='bbox 3693 3131 3875 3202; x_wconf 79' lang='lat' dir='ltr'><strong>inquit,</strong></span> 
     </span>
    </p>
   </div>
   <div class='ocr_carea' id='block_1_62' title="bbox 1648 3242 2793 3302">
    <p class='ocr_par' dir='ltr' id='par_1_62' title="bbox 1648 3242 2793 3302">
     <span class='ocr_line' id='line_1_62' title="bbox 1648 3242 2793 3302; baseline 0.003 -4"><span class='ocrx_word' id='word_1_460' title='bbox 1648 3243 1781 3298; x_wconf 81' lang='lat' dir='ltr'><strong>ALA</strong></span> <span class='ocrx_word' id='word_1_461' title='bbox 1794 3244 1904 3297; x_wconf 79' lang='lat' dir='ltr'><strong>BDI</strong></span> <span class='ocrx_word' id='word_1_462' title='bbox 1945 3244 2180 3299; x_wconf 63' lang='lat' dir='ltr'><strong>GAZIEI</strong></span> <span class='ocrx_word' id='word_1_463' title='bbox 2219 3242 2793 3302; x_wconf 79' lang='lat' dir='ltr'><strong>COMMENTARIUS.</strong></span> 
     </span>
    </p>
   </div>
   <div class='ocr_carea' id='block_1_63' title="bbox 656 3335 2173 3408">
    <p class='ocr_par' dir='ltr' id='par_1_63' title="bbox 656 3335 2173 3408">
     <span class='ocr_line' id='line_1_63' title="bbox 656 3335 2173 3408; baseline -0.005 -10"><span class='ocrx_word' id='word_1_464' title='bbox 656 3351 684 3381; x_wconf 78' lang='grc' dir='ltr'>ι</span> <span class='ocrx_word' id='word_1_465' title='bbox 724 3341 943 3398; x_wconf 91' lang='lat' dir='ltr'><strong>Similes</strong></span> <span class='ocrx_word' id='word_1_466' title='bbox 986 3339 1269 3395; x_wconf 66' lang='lat' dir='ltr'><strong>sententiae</strong></span> <span class='ocrx_word' id='word_1_467' title='bbox 1299 3336 1501 3408; x_wconf 89' lang='lat' dir='ltr'><strong>passim</strong></span> <span class='ocrx_word' id='word_1_468' title='bbox 1547 3337 1686 3405; x_wconf 91' lang='lat' dir='ltr'><strong>apud</strong></span> <span class='ocrx_word' id='word_1_469' title='bbox 1717 3335 2173 3404; x_wconf 67' lang='lat' dir='ltr'><strong>Chrysostomum</strong></span> 
     </span>
    </p>
   </div>
   <div class='ocr_carea' id='block_1_64' title="bbox 581 3408 2177 3478">
    <p class='ocr_par' dir='ltr' id='par_1_64' title="bbox 581 3408 2177 3478">
     <span class='ocr_line' id='line_1_64' title="bbox 581 3408 2177 3478; baseline -0.005 -8"><span class='ocrx_word' id='word_1_470' title='bbox 581 3414 825 3470; x_wconf 85' lang='lat' dir='ltr'><strong>Cassiani</strong></span> <span class='ocrx_word' id='word_1_471' title='bbox 870 3411 1151 3467; x_wconf 89' lang='lat' dir='ltr'><strong>doctorem</strong></span> <span class='ocrx_word' id='word_1_472' title='bbox 1192 3419 1247 3464; x_wconf 92' lang='lat' dir='ltr'><strong>et</strong></span> <span class='ocrx_word' id='word_1_473' title='bbox 1296 3408 1614 3478; x_wconf 83' lang='lat' dir='ltr'><strong>magistrum</strong></span> <span class='ocrx_word' id='word_1_474' title='bbox 1663 3408 1945 3475; x_wconf 81' lang='lat' dir='ltr'><strong>leguntur,</strong></span> <span class='ocrx_word' id='word_1_475' title='bbox 1986 3409 2177 3473; x_wconf 83' lang='lat' dir='ltr'><strong>quibus</strong></span> 
     </span>
    </p>
   </div>
   <div class='ocr_carea' id='block_1_65' title="bbox 582 3478 2177 3541">
    <p class='ocr_par' dir='ltr' id='par_1_65' title="bbox 582 3478 2177 3541">
     <span class='ocr_line' id='line_1_65' title="bbox 582 3478 2177 3541; baseline -0.006 0"><span class='ocrx_word' id='word_1_476' title='bbox 582 3485 823 3541; x_wconf 70' lang='lat' dir='ltr'><strong>haeretici</strong></span> <span class='ocrx_word' id='word_1_477' title='bbox 852 3484 1115 3537; x_wconf 87' lang='lat' dir='ltr'><strong>adversus</strong></span> <span class='ocrx_word' id='word_1_478' title='bbox 1143 3478 1545 3537; x_wconf 84' lang='lat' dir='ltr'><strong>confessionem</strong></span> <span class='ocrx_word' id='word_1_479' title='bbox 1573 3479 2017 3533; x_wconf 87' lang='lat' dir='ltr'><strong>sacramentalem</strong></span> <span class='ocrx_word' id='word_1_480' title='bbox 2043 3479 2177 3533; x_wconf 90' lang='lat' dir='ltr'><strong>abu-</strong></span> 
     </span>
    </p>
   </div>
   <div class='ocr_carea' id='block_1_66' title="bbox 584 3547 2171 3622">
    <p class='ocr_par' dir='ltr' id='par_1_66' title="bbox 584 3547 2171 3622">
     <span class='ocr_line' id='line_1_66' title="bbox 584 3547 2171 3622; baseline -0.004 -13"><span class='ocrx_word' id='word_1_481' title='bbox 584 3566 791 3610; x_wconf 88' lang='lat' dir='ltr'><strong>tuntur.</strong></span> <span class='ocrx_word' id='word_1_482' title='bbox 818 3554 1015 3609; x_wconf 86' lang='lat' dir='ltr'><strong>Homil.</strong></span> <span class='ocrx_word' id='word_1_483' title='bbox 1040 3553 1080 3606; x_wconf 60' lang='grc' dir='ltr'>ἓ</span> <span class='ocrx_word' id='word_1_484' title='bbox 1122 3553 1179 3608; x_wconf 88' lang='lat' dir='ltr'><strong>in</strong></span> <span class='ocrx_word' id='word_1_485' title='bbox 1223 3552 1492 3622; x_wconf 89' lang='lat' dir='ltr'><strong>psalmum</strong></span> <span class='ocrx_word' id='word_1_486' title='bbox 1522 3566 1586 3622; x_wconf 72' lang='lat'><strong>1.:</strong></span> <span class='ocrx_word' id='word_1_487' title='bbox 1615 3547 1841 3622; x_wconf 83' lang='lat' dir='ltr'><strong>Peccata</strong></span> <span class='ocrx_word' id='word_1_488' title='bbox 1870 3559 1956 3602; x_wconf 90' lang='lat' dir='ltr'><strong><em>tua</em></strong></span> <span class='ocrx_word' id='word_1_489' title='bbox 1986 3551 2171 3622; x_wconf 78' lang='lat' dir='ltr'><strong>dicito,</strong></span> 
     </span>
    </p>
   </div>
   <div class='ocr_carea' id='block_1_67' title="bbox 581 3620 2177 3693">
    <p class='ocr_par' dir='ltr' id='par_1_67' title="bbox 581 3620 2177 3693">
     <span class='ocr_line' id='line_1_67' title="bbox 581 3620 2177 3693; baseline -0.004 -13"><span class='ocrx_word' id='word_1_490' title='bbox 581 3636 641 3681; x_wconf 87' lang='lat' dir='ltr'><strong>ut</strong></span> <span class='ocrx_word' id='word_1_491' title='bbox 670 3628 842 3681; x_wconf 87' lang='lat' dir='ltr'><strong>deleas</strong></span> <span class='ocrx_word' id='word_1_492' title='bbox 887 3626 1022 3680; x_wconf 89' lang='lat' dir='ltr'><strong>illa:</strong></span> <span class='ocrx_word' id='word_1_493' title='bbox 1053 3626 1097 3679; x_wconf 88' lang='lat' dir='ltr'><strong>si</strong></span> <span class='ocrx_word' id='word_1_494' title='bbox 1129 3620 1467 3693; x_wconf 67' lang='lat' dir='ltr'><strong>confunderis</strong></span> <span class='ocrx_word' id='word_1_495' title='bbox 1512 3620 1671 3675; x_wconf 88' lang='lat' dir='ltr'><strong>alicui</strong></span> <span class='ocrx_word' id='word_1_496' title='bbox 1690 3620 1878 3693; x_wconf 62' lang='lat' dir='ltr'><strong>dicere</strong></span> <span class='ocrx_word' id='word_1_497' title='bbox 1905 3621 2025 3691; x_wconf 84' lang='lat' dir='ltr'><strong>quia</strong></span> <span class='ocrx_word' id='word_1_498' title='bbox 2060 3637 2177 3689; x_wconf 88' lang='lat' dir='ltr'><strong>pec-</strong></span> 
     </span>
    </p>
   </div>
   <div class='ocr_carea' id='block_1_68' title="bbox 581 3689 2177 3768">
    <p class='ocr_par' dir='ltr' id='par_1_68' title="bbox 581 3689 2177 3768">
     <span class='ocr_line' id='line_1_68' title="bbox 581 3689 2177 3768; baseline -0.004 -17"><span class='ocrx_word' id='word_1_499' title='bbox 581 3700 732 3760; x_wconf 81' lang='lat' dir='ltr'><strong>casti,</strong></span> <span class='ocrx_word' id='word_1_500' title='bbox 758 3699 913 3751; x_wconf 79' lang='lat' dir='ltr'><strong>dicito</strong></span> <span class='ocrx_word' id='word_1_501' title='bbox 935 3700 994 3752; x_wconf 87' lang='lat' dir='ltr'><strong>ea</strong></span> <span class='ocrx_word' id='word_1_502' title='bbox 1016 3689 1246 3768; x_wconf 81' lang='lat' dir='ltr'><strong>quotidie</strong></span> <span class='ocrx_word' id='word_1_503' title='bbox 1269 3696 1325 3768; x_wconf 76' lang='lat' dir='ltr'><strong>in</strong></span> <span class='ocrx_word' id='word_1_504' title='bbox 1346 3694 1522 3768; x_wconf 71' lang='lat' dir='ltr'><strong>animo</strong></span> <span class='ocrx_word' id='word_1_505' title='bbox 1537 3702 1646 3768; x_wconf 68' lang='lat' dir='ltr'><strong>tua.</strong></span> <span class='ocrx_word' id='word_1_506' title='bbox 1680 3690 1802 3768; x_wconf 80' lang='lat' dir='ltr'><strong>Non</strong></span> <span class='ocrx_word' id='word_1_507' title='bbox 1822 3689 1959 3756; x_wconf 83' lang='lat' dir='ltr'><strong>dico,</strong></span> <span class='ocrx_word' id='word_1_508' title='bbox 1978 3701 2032 3744; x_wconf 92' lang='lat' dir='ltr'><strong><em>ut</em></strong></span> <span class='ocrx_word' id='word_1_509' title='bbox 2055 3708 2177 3768; x_wconf 62' lang='lat' dir='ltr'><strong>con-</strong></span> 
     </span>
    </p>
   </div>
   <div class='ocr_carea' id='block_1_69' title="bbox 580 3763 2176 3894">
    <p class='ocr_par' dir='ltr' id='par_1_69' title="bbox 580 3763 2176 3894">
     <span class='ocr_line' id='line_1_69' title="bbox 580 3763 2176 3894; baseline -0.003 -72"><span class='ocrx_word' id='word_1_510' title='bbox 580 3770 780 3894; x_wconf 49' lang='lat' dir='ltr'><strong>ﬁtearis</strong></span> <span class='ocrx_word' id='word_1_511' title='bbox 810 3763 1053 3823; x_wconf 79' lang='lat' dir='ltr'><strong>conseruo</strong></span> <span class='ocrx_word' id='word_1_512' title='bbox 1096 3778 1205 3834; x_wconf 87' lang='lat' dir='ltr'><strong>tuo,</strong></span> <span class='ocrx_word' id='word_1_513' title='bbox 1237 3766 1326 3819; x_wconf 88' lang='lat' dir='ltr'><strong>sed</strong></span> <span class='ocrx_word' id='word_1_514' title='bbox 1368 3765 1527 3818; x_wconf 85' lang='lat' dir='ltr'><strong>dicito</strong></span> <span class='ocrx_word' id='word_1_515' title='bbox 1562 3764 1670 3817; x_wconf 88' lang='lat' dir='ltr'><strong>Deo</strong></span> <span class='ocrx_word' id='word_1_516' title='bbox 1710 3765 1797 3834; x_wconf 87' lang='lat' dir='ltr'><strong>qui</strong></span> <span class='ocrx_word' id='word_1_517' title='bbox 1826 3772 1977 3817; x_wconf 86' lang='lat' dir='ltr'><strong>curat</strong></span> <span class='ocrx_word' id='word_1_518' title='bbox 2001 3780 2081 3816; x_wconf 86' lang='lat' dir='ltr'><strong>ea.</strong></span> <span class='ocrx_word' id='word_1_519' title='bbox 2111 3763 2176 3817; x_wconf 86' lang='lat' dir='ltr'><strong>Et</strong></span> 
     </span>
     <span class='ocr_line' id='line_1_70' title="bbox 635 3835 2175 3894; baseline -0.001 -4"><span class='ocrx_word' id='word_1_520' title='bbox 635 3841 783 3894; x_wconf 83' lang='lat' dir='ltr'><strong>mni&#39;.</strong></span> <span class='ocrx_word' id='word_1_521' title='bbox 816 3839 882 3894; x_wconf 74' lang='grc'><strong>4.</strong></span> <span class='ocrx_word' id='word_1_522' title='bbox 917 3840 985 3894; x_wconf 87' lang='lat' dir='ltr'><strong>de</strong></span> <span class='ocrx_word' id='word_1_523' title='bbox 1032 3838 1271 3892; x_wconf 82' lang='lat' dir='ltr'><strong>Lazaro:</strong></span> <span class='ocrx_word' id='word_1_524' title='bbox 1304 3835 1407 3889; x_wconf 85' lang='lat' dir='ltr'><strong>Cur</strong></span> <span class='ocrx_word' id='word_1_525' title='bbox 1460 3836 1653 3894; x_wconf 75' lang='lat' dir='ltr'><strong>igitur,</strong></span> <span class='ocrx_word' id='word_1_526' title='bbox 1685 3835 1889 3894; x_wconf 81' lang='lat' dir='ltr'><strong>inquit.</strong></span> <span class='ocrx_word' id='word_1_527' title='bbox 1940 3836 2175 3894; x_wconf 82' lang='lat' dir='ltr'><strong>pudesris</strong></span> 
     </span>
    </p>
   </div>
   <div class='ocr_carea' id='block_1_70' title="bbox 635 3835 2175 3905">
    <p class='ocr_par' dir='ltr' id='par_1_70' title="bbox 635 3835 2175 3905">
     <span class='ocr_line' id='line_1_71' title="bbox 635 3835 2175 3905; baseline -0.001 -15"><span class='ocrx_word' id='word_1_528' title='bbox 635 3841 783 3894; x_wconf 83' lang='lat' dir='ltr'><strong>mni&#39;.</strong></span> <span class='ocrx_word' id='word_1_529' title='bbox 816 3839 882 3905; x_wconf 74' lang='grc'><strong>4,</strong></span> <span class='ocrx_word' id='word_1_530' title='bbox 917 3840 985 3894; x_wconf 87' lang='lat' dir='ltr'><strong>de</strong></span> <span class='ocrx_word' id='word_1_531' title='bbox 1032 3838 1271 3892; x_wconf 82' lang='lat' dir='ltr'><strong>Lazaro:</strong></span> <span class='ocrx_word' id='word_1_532' title='bbox 1304 3835 1407 3889; x_wconf 85' lang='lat' dir='ltr'><strong>Cur</strong></span> <span class='ocrx_word' id='word_1_533' title='bbox 1460 3836 1653 3905; x_wconf 82' lang='lat' dir='ltr'><strong>igitur,</strong></span> <span class='ocrx_word' id='word_1_534' title='bbox 1685 3835 1889 3903; x_wconf 87' lang='lat' dir='ltr'><strong>inquit,</strong></span> <span class='ocrx_word' id='word_1_535' title='bbox 1940 3836 2175 3902; x_wconf 82' lang='lat' dir='ltr'><strong>pudesris</strong></span> 
     </span>
    </p>
   </div>
   <div class='ocr_carea' id='block_1_71' title="bbox 581 3906 2175 3978">
    <p class='ocr_par' dir='ltr' id='par_1_71' title="bbox 581 3906 2175 3978">
     <span class='ocr_line' id='line_1_72' title="bbox 581 3906 2175 3978; baseline -0.003 -14"><span class='ocrx_word' id='word_1_536' title='bbox 581 3920 630 3964; x_wconf 91' lang='lat' dir='ltr'><strong>et</strong></span> <span class='ocrx_word' id='word_1_537' title='bbox 668 3910 921 3964; x_wconf 85' lang='lat' dir='ltr'><strong>erubescis</strong></span> <span class='ocrx_word' id='word_1_538' title='bbox 970 3909 1207 3977; x_wconf 86' lang='lat' dir='ltr'><strong>conﬁteri</strong></span> <span class='ocrx_word' id='word_1_539' title='bbox 1252 3918 1461 3978; x_wconf 81' lang='lat' dir='ltr'><strong>peccata</strong></span> <span class='ocrx_word' id='word_1_540' title='bbox 1494 3906 1620 3959; x_wconf 84' lang='lat' dir='ltr'><strong>tua?</strong></span> <span class='ocrx_word' id='word_1_541' title='bbox 1650 3921 1771 3959; x_wconf 83' lang='lat' dir='ltr'><strong>cave</strong></span> <span class='ocrx_word' id='word_1_542' title='bbox 1798 3907 1935 3958; x_wconf 89' lang='lat' dir='ltr'><strong>enim</strong></span> <span class='ocrx_word' id='word_1_543' title='bbox 1979 3906 2175 3959; x_wconf 77' lang='lat' dir='ltr'><strong>homini</strong></span> 
     </span>
    </p>
   </div>
   <div class='ocr_carea' id='block_1_72' title="bbox 584 3976 2175 4048">
    <p class='ocr_par' dir='ltr' id='par_1_72' title="bbox 584 3976 2175 4048">
     <span class='ocr_line' id='line_1_73' title="bbox 584 3976 2175 4048; baseline -0.002 -15"><span class='ocrx_word' id='word_1_544' title='bbox 584 3982 801 4045; x_wconf 71' lang='lat' dir='ltr'><strong>dixeris,</strong></span> <span class='ocrx_word' id='word_1_545' title='bbox 828 3998 891 4035; x_wconf 88' lang='lat' dir='ltr'><strong>ne</strong></span> <span class='ocrx_word' id='word_1_546' title='bbox 916 3980 1010 4033; x_wconf 85' lang='lat' dir='ltr'><strong>tibi</strong></span> <span class='ocrx_word' id='word_1_547' title='bbox 1032 3976 1321 4048; x_wconf 72' lang='lat' dir='ltr'><strong>exprobret.</strong></span> <span class='ocrx_word' id='word_1_548' title='bbox 1348 3976 1528 4046; x_wconf 88' lang='lat' dir='ltr'><strong>Neque</strong></span> <span class='ocrx_word' id='word_1_549' title='bbox 1555 3979 1690 4031; x_wconf 87' lang='lat' dir='ltr'><strong>enim</strong></span> <span class='ocrx_word' id='word_1_550' title='bbox 1706 3992 1950 4048; x_wconf 69' lang='lat' dir='ltr'><strong>conservo</strong></span> <span class='ocrx_word' id='word_1_551' title='bbox 1973 3978 2175 4041; x_wconf 82' lang='lat' dir='ltr'><strong>conﬁte-</strong></span> 
     </span>
    </p>
   </div>
   <div class='ocr_carea' id='block_1_73' title="bbox 581 4046 2172 4120">
    <p class='ocr_par' dir='ltr' id='par_1_73' title="bbox 581 4046 2172 4120">
     <span class='ocr_line' id='line_1_74' title="bbox 581 4046 2172 4120; baseline -0.003 -16"><span class='ocrx_word' id='word_1_552' title='bbox 581 4053 677 4117; x_wconf 85' lang='lat' dir='ltr'><strong>ris,</strong></span> <span class='ocrx_word' id='word_1_553' title='bbox 701 4063 757 4105; x_wconf 88' lang='lat' dir='ltr'><strong>ut</strong></span> <span class='ocrx_word' id='word_1_554' title='bbox 786 4054 841 4105; x_wconf 89' lang='lat' dir='ltr'><strong>in</strong></span> <span class='ocrx_word' id='word_1_555' title='bbox 871 4046 1131 4120; x_wconf 77' lang='lat' dir='ltr'><strong>publicum</strong></span> <span class='ocrx_word' id='word_1_556' title='bbox 1175 4048 1427 4120; x_wconf 63' lang='lat' dir='ltr'><strong>proferat,</strong></span> <span class='ocrx_word' id='word_1_557' title='bbox 1462 4049 1550 4099; x_wconf 87' lang='lat' dir='ltr'><strong>sed</strong></span> <span class='ocrx_word' id='word_1_558' title='bbox 1595 4049 1641 4099; x_wconf 88' lang='lat' dir='ltr'><strong>ei</strong></span> <span class='ocrx_word' id='word_1_559' title='bbox 1668 4048 1757 4116; x_wconf 87' lang='lat' dir='ltr'><strong>qui</strong></span> <span class='ocrx_word' id='word_1_560' title='bbox 1791 4046 2043 4120; x_wconf 81' lang='lat' dir='ltr'><strong>Dominus</strong></span> <span class='ocrx_word' id='word_1_561' title='bbox 2076 4057 2172 4109; x_wconf 81' lang='lat' dir='ltr'><strong>est,</strong></span> 
     </span>
    </p>
   </div>
   <div class='ocr_carea' id='block_1_74' title="bbox 581 4117 2173 4191">
    <p class='ocr_par' dir='ltr' id='par_1_74' title="bbox 581 4117 2173 4191">
     <span class='ocr_line' id='line_1_75' title="bbox 581 4117 2173 4191; baseline -0.004 -17"><span class='ocrx_word' id='word_1_562' title='bbox 581 4124 669 4191; x_wconf 87' lang='lat' dir='ltr'><strong>qui</strong></span> <span class='ocrx_word' id='word_1_563' title='bbox 693 4117 921 4174; x_wconf 85' lang='lat' dir='ltr'><strong>medicus</strong></span> <span class='ocrx_word' id='word_1_564' title='bbox 946 4130 1048 4191; x_wconf 79' lang='lat' dir='ltr'><strong>est,</strong></span> <span class='ocrx_word' id='word_1_565' title='bbox 1074 4117 1300 4191; x_wconf 77' lang='lat' dir='ltr'><strong>ostendis</strong></span> <span class='ocrx_word' id='word_1_566' title='bbox 1320 4117 1665 4191; x_wconf 13' lang='lat' dir='ltr'><strong>rvulneratua,</strong></span> <span class='ocrx_word' id='word_1_567' title='bbox 1684 4133 1847 4191; x_wconf 84' lang='lat' dir='ltr'><strong>neque</strong></span> <span class='ocrx_word' id='word_1_568' title='bbox 1869 4118 2173 4191; x_wconf 66' lang='lat' dir='ltr'><strong>eninrigno-</strong></span> 
     </span>
    </p>
   </div>
   <div class='ocr_carea' id='block_1_75' title="bbox 582 4187 2173 4251">
    <p class='ocr_par' dir='ltr' id='par_1_75' title="bbox 582 4187 2173 4251">
     <span class='ocr_line' id='line_1_76' title="bbox 582 4187 2173 4251; baseline -0.001 -8"><span class='ocrx_word' id='word_1_569' title='bbox 582 4187 688 4251; x_wconf 78' lang='lat' dir='ltr'><strong>rat,</strong></span> <span class='ocrx_word' id='word_1_570' title='bbox 723 4192 925 4243; x_wconf 88' lang='lat' dir='ltr'><strong>etiamsi</strong></span> <span class='ocrx_word' id='word_1_571' title='bbox 953 4192 996 4242; x_wconf 90' lang='lat' dir='ltr'><strong>ei</strong></span> <span class='ocrx_word' id='word_1_572' title='bbox 1028 4187 1131 4242; x_wconf 84' lang='lat' dir='ltr'><strong>non</strong></span> <span class='ocrx_word' id='word_1_573' title='bbox 1162 4190 1377 4251; x_wconf 76' lang='lat' dir='ltr'><strong>dixeris,</strong></span> <span class='ocrx_word' id='word_1_574' title='bbox 1408 4198 1513 4242; x_wconf 86' lang='lat' dir='ltr'><strong>etc.</strong></span> <span class='ocrx_word' id='word_1_575' title='bbox 1546 4188 1719 4241; x_wconf 85' lang='lat' dir='ltr'><strong>Porro</strong></span> <span class='ocrx_word' id='word_1_576' title='bbox 1752 4187 1865 4239; x_wconf 70' lang='lat' dir='ltr'><strong>hmc</strong></span> <span class='ocrx_word' id='word_1_577' title='bbox 1895 4195 1951 4240; x_wconf 91' lang='lat' dir='ltr'><strong>et</strong></span> <span class='ocrx_word' id='word_1_578' title='bbox 1977 4188 2173 4241; x_wconf 87' lang='lat' dir='ltr'><strong>similia</strong></span> 
     </span>
    </p>
   </div>
   <div class='ocr_carea' id='block_1_76' title="bbox 580 4258 2173 4328">
    <p class='ocr_par' dir='ltr' id='par_1_76' title="bbox 580 4258 2173 4328">
     <span class='ocr_line' id='line_1_77' title="bbox 580 4258 2173 4328; baseline -0.001 -15"><span class='ocrx_word' id='word_1_579' title='bbox 580 4270 699 4313; x_wconf 89' lang='lat' dir='ltr'><strong>tum</strong></span> <span class='ocrx_word' id='word_1_580' title='bbox 728 4260 1122 4328; x_wconf 85' lang='lat' dir='ltr'><strong>Chrysostomi,</strong></span> <span class='ocrx_word' id='word_1_581' title='bbox 1141 4267 1251 4312; x_wconf 86' lang='lat' dir='ltr'><strong>tum</strong></span> <span class='ocrx_word' id='word_1_582' title='bbox 1275 4258 1515 4311; x_wconf 80' lang='lat' dir='ltr'><strong>Cassiani</strong></span> <span class='ocrx_word' id='word_1_583' title='bbox 1548 4259 1711 4319; x_wconf 88' lang='lat' dir='ltr'><strong>dicta,</strong></span> <span class='ocrx_word' id='word_1_584' title='bbox 1737 4272 1841 4328; x_wconf 84' lang='lat' dir='ltr'><strong>non</strong></span> <span class='ocrx_word' id='word_1_585' title='bbox 1865 4272 1985 4312; x_wconf 88' lang='lat' dir='ltr'><strong>esse</strong></span> <span class='ocrx_word' id='word_1_586' title='bbox 2010 4258 2173 4315; x_wconf 85' lang='lat' dir='ltr'><strong>intel-</strong></span> 
     </span>
    </p>
   </div>
   <div class='ocr_carea' id='block_1_77' title="bbox 582 4326 2170 4399">
    <p class='ocr_par' dir='ltr' id='par_1_77' title="bbox 582 4326 2170 4399">
     <span class='ocr_line' id='line_1_78' title="bbox 582 4326 2170 4399; baseline -0.001 -15"><span class='ocrx_word' id='word_1_587' title='bbox 582 4330 800 4399; x_wconf 86' lang='lat' dir='ltr'><strong>ligenda</strong></span> <span class='ocrx_word' id='word_1_588' title='bbox 824 4326 891 4383; x_wconf 86' lang='lat' dir='ltr'><strong>de</strong></span> <span class='ocrx_word' id='word_1_589' title='bbox 922 4340 1127 4399; x_wconf 85' lang='lat' dir='ltr'><strong>secreta</strong></span> <span class='ocrx_word' id='word_1_590' title='bbox 1154 4336 1210 4382; x_wconf 92' lang='lat' dir='ltr'><strong>et</strong></span> <span class='ocrx_word' id='word_1_591' title='bbox 1233 4328 1607 4399; x_wconf 84' lang='lat' dir='ltr'><strong>sacramentali</strong></span> <span class='ocrx_word' id='word_1_592' title='bbox 1631 4326 1972 4382; x_wconf 82' lang='lat' dir='ltr'><strong>confessione</strong></span> <span class='ocrx_word' id='word_1_593' title='bbox 1997 4330 2047 4382; x_wconf 90' lang='lat' dir='ltr'><strong>in</strong></span> <span class='ocrx_word' id='word_1_594' title='bbox 2071 4344 2170 4397; x_wconf 83' lang='lat' dir='ltr'><strong>qua</strong></span> 
     </span>
    </p>
   </div>
   <div class='ocr_carea' id='block_1_78' title="bbox 582 4398 2167 4466">
    <p class='ocr_par' dir='ltr' id='par_1_78' title="bbox 582 4398 2167 4466">
     <span class='ocr_line' id='line_1_79' title="bbox 582 4398 2167 4466; baseline -0.002 -10"><span class='ocrx_word' id='word_1_595' title='bbox 582 4398 751 4456; x_wconf 82' lang='lat' dir='ltr'><strong>homo</strong></span> <span class='ocrx_word' id='word_1_596' title='bbox 779 4400 1067 4454; x_wconf 87' lang='lat' dir='ltr'><strong>conlitetur</strong></span> <span class='ocrx_word' id='word_1_597' title='bbox 1096 4398 1321 4463; x_wconf 89' lang='lat' dir='ltr'><strong>homini,</strong></span> <span class='ocrx_word' id='word_1_598' title='bbox 1350 4412 1456 4451; x_wconf 93' lang='lat' dir='ltr'><strong>non</strong></span> <span class='ocrx_word' id='word_1_599' title='bbox 1487 4408 1543 4451; x_wconf 94' lang='lat' dir='ltr'><strong>ut</strong></span> <span class='ocrx_word' id='word_1_600' title='bbox 1572 4398 1798 4462; x_wconf 89' lang='lat' dir='ltr'><strong>homini,</strong></span> <span class='ocrx_word' id='word_1_601' title='bbox 1831 4399 1924 4453; x_wconf 88' lang='lat' dir='ltr'><strong>sed</strong></span> <span class='ocrx_word' id='word_1_602' title='bbox 1948 4408 2006 4453; x_wconf 90' lang='lat' dir='ltr'><strong>ut</strong></span> <span class='ocrx_word' id='word_1_603' title='bbox 2036 4400 2167 4466; x_wconf 91' lang='lat' dir='ltr'><strong>Deo,</strong></span> 
     </span>
    </p>
   </div>
   <div class='ocr_carea' id='block_1_79' title="bbox 581 4468 2171 4540">
    <p class='ocr_par' dir='ltr' id='par_1_79' title="bbox 581 4468 2171 4540">
     <span class='ocr_line' id='line_1_80' title="bbox 581 4468 2171 4540; baseline -0.001 -14"><span class='ocrx_word' id='word_1_604' title='bbox 581 4473 637 4526; x_wconf 84' lang='lat' dir='ltr'><strong>id</strong></span> <span class='ocrx_word' id='word_1_605' title='bbox 667 4480 777 4537; x_wconf 89' lang='lat' dir='ltr'><strong>est,</strong></span> <span class='ocrx_word' id='word_1_606' title='bbox 814 4469 911 4525; x_wconf 88' lang='lat' dir='ltr'><strong>Dei</strong></span> <span class='ocrx_word' id='word_1_607' title='bbox 932 4470 1132 4523; x_wconf 88' lang='lat' dir='ltr'><strong>vicario</strong></span> <span class='ocrx_word' id='word_1_608' title='bbox 1154 4511 1167 4533; x_wconf 93' lang='lat'><strong>,</strong></span> <span class='ocrx_word' id='word_1_609' title='bbox 1203 4469 1296 4523; x_wconf 91' lang='lat' dir='ltr'><strong>sed</strong></span> <span class='ocrx_word' id='word_1_610' title='bbox 1326 4468 1391 4522; x_wconf 89' lang='lat' dir='ltr'><strong>de</strong></span> <span class='ocrx_word' id='word_1_611' title='bbox 1421 4468 1630 4536; x_wconf 84' lang='lat' dir='ltr'><strong>publica</strong></span> <span class='ocrx_word' id='word_1_612' title='bbox 1664 4480 1716 4522; x_wconf 88' lang='lat' dir='ltr'><strong>et</strong></span> <span class='ocrx_word' id='word_1_613' title='bbox 1747 4469 2022 4536; x_wconf 86' lang='lat' dir='ltr'><strong>theatrali,</strong></span> <span class='ocrx_word' id='word_1_614' title='bbox 2052 4486 2171 4540; x_wconf 61' lang='lat' dir='ltr'><strong>quae</strong></span> 
     </span>
    </p>
   </div>
   <div class='ocr_carea' id='block_1_80' title="bbox 623 4540 2169 4611">
    <p class='ocr_par' dir='ltr' id='par_1_80' title="bbox 623 4540 2169 4611">
     <span class='ocr_line' id='line_1_81' title="bbox 623 4540 2169 4611; baseline -0.001 -14"><span class='ocrx_word' id='word_1_615' title='bbox 623 4544 799 4598; x_wconf 89' lang='lat' dir='ltr'><strong>ublice</strong></span> <span class='ocrx_word' id='word_1_616' title='bbox 827 4541 989 4596; x_wconf 85' lang='lat' dir='ltr'><strong>ﬁebat</strong></span> <span class='ocrx_word' id='word_1_617' title='bbox 1018 4540 1085 4594; x_wconf 87' lang='lat' dir='ltr'><strong>ab</strong></span> <span class='ocrx_word' id='word_1_618' title='bbox 1112 4540 1177 4593; x_wconf 90' lang='lat' dir='ltr'><strong>iis</strong></span> <span class='ocrx_word' id='word_1_619' title='bbox 1206 4541 1293 4611; x_wconf 86' lang='lat' dir='ltr'><strong>qui</strong></span> <span class='ocrx_word' id='word_1_620' title='bbox 1335 4540 1603 4609; x_wconf 84' lang='lat' dir='ltr'><strong>publicam</strong></span> <span class='ocrx_word' id='word_1_621' title='bbox 1634 4541 2013 4609; x_wconf 72' lang='lat' dir='ltr'><strong>pmnitentiam</strong></span> <span class='ocrx_word' id='word_1_622' title='bbox 2042 4556 2169 4611; x_wconf 84' lang='lat' dir='ltr'><strong>age-</strong></span> 
     </span>
    </p>
   </div>
   <div class='ocr_carea' id='block_1_81' title="bbox 579 4556 2167 4682">
    <p class='ocr_par' dir='ltr' id='par_1_81' title="bbox 579 4556 2167 4682">
     <span class='ocr_line' id='line_1_82' title="bbox 623 4556 2167 4611; baseline -0.001 -14"><span class='ocrx_word' id='word_1_623' title='bbox 623 4556 799 4598; x_wconf 84' lang='lat' dir='ltr'><strong>uuuce</strong></span> <span class='ocrx_word' id='word_1_624' title='bbox 827 4556 989 4596; x_wconf 81' lang='lat' dir='ltr'><strong>uenat</strong></span> <span class='ocrx_word' id='word_1_625' title='bbox 1018 4556 1085 4594; x_wconf 86' lang='lat' dir='ltr'><strong>an</strong></span> <span class='ocrx_word' id='word_1_626' title='bbox 1112 4556 1177 4593; x_wconf 87' lang='lat' dir='ltr'><strong>us</strong></span> <span class='ocrx_word' id='word_1_627' title='bbox 1206 4556 1293 4608; x_wconf 84' lang='lat' dir='ltr'><strong>qui</strong></span> <span class='ocrx_word' id='word_1_628' title='bbox 1335 4556 1603 4609; x_wconf 79' lang='lat' dir='ltr'><strong>publicam</strong></span> <span class='ocrx_word' id='word_1_629' title='bbox 1634 4556 2013 4609; x_wconf 78' lang='lat' dir='ltr'><strong>paenitentiam</strong></span> <span class='ocrx_word' id='word_1_630' title='bbox 2042 4556 2167 4611; x_wconf 84' lang='lat' dir='ltr'><strong>age-</strong></span> 
     </span>
     <span class='ocr_line' id='line_1_83' title="bbox 579 4556 2167 4682; baseline -0.001 -15"><span class='ocrx_word' id='word_1_631' title='bbox 579 4556 736 4679; x_wconf 59' lang='lat' dir='ltr'><strong>gant,</strong></span> <span class='ocrx_word' id='word_1_632' title='bbox 766 4621 1044 4682; x_wconf 11' lang='lat' dir='ltr'><strong>annotantg</strong></span> <span class='ocrx_word' id='word_1_633' title='bbox 1074 4610 1345 4682; x_wconf 82' lang='lat' dir='ltr'><strong>Cuychius</strong></span> <span class='ocrx_word' id='word_1_634' title='bbox 1395 4620 1449 4665; x_wconf 89' lang='lat' dir='ltr'><strong>et</strong></span> <span class='ocrx_word' id='word_1_635' title='bbox 1500 4611 1808 4682; x_wconf 83' lang='lat' dir='ltr'><strong>Ciaconius.</strong></span> <span class='ocrx_word' id='word_1_636' title='bbox 1834 4622 1957 4681; x_wconf 91' lang='lat' dir='ltr'><strong>post</strong></span> <span class='ocrx_word' id='word_1_637' title='bbox 2002 4612 2167 4682; x_wconf 80' lang='lat' dir='ltr'><strong>Magi-</strong></span> 
     </span>
    </p>
   </div>
   <div class='ocr_carea' id='block_1_82' title="bbox 579 4680 2169 4752">
    <p class='ocr_par' dir='ltr' id='par_1_82' title="bbox 579 4680 2169 4752">
     <span class='ocr_line' id='line_1_84' title="bbox 579 4680 2169 4752; baseline -0.001 -13"><span class='ocrx_word' id='word_1_638' title='bbox 579 4693 755 4739; x_wconf 83' lang='lat' dir='ltr'><strong>strum</strong></span> <span class='ocrx_word' id='word_1_639' title='bbox 803 4680 1204 4738; x_wconf 85' lang='lat' dir='ltr'><strong>Sententiarum</strong></span> <span class='ocrx_word' id='word_1_640' title='bbox 1256 4681 1308 4735; x_wconf 90' lang='lat' dir='ltr'><strong>in</strong></span> <span class='ocrx_word' id='word_1_641' title='bbox 1330 4690 1552 4747; x_wconf 76' lang='lat' dir='ltr'><strong>‘quarto,</strong></span> <span class='ocrx_word' id='word_1_642' title='bbox 1585 4681 1712 4736; x_wconf 88' lang='lat' dir='ltr'><strong>dist.</strong></span> <span class='ocrx_word' id='word_1_643' title='bbox 1747 4680 1845 4748; x_wconf 77' lang='lat' dir='ltr'><strong>l7,</strong></span> <span class='ocrx_word' id='word_1_644' title='bbox 1879 4684 1967 4737; x_wconf 91' lang='lat' dir='ltr'><strong>ubi</strong></span> <span class='ocrx_word' id='word_1_645' title='bbox 2018 4680 2169 4752; x_wconf 83' lang='lat' dir='ltr'><strong>post-</strong></span> 
     </span>
    </p>
   </div>
   <div class='ocr_carea' id='block_1_83' title="bbox 578 4754 2169 4879">
    <p class='ocr_par' dir='ltr' id='par_1_83' title="bbox 578 4754 2169 4879">
     <span class='ocr_line' id='line_1_85' title="bbox 578 4754 2169 4879; baseline 0.001 -71"><span class='ocrx_word' id='word_1_646' title='bbox 578 4754 743 4879; x_wconf 62' lang='lat' dir='ltr'><strong>gnam</strong></span> <span class='ocrx_word' id='word_1_647' title='bbox 775 4754 999 4808; x_wconf 82' lang='lat' dir='ltr'><strong>dixisset</strong></span> <span class='ocrx_word' id='word_1_648' title='bbox 1028 4764 1251 4822; x_wconf 88' lang='lat' dir='ltr'><strong>peccata</strong></span> <span class='ocrx_word' id='word_1_649' title='bbox 1296 4755 1527 4821; x_wconf 83' lang='lat' dir='ltr'><strong>primum</strong></span> <span class='ocrx_word' id='word_1_650' title='bbox 1580 4754 1710 4819; x_wconf 87' lang='lat' dir='ltr'><strong>Deo,</strong></span> <span class='ocrx_word' id='word_1_651' title='bbox 1741 4754 1936 4809; x_wconf 89' lang='lat' dir='ltr'><strong>deinde</strong></span> <span class='ocrx_word' id='word_1_652' title='bbox 1985 4767 2169 4809; x_wconf 89' lang='lat' dir='ltr'><strong>sacer-</strong></span> 
     </span>
     <span class='ocr_line' id='line_1_86' title="bbox 619 4822 2165 4879; baseline 0.001 -1"><span class='ocrx_word' id='word_1_653' title='bbox 619 4828 692 4878; x_wconf 89' lang='lat' dir='ltr'><strong>oti</strong></span> <span class='ocrx_word' id='word_1_654' title='bbox 726 4839 847 4879; x_wconf 90' lang='lat' dir='ltr'><strong>esse</strong></span> <span class='ocrx_word' id='word_1_655' title='bbox 876 4824 1204 4879; x_wconf 83' lang='lat' dir='ltr'><strong>confitenda.</strong></span> <span class='ocrx_word' id='word_1_656' title='bbox 1249 4823 1437 4879; x_wconf 88' lang='lat' dir='ltr'><strong>subdit</strong></span> <span class='ocrx_word' id='word_1_657' title='bbox 1468 4841 1481 4877; x_wconf 91' lang='lat'><strong>:</strong></span> <span class='ocrx_word' id='word_1_658' title='bbox 1512 4822 1657 4878; x_wconf 87' lang='lat' dir='ltr'><strong>Illud</strong></span> <span class='ocrx_word' id='word_1_659' title='bbox 1688 4822 1905 4878; x_wconf 84' lang='lat' dir='ltr'><strong>Joannis</strong></span> <span class='ocrx_word' id='word_1_660' title='bbox 1940 4824 2165 4879; x_wconf 80' lang='lat' dir='ltr'><strong>Cliruso-</strong></span> 
     </span>
    </p>
   </div>
   <div class='ocr_carea' id='block_1_84' title="bbox 619 4822 2165 4896">
    <p class='ocr_par' dir='ltr' id='par_1_84' title="bbox 619 4822 2165 4896">
     <span class='ocr_line' id='line_1_87' title="bbox 619 4822 2165 4896; baseline 0.001 -18"><span class='ocrx_word' id='word_1_661' title='bbox 619 4828 692 4878; x_wconf 89' lang='lat' dir='ltr'><strong>oti</strong></span> <span class='ocrx_word' id='word_1_662' title='bbox 726 4839 847 4880; x_wconf 90' lang='lat' dir='ltr'><strong>esse</strong></span> <span class='ocrx_word' id='word_1_663' title='bbox 876 4824 1204 4891; x_wconf 83' lang='lat' dir='ltr'><strong>confitenda,</strong></span> <span class='ocrx_word' id='word_1_664' title='bbox 1249 4823 1437 4879; x_wconf 87' lang='lat' dir='ltr'><strong>subdit</strong></span> <span class='ocrx_word' id='word_1_665' title='bbox 1468 4841 1481 4877; x_wconf 91' lang='lat'><strong>:</strong></span> <span class='ocrx_word' id='word_1_666' title='bbox 1512 4822 1657 4896; x_wconf 88' lang='lat' dir='ltr'><strong>Illud</strong></span> <span class='ocrx_word' id='word_1_667' title='bbox 1688 4822 1905 4878; x_wconf 84' lang='lat' dir='ltr'><strong>Joannis</strong></span> <span class='ocrx_word' id='word_1_668' title='bbox 1940 4824 2165 4896; x_wconf 79' lang='lat' dir='ltr'><strong>Chryso-</strong></span> 
     </span>
    </p>
   </div>
   <div class='ocr_carea' id='block_1_85' title="bbox 576 4892 2169 4965">
    <p class='ocr_par' dir='ltr' id='par_1_85' title="bbox 576 4892 2169 4965">
     <span class='ocr_line' id='line_1_88' title="bbox 576 4892 2169 4965; baseline 0 -15"><span class='ocrx_word' id='word_1_669' title='bbox 576 4898 730 4951; x_wconf 86' lang='lat' dir='ltr'><strong>stomi</strong></span> <span class='ocrx_word' id='word_1_670' title='bbox 757 4896 1000 4964; x_wconf 80' lang='lat' dir='ltr'><strong>superius</strong></span> <span class='ocrx_word' id='word_1_671' title='bbox 1044 4896 1268 4965; x_wconf 87' lang='lat' dir='ltr'><strong>positum</strong></span> <span class='ocrx_word' id='word_1_672' title='bbox 1296 4912 1397 4949; x_wconf 87' lang='lat' dir='ltr'><strong>non</strong></span> <span class='ocrx_word' id='word_1_673' title='bbox 1429 4904 1504 4948; x_wconf 82' lang='lat' dir='ltr'><strong>est</strong></span> <span class='ocrx_word' id='word_1_674' title='bbox 1531 4892 1604 4947; x_wconf 82' lang='lat' dir='ltr'><strong>ita</strong></span> <span class='ocrx_word' id='word_1_675' title='bbox 1650 4892 2077 4965; x_wconf 55' lang='lat' dir='ltr'><strong>intelligendum&#39;.</strong></span> <span class='ocrx_word' id='word_1_676' title='bbox 2112 4904 2169 4950; x_wconf 92' lang='lat' dir='ltr'><strong>ut</strong></span> 
     </span>
    </p>
   </div>
   <div class='ocr_carea' id='block_1_86' title="bbox 580 4966 2162 5039">
    <p class='ocr_par' dir='ltr' id='par_1_86' title="bbox 580 4966 2162 5039">
     <span class='ocr_line' id='line_1_89' title="bbox 580 4966 2162 5039; baseline 0 -18"><span class='ocrx_word' id='word_1_677' title='bbox 580 4968 730 5022; x_wconf 82' lang='lat' dir='ltr'><strong>liceat</strong></span> <span class='ocrx_word' id='word_1_678' title='bbox 761 4968 939 5039; x_wconf 84' lang='lat' dir='ltr'><strong>alicui,</strong></span> <span class='ocrx_word' id='word_1_679' title='bbox 965 4969 1009 5022; x_wconf 86' lang='lat' dir='ltr'><strong>si</strong></span> <span class='ocrx_word' id='word_1_680' title='bbox 1037 4967 1472 5039; x_wconf 81' lang='lat' dir='ltr'><strong>tempushabeat,</strong></span> <span class='ocrx_word' id='word_1_681' title='bbox 1504 4966 1759 5039; x_wconf 81' lang='lat' dir='ltr'><strong>sacerdoti</strong></span> <span class='ocrx_word' id='word_1_682' title='bbox 1783 4967 2162 5039; x_wconf 61' lang='lat' dir='ltr'><strong>nonconﬁteri,</strong></span> 
     </span>
    </p>
   </div>
   <div class='ocr_carea' id='block_1_87' title="bbox 576 5037 2170 5111">
    <p class='ocr_par' dir='ltr' id='par_1_87' title="bbox 576 5037 2170 5111">
     <span class='ocr_line' id='line_1_90' title="bbox 576 5037 2170 5111; baseline 0 -19"><span class='ocrx_word' id='word_1_683' title='bbox 576 5041 668 5093; x_wconf 86' lang='lat' dir='ltr'><strong>sed</strong></span> <span class='ocrx_word' id='word_1_684' title='bbox 692 5042 811 5105; x_wconf 85' lang='lat' dir='ltr'><strong>quia</strong></span> <span class='ocrx_word' id='word_1_685' title='bbox 834 5038 1040 5110; x_wconf 66' lang='lat' dir='ltr'><strong>sufﬁcit,</strong></span> <span class='ocrx_word' id='word_1_686' title='bbox 1069 5037 1158 5111; x_wconf 80' lang='lat' dir='ltr'><strong>ubi</strong></span> <span class='ocrx_word' id='word_1_687' title='bbox 1183 5038 1373 5111; x_wconf 78' lang='lat' dir='ltr'><strong>crimen</strong></span> <span class='ocrx_word' id='word_1_688' title='bbox 1414 5038 1672 5091; x_wconf 81' lang='lat' dir='ltr'><strong>occultum</strong></span> <span class='ocrx_word' id='word_1_689' title='bbox 1698 5048 1790 5101; x_wconf 83' lang='lat' dir='ltr'><strong>est,</strong></span> <span class='ocrx_word' id='word_1_690' title='bbox 1823 5038 1921 5111; x_wconf 84' lang='lat' dir='ltr'><strong>soli</strong></span> <span class='ocrx_word' id='word_1_691' title='bbox 1942 5037 2054 5091; x_wconf 80' lang='lat' dir='ltr'><strong>Deo</strong></span> <span class='ocrx_word' id='word_1_692' title='bbox 2076 5055 2170 5109; x_wconf 88' lang='lat' dir='ltr'><strong>per</strong></span> 
     </span>
    </p>
   </div>
   <div class='ocr_carea' id='block_1_88' title="bbox 576 5108 2168 5180">
    <p class='ocr_par' dir='ltr' id='par_1_88' title="bbox 576 5108 2168 5180">
     <span class='ocr_line' id='line_1_91' title="bbox 576 5108 2168 5180; baseline 0.001 -18"><span class='ocrx_word' id='word_1_693' title='bbox 576 5108 1111 5173; x_wconf 29' lang='lat' dir='ltr'><strong>sacerdotem‘dicere,</strong></span> <span class='ocrx_word' id='word_1_694' title='bbox 1135 5118 1183 5162; x_wconf 91' lang='lat' dir='ltr'><strong>et</strong></span> <span class='ocrx_word' id='word_1_695' title='bbox 1206 5108 1383 5171; x_wconf 85' lang='lat' dir='ltr'><strong>semel,</strong></span> <span class='ocrx_word' id='word_1_696' title='bbox 1409 5124 1500 5161; x_wconf 89' lang='lat' dir='ltr'><strong>nec</strong></span> <span class='ocrx_word' id='word_1_697' title='bbox 1541 5116 1740 5175; x_wconf 82' lang='lat' dir='ltr'><strong>Oportet</strong></span> <span class='ocrx_word' id='word_1_698' title='bbox 1780 5109 2037 5180; x_wconf 84' lang='lat' dir='ltr'><strong>publicari</strong></span> <span class='ocrx_word' id='word_1_699' title='bbox 2078 5108 2168 5163; x_wconf 11' lang='lat' dir='ltr'><strong>7co-</strong></span> 
     </span>
    </p>
   </div>
   <div class='ocr_carea' id='block_1_89' title="bbox 573 5180 2165 5247">
    <p class='ocr_par' dir='ltr' id='par_1_89' title="bbox 573 5180 2165 5247">
     <span class='ocr_line' id='line_1_92' title="bbox 573 5180 2165 5247; baseline 0.003 -14"><span class='ocrx_word' id='word_1_700' title='bbox 573 5196 691 5234; x_wconf 87' lang='lat' dir='ltr'><strong>ram</strong></span> <span class='ocrx_word' id='word_1_701' title='bbox 730 5182 903 5235; x_wconf 81' lang='lat' dir='ltr'><strong>multis</strong></span> <span class='ocrx_word' id='word_1_702' title='bbox 932 5180 1070 5247; x_wconf 84' lang='lat' dir='ltr'><strong>quod</strong></span> <span class='ocrx_word' id='word_1_703' title='bbox 1106 5181 1363 5233; x_wconf 80' lang='lat' dir='ltr'><strong>occultam</strong></span> <span class='ocrx_word' id='word_1_704' title='bbox 1387 5190 1480 5233; x_wconf 86' lang='lat' dir='ltr'><strong>est.</strong></span> <span class='ocrx_word' id='word_1_705' title='bbox 1515 5181 1667 5246; x_wconf 77' lang='lat' dir='ltr'><strong>Quod</strong></span> <span class='ocrx_word' id='word_1_706' title='bbox 1713 5181 1903 5234; x_wconf 89' lang='lat' dir='ltr'><strong>notavit</strong></span> <span class='ocrx_word' id='word_1_707' title='bbox 1942 5181 2117 5235; x_wconf 87' lang='lat' dir='ltr'><strong>dicens</strong></span> <span class='ocrx_word' id='word_1_708' title='bbox 2145 5198 2165 5237; x_wconf 90' lang='lat'><strong><em>:</em></strong></span> 
     </span>
    </p>
   </div>
   <div class='ocr_carea' id='block_1_90' title="bbox 574 5250 2164 5333">
    <p class='ocr_par' dir='ltr' id='par_1_90' title="bbox 574 5250 2164 5333">
     <span class='ocr_line' id='line_1_93' title="bbox 574 5250 2164 5333; baseline 0 -28"><span class='ocrx_word' id='word_1_709' title='bbox 574 5250 822 5333; x_wconf 54' lang='lat' dir='ltr'><strong>Nontibi</strong></span> <span class='ocrx_word' id='word_1_710' title='bbox 862 5251 1008 5333; x_wconf 80' lang='lat' dir='ltr'><strong>dico,</strong></span> <span class='ocrx_word' id='word_1_711' title='bbox 1040 5260 1176 5333; x_wconf 37' lang='lat' dir='ltr'><strong>untute</strong></span> <span class='ocrx_word' id='word_1_712' title='bbox 1203 5251 1393 5317; x_wconf 79' lang='lat' dir='ltr'><strong>prodas</strong></span> <span class='ocrx_word' id='word_1_713' title='bbox 1443 5252 1495 5302; x_wconf 83' lang='lat' dir='ltr'><strong>in</strong></span> <span class='ocrx_word' id='word_1_714' title='bbox 1522 5250 1820 5333; x_wconf 36' lang='lat' dir='ltr'><strong>npublicum.</strong></span> <span class='ocrx_word' id='word_1_715' title='bbox 1852 5251 1999 5333; x_wconf 76' lang='lat' dir='ltr'><strong>Sicut</strong></span> <span class='ocrx_word' id='word_1_716' title='bbox 2027 5253 2164 5305; x_wconf 87' lang='lat' dir='ltr'><strong>enim</strong></span> 
     </span>
    </p>
   </div>
   <div class='ocr_carea' id='block_1_91' title="bbox 570 5320 2163 5393">
    <p class='ocr_par' dir='ltr' id='par_1_91' title="bbox 570 5320 2163 5393">
     <span class='ocr_line' id='line_1_94' title="bbox 570 5320 2163 5393; baseline 0.002 -18"><span class='ocrx_word' id='word_1_717' title='bbox 570 5322 783 5393; x_wconf 84' lang='lat' dir='ltr'><strong>publica</strong></span> <span class='ocrx_word' id='word_1_718' title='bbox 811 5326 945 5376; x_wconf 72' lang='lat' dir='ltr'><strong>noxa</strong></span> <span class='ocrx_word' id='word_1_719' title='bbox 988 5321 1191 5393; x_wconf 85' lang='lat' dir='ltr'><strong>publica</strong></span> <span class='ocrx_word' id='word_1_720' title='bbox 1220 5332 1329 5393; x_wconf 86' lang='lat' dir='ltr'><strong>eget</strong></span> <span class='ocrx_word' id='word_1_721' title='bbox 1359 5320 1614 5393; x_wconf 75' lang='lat' dir='ltr'><strong>remedio,</strong></span> <span class='ocrx_word' id='word_1_722' title='bbox 1655 5321 1728 5374; x_wconf 89' lang='lat' dir='ltr'><strong>ita</strong></span> <span class='ocrx_word' id='word_1_723' title='bbox 1770 5332 1818 5374; x_wconf 92' lang='lat' dir='ltr'><strong>et</strong></span> <span class='ocrx_word' id='word_1_724' title='bbox 1846 5324 2053 5377; x_wconf 88' lang='lat' dir='ltr'><strong>occulta</strong></span> <span class='ocrx_word' id='word_1_725' title='bbox 2079 5340 2163 5378; x_wconf 83' lang='lat' dir='ltr'><strong>se-</strong></span> 
     </span>
    </p>
   </div>
   <div class='ocr_carea' id='block_1_92' title="bbox 572 5390 2159 5464">
    <p class='ocr_par' dir='ltr' id='par_1_92' title="bbox 572 5390 2159 5464">
     <span class='ocr_line' id='line_1_95' title="bbox 572 5390 2159 5464; baseline 0.001 -18"><span class='ocrx_word' id='word_1_726' title='bbox 572 5390 717 5464; x_wconf 68' lang='lat' dir='ltr'><strong>creta</strong></span> <span class='ocrx_word' id='word_1_727' title='bbox 756 5390 1076 5462; x_wconf 81' lang='lat' dir='ltr'><strong>confessione</strong></span> <span class='ocrx_word' id='word_1_728' title='bbox 1128 5402 1173 5444; x_wconf 87' lang='lat' dir='ltr'><strong>et</strong></span> <span class='ocrx_word' id='word_1_729' title='bbox 1220 5390 1425 5464; x_wconf 73' lang='lat' dir='ltr'><strong>occulta</strong></span> <span class='ocrx_word' id='word_1_730' title='bbox 1480 5393 1835 5462; x_wconf 80' lang='lat' dir='ltr'><strong>satisfactione</strong></span> <span class='ocrx_word' id='word_1_731' title='bbox 1883 5404 2159 5464; x_wconf 86' lang='lat' dir='ltr'><strong>purgatur.</strong></span> 
     </span>
    </p>
   </div>
   <div class='ocr_carea' id='block_1_93' title="bbox 570 5462 2161 5534">
    <p class='ocr_par' dir='ltr' id='par_1_93' title="bbox 570 5462 2161 5534">
     <span class='ocr_line' id='line_1_96' title="bbox 570 5462 2161 5534; baseline 0.001 -18"><span class='ocrx_word' id='word_1_732' title='bbox 570 5463 628 5516; x_wconf 82' lang='grc' dir='ltr'><strong><em>Ν</em></strong></span> <span class='ocrx_word' id='word_1_733' title='bbox 633 5479 686 5515; x_wconf 81' lang='lat' dir='ltr'><strong>ec</strong></span> <span class='ocrx_word' id='word_1_734' title='bbox 702 5479 899 5516; x_wconf 79' lang='lat' dir='ltr'><strong>necesse</strong></span> <span class='ocrx_word' id='word_1_735' title='bbox 919 5470 992 5514; x_wconf 77' lang='lat' dir='ltr'><strong>est</strong></span> <span class='ocrx_word' id='word_1_736' title='bbox 1021 5472 1079 5516; x_wconf 87' lang='lat' dir='ltr'><strong>ut</strong></span> <span class='ocrx_word' id='word_1_737' title='bbox 1099 5462 1236 5528; x_wconf 90' lang='lat' dir='ltr'><strong>quod</strong></span> <span class='ocrx_word' id='word_1_738' title='bbox 1259 5463 1518 5534; x_wconf 85' lang='lat' dir='ltr'><strong>sacerdoti</strong></span> <span class='ocrx_word' id='word_1_739' title='bbox 1544 5464 1700 5516; x_wconf 84' lang='lat' dir='ltr'><strong>semel</strong></span> <span class='ocrx_word' id='word_1_740' title='bbox 1717 5465 1935 5534; x_wconf 76' lang='lat' dir='ltr'><strong>confessi</strong></span> <span class='ocrx_word' id='word_1_741' title='bbox 1959 5462 2161 5533; x_wconf 81' lang='lat' dir='ltr'><strong>sumus,</strong></span> 
     </span>
    </p>
   </div>
   <div class='ocr_carea' id='block_1_94' title="bbox 570 5533 2160 5606">
    <p class='ocr_par' dir='ltr' id='par_1_94' title="bbox 570 5533 2160 5606">
     <span class='ocr_line' id='line_1_97' title="bbox 570 5533 2160 5606; baseline 0.002 -21"><span class='ocrx_word' id='word_1_742' title='bbox 570 5534 763 5587; x_wconf 81' lang='lat' dir='ltr'><strong>iterant</strong></span> <span class='ocrx_word' id='word_1_743' title='bbox 807 5534 1180 5606; x_wconf 69' lang='lat' dir='ltr'><strong>conﬁteamur;</strong></span> <span class='ocrx_word' id='word_1_744' title='bbox 1226 5534 1315 5587; x_wconf 90' lang='lat' dir='ltr'><strong>sed</strong></span> <span class='ocrx_word' id='word_1_745' title='bbox 1364 5533 1540 5603; x_wconf 81' lang='lat' dir='ltr'><strong>lingua</strong></span> <span class='ocrx_word' id='word_1_746' title='bbox 1585 5534 1789 5598; x_wconf 74' lang='lat' dir='ltr'><strong>cordis,</strong></span> <span class='ocrx_word' id='word_1_747' title='bbox 1817 5533 1931 5587; x_wconf 85' lang='lat' dir='ltr'><strong>non</strong></span> <span class='ocrx_word' id='word_1_748' title='bbox 1968 5538 2160 5606; x_wconf 82' lang='lat' dir='ltr'><strong>carnis,</strong></span> 
     </span>
    </p>
   </div>
   <div class='ocr_carea' id='block_1_95' title="bbox 570 5603 2161 5675">
    <p class='ocr_par' dir='ltr' id='par_1_95' title="bbox 570 5603 2161 5675">
     <span class='ocr_line' id='line_1_98' title="bbox 570 5603 2161 5675; baseline 0.003 -20"><span class='ocrx_word' id='word_1_749' title='bbox 570 5606 913 5675; x_wconf 79' lang='lat' dir='ltr'><strong>apudverum</strong></span> <span class='ocrx_word' id='word_1_750' title='bbox 938 5603 1175 5675; x_wconf 65' lang='lat' dir='ltr'><strong>Iudicem</strong></span> <span class='ocrx_word' id='word_1_751' title='bbox 1200 5605 1255 5656; x_wconf 89' lang='lat' dir='ltr'><strong>id</strong></span> <span class='ocrx_word' id='word_1_752' title='bbox 1277 5606 1480 5675; x_wconf 86' lang='lat' dir='ltr'><strong>jugiter</strong></span> <span class='ocrx_word' id='word_1_753' title='bbox 1518 5606 1751 5673; x_wconf 85' lang='lat' dir='ltr'><strong>confiteri</strong></span> <span class='ocrx_word' id='word_1_754' title='bbox 1781 5606 2043 5659; x_wconf 79' lang='lat' dir='ltr'><strong>debemus.</strong></span> <span class='ocrx_word' id='word_1_755' title='bbox 2072 5603 2161 5660; x_wconf 78' lang='lat' dir='ltr'><strong>Sic</strong></span> 
     </span>
    </p>
   </div>
   <div class='ocr_carea' id='block_1_96' title="bbox 570 5674 2159 5744">
    <p class='ocr_par' dir='ltr' id='par_1_96' title="bbox 570 5674 2159 5744">
     <span class='ocr_line' id='line_1_99' title="bbox 570 5674 2159 5744; baseline 0.003 -20"><span class='ocrx_word' id='word_1_756' title='bbox 570 5674 687 5726; x_wconf 88' lang='lat' dir='ltr'><strong>ille.</strong></span> <span class='ocrx_word' id='word_1_757' title='bbox 722 5674 794 5723; x_wconf 62' lang='lat' dir='ltr'><strong>De</strong></span> <span class='ocrx_word' id='word_1_758' title='bbox 820 5674 916 5744; x_wconf 83' lang='lat' dir='ltr'><strong>hac</strong></span> <span class='ocrx_word' id='word_1_759' title='bbox 936 5674 1098 5740; x_wconf 84' lang='lat' dir='ltr'><strong>igitur</strong></span> <span class='ocrx_word' id='word_1_760' title='bbox 1131 5674 1470 5728; x_wconf 77' lang='lat' dir='ltr'><strong>confessione</strong></span> <span class='ocrx_word' id='word_1_761' title='bbox 1502 5677 1731 5737; x_wconf 81' lang='lat' dir='ltr'><strong>interna,</strong></span> <span class='ocrx_word' id='word_1_762' title='bbox 1761 5692 1880 5743; x_wconf 67' lang='lat' dir='ltr'><strong>qua:</strong></span> <span class='ocrx_word' id='word_1_763' title='bbox 1912 5676 2021 5730; x_wconf 85' lang='lat' dir='ltr'><strong>Deo</strong></span> <span class='ocrx_word' id='word_1_764' title='bbox 2048 5677 2159 5744; x_wconf 89' lang='lat' dir='ltr'><strong>pri-</strong></span> 
     </span>
    </p>
   </div>
   <div class='ocr_carea' id='block_1_97' title="bbox 571 5742 2157 5813">
    <p class='ocr_par' dir='ltr' id='par_1_97' title="bbox 571 5742 2157 5813">
     <span class='ocr_line' id='line_1_100' title="bbox 571 5742 2157 5813; baseline 0.006 -21"><span class='ocrx_word' id='word_1_765' title='bbox 571 5753 720 5796; x_wconf 81' lang='lat' dir='ltr'><strong>mum</strong></span> <span class='ocrx_word' id='word_1_766' title='bbox 747 5742 985 5794; x_wconf 80' lang='lat' dir='ltr'><strong>iacienda</strong></span> <span class='ocrx_word' id='word_1_767' title='bbox 1010 5754 1115 5805; x_wconf 85' lang='lat' dir='ltr'><strong>est.</strong></span> <span class='ocrx_word' id='word_1_768' title='bbox 1144 5744 1380 5805; x_wconf 81' lang='lat' dir='ltr'><strong>loquitur</strong></span> <span class='ocrx_word' id='word_1_769' title='bbox 1404 5745 1492 5799; x_wconf 87' lang='lat' dir='ltr'><strong>hic</strong></span> <span class='ocrx_word' id='word_1_770' title='bbox 1516 5746 1757 5799; x_wconf 80' lang='lat' dir='ltr'><strong>l’inulius</strong></span> <span class='ocrx_word' id='word_1_771' title='bbox 1780 5742 1803 5797; x_wconf 18' lang='grc' dir='ltr'><strong>ές</strong></span> <span class='ocrx_word' id='word_1_772' title='bbox 1828 5762 1946 5813; x_wconf 76' lang='lat' dir='ltr'><strong>qua:</strong></span> <span class='ocrx_word' id='word_1_773' title='bbox 1978 5742 2157 5803; x_wconf 76' lang='lat' dir='ltr'><strong>tamen</strong></span> 
     </span>
    </p>
   </div>
   <div class='ocr_carea' id='block_1_98' title="bbox 2198 4646 2251 4708">
    <p class='ocr_par' dir='ltr' id='par_1_98' title="bbox 2198 4646 2251 4708">
     <span class='ocr_line' id='line_1_101' title="bbox 2198 4646 2251 4708; baseline 0 0"><span class='ocrx_word' id='word_1_774' title='bbox 2198 4646 2251 4708; x_wconf 93' lang='lat' dir='ltr'><strong>D</strong></span> 
     </span>
    </p>
   </div>
   <div class='ocr_carea' id='block_1_99' title="bbox 2283 3339 3880 3397">
    <p class='ocr_par' dir='ltr' id='par_1_99' title="bbox 2283 3339 3880 3397">
     <span class='ocr_line' id='line_1_102' title="bbox 2283 3339 3880 3397; baseline 0.003 -4"><span class='ocrx_word' id='word_1_775' title='bbox 2283 3340 2681 3393; x_wconf 86' lang='lat' dir='ltr'><strong>confessionem</strong></span> <span class='ocrx_word' id='word_1_776' title='bbox 2706 3350 2983 3395; x_wconf 79' lang='lat' dir='ltr'><strong>externam</strong></span> <span class='ocrx_word' id='word_1_777' title='bbox 3004 3346 3059 3394; x_wconf 90' lang='lat' dir='ltr'><strong>et</strong></span> <span class='ocrx_word' id='word_1_778' title='bbox 3080 3339 3541 3394; x_wconf 80' lang='lat' dir='ltr'><strong>Sacramentalem</strong></span> <span class='ocrx_word' id='word_1_779' title='bbox 3566 3342 3679 3394; x_wconf 76' lang='lat' dir='ltr'><strong>non</strong></span> <span class='ocrx_word' id='word_1_780' title='bbox 3710 3343 3880 3397; x_wconf 56' lang='lat' dir='ltr'><strong>exclu.</strong></span> 
     </span>
    </p>
   </div>
   <div class='ocr_carea' id='block_1_100' title="bbox 2282 3409 3878 3483">
    <p class='ocr_par' dir='ltr' id='par_1_100' title="bbox 2282 3409 3878 3483">
     <span class='ocr_line' id='line_1_103' title="bbox 2282 3409 3878 3483; baseline 0.004 -20"><span class='ocrx_word' id='word_1_781' title='bbox 2282 3409 2386 3483; x_wconf 82' lang='lat' dir='ltr'><strong>dit,</strong></span> <span class='ocrx_word' id='word_1_782' title='bbox 2416 3411 2509 3483; x_wconf 84' lang='lat' dir='ltr'><strong>sed</strong></span> <span class='ocrx_word' id='word_1_783' title='bbox 2545 3411 2611 3463; x_wconf 85' lang='lat' dir='ltr'><strong>ad</strong></span> <span class='ocrx_word' id='word_1_784' title='bbox 2644 3426 2761 3465; x_wconf 82' lang='lat' dir='ltr'><strong>eam</strong></span> <span class='ocrx_word' id='word_1_785' title='bbox 2794 3412 3067 3483; x_wconf 81' lang='lat' dir='ltr'><strong>dirigitur,</strong></span> <span class='ocrx_word' id='word_1_786' title='bbox 3097 3409 3325 3480; x_wconf 87' lang='lat' dir='ltr'><strong>ejusque</strong></span> <span class='ocrx_word' id='word_1_787' title='bbox 3347 3418 3535 3465; x_wconf 77' lang='lat' dir='ltr'><strong>votum</strong></span> <span class='ocrx_word' id='word_1_788' title='bbox 3560 3426 3660 3466; x_wconf 86' lang='lat' dir='ltr'><strong>seu</strong></span> <span class='ocrx_word' id='word_1_789' title='bbox 3690 3429 3878 3483; x_wconf 82' lang='lat' dir='ltr'><strong>prapo-</strong></span> 
     </span>
    </p>
   </div>
   <div class='ocr_carea' id='block_1_101' title="bbox 2282 3481 3082 3551">
    <p class='ocr_par' dir='ltr' id='par_1_101' title="bbox 2282 3481 3082 3551">
     <span class='ocr_line' id='line_1_104' title="bbox 2282 3481 3082 3551; baseline 0 -18"><span class='ocrx_word' id='word_1_790' title='bbox 2282 3481 2444 3551; x_wconf 87' lang='lat' dir='ltr'><strong>situm</strong></span> <span class='ocrx_word' id='word_1_791' title='bbox 2473 3482 2696 3535; x_wconf 90' lang='lat' dir='ltr'><strong>includit</strong></span> <span class='ocrx_word' id='word_1_792' title='bbox 2720 3497 2781 3536; x_wconf 88' lang='lat' dir='ltr'><strong>ac</strong></span> <span class='ocrx_word' id='word_1_793' title='bbox 2809 3482 3082 3551; x_wconf 84' lang='lat' dir='ltr'><strong>supponit.</strong></span> 
     </span>
    </p>
   </div>
   <div class='ocr_carea' id='block_1_102' title="bbox 2351 3549 3881 3611">
    <p class='ocr_par' dir='ltr' id='par_1_102' title="bbox 2351 3549 3881 3611">
     <span class='ocr_line' id='line_1_105' title="bbox 2351 3549 3881 3611; baseline 0.005 -7"><span class='ocrx_word' id='word_1_794' title='bbox 2351 3549 2379 3589; x_wconf 71' lang='grc' dir='ltr'><strong>ι’</strong></span> <span class='ocrx_word' id='word_1_795' title='bbox 2416 3552 2641 3606; x_wconf 76' lang='lat' dir='ltr'><strong>Redolet</strong></span> <span class='ocrx_word' id='word_1_796' title='bbox 2672 3554 2788 3607; x_wconf 66' lang='lat' dir='ltr'><strong>haec</strong></span> <span class='ocrx_word' id='word_1_797' title='bbox 2814 3549 3079 3609; x_wconf 83' lang='lat' dir='ltr'><strong>sententia</strong></span> <span class='ocrx_word' id='word_1_798' title='bbox 3112 3552 3365 3608; x_wconf 89' lang='lat' dir='ltr'><strong>eumdem</strong></span> <span class='ocrx_word' id='word_1_799' title='bbox 3386 3567 3615 3608; x_wconf 86' lang='lat' dir='ltr'><strong>sensum</strong></span> <span class='ocrx_word' id='word_1_800' title='bbox 3644 3564 3699 3611; x_wconf 91' lang='lat' dir='ltr'><strong>et</strong></span> <span class='ocrx_word' id='word_1_801' title='bbox 3730 3557 3881 3611; x_wconf 72' lang='lat' dir='ltr'><strong>intel-</strong></span> 
     </span>
    </p>
   </div>
   <div class='ocr_carea' id='block_1_103' title="bbox 2279 3620 3877 3692">
    <p class='ocr_par' dir='ltr' id='par_1_103' title="bbox 2279 3620 3877 3692">
     <span class='ocr_line' id='line_1_106' title="bbox 2279 3620 3877 3692; baseline 0.004 -16"><span class='ocrx_word' id='word_1_802' title='bbox 2279 3620 2481 3677; x_wconf 87' lang='lat' dir='ltr'><strong>lectum</strong></span> <span class='ocrx_word' id='word_1_803' title='bbox 2508 3639 2669 3692; x_wconf 90' lang='lat' dir='ltr'><strong>quem</strong></span> <span class='ocrx_word' id='word_1_804' title='bbox 2694 3626 2814 3677; x_wconf 87' lang='lat' dir='ltr'><strong>aliae</strong></span> <span class='ocrx_word' id='word_1_805' title='bbox 2844 3624 3047 3678; x_wconf 90' lang='lat' dir='ltr'><strong>similes</strong></span> <span class='ocrx_word' id='word_1_806' title='bbox 3072 3623 3127 3678; x_wconf 89' lang='lat' dir='ltr'><strong>in</strong></span> <span class='ocrx_word' id='word_1_807' title='bbox 3166 3625 3462 3680; x_wconf 88' lang='lat' dir='ltr'><strong>collatione</strong></span> <span class='ocrx_word' id='word_1_808' title='bbox 3485 3625 3699 3680; x_wconf 81' lang='lat' dir='ltr'><strong>decima</strong></span> <span class='ocrx_word' id='word_1_809' title='bbox 3734 3632 3877 3683; x_wconf 81' lang='lat' dir='ltr'><strong>tertia</strong></span> 
     </span>
    </p>
   </div>
   <div class='ocr_carea' id='block_1_104' title="bbox 2282 3692 3873 3771">
    <p class='ocr_par' dir='ltr' id='par_1_104' title="bbox 2282 3692 3873 3771">
     <span class='ocr_line' id='line_1_107' title="bbox 2282 3692 3873 3771; baseline 0.003 -25"><span class='ocrx_word' id='word_1_810' title='bbox 2282 3695 2511 3771; x_wconf 70' lang='lat' dir='ltr'><strong>prolatae</strong></span> <span class='ocrx_word' id='word_1_811' title='bbox 2543 3704 2598 3749; x_wconf 89' lang='lat' dir='ltr'><strong>et</strong></span> <span class='ocrx_word' id='word_1_812' title='bbox 2623 3694 2869 3771; x_wconf 68' lang='lat' dir='ltr'><strong>refutatu:</strong></span> <span class='ocrx_word' id='word_1_813' title='bbox 2897 3692 3152 3771; x_wconf 25' lang='lat' dir='ltr'><strong>(Cap.‘7,</strong></span> <span class='ocrx_word' id='word_1_814' title='bbox 3178 3694 3320 3771; x_wconf 26' lang='lat' dir='ltr'><strong>8,A9,</strong></span> <span class='ocrx_word' id='word_1_815' title='bbox 3358 3697 3426 3751; x_wconf 75' lang='grc'><strong>15</strong></span> <span class='ocrx_word' id='word_1_816' title='bbox 3447 3696 3490 3765; x_wconf 89' lang='grc'><strong>).</strong></span> <span class='ocrx_word' id='word_1_817' title='bbox 3514 3695 3767 3771; x_wconf 56' lang='grc' dir='ltr'><strong>ΔΡιτιῇηόε</strong></span> <span class='ocrx_word' id='word_1_818' title='bbox 3794 3715 3873 3753; x_wconf 78' lang='lat' dir='ltr'><strong>sa-</strong></span> 
     </span>
    </p>
   </div>
   <div class='ocr_carea' id='block_1_105' title="bbox 2281 3765 3870 3833">
    <p class='ocr_par' dir='ltr' id='par_1_105' title="bbox 2281 3765 3870 3833">
     <span class='ocr_line' id='line_1_108' title="bbox 2281 3765 3870 3833; baseline 0.002 -14"><span class='ocrx_word' id='word_1_819' title='bbox 2281 3765 2404 3820; x_wconf 84' lang='lat' dir='ltr'><strong>nius</strong></span> <span class='ocrx_word' id='word_1_820' title='bbox 2432 3765 2839 3833; x_wconf 82' lang='lat' dir='ltr'><strong>interpretanda</strong></span> <span class='ocrx_word' id='word_1_821' title='bbox 2866 3776 2918 3820; x_wconf 93' lang='lat' dir='ltr'><strong>et</strong></span> <span class='ocrx_word' id='word_1_822' title='bbox 2948 3767 3280 3821; x_wconf 88' lang='lat' dir='ltr'><strong>admittenda</strong></span> <span class='ocrx_word' id='word_1_823' title='bbox 3308 3807 3324 3830; x_wconf 91' lang='lat'><strong>,</strong></span> <span class='ocrx_word' id='word_1_824' title='bbox 3360 3775 3455 3822; x_wconf 89' lang='lat' dir='ltr'><strong>aut</strong></span> <span class='ocrx_word' id='word_1_825' title='bbox 3481 3767 3741 3824; x_wconf 81' lang='lat' dir='ltr'><strong>similiter</strong></span> <span class='ocrx_word' id='word_1_826' title='bbox 3762 3788 3870 3824; x_wconf 72' lang='lat' dir='ltr'><strong>cum</strong></span> 
     </span>
    </p>
   </div>
   <div class='ocr_carea' id='block_1_106' title="bbox 2279 3836 3871 3907">
    <p class='ocr_par' dir='ltr' id='par_1_106' title="bbox 2279 3836 3871 3907">
     <span class='ocr_line' id='line_1_109' title="bbox 2279 3836 3871 3907; baseline 0.004 -18"><span class='ocrx_word' id='word_1_827' title='bbox 2279 3836 2389 3890; x_wconf 88' lang='lat' dir='ltr'><strong>illis</strong></span> <span class='ocrx_word' id='word_1_828' title='bbox 2414 3836 2776 3907; x_wconf 80' lang='lat' dir='ltr'><strong>explodenda.</strong></span> <span class='ocrx_word' id='word_1_829' title='bbox 2805 3837 3149 3892; x_wconf 86' lang='lat' dir='ltr'><strong>Admitten&#39;da</strong></span> <span class='ocrx_word' id='word_1_830' title='bbox 3176 3837 3416 3907; x_wconf 85' lang='lat' dir='ltr'><strong>quidem,</strong></span> <span class='ocrx_word' id='word_1_831' title='bbox 3440 3840 3487 3891; x_wconf 87' lang='lat' dir='ltr'><strong>si</strong></span> <span class='ocrx_word' id='word_1_832' title='bbox 3512 3838 3579 3893; x_wconf 91' lang='lat' dir='ltr'><strong>de</strong></span> <span class='ocrx_word' id='word_1_833' title='bbox 3603 3842 3871 3895; x_wconf 67' lang='lat' dir='ltr'><strong>constituis</strong></span> 
     </span>
    </p>
   </div>
   <div class='ocr_carea' id='block_1_107' title="bbox 2281 3907 3870 3981">
    <p class='ocr_par' dir='ltr' id='par_1_107' title="bbox 2281 3907 3870 3981">
     <span class='ocr_line' id='line_1_110' title="bbox 2281 3907 3870 3981; baseline 0.003 -20"><span class='ocrx_word' id='word_1_834' title='bbox 2281 3907 2521 3981; x_wconf 82' lang='lat' dir='ltr'><strong>hominis</strong></span> <span class='ocrx_word' id='word_1_835' title='bbox 2545 3908 2848 3975; x_wconf 82' lang='lat' dir='ltr'><strong>justificati,</strong></span> <span class='ocrx_word' id='word_1_836' title='bbox 2881 3917 2935 3963; x_wconf 90' lang='lat' dir='ltr'><strong>et</strong></span> <span class='ocrx_word' id='word_1_837' title='bbox 2959 3923 3057 3981; x_wconf 80' lang='lat' dir='ltr'><strong>per</strong></span> <span class='ocrx_word' id='word_1_838' title='bbox 3082 3910 3313 3981; x_wconf 84' lang='lat' dir='ltr'><strong>gratiam</strong></span> <span class='ocrx_word' id='word_1_839' title='bbox 3346 3912 3632 3981; x_wconf 78' lang='lat' dir='ltr'><strong>operantis</strong></span> <span class='ocrx_word' id='word_1_840' title='bbox 3663 3915 3744 3966; x_wconf 76' lang='lat' dir='ltr'><strong>vel</strong></span> <span class='ocrx_word' id='word_1_841' title='bbox 3770 3928 3870 3981; x_wconf 72' lang='lat' dir='ltr'><strong>pie-</strong></span> 
     </span>
    </p>
   </div>
   <div class='ocr_carea' id='block_1_108' title="bbox 2280 3978 3871 4050">
    <p class='ocr_par' dir='ltr' id='par_1_108' title="bbox 2280 3978 3871 4050">
     <span class='ocr_line' id='line_1_111' title="bbox 2280 3978 3871 4050; baseline 0.003 -18"><span class='ocrx_word' id='word_1_842' title='bbox 2280 3978 2506 4033; x_wconf 85' lang='lat' dir='ltr'><strong>nitentis</strong></span> <span class='ocrx_word' id='word_1_843' title='bbox 2536 3994 2599 4034; x_wconf 78' lang='lat' dir='ltr'><strong>ex</strong></span> <span class='ocrx_word' id='word_1_844' title='bbox 2640 3981 3007 4050; x_wconf 85' lang='lat' dir='ltr'><strong>praeveniente</strong></span> <span class='ocrx_word' id='word_1_845' title='bbox 3036 3980 3130 4034; x_wconf 90' lang='lat' dir='ltr'><strong>Dei</strong></span> <span class='ocrx_word' id='word_1_846' title='bbox 3164 3980 3342 4050; x_wconf 81' lang='lat' dir='ltr'><strong>gratia</strong></span> <span class='ocrx_word' id='word_1_847' title='bbox 3376 3979 3650 4049; x_wconf 83' lang='lat' dir='ltr'><strong>excitatis,</strong></span> <span class='ocrx_word' id='word_1_848' title='bbox 3684 3978 3871 4037; x_wconf 81' lang='lat' dir='ltr'><strong>intelli-</strong></span> 
     </span>
    </p>
   </div>
   <div class='ocr_carea' id='block_1_109' title="bbox 2280 4050 3873 4120">
    <p class='ocr_par' dir='ltr' id='par_1_109' title="bbox 2280 4050 3873 4120">
     <span class='ocr_line' id='line_1_112' title="bbox 2280 4050 3873 4120; baseline 0.004 -19"><span class='ocrx_word' id='word_1_849' title='bbox 2280 4050 2474 4120; x_wconf 82' lang='lat' dir='ltr'><strong>gatur;</strong></span> <span class='ocrx_word' id='word_1_850' title='bbox 2510 4050 2846 4119; x_wconf 73' lang='lat' dir='ltr'><strong>explodenda</strong></span> <span class='ocrx_word' id='word_1_851' title='bbox 2878 4064 3031 4117; x_wconf 88' lang='lat' dir='ltr'><strong>vero,</strong></span> <span class='ocrx_word' id='word_1_852' title='bbox 3065 4052 3110 4104; x_wconf 91' lang='lat' dir='ltr'><strong>si</strong></span> <span class='ocrx_word' id='word_1_853' title='bbox 3153 4050 3222 4105; x_wconf 88' lang='lat' dir='ltr'><strong>de</strong></span> <span class='ocrx_word' id='word_1_854' title='bbox 3251 4051 3540 4107; x_wconf 86' lang='lat' dir='ltr'><strong>conatibus</strong></span> <span class='ocrx_word' id='word_1_855' title='bbox 3562 4063 3652 4105; x_wconf 87' lang='lat' dir='ltr'><strong>aut</strong></span> <span class='ocrx_word' id='word_1_856' title='bbox 3676 4054 3873 4108; x_wconf 78' lang='lat' dir='ltr'><strong>viribus</strong></span> 
     </span>
    </p>
   </div>
   <div class='ocr_carea' id='block_1_110' title="bbox 2278 4121 3873 4192">
    <p class='ocr_par' dir='ltr' id='par_1_110' title="bbox 2278 4121 3873 4192">
     <span class='ocr_line' id='line_1_113' title="bbox 2278 4121 3873 4192; baseline 0.004 -18"><span class='ocrx_word' id='word_1_857' title='bbox 2278 4123 2450 4175; x_wconf 90' lang='lat' dir='ltr'><strong>solius</strong></span> <span class='ocrx_word' id='word_1_858' title='bbox 2480 4121 2637 4176; x_wconf 88' lang='lat' dir='ltr'><strong>liberi</strong></span> <span class='ocrx_word' id='word_1_859' title='bbox 2670 4121 2904 4190; x_wconf 71' lang='lat' dir='ltr'><strong>arbitrii,</strong></span> <span class='ocrx_word' id='word_1_860' title='bbox 2953 4123 3160 4176; x_wconf 85' lang='lat' dir='ltr'><strong>seclusa</strong></span> <span class='ocrx_word' id='word_1_861' title='bbox 3202 4126 3379 4192; x_wconf 80' lang='lat' dir='ltr'><strong>gratia</strong></span> <span class='ocrx_word' id='word_1_862' title='bbox 3428 4126 3796 4191; x_wconf 74' lang='lat' dir='ltr'><strong>praeveniente</strong></span> <span class='ocrx_word' id='word_1_863' title='bbox 3825 4140 3873 4180; x_wconf 86' lang='lat' dir='ltr'><strong>et</strong></span> 
     </span>
    </p>
   </div>
   <div class='ocr_carea' id='block_1_111' title="bbox 2279 4192 3874 4263">
    <p class='ocr_par' dir='ltr' id='par_1_111' title="bbox 2279 4192 3874 4263">
     <span class='ocr_line' id='line_1_114' title="bbox 2279 4192 3874 4263; baseline 0.004 -19"><span class='ocrx_word' id='word_1_864' title='bbox 2279 4192 2570 4263; x_wconf 84' lang='lat' dir='ltr'><strong>excitante,</strong></span> <span class='ocrx_word' id='word_1_865' title='bbox 2591 4192 2680 4262; x_wconf 90' lang='lat' dir='ltr'><strong>qui</strong></span> <span class='ocrx_word' id='word_1_866' title='bbox 2710 4193 2839 4247; x_wconf 88' lang='lat' dir='ltr'><strong>nihil</strong></span> <span class='ocrx_word' id='word_1_867' title='bbox 2862 4192 2926 4246; x_wconf 91' lang='lat' dir='ltr'><strong>ad</strong></span> <span class='ocrx_word' id='word_1_868' title='bbox 2948 4194 3179 4262; x_wconf 86' lang='lat' dir='ltr'><strong>gratiam</strong></span> <span class='ocrx_word' id='word_1_869' title='bbox 3206 4202 3258 4248; x_wconf 90' lang='lat' dir='ltr'><strong>et</strong></span> <span class='ocrx_word' id='word_1_870' title='bbox 3279 4193 3514 4248; x_wconf 81' lang='lat' dir='ltr'><strong>salutem</strong></span> <span class='ocrx_word' id='word_1_871' title='bbox 3538 4208 3636 4263; x_wconf 88' lang='lat' dir='ltr'><strong>per</strong></span> <span class='ocrx_word' id='word_1_872' title='bbox 3662 4210 3722 4249; x_wconf 85' lang='lat' dir='ltr'><strong>se</strong></span> <span class='ocrx_word' id='word_1_873' title='bbox 3749 4211 3874 4250; x_wconf 84' lang='lat' dir='ltr'><strong>con-</strong></span> 
     </span>
    </p>
   </div>
   <div class='ocr_carea' id='block_1_112' title="bbox 2276 4261 3876 4331">
    <p class='ocr_par' dir='ltr' id='par_1_112' title="bbox 2276 4261 3876 4331">
     <span class='ocr_line' id='line_1_115' title="bbox 2276 4261 3876 4331; baseline 0.004 -17"><span class='ocrx_word' id='word_1_874' title='bbox 2276 4261 2422 4316; x_wconf 89' lang='lat' dir='ltr'><strong>ferre</strong></span> <span class='ocrx_word' id='word_1_875' title='bbox 2455 4261 2700 4331; x_wconf 84' lang='lat' dir='ltr'><strong>possunt.</strong></span> <span class='ocrx_word' id='word_1_876' title='bbox 2740 4261 3032 4317; x_wconf 80' lang='lat' dir='ltr'><strong>Verissima</strong></span> <span class='ocrx_word' id='word_1_877' title='bbox 3068 4265 3211 4318; x_wconf 89' lang='lat' dir='ltr'><strong>enim</strong></span> <span class='ocrx_word' id='word_1_878' title='bbox 3239 4272 3326 4318; x_wconf 89' lang='lat' dir='ltr'><strong>est</strong></span> <span class='ocrx_word' id='word_1_879' title='bbox 3350 4263 3419 4317; x_wconf 75' lang='lat' dir='ltr'><strong>&#39;D.</strong></span> <span class='ocrx_word' id='word_1_880' title='bbox 3454 4261 3723 4320; x_wconf 81' lang='lat' dir='ltr'><strong>Bernardi</strong></span> <span class='ocrx_word' id='word_1_881' title='bbox 3757 4283 3876 4322; x_wconf 83' lang='lat' dir='ltr'><strong>sen-</strong></span> 
     </span>
    </p>
   </div>
   <div class='ocr_carea' id='block_1_113' title="bbox 2279 4333 3878 4405">
    <p class='ocr_par' dir='ltr' id='par_1_113' title="bbox 2279 4333 3878 4405">
     <span class='ocr_line' id='line_1_116' title="bbox 2279 4333 3878 4405; baseline 0.004 -19"><span class='ocrx_word' id='word_1_882' title='bbox 2279 4334 2442 4387; x_wconf 87' lang='lat' dir='ltr'><strong>tentia</strong></span> <span class='ocrx_word' id='word_1_883' title='bbox 2478 4334 2746 4405; x_wconf 80' lang='lat' dir='ltr'><strong>dicentis(</strong></span> <span class='ocrx_word' id='word_1_884' title='bbox 2771 4333 2885 4389; x_wconf 81' lang='lat' dir='ltr'><strong>Lib.</strong></span> <span class='ocrx_word' id='word_1_885' title='bbox 2916 4335 2980 4389; x_wconf 87' lang='lat' dir='ltr'><strong>de</strong></span> <span class='ocrx_word' id='word_1_886' title='bbox 3005 4333 3188 4389; x_wconf 82' lang='lat' dir='ltr'><strong>Gratia</strong></span> <span class='ocrx_word' id='word_1_887' title='bbox 3217 4343 3264 4387; x_wconf 89' lang='lat' dir='ltr'><strong>et</strong></span> <span class='ocrx_word' id='word_1_888' title='bbox 3290 4334 3402 4387; x_wconf 84' lang='lat' dir='ltr'><strong>Lib.</strong></span> <span class='ocrx_word' id='word_1_889' title='bbox 3429 4336 3657 4401; x_wconf 77' lang='lat' dir='ltr'><strong>Arbitr.)</strong></span> <span class='ocrx_word' id='word_1_890' title='bbox 3677 4355 3691 4389; x_wconf 87' lang='lat'>:</span> <span class='ocrx_word' id='word_1_891' title='bbox 3712 4333 3878 4392; x_wconf 85' lang='lat' dir='ltr'><strong>Cona-</strong></span> 
     </span>
    </p>
   </div>
   <div class='ocr_carea' id='block_1_114' title="bbox 2276 4405 3879 4475">
    <p class='ocr_par' dir='ltr' id='par_1_114' title="bbox 2276 4405 3879 4475">
     <span class='ocr_line' id='line_1_117' title="bbox 2276 4405 3879 4475; baseline 0.006 -20"><span class='ocrx_word' id='word_1_892' title='bbox 2276 4411 2369 4475; x_wconf 80' lang='lat' dir='ltr'><strong>tus</strong></span> <span class='ocrx_word' id='word_1_893' title='bbox 2400 4405 2544 4457; x_wconf 87' lang='lat' dir='ltr'><strong>liberi</strong></span> <span class='ocrx_word' id='word_1_894' title='bbox 2587 4406 2789 4458; x_wconf 86' lang='lat' dir='ltr'><strong>arbitrii</strong></span> <span class='ocrx_word' id='word_1_895' title='bbox 2824 4417 2871 4459; x_wconf 90' lang='lat' dir='ltr'><strong>et</strong></span> <span class='ocrx_word' id='word_1_896' title='bbox 2904 4408 3045 4460; x_wconf 84' lang='lat' dir='ltr'><strong>‘cassi</strong></span> <span class='ocrx_word' id='word_1_897' title='bbox 3096 4417 3218 4461; x_wconf 83' lang='lat' dir='ltr'><strong>sunt</strong></span> <span class='ocrx_word' id='word_1_898' title='bbox 3246 4407 3292 4459; x_wconf 86' lang='lat' dir='ltr'><strong>si</strong></span> <span class='ocrx_word' id='word_1_899' title='bbox 3316 4412 3419 4457; x_wconf 74' lang='lat' dir='ltr'><strong>non</strong></span> <span class='ocrx_word' id='word_1_900' title='bbox 3443 4406 3804 4475; x_wconf 57' lang='lat' dir='ltr'><strong>adjurtentur,</strong></span> <span class='ocrx_word' id='word_1_901' title='bbox 3837 4424 3879 4464; x_wconf 78' lang='lat' dir='ltr'><strong>et</strong></span> 
     </span>
    </p>
   </div>
   <div class='ocr_carea' id='block_1_115' title="bbox 2276 4473 2948 4530">
    <p class='ocr_par' dir='ltr' id='par_1_115' title="bbox 2276 4473 2948 4530">
     <span class='ocr_line' id='line_1_118' title="bbox 2276 4473 2948 4530; baseline 0.004 -3"><span class='ocrx_word' id='word_1_902' title='bbox 2276 4473 2409 4528; x_wconf 86' lang='lat' dir='ltr'><strong>nulli</strong></span> <span class='ocrx_word' id='word_1_903' title='bbox 2438 4477 2482 4527; x_wconf 83' lang='lat' dir='ltr'><strong>si</strong></span> <span class='ocrx_word' id='word_1_904' title='bbox 2508 4491 2610 4528; x_wconf 87' lang='lat' dir='ltr'><strong>non</strong></span> <span class='ocrx_word' id='word_1_905' title='bbox 2642 4477 2948 4530; x_wconf 74' lang='lat' dir='ltr'><strong>excitentur.</strong></span> 
     </span>
    </p>
   </div>
   <div class='ocr_carea' id='block_1_116' title="bbox 2352 4546 3879 4619">
    <p class='ocr_par' dir='ltr' id='par_1_116' title="bbox 2352 4546 3879 4619">
     <span class='ocr_line' id='line_1_119' title="bbox 2352 4546 3879 4619; baseline 0.005 -21"><span class='ocrx_word' id='word_1_906' title='bbox 2352 4556 2374 4584; x_wconf 80' lang='grc' dir='ltr'><strong>ο</strong></span> <span class='ocrx_word' id='word_1_907' title='bbox 2410 4546 2533 4619; x_wconf 63' lang='lat' dir='ltr'><strong>Haec</strong></span> <span class='ocrx_word' id='word_1_908' title='bbox 2556 4548 2823 4619; x_wconf 82' lang='lat' dir='ltr'><strong>sententia</strong></span> <span class='ocrx_word' id='word_1_909' title='bbox 2854 4546 3341 4619; x_wconf 69' lang='lat' dir='ltr'><strong>praeterlitteralem</strong></span> <span class='ocrx_word' id='word_1_910' title='bbox 3369 4557 3612 4619; x_wconf 74' lang='lat' dir='ltr'><strong>sensum,</strong></span> <span class='ocrx_word' id='word_1_911' title='bbox 3638 4549 3737 4617; x_wconf 87' lang='lat' dir='ltr'><strong>qui</strong></span> <span class='ocrx_word' id='word_1_912' title='bbox 3767 4550 3879 4607; x_wconf 79' lang='lat' dir='ltr'><strong>huc</strong></span> 
     </span>
    </p>
   </div>
   <div class='ocr_carea' id='block_1_117' title="bbox 2278 4616 3877 4689">
    <p class='ocr_par' dir='ltr' id='par_1_117' title="bbox 2278 4616 3877 4689">
     <span class='ocr_line' id='line_1_120' title="bbox 2278 4616 3877 4689; baseline 0.006 -20"><span class='ocrx_word' id='word_1_913' title='bbox 2278 4629 2382 4689; x_wconf 72' lang='lat' dir='ltr'><strong>non</strong></span> <span class='ocrx_word' id='word_1_914' title='bbox 2410 4616 2581 4689; x_wconf 70' lang='lat' dir='ltr'><strong>iacit,</strong></span> <span class='ocrx_word' id='word_1_915' title='bbox 2616 4618 2827 4672; x_wconf 90' lang='lat' dir='ltr'><strong>duobus</strong></span> <span class='ocrx_word' id='word_1_916' title='bbox 2855 4616 3047 4672; x_wconf 49' lang='lat' dir='ltr'><strong>&#39;modis</strong></span> <span class='ocrx_word' id='word_1_917' title='bbox 3098 4617 3385 4673; x_wconf 80' lang='lat' dir='ltr'><strong>secundum</strong></span> <span class='ocrx_word' id='word_1_918' title='bbox 3437 4617 3819 4689; x_wconf 69' lang='lat' dir='ltr'><strong>tropologiam</strong></span> <span class='ocrx_word' id='word_1_919' title='bbox 3851 4638 3877 4677; x_wconf 83' lang='lat' dir='ltr'><strong>a</strong></span> 
     </span>
    </p>
   </div>
   <div class='ocr_carea' id='block_1_118' title="bbox 2275 4685 3876 4759">
    <p class='ocr_par' dir='ltr' id='par_1_118' title="bbox 2275 4685 3876 4759">
     <span class='ocr_line' id='line_1_121' title="bbox 2275 4685 3876 4759; baseline 0.005 -19"><span class='ocrx_word' id='word_1_920' title='bbox 2275 4685 2525 4741; x_wconf 87' lang='lat' dir='ltr'><strong>Patribus</strong></span> <span class='ocrx_word' id='word_1_921' title='bbox 2551 4690 2859 4756; x_wconf 76' lang='lat' dir='ltr'><strong>exponitur.</strong></span> <span class='ocrx_word' id='word_1_922' title='bbox 2888 4690 3061 4744; x_wconf 81' lang='lat' dir='ltr'><strong>Priori</strong></span> <span class='ocrx_word' id='word_1_923' title='bbox 3087 4690 3266 4756; x_wconf 90' lang='lat' dir='ltr'><strong>modo,</strong></span> <span class='ocrx_word' id='word_1_924' title='bbox 3294 4703 3449 4759; x_wconf 90' lang='lat' dir='ltr'><strong>quem</strong></span> <span class='ocrx_word' id='word_1_925' title='bbox 3470 4686 3562 4743; x_wconf 87' lang='lat' dir='ltr'><strong>hic</strong></span> <span class='ocrx_word' id='word_1_926' title='bbox 3581 4685 3876 4748; x_wconf 67' lang='lat' dir='ltr'><strong>Cassianus</strong></span> 
     </span>
    </p>
   </div>
   <div class='ocr_carea' id='block_1_119' title="bbox 2274 4759 3879 4832">
    <p class='ocr_par' dir='ltr' id='par_1_119' title="bbox 2274 4759 3879 4832">
     <span class='ocr_line' id='line_1_122' title="bbox 2274 4759 3879 4832; baseline -0.009 -18"><span class='ocrx_word' id='word_1_927' title='bbox 2274 4759 2545 4832; x_wconf 68' lang='lat' dir='ltr'><strong>sequitur,</strong></span> <span class='ocrx_word' id='word_1_928' title='bbox 2585 4759 2901 4832; x_wconf 82' lang='lat' dir='ltr'><strong>maledictus</strong></span> <span class='ocrx_word' id='word_1_929' title='bbox 2935 4759 3155 4832; x_wconf 82' lang='lat' dir='ltr'><strong>Deoque</strong></span> <span class='ocrx_word' id='word_1_930' title='bbox 3180 4761 3383 4815; x_wconf 80' lang='lat' dir='ltr'><strong>invisus</strong></span> <span class='ocrx_word' id='word_1_931' title='bbox 3411 4760 3611 4832; x_wconf 87' lang='lat' dir='ltr'><strong>dicitur</strong></span> <span class='ocrx_word' id='word_1_932' title='bbox 3638 4763 3732 4831; x_wconf 77' lang='lat' dir='ltr'><strong>qui</strong></span> <span class='ocrx_word' id='word_1_933' title='bbox 3758 4779 3879 4832; x_wconf 67' lang='grc' dir='ltr'><strong>ρι-ο,</strong></span> 
     </span>
    </p>
   </div>
   <div class='ocr_carea' id='block_1_120' title="bbox 2277 4826 3911 4901">
    <p class='ocr_par' dir='ltr' id='par_1_120' title="bbox 2277 4826 3911 4901">
     <span class='ocr_line' id='line_1_123' title="bbox 2277 4826 3911 4901; baseline 0.004 -20"><span class='ocrx_word' id='word_1_934' title='bbox 2277 4826 2425 4901; x_wconf 86' lang='lat' dir='ltr'><strong>hibet</strong></span> <span class='ocrx_word' id='word_1_935' title='bbox 2455 4829 2539 4883; x_wconf 88' lang='lat' dir='ltr'><strong>vel</strong></span> <span class='ocrx_word' id='word_1_936' title='bbox 2570 4830 2838 4884; x_wconf 87' lang='lat' dir='ltr'><strong>subtrahit</strong></span> <span class='ocrx_word' id='word_1_937' title='bbox 2867 4826 3102 4900; x_wconf 85' lang='lat' dir='ltr'><strong>gladium</strong></span> <span class='ocrx_word' id='word_1_938' title='bbox 3132 4832 3288 4885; x_wconf 82' lang='lat' dir='ltr'><strong>suum</strong></span> <span class='ocrx_word' id='word_1_939' title='bbox 3314 4845 3341 4883; x_wconf 91' lang='lat' dir='ltr'><strong>a</strong></span> <span class='ocrx_word' id='word_1_940' title='bbox 3371 4826 3671 4901; x_wconf 58' lang='lat' dir='ltr'><strong>sanguine;</strong></span> <span class='ocrx_word' id='word_1_941' title='bbox 3687 4833 3742 4887; x_wconf 87' lang='lat' dir='ltr'><strong>id</strong></span> <span class='ocrx_word' id='word_1_942' title='bbox 3760 4826 3871 4897; x_wconf 55' lang='lat' dir='ltr'><strong>&#39;est,</strong></span> <span class='ocrx_word' id='word_1_943' title='bbox 3906 4848 3911 4868; x_wconf 61' lang='grc' dir='ltr'>ί</span> 
     </span>
    </p>
   </div>
   <div class='ocr_carea' id='block_1_121' title="bbox 2275 4900 3878 5023">
    <p class='ocr_par' dir='ltr' id='par_1_121' title="bbox 2275 4900 3878 5023">
     <span class='ocr_line' id='line_1_124' title="bbox 2275 4900 3878 5023; baseline 0.005 -72"><span class='ocrx_word' id='word_1_944' title='bbox 2275 4900 2364 5023; x_wconf 64' lang='lat' dir='ltr'><strong>gui</strong></span> <span class='ocrx_word' id='word_1_945' title='bbox 2400 4900 2583 4955; x_wconf 87' lang='lat' dir='ltr'><strong>hostes</strong></span> <span class='ocrx_word' id='word_1_946' title='bbox 2614 4916 2761 4965; x_wconf 90' lang='lat' dir='ltr'><strong>suos,</strong></span> <span class='ocrx_word' id='word_1_947' title='bbox 2793 4901 3017 4956; x_wconf 72' lang='lat' dir='ltr'><strong>affectus</strong></span> <span class='ocrx_word' id='word_1_948' title='bbox 3040 4916 3257 4970; x_wconf 87' lang='lat' dir='ltr'><strong>pravos,</strong></span> <span class='ocrx_word' id='word_1_949' title='bbox 3305 4900 3737 4957; x_wconf 76' lang='lat' dir='ltr'><strong>mortificationis</strong></span> <span class='ocrx_word' id='word_1_950' title='bbox 3766 4906 3878 4976; x_wconf 57' lang='lat' dir='ltr'><strong>gis.</strong></span> 
     </span>
     <span class='ocr_line' id='line_1_125' title="bbox 2315 4972 3876 5023; baseline 0.001 -1"><span class='ocrx_word' id='word_1_951' title='bbox 2315 4972 2365 5023; x_wconf 90' lang='lat' dir='ltr'><strong>i0</strong></span> <span class='ocrx_word' id='word_1_952' title='bbox 2389 4984 2496 5023; x_wconf 79' lang='lat' dir='ltr'><strong>non</strong></span> <span class='ocrx_word' id='word_1_953' title='bbox 2524 4973 2701 5023; x_wconf 61' lang='lat' dir='ltr'><strong>caedit-</strong></span> <span class='ocrx_word' id='word_1_954' title='bbox 2736 4990 2838 5023; x_wconf 87' lang='lat' dir='ltr'><strong>non</strong></span> <span class='ocrx_word' id='word_1_955' title='bbox 2871 4983 3099 5023; x_wconf 87' lang='lat' dir='ltr'><strong>resecat.</strong></span> <span class='ocrx_word' id='word_1_956' title='bbox 3131 4976 3224 5023; x_wconf 87' lang='lat' dir='ltr'><strong>sed</strong></span> <span class='ocrx_word' id='word_1_957' title='bbox 3256 4973 3437 5023; x_wconf 83' lang='lat' dir='ltr'><strong>vivere</strong></span> <span class='ocrx_word' id='word_1_958' title='bbox 3468 4974 3677 5023; x_wconf 77' lang='lat' dir='ltr'><strong>ualitur</strong></span> <span class='ocrx_word' id='word_1_959' title='bbox 3706 4976 3876 5023; x_wconf 69' lang='lat' dir='ltr'><strong>étdn-</strong></span> 
     </span>
    </p>
   </div>
   <div class='ocr_carea' id='block_1_122' title="bbox 2315 4972 3876 5042">
    <p class='ocr_par' dir='ltr' id='par_1_122' title="bbox 2315 4972 3876 5042">
     <span class='ocr_line' id='line_1_126' title="bbox 2315 4972 3876 5042; baseline 0.006 -20"><span class='ocrx_word' id='word_1_960' title='bbox 2315 4972 2365 5023; x_wconf 92' lang='lat' dir='ltr'><strong>io</strong></span> <span class='ocrx_word' id='word_1_961' title='bbox 2389 4984 2496 5025; x_wconf 88' lang='lat' dir='ltr'><strong>non</strong></span> <span class='ocrx_word' id='word_1_962' title='bbox 2524 4973 2701 5040; x_wconf 65' lang='lat' dir='ltr'><strong>condit,</strong></span> <span class='ocrx_word' id='word_1_963' title='bbox 2736 4990 2838 5026; x_wconf 89' lang='lat' dir='ltr'><strong>non</strong></span> <span class='ocrx_word' id='word_1_964' title='bbox 2871 4983 3099 5037; x_wconf 87' lang='lat' dir='ltr'><strong>resecat,</strong></span> <span class='ocrx_word' id='word_1_965' title='bbox 3131 4976 3224 5026; x_wconf 89' lang='lat' dir='ltr'><strong>sed</strong></span> <span class='ocrx_word' id='word_1_966' title='bbox 3256 4973 3437 5042; x_wconf 82' lang='lat' dir='ltr'><strong>vivere</strong></span> <span class='ocrx_word' id='word_1_967' title='bbox 3468 4974 3677 5042; x_wconf 84' lang='lat' dir='ltr'><strong>patitur</strong></span> <span class='ocrx_word' id='word_1_968' title='bbox 3706 4972 3876 5032; x_wconf 71' lang='lat' dir='ltr'><strong>etde-</strong></span> 
     </span>
    </p>
   </div>
   <div class='ocr_carea' id='block_1_123' title="bbox 2272 5041 3870 5110">
    <p class='ocr_par' dir='ltr' id='par_1_123' title="bbox 2272 5041 3870 5110">
     <span class='ocr_line' id='line_1_127' title="bbox 2272 5041 3870 5110; baseline 0.003 -16"><span class='ocrx_word' id='word_1_969' title='bbox 2272 5042 2490 5106; x_wconf 82' lang='lat' dir='ltr'><strong>minari,</strong></span> <span class='ocrx_word' id='word_1_970' title='bbox 2540 5055 2639 5096; x_wconf 90' lang='lat' dir='ltr'><strong>nec</strong></span> <span class='ocrx_word' id='word_1_971' title='bbox 2688 5044 2929 5110; x_wconf 78' lang='lat' dir='ltr'><strong>Apostoli</strong></span> <span class='ocrx_word' id='word_1_972' title='bbox 2981 5044 3200 5097; x_wconf 89' lang='lat' dir='ltr'><strong>monitis</strong></span> <span class='ocrx_word' id='word_1_973' title='bbox 3243 5041 3541 5110; x_wconf 72' lang='lat' dir='ltr'><strong>acqttiesCit</strong></span> <span class='ocrx_word' id='word_1_974' title='bbox 3585 5044 3870 5101; x_wconf 76' lang='lat' dir='ltr'><strong>dicentis:</strong></span> 
     </span>
    </p>
   </div>
   <div class='ocr_carea' id='block_1_124' title="bbox 2279 5111 3874 5182">
    <p class='ocr_par' dir='ltr' id='par_1_124' title="bbox 2279 5111 3874 5182">
     <span class='ocr_line' id='line_1_128' title="bbox 2279 5111 3874 5182; baseline 0.004 -18"><span class='ocrx_word' id='word_1_975' title='bbox 2279 5111 2383 5178; x_wconf 81' lang='lat' dir='ltr'><strong>Qui</strong></span> <span class='ocrx_word' id='word_1_976' title='bbox 2406 5122 2522 5165; x_wconf 87' lang='lat' dir='ltr'><strong>sunt</strong></span> <span class='ocrx_word' id='word_1_977' title='bbox 2542 5113 2760 5176; x_wconf 71' lang='lat' dir='ltr'><strong>Christi,</strong></span> <span class='ocrx_word' id='word_1_978' title='bbox 2796 5130 2998 5167; x_wconf 86' lang='lat' dir='ltr'><strong>carnem</strong></span> <span class='ocrx_word' id='word_1_979' title='bbox 3028 5130 3175 5166; x_wconf 86' lang='lat' dir='ltr'><strong>suam</strong></span> <span class='ocrx_word' id='word_1_980' title='bbox 3205 5114 3579 5182; x_wconf 63' lang='lat' dir='ltr'><strong>cruci/icerant</strong></span> <span class='ocrx_word' id='word_1_981' title='bbox 3604 5132 3721 5169; x_wconf 75' lang='lat' dir='ltr'><strong>cm</strong></span> <span class='ocrx_word' id='word_1_982' title='bbox 3744 5119 3874 5171; x_wconf 68' lang='lat' dir='ltr'><strong>uitiis</strong></span> 
     </span>
    </p>
   </div>
   <div class='ocr_carea' id='block_1_125' title="bbox 2270 5182 3872 5257">
    <p class='ocr_par' dir='ltr' id='par_1_125' title="bbox 2270 5182 3872 5257">
     <span class='ocr_line' id='line_1_129' title="bbox 2270 5182 3872 5257; baseline 0.005 -23"><span class='ocrx_word' id='word_1_983' title='bbox 2270 5193 2319 5257; x_wconf 79' lang='lat' dir='ltr'><strong>et</strong></span> <span class='ocrx_word' id='word_1_984' title='bbox 2351 5184 2778 5251; x_wconf 81' lang='lat' dir='ltr'><strong>concupiscentiis</strong></span> <span class='ocrx_word' id='word_1_985' title='bbox 2796 5184 2992 5257; x_wconf 80' lang='lat' dir='ltr'><strong>(Colos.</strong></span> <span class='ocrx_word' id='word_1_986' title='bbox 3018 5184 3119 5253; x_wconf 83' lang='lat' dir='ltr'><strong>tu).</strong></span> <span class='ocrx_word' id='word_1_987' title='bbox 3151 5184 3281 5238; x_wconf 90' lang='lat' dir='ltr'><strong>Item</strong></span> <span class='ocrx_word' id='word_1_988' title='bbox 3318 5200 3332 5237; x_wconf 88' lang='lat'><strong>:</strong></span> <span class='ocrx_word' id='word_1_989' title='bbox 3367 5182 3694 5255; x_wconf 73' lang='lat' dir='ltr'><strong>Mortiﬁcate</strong></span> <span class='ocrx_word' id='word_1_990' title='bbox 3720 5203 3872 5242; x_wconf 54' lang='lat' dir='ltr'><strong>mento</strong></span> 
     </span>
    </p>
   </div>
   <div class='ocr_carea' id='block_1_126' title="bbox 2272 5252 3874 5327">
    <p class='ocr_par' dir='ltr' id='par_1_126' title="bbox 2272 5252 3874 5327">
     <span class='ocr_line' id='line_1_130' title="bbox 2272 5252 3874 5327; baseline 0.004 -22"><span class='ocrx_word' id='word_1_991' title='bbox 2272 5252 2363 5305; x_wconf 89' lang='lat' dir='ltr'><strong>bra</strong></span> <span class='ocrx_word' id='word_1_992' title='bbox 2384 5265 2577 5327; x_wconf 66' lang='lat' dir='ltr'><strong>uestra.</strong></span> <span class='ocrx_word' id='word_1_993' title='bbox 2607 5271 2723 5324; x_wconf 72' lang='lat' dir='ltr'><strong>qua:</strong></span> <span class='ocrx_word' id='word_1_994' title='bbox 2751 5252 2869 5308; x_wconf 84' lang='lat' dir='ltr'><strong>sunt</strong></span> <span class='ocrx_word' id='word_1_995' title='bbox 2895 5272 3047 5327; x_wconf 84' lang='lat' dir='ltr'><strong>super</strong></span> <span class='ocrx_word' id='word_1_996' title='bbox 3079 5252 3286 5327; x_wconf 76' lang='lat' dir='ltr'><strong>terram,</strong></span> <span class='ocrx_word' id='word_1_997' title='bbox 3310 5252 3756 5327; x_wconf 75' lang='lat' dir='ltr'><strong>fornicationem,</strong></span> <span class='ocrx_word' id='word_1_998' title='bbox 3784 5261 3874 5311; x_wconf 72' lang='lat' dir='ltr'><strong>ist-</strong></span> 
     </span>
    </p>
   </div>
   <div class='ocr_carea' id='block_1_127' title="bbox 2271 5326 3871 5397">
    <p class='ocr_par' dir='ltr' id='par_1_127' title="bbox 2271 5326 3871 5397">
     <span class='ocr_line' id='line_1_131' title="bbox 2271 5326 3871 5397; baseline 0.004 -20"><span class='ocrx_word' id='word_1_999' title='bbox 2271 5326 2600 5397; x_wconf 76' lang='lat' dir='ltr'><strong>munditiam,</strong></span> <span class='ocrx_word' id='word_1_1000' title='bbox 2627 5327 2909 5383; x_wconf 85' lang='lat' dir='ltr'><strong>libidinem.</strong></span> <span class='ocrx_word' id='word_1_1001' title='bbox 2934 5326 3404 5397; x_wconf 77' lang='lat' dir='ltr'><strong>concupiscentiam</strong></span> <span class='ocrx_word' id='word_1_1002' title='bbox 3426 5327 3651 5392; x_wconf 72' lang='lat' dir='ltr'><strong>malam,</strong></span> <span class='ocrx_word' id='word_1_1003' title='bbox 3682 5337 3737 5382; x_wconf 84' lang='lat' dir='ltr'><strong>et</strong></span> <span class='ocrx_word' id='word_1_1004' title='bbox 3758 5344 3871 5383; x_wconf 71' lang='lat' dir='ltr'><strong>m-</strong></span> 
     </span>
    </p>
   </div>
   <div class='ocr_carea' id='block_1_128' title="bbox 2269 5394 3868 5471">
    <p class='ocr_par' dir='ltr' id='par_1_128' title="bbox 2269 5394 3868 5471">
     <span class='ocr_line' id='line_1_132' title="bbox 2269 5394 3868 5471; baseline 0.004 -22"><span class='ocrx_word' id='word_1_1005' title='bbox 2269 5395 2870 5471; x_wconf 12' lang='lat' dir='ltr'><strong>ritiani‘(Gal._n).retc.</strong></span> <span class='ocrx_word' id='word_1_1006' title='bbox 2908 5396 2971 5451; x_wconf 86' lang='lat' dir='ltr'><strong>Et</strong></span> <span class='ocrx_word' id='word_1_1007' title='bbox 2994 5394 3212 5471; x_wconf 68' lang='lat' dir='ltr'><strong>ruréutn</strong></span> <span class='ocrx_word' id='word_1_1008' title='bbox 3234 5394 3415 5471; x_wconf 69' lang='lat' dir='ltr'><strong>_:__tVon</strong></span> <span class='ocrx_word' id='word_1_1009' title='bbox 3444 5397 3868 5471; x_wconf 52' lang='grc' dir='ltr'><strong>ξηραίνεωῆ-</strong></span> 
     </span>
    </p>
   </div>
   <div class='ocr_carea' id='block_1_129' title="bbox 2269 5466 3867 5547">
    <p class='ocr_par' dir='ltr' id='par_1_129' title="bbox 2269 5466 3867 5547">
     <span class='ocr_line' id='line_1_133' title="bbox 2269 5466 3867 5547; baseline 0.003 -28"><span class='ocrx_word' id='word_1_1010' title='bbox 2269 5466 2417 5547; x_wconf 75' lang='lat' dir='ltr'><strong>nibus</strong></span> <span class='ocrx_word' id='word_1_1011' title='bbox 2446 5466 2492 5519; x_wconf 85' lang='lat' dir='ltr'><strong>et</strong></span> <span class='ocrx_word' id='word_1_1012' title='bbox 2522 5466 2847 5547; x_wconf 74' lang='lat' dir='ltr'><strong>ebrietatibus</strong></span> <span class='ocrx_word' id='word_1_1013' title='bbox 2866 5511 2879 5531; x_wconf 88' lang='lat'><strong>,</strong></span> <span class='ocrx_word' id='word_1_1014' title='bbox 2912 5484 3012 5520; x_wconf 89' lang='lat' dir='ltr'><strong>non</strong></span> <span class='ocrx_word' id='word_1_1015' title='bbox 3030 5466 3867 5547; x_wconf 49' lang='lat' dir='ltr'><strong>infultilibtts&#39;et</strong></span> 
     </span>
    </p>
   </div>
   <div class='ocr_carea' id='block_1_130' title="bbox 2271 5532 3864 5603">
    <p class='ocr_par' dir='ltr' id='par_1_130' title="bbox 2271 5532 3864 5603">
     <span class='ocr_line' id='line_1_134' title="bbox 2271 5532 3864 5603; baseline 0.004 -12"><span class='ocrx_word' id='word_1_1016' title='bbox 2271 5554 2371 5591; x_wconf 88' lang='lat' dir='ltr'><strong>non</strong></span> <span class='ocrx_word' id='word_1_1017' title='bbox 2401 5540 2451 5589; x_wconf 89' lang='lat' dir='ltr'><strong>in</strong></span> <span class='ocrx_word' id='word_1_1018' title='bbox 2477 5542 2801 5593; x_wconf 85' lang='lat' dir='ltr'><strong>contentione</strong></span> <span class='ocrx_word' id='word_1_1019' title='bbox 2822 5550 2867 5591; x_wconf 90' lang='lat' dir='ltr'><strong>et</strong></span> <span class='ocrx_word' id='word_1_1020' title='bbox 2886 5532 3213 5592; x_wconf 66' lang='lat' dir='ltr'><strong>aemulatione</strong></span> <span class='ocrx_word' id='word_1_1021' title='bbox 3233 5553 3254 5603; x_wconf 91' lang='lat'><strong><em>;</em></strong></span> <span class='ocrx_word' id='word_1_1022' title='bbox 3275 5538 3368 5591; x_wconf 86' lang='lat' dir='ltr'><strong>sed</strong></span> <span class='ocrx_word' id='word_1_1023' title='bbox 3387 5532 3679 5594; x_wconf 66' lang='lat' dir='ltr'><strong>indttiniitli</strong></span> <span class='ocrx_word' id='word_1_1024' title='bbox 3700 5540 3864 5597; x_wconf 73' lang='lat' dir='ltr'><strong>Desti-</strong></span> 
     </span>
    </p>
   </div>
   <div class='ocr_carea' id='block_1_131' title="bbox 2269 5600 3953 5679">
    <p class='ocr_par' dir='ltr' id='par_1_131' title="bbox 2269 5600 3953 5679">
     <span class='ocr_line' id='line_1_135' title="bbox 2269 5600 3953 5679; baseline 0.005 -19"><span class='ocrx_word' id='word_1_1025' title='bbox 2269 5623 2393 5679; x_wconf 80' lang='lat' dir='ltr'><strong>num</strong></span> <span class='ocrx_word' id='word_1_1026' title='bbox 2420 5607 2622 5673; x_wconf 70' lang='lat' dir='ltr'><strong>Iesum,</strong></span> <span class='ocrx_word' id='word_1_1027' title='bbox 2660 5620 2705 5663; x_wconf 88' lang='lat' dir='ltr'><strong>et</strong></span> <span class='ocrx_word' id='word_1_1028' title='bbox 2750 5612 2923 5663; x_wconf 83' lang='lat' dir='ltr'><strong>carnis</strong></span> <span class='ocrx_word' id='word_1_1029' title='bbox 2949 5624 3123 5661; x_wconf 82' lang='lat' dir='ltr'><strong>curam</strong></span> <span class='ocrx_word' id='word_1_1030' title='bbox 3144 5600 3241 5661; x_wconf 14' lang='lat' dir='ltr'><strong>net</strong></span> <span class='ocrx_word' id='word_1_1031' title='bbox 3255 5609 3481 5679; x_wconf 79' lang='lat' dir='ltr'><strong>feceritis</strong></span> <span class='ocrx_word' id='word_1_1032' title='bbox 3518 5613 3576 5665; x_wconf 79' lang='lat' dir='ltr'><strong>in</strong></span> <span class='ocrx_word' id='word_1_1033' title='bbox 3952 5600 3953 5619; x_wconf 41' lang='lat'>‘</span> 
     </span>
    </p>
   </div>
   <div class='ocr_carea' id='block_1_132' title="bbox 2271 5677 3865 5754">
    <p class='ocr_par' dir='ltr' id='par_1_132' title="bbox 2271 5677 3865 5754">
     <span class='ocr_line' id='line_1_136' title="bbox 2271 5677 3865 5754; baseline 0.006 -24"><span class='ocrx_word' id='word_1_1034' title='bbox 2271 5677 2291 5748; x_wconf 93' lang='lat'><strong>(</strong></span> <span class='ocrx_word' id='word_1_1035' title='bbox 2320 5680 2469 5754; x_wconf 62' lang='lat' dir='ltr'><strong>liam.</strong></span> <span class='ocrx_word' id='word_1_1036' title='bbox 2505 5681 2642 5750; x_wconf 86' lang='lat' dir='ltr'><strong>xm).</strong></span> <span class='ocrx_word' id='word_1_1037' title='bbox 2671 5680 2852 5733; x_wconf 76' lang='lat' dir='ltr'><strong>Altera</strong></span> <span class='ocrx_word' id='word_1_1038' title='bbox 2906 5679 3170 5748; x_wconf 84' lang='lat' dir='ltr'><strong>expositio</strong></span> <span class='ocrx_word' id='word_1_1039' title='bbox 3200 5677 3519 5754; x_wconf 70' lang='lat' dir='ltr'><strong>superiores</strong></span> <span class='ocrx_word' id='word_1_1040' title='bbox 3559 5686 3758 5754; x_wconf 69' lang='lat' dir='ltr'><strong>tangit.</strong></span> <span class='ocrx_word' id='word_1_1041' title='bbox 3788 5685 3865 5753; x_wconf 80' lang='lat' dir='ltr'><strong>qui</strong></span> 
     </span>
    </p>
   </div>
   <div class='ocr_carea' id='block_1_133' title="bbox 2268 5751 3869 5825">
    <p class='ocr_par' dir='ltr' id='par_1_133' title="bbox 2268 5751 3869 5825">
     <span class='ocr_line' id='line_1_137' title="bbox 2268 5751 3869 5825; baseline 0.007 -24"><span class='ocrx_word' id='word_1_1042' title='bbox 2268 5751 2604 5805; x_wconf 87' lang='lat' dir='ltr'><strong>subditorum</strong></span> <span class='ocrx_word' id='word_1_1043' title='bbox 2657 5760 2878 5819; x_wconf 76' lang='lat' dir='ltr'><strong>peccata.</strong></span> <span class='ocrx_word' id='word_1_1044' title='bbox 2925 5760 2981 5806; x_wconf 88' lang='lat' dir='ltr'><strong>et</strong></span> <span class='ocrx_word' id='word_1_1045' title='bbox 3028 5758 3290 5805; x_wconf 77' lang='lat' dir='ltr'><strong>exCessus</strong></span> <span class='ocrx_word' id='word_1_1046' title='bbox 3334 5752 3529 5821; x_wconf 76' lang='lat' dir='ltr'><strong>gladio</strong></span> 
     </span>
    </p>
   </div>
  </div>
