4014 6200
51 235 244 312 I165

1023 228 1366 294 comma
1405 221 1523 291 xx.
1552 251 1622 278 --—
1653 221 1745 291 bis
1782 213 2260 292 rtem-rsuram
2297 223 2480 292 tunc

3238 235 3387 306 ηπ

51 362 178 430 qui
206 356 450 431 prohibet
489 368 640 410 suum
668 350 899 425 gladium
945 321 981 405 ll
1016 351 1268 420 sanguine
1297 349 1430 421 (Jer.
1469 349 1680 420 vaut).
1712 351 2061 420 A-puritatis,
2093 351 2211 421 ejus
2237 351 2510 423 praecipue
2550 348 2642 423 qui
2665 345 2722 410 in
2751 347 3381 422 mlitudibeconimma

51 447 194 506 Hic
241 451 489 518 namque
532 453 616 500 est
651 444 865 514 gladius
891 443 980 514 qui
1025 443 1176 496 illum
1217 435 1690 512 nokiumﬁan'gu‘i-

51 558 248 608 nem,
282 556 390 612 quo
417 540 686 594 animatur
729 536 952 590 materia
997 545 1364 604 peccatorum,
1399 534 1688 588 salubriter
1742 533 1747 538 ’

51 635 366 700 fundens,
419 629 681 701 quidquid
736 629 1006 698 repererit
1061 628 1115 682 in
1172 626 1430 682 membris
1484 627 1689 681 nostris

51 729 320 782 carnale
342 736 695 782 terrenumve
718 731 1053 786 concretum,
1076 729 1290 776 resecat
1319 729 1376 775 et
1398 707 1685 789 abscindit,

51 835 154 875 ac
176 819 544 873 mortiﬁcatos
579 815 728 869 vitiis
760 813 941 868 vivere
969 811 1078 866 Deo
1110 821 1166 867 et
1206 810 1538 880 spiritalibus
1569 799 1693 865 facit

51 913 285 983 vigere
313 909 640 974 virtutibus;
678 917 732 962 et
758 907 833 960 ita
859 906 968 975 jam
996 921 1103 960 non
1140 905 1517 960 recordatione
1546 916 1691 961 vete-

52 1005 169 1059 ris
195 1001 450 1066 admissi,
497 1000 594 1056 sed
635 1014 733 1068 spe
761 997 1064 1052 futurorum
1099 998 1417 1068 gaudiorum
1443 997 1571 1052 ﬂere
1606 999 1689 1052 iu-

58 1095 300 1163 cipiet;
337 1107 436 1148 nec
460 1100 568 1145 tam
591 1077 658 1144 de
693 1089 996 1159 praeteritis
1027 1089 1187 1143 malis
1212 1104 1372 1160 quam
1403 1089 1472 1144 de
1501 1098 1695 1144 ventu-

58 1189 179 1242 ris
213 1186 462 1256 cogitans
487 1184 664 1251 bonis,
707 1197 812 1236 non
853 1197 921 1236 ex
965 1189 1308 1250 peccatorum
1340 1196 1583 1237 mmrore
1611 1183 1692 1235 la-

65 1292 361 1349 crymas,
411 1276 505 1332 sed
558 1289 622 1328 ex
672 1283 889 1328 aeternae
960 1273 1106 1327 illius
1155 1273 1360 1328 laetitiae
1416 1275 1695 1329 alacritate

67 1368 424 1439 profundet,
442 1377 605 1436 atque
627 1365 957 1420 obliviscens
979 1381 1038 1419 ea
1059 1381 1181 1434 quae
1208 1366 1511 1434 posteriora
1548 1378 1692 1435 sunt,

73 1462 151 1518 id
191 1468 298 1527 est,
333 1459 570 1514 carnalia
599 1457 749 1518 vitia,
774 1457 841 1511 ad
881 1473 944 1512 ea
972 1472 1090 1526 qum
1117 1458 1170 1510 in
1201 1468 1326 1513 ante
1353 1468 1479 1513 sunt
1508 1469 1696 1514 exten-

73 1554 284 1617 detur,
326 1551 428 1606 hoc
455 1560 557 1616 est,
602 1549 866 1619 spiritalia
895 1547 1038 1602 dona
1079 1560 1240 1619 atque
1269 1550 1519 1606 virtutes.

709 1660 936 1716 CAPUT
983 1659 1076 1715 IX.

1791 449 1898 506 tur,
1930 441 2210 512 implicans
2237 453 2358 498 eam
2382 443 2635 499 sordibus
2678 441 2862 501 mundi
2895 445 3084 517 'bujus,
3104 461 3165 506 'et
3189 449 3384 522 prelo.

1790 540 1922 588 cans
1945 533 2114 589 fetore
2139 535 2417 590 vitiorum.
2443 533 2582 590 Dum
2625 537 2767 592 enim
2818 540 3015 596 "recolis
3055 551 3117 596 ea
3149 556 3269 614 qua:
3299 561 3386 603 se-

1791 627 2024 681 cundum
2053 629 2352 698 principem
2384 629 2566 684 saeculi
2595 631 2708 686 Sive
2732 635 2832 701 per
2854 633 3226 702 ignorantiam
3272 641 3388 698 sive

1791 719 2187 790 pet-lasciviam
2219 721 2559 789 commisisti,
2590 721 2646 777 u’t
2689 724 2982 781 concedam
3010 719 3111 782 tibi
3133 705 3138 710 ’
3157 730 3302 799 quod
3332 733 3386 788 in

1793 811 1894 866 hac
1921 813 2247 881 cogitatione
2268 814 2448 882 posito
2474 813 2764 871 oblectatio
2775 809 2924 873 nulla
2946 818 3220 892 subrepat,
3239 832 3386 882 certe

1793 905 2030 973 antiquae
2056 905 2362 972 putredinis
2388 905 2473 961 vel
2500 909 2614 962 sola
2657 911 2904 981 contagio
2941 923 3166 969 necesse
3215 925 3295 971 eat
3327 928 3387 974 ut

1794 998 1937 1050 tetro
1968 1007 2205 1050 mentem
2249 997 2422 1053 fetore
2449 1011 2781 1070 corrumpat,
2813 1013 2869 1058 et
2896 1003 3192 1073 spiritalem
3220 1011 3386 1064 virtu-

1797 1097 1904 1142 tum
1930 1088 2319 1158 ‘fragrantiam,
2349 1090 2403 1146 id
2448 1103 2554 1161 est,
2587 1097 2904 1152 suavitatem
2931 1097 3057 1154 boni
3084 1100 3266 1157 odoris
3292 1120 3386 1161 ex-

1794 1181 2155 1236 cludat.'Cum
2203 1189 2333 1253 ergo
2382 1188 2777 1254 praeteritorum
2829 1197 3088 1250 memoria
3129 1197 3382 1256 vitiorum

1794 1273 2091 1343 pulsaverit
2120 1289 2359 1341 sensum,
2410 1279 2478 1331 ita
2510 1279 2581 1334 ab
2610 1295 2673 1335 ea
2718 1275 3065 1341 resiliendum
3112 1301 3214 1358 est,
3247 1293 3388 1348 sicut

1795 1362 1994 1434 refugit
2021 1366 2104 1418 vir
2124 1366 2392 1422 'bonestus
2422 1378 2477 1424 et
2508 1373 2705 1441 gravis,
2731 1374 2776 1428 si
2807 1375 3091 1447 impudica:
3116 1396 3178 1436 ac
3198 1395 3387 1453 proca-

1803 1456 1881 1510 cis
1907 1456 2119 1512 fcm‘inae
2149 1460 2199 1512 in
2236 1461 2450 1528 publico
2479 1471 2571 1516 aut
2616 1465 2902 1536 colloquiis
2932 1477 3023 1524 aut
3050 1471 3388 1542 amplexibus

1797 1559 2098 1620 appetatur.
2119 1551 2228 1620 Qui
2253 1555 2442 1621 utique
2465 1555 2575 1609 nisi
2601 1571 2661 1612 se
2689 1563 2716 1611 s
2745 1568 2994 1617 contactu
3024 1564 3140 1634 eius
3162 1566 3389 1622 festinus

1803 1644 2149 1707 obstrinxerit,
2185 1654 2246 1699 et
2291 1645 2376 1700 vel
2425 1648 2792 1705 brevissimam
2833 1668 3040 1709 moram
3089 1657 3390 1715 inhonestae

87 1757 270 1825 Quod
302 1756 443 1809 utilis
473 1757 542 1836 sit
570 1754 813 1824 perfectis
840 1751 1028 1836 oblivio
1052 1753 1292 1836 peccati,
1311 1763 1359 1807 et
1386 1753 1525 1823 quod
1545 1755 1697 1826 ﬂagi-
1731 1725 1778 1798 Β
1805 1737 2256 1836 ξοηῖξὶδυιλιίοηίε
2285 1739 2600 1836 3d_misel'il.
2627 1745 2837 1799 etiamsi
2861 1761 3183 1804 consensum
3215 1751 3392 1820 impu-

487 1829 677 1879 tiorum
706 1825 994 1878 recordatio
1021 1824 1086 1878 sit
1114 1824 1344 1877 vitanda.

181 1920 454 1974 Caeterum
491 1918 635 1988 quod
662 1919 822 1988 paulo
847 1926 973 1972 ante
1009 1917 1193 1972 dixisti
1214 1959 1228 1978 ,
1258 1926 1310 1972 te
1338 1918 1499 1972 etiam
1529 1919 1596 1974 de
1627 1919 1706 1973 in-

1805 1831 1999 1886 dendae
2030 1841 2249 1903 respuat
2277 1834 2596 1905 voluptatis,
2627 1837 2866 1894 infamiae
2910 1851 3087 1897 tamen
3117 1859 3180 1899 ac
3203 1860 3392 1914 repre-

1811 1924 2087 1980 bensimtis
2137 1935 2314 1980 notam
2359 1937 2673 1983 cunctorum
2720 1936 3159 2000 praetereuntium
3184 1936 3395 2006 judicio

88 2015 316 2069 dustria
354 2013 756 2083 praeteritorutn
790 2021 1142 2082 peccatorum
1190 2011 1508 2067 memoriam
1539 2020 1712 2068 retra—
1807 2033 1914 2072 non
1947 2019 2157 2074 evadet.
2192 2019 2268 2074 lta
2296 2019 2462 2090 igitur
2481 2022 2644 2077 etiam
2675 2038 2774 2078 nos
2820 2036 3032 2094 oportet
3077 2043 3200 2083 cum
3230 2029 3394 2086 τηρεῖ-

91 2118 268 2163 ctare
292 2147 307 2171 ,
343 2115 366 2140 ’ί
402 2105 508 2158 hoc
538 2104 652 2158 ﬁeri
695 2105 914 2173 penitus
945 2120 1050 2160 non
1096 2113 1344 2174 oportet,
1405 2103 1708 2173 quinimmo

93 2200 334 2256 etiamsi
383 2199 646 2254 violenter
697 2199 1008 2268 irrepserit,
1064 2199 1312 2268 protinus
1363 2200 1704 2254 extrudatur.

94 2295 342 2349 Multum
373 2307 601 2363 namque
648 2292 880 2348 retrahit
919 2302 1152 2348 mentem
1183 2308 1212 2347 a
1249 2294 1708 2364 contemplatione

1808 2126 1928 2197 mus
1952 2113 2002 2164 in
2039 2112 2346 2181 hujusmodi
2365 2115 2716 2185 cogitationes
2737 2118 2992 2184 pestifera
3021 2123 3396 2181 recordatione

1808 2203 2048 2267 deducti,
2079 2207 2271 2272 raptim
2302 2205 2369 2258 ab
2396 2219 2579 2260 earum
2607 2210 3062 2278 contemplatione
3088 2214 3389 2281 discedere,

1809 2292 1862 2351 et
1906 2297 2137 2365 implere
2166 2296 2298 2350 illud
2325 2297 2465 2367 quod
2493 2313 2524 2352 a
2554 2297 2844 2358 Salomone
2899 2305 3205 2374 praecipitur
3238 2324 3251 2358 :
3279 2301 3388 2363 Sed

1179 2429 1442 2484 ALABDI
1477 2429 1715 2485 GAZAEI
1751 2429 2311 2488 COMMENTARIUS.

102 2545 387 2613 corrigere
417 2554 468 2599 et
494 2544 758 2614 castigare
789 2544 1095 2614 negligant,
1129 2543 1314 2613 eisque
1344 2543 1579 2612 segniter
1611 2542 1695 2596 in-

103 2617 339 2682 dulgent
379 2626 470 2669 aut
508 2616 872 2670 dissimulant.
903 2616 982 2670 'lta
1008 2614 1069 2668 D.
1099 2614 1390 2683 Gregorius
1419 2617 1479 2668 lin
1508 2614 1700 2668 Pasto-

105 2689 212 2742 rali
241 2685 392 2758 (Cap.
425 2686 519 2757 26)
545 2703 557 2739 :
593 2687 654 2741 Si
681 2685 1001 2740 medicinalis
1027 2688 1154 2738 artis
1186 2687 1396 2738 minime
1423 2685 1592 2756 ignari
1617 2701 1698 2738 se-

107 2759 340 2811 candum
370 2759 554 2811 vulnus
599 2767 881 2822 cernerent,
912 2765 958 2810 et
990 2765 1162 2809 tamen
1190 2773 1364 2810 secure
1389 2766 1700 2820 recusarent,

108 2833 352 2899 profecto
382 2838 647 2898 peccatum
669 2830 908 2898 fraterna:
924 2828 1102 2899 mortis
1117 2843 1180 2880 ea:
1205 2828 1316 2879 solo
1343 2837 1545 2899 torpore
1564 2844 1702 2880 com-

108 2896 396 2954 mitterent.
422 2899 627 2964 Quanta
651 2896 769 2969 ergo
792 2899 944 2968 culpa
966 2896 1306 2958 involvantur,
1327 2898 1597 2969 aspiciant.
1618 2899 1704 2967 qui

109 2973 578 3041 dum'cognoscunt
609 2968 821 3024 vulnera
848 2971 1115 3034 mentium,
1147 2986 1328 3022 curare
1358 2968 1617 3038 negligant
1644 2984 1702 3022 ea

109 3044 346 3098 sectione
373 3047 658 3096 verborum.
682 3041 829 3095 Unde
850 3051 898 3094 et
915 3041 1038 3094 bene
1050 3056 1139 3107 per
1159 3042 1462 3110 prophetam
1484 3041 1672 3110 dicitur
1686 3055 1704 3092 :

112 3113 432 3168 Maledictus
461 3115 547 3178 qui
572 3113 806 3178 prohibet
833 3112 1064 3182 gladium
1089 3109 1285 3164 suum-a
1303 3111 1563 3182 sanguine
1592 3109 1704 3180 (Je-

114 3201 252 3240 rem.
283 3183 486 3255 XLVIII).
510 3183 760 3239 Gladium
774 3181 967 3254 quippe
985 3200 1018 3236 a
1043 3183 1295 3254 sanguine
1318 3181 1607 3255 prohibere,
1633 3193 1706 3255 est

120 3253 510 3324 praedicationis
532 3255 736 3308 verbum
765 3253 796 3308 α
827 3255 1052 3308 carnalis
1073 3255 1190 3308 vita:
1208 3253 1558 3324 interfectione
1578 3253 1705 3304 reti-

120 3321 266 3380 nere.
297 3324 372 3378 De
400 3334 500 3396 quo
530 3343 734 3378 rursum
763 3324 937 3396 gladio
963 3325 1150 3396 dicitur
1174 3341 1190 3376 :
1217 3321 1288 3376 'Et
1326 3321 1530 3396 gladius
1566 3337 1706 3396 meus

1803 2546 1854 2600 in
1879 2545 1965 2625 bis
1995 2546 2373 2625 collationibus
2417 2547 2769 2625 disserentes,
2817 2553 3059 2625 pluribus
3083 2556 3137 2610 in
3171 2557 3323 2625 locis,
3352 2578 3384 2616 e

1802 2619 1996 2694 quibus
2029 2618 2165 2694 baec_
2188 2619 2738 2694 prgacipuegnotanda.
2770 2618 2948 2679 Abbas
2978 2625 3236 2694 Serapion
3272 2618 3385 2684 col-

1804 2687 1895 2741 lat.
1915 2689 1958 2767 Δ5
1982 2687 2171 2767 cap._4
2201 2707 2212 2740 :
2249 2688 2692 2767 Pttritati,_inqttit
2713 2734 2727 2759 ,
2763 2695 3084 2767 studentibus
3109 2687 3392 2767 plurimum

1803 2759 2288 2842 confertutltar-um
2308 2759 2608 2842 carnalium
2641 2765 2938 2842 passionum
2979 2759 3225 2823 materias
3253 2773 3394 2842 ipsas

1801 2832 1895 2883 sibi
1931 2832 2168 2905 primitus
2204 2831 2554 2905 subtrahunt,
2580 2835 2762 2903 quibus
2787 2844 2952 2905 potest
2983 2840 3062 2891 vel
3087 2831 3288 2894 occasio
3315 2843 3393 2896 vel

1805 2902 2092 2976 recordatio
2100 2901 2397 2976 earumdem
2419 2901 2713 2976 passionum
2732 2901 3006 2976 (egrotanti
3018 2909 3192 2963 adhuc
3208 2913 3395 2966 animo?

1803 2974 2056 3049 generari.
2092 2971 2312 3049 Necesse
2357 2985 2441 3049 es_t_
2475 2975 2609 3026 enim
2640 2985 2696 3027 ut
2741 2971 2917 3049 morbo
2956 2980 3153 3049 duplici
3199 2983 3396 3048 duplex

1803 3043 2104 3120 adhibeatur
2134 3044 2350 3096 curatio.
2388 3043 2526 3097 Nam
2549 3048 2771 3115 corpori,
2802 3064 2865 3101 ne
2891 3043 3306 3120 concupiscentia
3332 3055 3388 3108 in

1805 3112 2041 3192 e/jectum
2065 3123 2224 3192 tentet
2242 3131 2593 3186 prorumpere,
2623 3112 2910 3192 necessario
2933 3112 3119 3192 eﬂigies
3157 3133 3205 3176 et
3233 3136 3393 3178 mate-

1807 3186 1888 3262 ria
1913 3185 2260 3262 subit-attendo
2289 3196 2364 3238 est
2380 3204 2404 3262 _;
2437 3185 2498 3262 et
2547 3190 2735 3242 animle
2771 3185 3139 3262 nihilominus,
3172 3211 3237 3250 ne
3283 3212 3398 3250 eam

1807 3257 1884 3310 uel
1914 3257 2504 3335 cogitationeconcipiat
2527 3299 2538 3319 ,
2572 3262 2814 3335 attentior
2843 3265 3107 3318 meditatio
3128 3257 3137 3262 ’
3158 3265 3399 3335 Scripta-

1809 3344 2010 3401 rarum,
2051 3337 2098 3381 et
2123 3329 2418 3401 sollicitudo
2456 3331 2694 3401 pervigil,
2746 3348 2806 3384 ac
2849 3335 3058 3388 remotio
3101 3329 3398 3393 solitudinis

116 3395 454 3450 manducubit
480 3408 658 3451 carnes
685 3395 1131 3468 (Qeuteerxu).
1158 3397 1235 3468 Et,
1250 3396 1437 3450 Petrus
1466 3395 1703 3448 Damiani
1735 3405 1780 3468 ρ
1811 3399 2005 3468 utiliter
2029 3399 2355 3467 apponenda.
2392 3395 2522 3453 Item
2570 3395 2732 3456 abbas
2760 3403 2995 3458 Joannes
3035 3407 3214 3460 collat.
3250 3409 3318 3464 i9
3343 3423 3395 3465 c.

126 3468 274 3539 (Lib.
299 3483 357 3548 tv
397 3470 545 3548 epist.
578 3469 642 3536 5)
686 3485 698 3520 :
733 3465 852 3532 Ille,
883 3465 1348 3548 inquit,gladium
1376 3468 1649 3548 compescit
1679 3482 1709 3519 a

119 3537 539 3608 sanguine,'qui
598 3547 808 3609 peccata
868 3537 1272 3608 delinquentium
1335 3538 1550 3608 negligit
1600 3538 1709 3590 vin-

120 3612 320 3664 dicare.

198 3692 220 3716 ³
254 3681 453 3749 Nempe
478 3681 906 3750 praeteritorum,
933 3689 990 3731 ut
1029 3687 1152 3732 ante
1179 3678 1333 3740 dixit,
1364 3685 1706 3750 peccatorum

121 3752 442 3806 memoriam
489 3749 806 3805 retractare.
836 3749 987 3816 Quod
1027 3750 1094 3803 de
1124 3750 1354 3815 peccatis
1402 3749 1709 3801 carnalibus

121 3831 184 3876 et
207 3822 450 3876 venereis
473 3821 874 3890 intelligendum
907 3829 1084 3886 est,ut
1111 3820 1310 3873 indicat
1338 3819 1495 3890 etiam
1524 3818 1710 3890 titulus

121 3893 290 3959 hujus
318 3908 461 3959 cap.,
494 3897 581 3962 qui
609 3888 783 3962 tamen
813 3892 951 3961 apud
980 3901 1226 3944 auctores
1245 3889 1484 3962 nonnibil
1511 3888 1706 3962 variat}

125 3957 252 4036 nam
288 3957 571 4036 Dionysius
611 3972 664 4017 et
683 3957 970 4036 ‘Ciaconius
997 3963 1203 4036 habent
1226 3978 1244 4036 :_
1291 3959 1439 4024 Quod
1467 3958 1607 4036 utilis
1646 3957 1710 4036 sit

127 4035 364 4105 perfectis
391 4029 572 4088 oblivio
600 4033 817 4104 peccati,
848 4035 1056 4101 etquod
1077 4033 1393 4105 flagitiorum
1426 4029 1711 4105 recordatio

126 4100 198 4159 sit
221 4106 447 4158 vitanda.
475 4100 744 4172 Cuychius
767 4119 916 4168 vero,
931 4100 1228 4158 secundum
1255 4103 1541 4155 editionem
1561 4100 1713 4152 Plan-

128 4177 390 4229 tioianam
438 4187 494 4230 et
540 4175 898 4229 Basileensem
936 4192 950 4231 ;
983 4174 1134 4238 Quod
1172 4173 1315 4225 utilis
1357 4174 1422 4224 sit
1453 4172 1715 4239 profectus

131 4246 240 4300 obli
274 4248 325 4297 io
341 4247 549 4310 peccati,
567 4246 759 4313 etquod
771 4246 1090 4313 ﬂagitiorum
1107 4243 1391 4298 recordatio
1404 4244 1466 4295 sit
1483 4242 1711 4305 vitanda,

131 4316 230 4369 ubi
254 4330 384 4368 sane
409 4317 664 4385 profectus
694 4315 990 4369 redundare
1016 4316 1249 4378 videtur,
1272 4329 1392 4366 cum
1421 4315 1621 4385 absque
1651 4327 1714 4366 eo

131 4387 352 4456 planior
377 4382 432 4440 et
462 4382 616 4454 plena
643 4388 712 4438 sit
751 4387 1010 4440 sententia
1042 4403 1054 4437 :
1091 4386 1240 4448 Quod
1267 4385 1407 4456 utilis
1433 4385 1498 4435 sit
1531 4382 1716 4456 oblivio

134 4452 352 4527 peccati,
383 4452 512 4520 etc},
543 4456 920 4527 quasidiceret
952 4455 1344 4527 non_cujusvis_
1364 4455 1590 4527 peccati,
1623 4452 1717 4505 sed

137 4525 480 4595 ﬂagitiorum,
507 4525 570 4581 ut
588 4526 767 4580 statim
795 4528 1034 4594 exponit.
1061 4525 1282 4593 Flagitia
1307 4525 1568 4593 siquidem
1599 4540 1719 4592 pro-

138 4603 256 4667 prie
286 4599 555 4663 dicuntur,
582 4613 684 4651 non
711 4598 967 4664 qutelibvt
994 4598 1141 4661 vitia,
1179 4599 1268 4649 sed
1303 4596 1568 4667 praccijiue
1592 4609 1717 4667 pec-

137 4665 260 4721 cata
290 4670 465 4722 carnis
487 4679 579 4722 aut
608 4670 852 4731 luxuriae,
881 4672 1001 4736 quia
1035 4670 1212 4733 turpia
1235 4709 1248 4729 ,
1277 4666 1515 4728 servilia,
1546 4674 1601 4716 et
1624 4665 1722 4736 ﬂa-

121 4738 252 4806 ‘gris
276 4739 452 4808 digna.
479 4740 631 4795 Unde
648 4737 835 4791 Cicero
855 4735 908 4792 in
929 4737 1128 4793 Catone
1154 4741 1371 4808 Stupro,
1388 4738 1479 4802 ait,
1496 4745 1542 4808 et
1570 4735 1722 4808 adul-

139 4810 292 4876 teria,
311 4806 356 4863 et
383 4827 529 4864 omne
555 4810 658 4863 tale
677 4811 952 4880 ﬂagitium,
982 4809 1142 4862 nullis
1169 4810 1285 4880 aliis
1306 4807 1552 4880 illecebris
1579 4806 1719 4880 exci-

141 4881 264 4942 tari,
305 4882 405 4934 nisi
435 4877 833 4950 voluptatistt
879 4883 929 4933 in
978 4895 1014 4932 ιι
1040 4881 1107 4933 de
1154 4879 1397 4941 Finibus,
1432 4877 1720 4950 ﬂagitiosas

141 4961 302 5003 vocat
331 4952 596 5005 libidines.
629 4952 943 5018 Huiusmodi
991 4965 1151 5018 porro
1182 4957 1418 5018 peceata,
1452 4962 1556 5000 non
1590 4949 1724 5002 resi-

138 5022 349 5081 stendo.
383 5030 439 5076 ut
480 5023 586 5075 alia
634 5024 788 5085 vitia,
816 5023 909 5076 sed
945 5020 1347 5090 fugiendo,rboc
1394 5027 1496 5090 est,
1531 5031 1717 5090 eorum

140 5094 573 5147 recordationem
602 5103 658 5148 et
695 5088 1076 5161 cogitationem
1119 5089 1330 5161 penitus
1380 5088 1719 5161 excludendo

141 5162 452 5228 vincuntur,
484 5174 540 5218 ut
569 5164 702 5217 alias
727 5158 871 5230 saepe
905 5163 1103 5215 dictum
1122 5158 1212 5215 est
1241 5159 1470 5229 (Collat.
1506 5158 1571 5230 479
1602 5174 1715 5230 cap.

138 5231 267 5302 16),
288 5243 341 5287 et
369 5243 513 5301 patet
543 5249 610 5289 ex
655 5244 768 5287 toto
806 5229 1060 5287 contextu
1094 5231 1252 5299 hujus
1281 5231 1492 5298 capitis.
1527 5229 1720 5298 Hujus-

141 5304 286 5356 tnodi
317 5319 447 5373 ergo
472 5304 862 5372 prmteritorum
904 5318 1000 5357 seu
1027 5303 1114 5356 diu
1144 5302 1551 5373 commissorum
1593 5314 1718 5367 pec-

138 5371 401 5428 catorum'
415 5371 723 5429 memoriam
758 5383 1049 5429 retractare
1075 5387 1139 5427 ac
1181 5371 1460 5426 revolvere
1490 5385 1594 5423 non
1621 5386 1722 5424 ex-

127 5443 319 5513 pedit;
347 5444 470 5514 quia
501 5459 606 5514 quo
633 5445 802 5513 magis
849 5446 1150 5514 cogitantur
1187 5451 1253 5514 et
1287 5442 1636 5514 revolvuntur
1669 5442 1720 5496 in

127 5512 480 5585 sparticulari,
506 5512 574 5569 eo
600 5512 860 5582 majorem
909 5512 1139 5568 aderunt
1165 5513 1370 5566 vitiosae
1405 5512 1636 5564 libidinis
1667 5520 1722 5585 et

143 5583 435 5652 voluptatis
454 5586 785 5649 illec'ebram,
818 5597 870 5639 et
896 5585 1218 5639 incentivum
1243 5624 1256 5644 ,
1280 5591 1372 5636 aut
1397 5591 1543 5635 certe
1577 5583 1720 5650 peri-

141 5656 348 5720 culum,
374 5665 432 5706 ut
449 5656 609 5710 docet
637 5657 695 5711 S.
730 5656 962 5710 Thomas
991 5671 1160 5723 nuper
1185 5655 1236 5707 in
1263 5653 1363 5708 hoc
1403 5664 1721 5721 argumento

127 5735 367 5796 ﬂutas.
384 5725 566 5793 Quam
585 5727 889 5782 doctrinam
913 5729 1233 5782 continuant
1255 5727 1415 5781 etiam
1433 5726 1518 5779 alii
1537 5725 1724 5780 Patres

1817 3471 1882 3523 16
1905 3467 2124 3547 :Contra
2158 3472 2510 3547 fornicationis
2536 3474 2771 3547 spiritum
2797 3474 2998 3528 diversa
3023 3479 3156 3547 ratio
3185 3479 3398 3547 (supple

1811 3541 2076 3610 conandi)
2097 3548 2143 3610 et
2167 3541 2345 3607 dispar
2368 3551 2441 3592 est
2463 3557 2638 3594 causa.
2669 3541 2810 3594 Nam
2829 3541 3257 3609 quemadmodum
3276 3541 3400 3602 ἐὸν-

1807 3611 1927 3678 ’ρονὶ
1962 3608 2081 3662 usus
2114 3608 2347 3662 libidinis
2376 3612 2641 3676 carnisque
2667 3608 2919 3676 vicinitas,
2953 3615 3024 3665 ita
3063 3617 3215 3666 etiam
3241 3621 3399 3671 menti

1813 3683 2061 3755 memoria
2088 3682 2198 3749 ejus
2222 3688 2293 3731 est
2309 3680 2906 3755 penitus_sub_trahenda.
2936 3682 3078 3755 Satis
3100 3686 3232 3755 enim
3272 3703 3393 3755 per-

1811 3751 2061 3823 niciosum
2098 3741 2172 3801 est
2197 3788 2212 3810 ,
2249 3741 2418 3823 adhuc
2433 3749 2663 3823 inﬁrmis
2706 3751 2956 3820 agrisque
2999 3741 3283 3823 chtort'buti
3320 3759 3400 3810 vel

1813 3818 2589 3891 tenuissimamrecordationem
2629 3822 2786 3891 hujus
2813 3818 3065 3891 passionis
3103 3825 3396 3891 admittere,

1813 3899 1917 3961 etc.
1957 3889 2092 3961 Haec
2133 3887 2234 3954 illi,
2265 3888 2614 3961 quibusnon
2667 3887 2927 3958 repugnat
2955 3894 3096 3961 quod
3144 3887 3398 3959 superius

1813 3960 1992 4036 docuit.
2032 3961 2255 4036 Auctor,
2284 3959 2400 4012 sive
2442 3958 2606 4036 abbas
2657 3958 3138 4036 Pinullus_(Collat.
3171 3958 3241 4017 '20
3271 3981 3393 4036 cap.

1816 4029 1908 4100 7),
1940 4032 2310 4098 paenitentiam
2341 4030 2624 4099 agentibus
2654 4045 2757 4084 non
2800 4029 2958 4085 modo
2991 4033 3194 4095 utilem,
3225 4029 3400 4091 sed'et

1815 4102 2180 4154 necessarium
2203 4116 2323 4154 esse
2346 4111 2688 4170 peccatorum
2719 4103 3167 4168 recordationem,
3193 4115 3245 4157 ut
3269 4120 3392 4162 cum

1811 4171 1920 4240 jugi
1974 4174 2204 4237 pectoris
2247 4173 2333 4226 sui
2379 4174 2694 4226 contusione
2723 4173 3057 4241 proclamant
3090 4193 3102 4228 :
3137 4175 3394 4242 Quoniam

1814 4245 2132 4310 iniquitatem
2179 4259 2339 4296 meam
2381 4259 2470 4310 ego
2517 4258 2795 4313 cognosco,
2826 4253 2875 4298 et
2924 4255 3184 4312 peccatum
3234 4263 3401 4303 meum

1817 4324 1995 4366 contra
2034 4331 2112 4367 me
2154 4323 2227 4384 est
2263 4328 2458 4384 semper
2483 4311 2653 4376 (Psal.
2686 4319 2764 4381 ι),
2808 4315 2892 4369 ubi
2925 4311 3078 4384 plura
3121 4319 3219 4373 hac
3243 4319 3310 4372 de
3336 4335 3397 4376 re

1817 4387 2141 4458 notavimus.
2173 4383 2346 4458 Utilis
2371 4385 2512 4458 enim
2544 4396 2624 4437 εει
2676 4383 3015 4453 peccatorum
3067 4389 3397 4458 recordatio,

1787 4459 1876 4507 'ut
1906 4456 2024 4522 quis
2053 4454 2282 4508 admissa
2316 4454 2510 4506 deﬂeat
2544 4464 2598 4507 et
2656 4458 2869 4522 puniat;
2899 4473 3002 4511 non
3030 4458 3103 4512 ita
3135 4469 3309 4513 tamen
3343 4454 3402 4513 ut

1821 4526 1872 4578 in
1914 4539 2098 4600 eorum
2129 4526 2459 4600 assidua_au_t
2492 4525 2694 4600 diutina
2722 4528 3061 4600 cogitatione,
3088 4543 3182 4583 seu
3213 4529 3402 4600 imagi-

1823 4595 2065 4669 natione,
2091 4610 2185 4669 seu
2212 4595 2566 4669 revolutione,
2596 4597 2930 4669 immoretur.
2959 4599 3108 4666 Quod
3134 4595 3402 4669 praecipue

1821 4667 1995 4719 locum
2032 4666 2192 4718 habet
2241 4667 2290 4718 in
2317 4667 2567 4737 peccatis
2595 4668 2929 4732 carnalibus,
2965 4679 3021 4722 ut
3064 4666 3264 4724 dictum
3294 4666 3400 4737 ἔδει,

1749 4775 1800 4834 D
1828 4737 1984 4818 idque
2017 4736 2327 4817 taquttoad
2355 4737 2501 4789 viros
2531 4737 2813 4834 perfelctos,
2837 4741 2929 4808 qui
2957 4740 3110 4808 longa
3137 4742 3404 4834 pmuiten;

1827 4809 1894 4882 tia
1928 4807 2215 4882 praeterita:
2230 4807 2614 4882 vitaemaculas
2634 4807 3029 4882 absterserunt,
3044 4807 3202 4878 quam
3226 4812 3402 4882 quoad

1826 4877 2174 4944 imperfectos
2204 4889 2256 4930 et
2288 4877 2608 4942 imbecilles,
2640 4879 2732 4933 sed
2765 4879 2976 4931 diversa
3003 4877 3400 4936 rationefNam

1825 4946 2153 5013 imperfectts
2168 4949 2378 5015 quidem
2405 4949 2562 5001 noxia
2582 4949 2980 5019 est'recordatio
2993 4951 3261 5016 ejusmodi
3280 4967 3406 5019 pec-

1825 5029 2096 5082 catorum,
2136 5027 2190 5072 ut
2215 5033 2280 5073 ex
2320 5019 2476 5071 dictis
2503 5027 2677 5087 patet,
2710 5019 2780 5073 ob
2827 5018 3164 5087 fragilitatem
3197 5018 3405 5076 natura:

1824 5100 2096 5157 corrupta:
2123 5099 2176 5142 et
2206 5089 2497 5157 periculum
2523 5091 2724 5143 vitiosa:
2755 5089 3151 5144 oblectationis.
3185 5091 3260 5146 De
3291 5092 3407 5146 tali-

1825 5159 1925 5213 bus
1943 5161 2084 5213 enim
2107 5161 2443 5226 potissimum
2471 5158 2989 5228 quuiturapostolus
3005 5159 3256 5226 Jacobus,
3278 5177 3400 5217 cum

1822 5232 1899 5283 ait
1929 5248 1941 5281 :
1976 5230 2335 5300 Unusquisque
2383 5238 2612 5301 tentatur
2643 5247 2676 5283 a
2713 5231 3130 5301 concupiscentia
3161 5249 3256 5286 sua
3289 5232 3408 5286 abs-

1828 5298 2345 5384 tractus”etillectu.s
2386 5298 2540 5369 (Jac.
2567 5300 2644 5384 ι).
2678 5298 2936 5355 Perfectis
2965 5311 3240 5384 verm-aut
3281 5318 3405 5384 pro-

1825 5371 2152 5434 ﬁcientibus,
2177 5385 2296 5424 cum
2322 5371 2421 5424 bac
2438 5371 2720 5424 occasione
2741 5379 2774 5423 ‘a
2801 5371 3268 5440 contemplationis
3289 5373 3408 5427 dul-

1825 5441 2041 5505 cedine,
2074 5442 2337 5495 orationis
2366 5441 2579 5494 fervore
2610 5451 2663 5494 et
2691 5441 2884 5493 fiducia
2915 5443 3142 5510 aliisque
3170 5443 3407 5497 sanctio—

1829 5512 1979 5566 ribus
2006 5513 2278 5567 exercitiis
2325 5510 2742 5574 abstrahuntur;
2792 5511 2932 5580 quod
2982 5512 3250 5580 praecipue
3285 5524 3408 5580 spe-

1827 5589 2001 5638 etasse
2044 5583 2253 5635 videtur
2296 5583 2462 5633 abbas
2510 5582 2561 5634 in
2597 5580 2699 5634 hoc
2741 5579 2935 5648 rapite,
2967 5579 3022 5637 et
3061 5579 3172 5651 prtia
3215 5597 3276 5638 se
3303 5579 3413 5636 fert

1826 5653 1994 5710 titulis
2021 5654 2114 5708 ille
2137 5667 2167 5706 a
2192 5652 2449 5718 Dionysio
2468 5663 2518 5704 et
2550 5652 2671 5706 aliis
2691 5653 2963 5720 praeﬁxae.
