4022 6192
584 219 613 276 1
624 217 723 274 {67

578 426 691 479 loco
713 425 848 494 ejus,
877 436 1039 489 neque
1067 418 1302 472 intendas
1328 415 1477 468 oculo
1508 424 1597 467 tuo
1618 414 1672 467 in
1701 430 1812 467 eam
1837 414 1855 484 (
1884 412 2041 467 Prov.
2069 414 2165 482 v);

581 530 653 569 ne
680 515 920 568 videntes
954 525 1053 564 nos
1074 509 1253 578 angeli
1295 504 1585 560 immundis
1612 520 1674 559 ac
1698 505 1943 575 turpibus
1968 504 2170 576 cogita-

578 604 819 659 tionibus
850 600 1141 662 involutos,
1175 613 1280 651 non
1329 598 1532 665 possint
1562 595 1629 650 de
1659 595 1813 650 nobis
1843 602 2168 664 praetereun-

580 709 663 752 tes
688 696 871 751 dicere
894 709 909 748 :
941 690 1236 745 Benedictio
1260 689 1469 743 Domini
1495 706 1647 760 super
1675 706 1789 755 vos,
1819 689 2170 743 benediximus

580 787 721 839 vobis
750 787 803 837 in
848 784 1053 836 nomine
1092 779 1301 835 Domini
1344 778 1525 852 (Psal.
1557 779 1804 847 cxxvut).
1833 779 2172 849 [inpossibile

580 890 815 944 namque
846 882 928 927 est
969 880 1201 927 mentem
1234 872 1389 927 bonis
1422 872 1840 942 cogitationibus
1871 870 2169 938 immorari,

582 980 709 1020 cum
734 964 760 1002 δ
791 964 1087 1033 principale
1117 963 1295 1018 cordis
1322 963 1388 1017 ad
1421 973 1603 1032 turpes
1633 971 1795 1033 atque
1826 971 2072 1017 terrenos
2091 963 2175 1017 in-

584 1061 751 1111 tuitus
779 1054 941 1110 fuerit
962 1055 1293 1108 devolutum.
1324 1053 1463 1108 Vera
1482 1062 1565 1107 est
1586 1054 1729 1107 enim
1753 1052 1845 1106 illa
1867 1052 2173 1107 Salomonis

581 1149 853 1203 sententia
880 1167 892 1200 :
931 1160 952 1185 °
991 1148 1144 1202 Oculi
1173 1148 1245 1200 tui
1275 1162 1390 1199 cum
1420 1146 1639 1200 viderint
1671 1144 1918 1213 alienam,
1951 1160 2006 1198 os
2029 1152 2175 1197 tuum

584 1250 709 1294 tunc
746 1241 979 1310 loquetur
1033 1255 1219 1309 prava,
1268 1246 1317 1290 et
1358 1237 1557 1309 jacebis
1603 1246 1864 1303 tamquam
1918 1236 1973 1288 in
2023 1236 2176 1289 corde

584 1346 771 1411 maris,
806 1353 853 1397 et
882 1344 1015 1396 sicut
1037 1342 1346 1411 gubernator
1378 1341 1432 1393 in
1462 1356 1653 1411 magna
1683 1346 2011 1409 tempestate;
2034 1337 2177 1391 dices

586 1455 760 1500 autem
792 1460 810 1499 :
840 1442 1115 1497 Ferierunt
1152 1458 1232 1495 me
1252 1482 1266 1507 ,
1295 1442 1385 1496 sed
1414 1458 1520 1495 non
1564 1440 1746 1507 dolui;
1794 1449 1839 1494 et
1878 1439 2180 1493 deluserunt

576 1564 686 1612 .me,
718 1564 809 1618 ego
832 1557 1006 1601 autem
1034 1546 1223 1600 nescivi
1252 1544 1437 1615 (Prov.
1470 1542 1645 1613 mn).
1679 1542 1963 1599 Derelictis
1990 1550 2174 1596 autem

585 1667 695 1707 non
713 1652 887 1706 solum
917 1650 1181 1720 turpibus,
1196 1649 1291 1705 sed
1312 1649 1474 1704 etiam
1504 1648 1736 1704 terrenis
1756 1646 2175 1719 cogitationibus

585 1754 871 1816 universis.
898 1753 1155 1823 erigenda
1202 1761 1285 1807 est
1334 1768 1551 1822 semper
1597 1752 1665 1807 ad
1694 1751 1936 1807 caelestia
1969 1758 2171 1805 nostrae

583 1857 783 1909 mentis
808 1854 1057 1917 intentio,
1089 1852 1383 1907 secundum
1424 1853 1720 1908 Salvatoris
1749 1854 1922 1907 nostri
1952 1858 2176 1906 senten-

584 1953 731 2007 tiam.
768 1950 866 2006 Ubi
887 1955 1020 2005 enim
1036 1968 1129 2021 ego
1158 1966 1295 2018 sum,
1324 1952 1517 2021 inquit,
1552 1952 1662 2005 illic
1689 1959 1738 2005 et
1775 1952 2009 2006 minister
2030 1966 2173 2005 meus

584 2055 683 2109 erit
714 2052 912 2125 (Joan.
959 2053 1091 2120 xu).
1119 2051 1271 2107 Solet
1318 2052 1461 2107 enim
1510 2051 1818 2122 frequenter
1844 2051 2089 2106 accidere
2116 2056 2177 2105 ut

583 2154 711 2211 dum
740 2153 826 2210 vel
856 2168 984 2209 suos
1013 2154 1097 2208 vel
1135 2153 1366 2207 aliorum
1411 2153 1599 2223 lapsus
1626 2153 2001 2223 imperitorum
2029 2153 2179 2224 quis-

584 2258 729 2329 piam
761 2254 1072 2311 miserantis
1106 2262 1363 2310 retractat
1393 2252 1617 2321 aﬂ‘ectu,
1652 2253 1767 2324 ipse
1811 2254 1976 2309 etiam
2008 2256 2176 2310 subti-

585 2357 783 2415 lissimi
806 2358 899 2414 teli
921 2356 1225 2427 voluptario
1264 2356 1660 2426 perstringatur
1696 2371 1951 2423 assensu;
1984 2366 2038 2412 et
2068 2357 2175 2412 ini-

586 2460 722 2514 tium
749 2458 851 2520 sub
879 2458 1060 2526 specie
1090 2458 1303 2527 pietatis
1333 2466 1601 2523 exortum,
1634 2458 1871 2511 obsceno
1898 2472 1962 2511 ac
2012 2458 2177 2513 noxio

586 2562 694 2617 fine
720 2558 1014 2615 concludit.
1047 2554 1076 2594 ἀ
1110 2557 1244 2612 Sunt
1274 2558 1418 2611 enim
1446 2559 1541 2611 vite
1564 2572 1678 2625 qua:
1701 2557 1938 2610 videntur
1955 2558 2181 2612 homini-

585 2664 678 2716 bus
693 2670 865 2727 rectm,
880 2660 1153 2714 novissima
1175 2667 1346 2712 autent
1367 2675 1546 2712 earum
1567 2659 1764 2713 venient
1786 2660 1839 2712 in
1859 2660 2180 2730 profundum

586 2762 783 2832 inferni
797 2761 981 2833 (Prov.
996 2761 1126 2831 xvi).
1148 2759 1487 2830 Quapropter
1508 2760 1833 2817 studendum
1848 2770 1930 2817 est
1952 2754 2181 2818 nobisa}

583 2864 842 2918 virtutum
875 2863 1054 2934 potius
1073 2861 1315 2932 appetitu
1334 2869 1388 2916 et
1408 2861 1683 2917 desiderio
1710 2862 1864 2933 regni
1888 2864 2175 2933 caelorum,

585 2982 747 3038 quam
777 2966 953 3022 noxiis
982 2965 1239 3020 vitiorum
1287 2962 1781 3033 recordationibus,
1816 2967 2179 3036 nosmetipsos

585 3071 651 3125 ad
679 3069 1148 3138 compunctionem
1179 3069 1501 3125 laudabilem
1526 3082 1903 3138 provocemus,
1929 3069 2052 3139 quia
2077 3084 2173 3124 ne-
2198 3074 2247 3139 α

581 3186 737 3227 cesse
763 3180 843 3227 est
882 3169 1085 3224 tamdiu
1122 3171 1426 3241 quempiam
1460 3169 1922 3239 pestilentissimis
1965 3170 2168 3227 cloacae

582 3274 846 3330 fetoribus
890 3271 1204 3344 praefocari,
1250 3271 1505 3343 quamdiu
1551 3286 1715 3343 supra
1764 3286 1885 3328 eam
1910 3283 2055 3330 stare
2082 3274 2171 3331 vel

583 3392 795 3433 cmnum
827 3376 943 3448 ejus
982 3375 1211 3433 voluerit
1240 3391 1585 3432 commovere

1643 200 1930 261 JOANNIS
1966 201 2281 259 CASSIANI
2317 196 2820 261 COLLATIONES.

578 343 607 372 ⁸
628 332 752 387 exili
781 327 968 403 [Lips.
999 328 1054 381 in
1076 325 1242 396 marg.
1270 322 1357 379 exi
1379 321 1424 393 ],
1456 321 1663 391 inquit,
1688 320 1796 374 noli
1836 320 2095 373 demorari
2120 320 2174 373 in
2198 324 2257 385 Α

3741 205 3877 266 H68

2906 318 3132 377 CAPUT
3168 316 3239 375 Χ.

2268 409 2350 468 De
2394 414 2764 485 satisfactionis
2828 412 3056 485 indicio,
3083 420 3131 465 et
3168 411 3434 467 oblivione
3489 415 3876 483 prieteritoruat

2912 498 3203 538 crtmmum.

2345 583 2369 611 ε
2401 572 2723 629 Noverimus
2752 583 2930 627 autem
2963 586 3091 638 nos,
3135 580 3193 627 ut
3237 587 3383 643 saepe
3426 573 3704 641 diximus,
3748 584 3870 632 tunc

2269 665 2485 721 demum
2513 680 2610 735 pro
2639 664 2929 735 praeteritis
2956 663 3282 719 satisfecisse
3310 665 3576 733 peccatis,
3613 680 3743 721 eum
3776 668 3873 737 ipsi

2273 766 2455 812 motus
2483 764 2647 825 atque
2675 755 2896 812 affectus
2927 770 3022 826 per
3051 771 3194 827 quos
3240 757 3550 825 paenitenda
3596 760 3873 814 commisi-

2274 863 2394 904 mus
2422 848 2624 903 fuerint
2649 848 2717 904 de
2744 848 2946 903 nostris
2982 847 3234 904 cordibus
3272 850 3556 918 amputati.
3603 850 3763 918 Quod
3802 862 3876 906 ta-

2274 955 2397 995 men
2426 939 2604 995 nullus
2632 940 2876 994 obtinere
2896 953 3057 1009 posse
3086 953 3145 995 se
3171 939 3355 995 credat
3374 980 3390 1004 ,
3438 942 3529 1011 qui
3573 957 3684 997 non
3729 944 3875 1013 prius

2276 1030 2421 1100 ipsas
2457 1044 2645 1085 causas
2671 1039 2830 1100 atque
2859 1031 3113 1085 materias
3145 1044 3243 1100 pro
3266 1031 3457 1101 quibus
3488 1033 3539 1086 in
3571 1032 3663 1086 illa
3703 1035 3875 1089 colla-

2276 1138 2407 1194 psus
2433 1133 2514 1179 est
2536 1123 2761 1180 crimina
2784 1122 2929 1178 omni
2951 1122 3176 1193 spiritus
3204 1123 3414 1179 fervore
3434 1124 3767 1193 succiderit;
3798 1137 3873 1192 ut.

2276 1215 2430 1271 verbi
2458 1215 2656 1286 gratia,
2688 1216 2733 1269 si
2764 1216 2816 1269 in
2848 1213 3260 1270 fornicationem
3288 1216 3371 1271 vel
3398 1216 3728 1273 adulterium
3758 1235 3878 1287 per-

2280 1310 2482 1387 niciosa
2513 1309 2829 1364 feminarum
2853 1307 3216 1367 familiaritate
3242 1307 3513 1378 collapsus
3537 1318 3640 1375 est,
3667 1325 3875 1366 summa

2281 1400 2624 1459 festinatione
2649 1402 2813 1458 etiam
2851 1402 3025 1472 ipsum
3071 1417 3255 1457 earum
3299 1402 3503 1458 devitet
3546 1415 3875 1475 aspectum;

2282 1504 2376 1550 aut
2416 1504 2584 1562 certe,
2633 1496 2677 1549 si
2705 1510 2801 1565 per
2826 1493 3209 1550 abundantiam
3236 1492 3345 1548 vini
3374 1496 3768 1567 epularumque
3794 1508 3878 1552 est

2282 1588 2562 1643 nimietate
2612 1601 2940 1652 succensus,
2998 1584 3245 1640 illicitam
3298 1584 3543 1641 ciborum
3593 1588 3875 1658 crapulam

2283 1693 2491 1734 summa
2535 1678 2869 1734 districtione
2915 1678 3162 1748 castiget.
3209 1676 3276 1731 Et
3314 1692 3552 1746 rursum,
3584 1679 3630 1734 si
3660 1680 3716 1734 in
3750 1695 3875 1749 per-

2276 1771 2498 1841 jurium,
2530 1778 2623 1825 aut
2648 1769 2881 1835 furtum,
2920 1778 3012 1823 aut
3057 1768 3402 1824 homicidium
3430 1811 3446 1837 ,
3492 1779 3587 1825 aut
3628 1771 3877 1841 blaSplie-

2281 1864 2465 1929 miam,
2497 1862 2842 1933 pecuniarum
2869 1860 3144 1915 desiderio
3173 1869 3335 1930 atque
3369 1876 3555 1917 amore
3584 1874 3875 1932 corruptus

2279 1953 2527 2019 incurrit,
2560 1953 2840 2009 materiam
2864 1950 3105 2007 avaritiae
3131 1952 3444 2009 illectricem
3470 1968 3579 2009 sua:
3606 1955 3881 2025 deceptio-

2279 2045 2362 2101 nis
2392 2044 2689 2101 abscindat.
2722 2043 2780 2097 Si
2810 2045 2862 2098 in
2892 2043 3183 2099 iracundiae
3212 2044 3402 2099 vitium
3446 2046 3709 2117 superbire
3749 2062 3881 2116 pas-

2279 2138 2433 2194 sione
2458 2136 2795 2207 propellitur,
2828 2136 3147 2205 arrogantia:
3177 2134 3343 2205 ipsius
3372 2136 3613 2193 fomitem
3656 2152 3871 2193 summa

2278 2228 2597 2282 humilitatis
2626 2228 2823 2282 virtute
2854 2227 3137 2282 convellat.
3168 2226 3237 2281 Et
3261 2228 3333 2283 ita
3365 2238 3422 2283 ut
3456 2230 3877 2301 unumquodque

2279 2328 2561 2389 peccatum
2588 2318 2759 2389 possit
2782 2318 3073 2388 exstingui,
3101 2334 3263 2375 causa
3310 2331 3470 2391 atque
3515 2322 3737 2377 occasio
3787 2338 3879 2393 per

2280 2430 2441 2483 quam
2471 2414 2555 2470 vel
2584 2414 2655 2469 ob
2678 2430 2837 2485 quam
2860 2414 3152 2470 admissum
3182 2424 3265 2471 est
3284 2410 3445 2470 debet
3472 2417 3727 2485 primitus
3762 2433 3877 2472 am-

2281 2508 2482 2577 putari.
2513 2508 2619 2562 lsto
2645 2506 2845 2563 etenim
2875 2507 3208 2563 curationum
3239 2507 3496 2575 remedio,
3524 2508 3591 2562 ad
3623 2508 3876 2565 oblivio-

2282 2612 2406 2652 nem
2437 2612 2651 2669 quoque
2674 2596 3034 2654 admissorum
3064 2598 3342 2654 criminum
3372 2599 3492 2655 sine
3527 2599 3698 2655 dubio
3750 2617 3882 2672 per-

2281 2692 2520 2747 venitur.

2893 2762 3121 2820 CAPUT
3164 2763 3257 2818 Xl.

2286 2852 2580 2908 Venialium
2608 2862 2933 2925 peccatorum
2959 2870 3060 2925 non
3099 2856 3245 2908 debet
3290 2871 3382 2908 nos
3428 2870 3609 2925 capere
3650 2856 3879 2921 oblivia,

2718 2926 2809 2980 sed
2840 2924 3137 2979 mortalium
3166 2934 3460 2980 dumtaxat.

2353 3015 2553 3072 Verum
2585 3016 2686 3072 ista
2734 3016 3007 3085 praedictae
3048 3016 3336 3071 oblivionis
3381 3016 3667 3073 definitiof
3712 3030 3879 3085 super

2277 3106 2598 3176 capitalibus
2644 3115 2851 3162 tantum
2899 3107 2968 3161 sit
3011 3107 3328 3162 criminibus
3377 3108 3701 3171 constituta,
3754 3124 3877 3177 quae

2279 3198 2513 3253 Mosaica
2553 3212 2768 3267 quoque
2797 3198 3148 3263 damnantur,
3182 3214 3411 3268 quorum
3441 3201 3581 3255 sicut
3613 3214 3710 3268 per
3740 3214 3881 3253 ean-

2280 3291 2642 3345 versationem
2673 3290 2868 3343 bonam
2898 3290 3227 3358 abjiciuntur
3256 3292 3340 3346 vel
3371 3301 3770 3347 consumuntur
3797 3291 3879 3345 af-

2277 3378 2473 3443 fectus.
2507 3380 2577 3433 ita
2605 3379 2763 3432 etiam
2804 3380 2998 3448 accipit
3031 3381 3347 3447 paenitentia
3388 3384 3571 3439 tinem.
3614 3383 3881 3439 Caeterum

2280 3481 2305 3518 ε
2351 3472 2420 3524 ab
2467 3472 2581 3526 istis
2628 3470 2849 3525 minutis
2894 3471 2946 3525 in
2990 3471 3183 3538 quibus
3234 3474 3438 3541 septies
3482 3476 3668 3544 justus
3720 3476 3884 3539 cadit,

1654 3562 1913 3618 ALARDI
1950 3563 2187 3619 GAZIEI
2232 3560 2803 3618 COMMENTARIUS.

655 3665 682 3692 ⁸
708 3655 914 3710 Textus
944 3652 1198 3723 Vulgatus
1222 3668 1237 3709 :
1266 3651 1439 3723 Longe
1468 3652 1552 3723 {ac
1580 3653 1643 3707 ab
1672 3670 1730 3707 ea
1758 3656 1891 3708 viam
1919 3664 2088 3723 tuam,
2122 3664 2173 3709 et

585 3745 648 3782 ne
674 3722 1267 3796 apprOpinquesfarilLus
1297 3727 1406 3790 eius
1435 3722 1617 3796 (Prov.
1653 3725 1727 3794 ν).
1759 3725 1862 3781 Ubi
1893 3727 1952 3779 Ι).
1985 3726 2173 3780 Hiero-

584 3793 778 3869 nymus
808 3793 922 3869 haec
945 3793 1108 3850 habet
1133 3814 1144 3846 :
1176 3793 1248 3869 Et
1273 3793 1547 3869 Apostolus
1575 3797 1646 3849 ait
1675 3810 1694 3869 ς
1725 3796 1914 3866 Fugite
1940 3798 2173 3869 fornicag

587 3866 775 3924 tionem
801 3869 859 3938 (Ι
886 3866 1004 3921 Cor.
1036 3869 1135 3932 vt),
1162 3866 1557 3938 quiarnimirum
1605 3867 1826 3935 primum
1870 3869 2024 3938 hujus
2067 3867 2179 3921 vitii

585 3935 864 3993 remedium
894 3947 965 3991 est
996 3940 1142 4006 longe
1167 3936 1228 3989 ab
1264 3937 1333 3989 eis
1364 3935 1476 4003 ﬁeri
1516 3954 1732 4007 quarunt
1782 3935 2055 4002 prreséntia
2102 3940 2180 3992 vel

585 4010 859 4074 allicit,vel
882 4019 1183 4079 cooperatur
1208 4006 1276 4058 ad
1306 4007 1505 4079 vitium.
1530 4006 1642 4062 Sed
1672 4010 1802 4062 etab
1822 4009 2181 4063 hereticorum

588 4082 770 4135 auditu
802 4076 1056 4149 segregari
1085 4078 1302 4146 infirmis
1328 4076 1647 4132 auditoribus
1678 4081 1903 4150 prodest.

658 4151 686 4188 ι’
721 4151 774 4204 Id
801 4160 905 4213 est,
930 4158 1185 4211 mentem,
1217 4162 1309 4202 seu
1336 4149 1710 4217 cogitationem
1737 4192 1752 4217 ,
1792 4150 1862 4204 de
1907 4162 2013 4218 quo
2053 4149 2179 4204 vide

588 4220 987 4275 annotationem
1015 4218 1081 4272 ad
1109 4220 1333 4272 Collat.7
1365 4234 1485 4288 cap.
1522 4221 1607 4274 12.

664 4301 686 4328 ο
726 4290 940 4357 Vulgata
970 4290 1180 4342 versio:
1217 4289 1366 4342 Oculi
1393 4293 1469 4343 tui
1499 4291 1737 4343 videbunt
1775 4298 2046 4343 extraneas
2071 4329 2085 4354 ,
2131 4296 2179 4343 et

589 4379 677 4416 cor
706 4371 847 4415 tuum
879 4361 1106 4427 loquetur
1134 4376 1399 4425 perversa;
1429 4370 1477 4413 et
1506 4362 1603 4414 eris
1645 4362 1774 4413 sicut
1819 4361 2076 4413 dormiens
2124 4360 2179 4412 in

591 4435 754 4488 medio
782 4433 930 4493 mari,
964 4441 1009 4481 et
1040 4432 1185 4493 quasi
1213 4432 1407 4497 sapitus
1434 4432 1739 4501 gubernator
1780 4432 1971 4501 amisso
2009 4431 2173 4498 clavo,

591 4515 637 4560 et
668 4504 844 4557 dices:
882 4502 1277 4556 Verberaverunt
1311 4518 1408 4567 me,
1438 4500 1540 4559 .sed
1568 4518 1666 4554 non
1700 4500 1878 4563 dolui;
1914 4509 2179 4553 traxerunt

2277 3654 2605 3728 absolutum,
2624 3655 2879 3728 (quamdiu
2907 3652 3002 3707 sibi
3032 3655 3375 3728 satisfactioni
3406 3665 3452 3728 et
3483 3659 3768 3728 gemitibus
3808 3664 3885 3713 in-

2280 3727 2484 3779 cubanti
2514 3724 2591 3779 vel
2617 3724 2827 3778 illorum
2856 3741 2968 3793 qua!
2998 3726 3147 3793 gemit
3194 3725 3270 3779 vel
3311 3724 3564 3780 similium
3609 3732 3882 3785 criminum

2281 3807 2401 3851 ante
2431 3798 2604 3851 oculos
2631 3798 2800 3864 imago
2832 3797 3133 3863 prazluserit,
3162 3813 3438 3866 earumque
3462 3814 3566 3852 non
3594 3802 3769 3854 dicant
3800 3806 3884 3855 ob-

2286 3870 2494 3923 lectatio
2515 3869 2602 3922 sed
2629 3866 2706 3920 vel
2729 3867 3015 3920 recordatio
3036 3867 3347 3934 infestaverit
3365 3879 3606 3924 mentem.
3632 3871 3697 3924 Et
3723 3873 3827 3926 inz'r
3847 3892 3878 3925 ιε

2287 3938 2425 3993 Tum
2450 3939 2654 4011 demum
2679 3938 2938 4006 prcrterita
2966 3938 3109 4011 nobis
3135 3939 3373 4011 vitiorum
3401 3941 3639 4011 contagia
3667 3946 3882 3996 remissa

2287 4010 2676 4082 essercredenda
2702 4019 2843 4072 sunt,
2876 4025 2992 4082 cum
3021 4009 3207 4082 fuerint
3238 4010 3302 4082 die
3335 4011 3488 4063 corde
3532 4009 3702 4065 nostra
3743 4031 3881 4082 pra:-

2285 4081 2508 4133 sentium
2538 4082 2855 4150 voluptatum
2883 4080 3140 4133 desideria
3164 4081 3356 4150 pariter
3381 4080 3751 4150 passionesque‘
3780 4084 3882 4136 de-

2283 4151 2470 4220 pulsaz.
2499 4152 2628 4214 Quae
2657 4150 2925 4217 quomodo
2952 4150 3177 4219 intelligi
3204 4150 3464 4218 debeant,
3518 4152 3632 4206 vide
3674 4152 3880 4207 ibidem

2285 4229 2551 4273 notatum.

2359 4288 2379 4328 ι
2410 4288 2465 4342 ld
2497 4299 2598 4353 est,
2645 4289 2713 4342 de
2759 4289 2992 4355 peccatis
3038 4292 3378 4347 mortalibus.
3432 4293 3610 4347 Potest
3655 4309 3719 4348 ex
3778 4295 3885 4350 line

2283 4374 2400 4429 cap.
2430 4360 2644 4427 probari
2668 4358 2945 4414 distinctio
2974 4365 3173 4429 peccati
3210 4365 3472 4427 mortalis,
3499 4364 3638 4426 quod
3668 4366 3881 4419 crimen

2284 4440 2527 4503 vocatur,
2561 4439 2615 4484 et
2642 4432 2886 4503 venialis,
2917 4432 3031 4487 sive
3067 4432 3283 4498 delicti;
3315 4450 3465 4503 quam
3499 4433 3750 4501 Pelagius
3775 4478 3791 4498 ,
3830 4447 3885 4491 et

2282 4502 2599 4555 Jovinianus
2642 4500 2880 4555 haeretici
2933 4503 3191 4557 tollebant
3235 4521 3267 4558 e
3315 4500 3500 4557 medio.
3552 4500 3779 4566 Dequa
3821 4510 3881 4561 [).

594 4556 675 4629 ine
698 4556 794 4644 ,et
840 4589 937 4626 non
962 4574 1134 4645 sensi.
1168 4572 1225 4626 ln
1251 4556 1413 4645 queui
1440 4556 1617 4645 locum
1656 4556 1961 4645 Ven._lieda
1991 4588 2017 4645 εΔ
2040 4569 2175 4633 Vox,
2208 4556 2261 4614 D
2284 4571 2578 4641 Gregorius
2608 4588 2694 4645 XXI
2726 4573 3003 4627 Moralium
3032 4556 3184 4644 (Cap.
3225 4556 3280 4645 ό)
3309 4556 3323 4627 έ
3355 4571 3488 4638 Hoc,
3512 4556 3885 4640 inquitrintﬁer

593 4640 708 4709 ait,
742 4644 968 4715 percussi
1013 4655 1056 4696 et
1080 4644 1375 4715 dormientis
1404 4643 1723 4715 exprimitur.
1762 4640 1906 4694 Mens
1930 4642 2118 4715 quippe
2147 4659 2181 4694 a

595 4733 719 4768 cura
742 4712 1118 4767 sollicitudinis
1162 4713 1419 4766 dormiens
1465 4712 1776 4776 verberatur,
1807 4722 1852 4763 et
1884 4728 1987 4765 non
2016 4712 2176 4781 dolet,

593 4802 708 4855 qua’
735 4786 861 4838 sicut
886 4784 1199 4837 imminentia
1230 4782 1366 4855 nuda
1394 4798 1493 4855 non
1521 4783 1761 4853 praspicit
1783 4823 1796 4843 ,
1830 4784 1903 4835 sic
1943 4800 2032 4836 nec
2067 4798 2183 4851 qua

596 4851 985 4927 perpetraverat
1009 4856 1256 4922 agnoscit.
1292 4851 1550 4927 Traltitur,
1578 4862 1625 4904 et
1643 4851 1977 4920 nequaquam
2006 4855 2178 4927 sentit,

596 4923 684 4995 qui
708 4944 797 4999 per
823 4925 1085 4999 illecebras
1117 4923 1615 4999 vitiormnducitur,
1647 4939 1741 4999 nec
1780 4934 1947 4999 tamen
1989 4925 2057 4977 ad
2102 4925 2183 4978 sui

596 4992 883 5060 custodiam
929 4998 1220 5049 suscitatur.
1277 4992 1375 5057 Qui
1416 4993 1621 5060 quidem
1665 4994 1905 5063 evigilare
1949 5002 2089 5063 aptat
2130 5004 2185 5048 ut

598 5071 713 5124 vina
739 5083 945 5123 rursum
968 5065 1225 5135 reperiat;
1254 5066 1394 5135 quiag
1414 5066 1642 5131 quamvis
1680 5081 1859 5118 somno
1899 5067 2123 5135 stuporis
2153 5082 2185 5119 a

597 5142 678 5194 sui
708 5139 941 5193 custodia
969 5132 1241 5206 prematur,
1274 5132 1485 5203 vigilare
1511 5143 1678 5189 tamen
1718 5138 1784 5189 ad
1825 5132 2185 5190 curas'sa’culi

599 5212 797 5273 nititur,
823 5220 877 5264 ut
897 5203 1093 5279 semper
1112 5203 1453 5279 uoluptatibus
1475 5207 1729 5279 ebrietur;
1759 5216 1805 5260 et
1827 5223 1943 5279 cum
1963 5206 2031 5259 ad
2054 5206 2185 5279 illud

600 5282 822 5335 dormiat
848 5283 898 5334 in
925 5277 1024 5349 qua
1052 5277 1263 5349 solerter
1292 5277 1503 5346 vigilare
1529 5277 1796 5349 debuisset,
1832 5277 1964 5330 illud
1993 5277 2186 5349 appetit

601 5354 669 5405 ad
689 5352 826 5421 quod
848 5346 1176 5405 laudabiliter
1200 5346 1423 5402 dormire
1446 5349 1707 5421 potuisset.
1730 5348 1996 5421 Hactenus
2018 5346 2183 5403 Beda.

670 5418 710 5458 (ι’
727 5424 932 5475 (litatur
960 5422 1073 5474 inec
1095 5421 1356 5475 sententia
1382 5420 1561 5474 collat.
1590 5420 1615 5471 1
1646 5434 1762 5488 cap.
1791 5418 1881 5486 20,
1909 5419 1995 5473 ubi
2024 5421 2186 5473 etiam

601 5492 800 5559 aliquid
831 5492 1151 5546 notavimus.

674 5572 698 5598 °
729 5563 856 5631 Cap.
888 5562 954 5617 5:
986 5560 1247 5614 Indicium
1275 5561 1643 5630 satis/actionis
1672 5568 1717 5613 et
1739 5559 2070 5631 indulgentiae
2096 5567 2188 5623 est,

601 5628 819 5698 allectus
844 5646 1042 5697 quoque
1066 5646 1244 5681 eorum
1290 5633 1351 5683 de
1400 5628 1585 5684 nostris
1625 5629 1861 5683 carnibus
1890 5628 2188 5698 expulisse.

603 5696 815 5750 Noverit
841 5696 973 5752 enim
1002 5700 1343 5769 unusquisque
1366 5702 1580 5754 necdum
1611 5716 1662 5755 se
1695 5700 1915 5770 peccatis
1960 5696 2191 5773 pristinis

2285 4651 2549 4711 peccatum
2579 4644 2731 4697 distat
2753 4653 2799 4697 et
2828 4645 3043 4709 crimen,
3073 4646 3211 4711 quod
3234 4644 3379 4698 omne
3402 4646 3589 4697 crimen
3616 4656 3884 4713 peccatum

2285 4725 2387 4777 est,
2427 4730 2528 4766 non
2579 4724 2744 4765 tamen
2790 4730 2937 4768 omne
2980 4724 3245 4784 peccatum
3268 4717 3461 4769 crimen
3488 4727 3595 4781 est;
3625 4726 3670 4769 et
3699 4722 3751 4768 in
3780 4718 3881 4771 hac

2285 4785 2385 4856 vita
2415 4784 2561 4856 inulti
2586 4785 2697 4837 sine
2722 4785 2963 4856 crimine,
3009 4786 3181 4839 nullus
3220 4802 3335 4840 vero
3372 4803 3479 4840 esse
3513 4788 3623 4839 sine
3660 4791 3885 4856 peccatis

2286 4855 2439 4908 valet.
2475 4853 2539 4907 In
2560 4871 2660 4923 qua
2690 4855 2917 4927 videlicet
2948 4867 3271 4927 peccatorum
3305 4866 3351 4911 et
3382 4853 3669 4910 criminum
3697 4858 3884 4912 distin-

2287 4928 2449 4999 ctione
2477 4925 2791 4992 pensandum
2816 4935 2928 4999 εει.
2949 4925 3081 4997 quia
3122 4928 3375 4999 nonnulla
3410 4937 3618 4999 peccata
3658 4930 3883 4983 animum

2292 4996 2551 5063 polluant,
2580 5013 2734 5069 quam
2742 4996 2987 5069 _crimind
3016 4998 3365 5069 exstinguunt.
3411 4996 3615 5054 Eadem
3663 5000 3778 5054 fere
3822 5001 3881 5054 D.

2293 5069 2624 5141 Augustinus
2655 5067 3048 5141 in‘Encbiridio
3075 5067 3227 5138 (Cap.
3254 5070 3366 5141 δι).

2368 5147 2392 5209 ts
2426 5136 2620 5190 Minuta
2652 5152 2680 5209 a
2710 5136 2963 5209 Patribns
2988 5136 3238 5194 dicantur
3268 5136 3499 5209 peccata
3514 5138 3744 5195 venialia
3766 5182 3782 5207 ,
3809 5144 3881 5195 al-

2293 5205 2502 5260 lusinne
2547 5207 2772 5275 quadam
2819 5208 2884 5261 ad
2931 5208 3059 5264 illud
3104 5205 3282 5264 Lucaa'
3311 5226 3422 5265 xtl:
3466 5208 3597 5264 Dico
3638 5205 3880 5277 tibi,rnon

2293 5279 2433 5331 exies
2459 5278 2601 5342 inde,
2626 5278 2787 5331 donec
2815 5280 2966 5332 etiam
3009 5281 3337 5335 novissimum
3376 5282 3629 5335 minutum
3673 5284 3880 5336 reddas.

2296 5348 2400 5402 Per
2446 5349 2797 5422 novissimum
2845 5352 2985 5404 enim
3033 5350 3295 5407 minutum
3346 5353 3651 5422 intelligunt
3698 5352 3880 5408 Patres

2297 5430 2513 5493 peccata
2562 5419 2859 5485 levissima,
2895 5429 2952 5493 ιιι
2978 5428 3102 5493 sunt
3131 5423 3292 5477 verba
3324 5419 3541 5488 otiosa;
3559 5439 3656 5491 pro
3685 5424 3879 5493 quibus

2294 5489 2349 5542 in
2382 5504 2597 5543 carcere
2626 5492 2914 5558 purgatorii
2938 5492 3372 5548 satisfaciendum
3399 5495 3533 5557 erit,
3561 5489 3666 5549 nisi
3702 5489 3755 5548 in
3786 5496 3879 5549 hac

2297 5560 2403 5634 vita
2433 5571 2656 5634 purgata
2686 5564 2765 5615 vel
2800 5564 3029 5634 relaxata
3067 5563 3283 5618 fuerint.
3326 5563 3389 5617 Ι).
3424 5565 3789 5634 Hieronymus
3833 5567 3877 5619 in

2295 5629 2533 5685 Mattltzei
2562 5647 2678 5698 cap.
2714 5648 2781 5687 v:
2816 5631 2930 5685 Hoc
2954 5642 3058 5697 est,
3104 5635 3273 5699 inquit
3297 5677 3311 5701 ,
3359 5636 3497 5700 quod
3541 5629 3667 5688 dicit
3696 5653 3713 5688 :
3766 5636 3875 5690 Non

2293 5701 2569 5771 egredieris
2594 5702 2657 5756 de
2682 5717 2905 5773 carcere,
2937 5702 3095 5759 donec
3122 5707 3272 5763 etiam
3307 5708 3502 5760 minuta
3529 5718 3744 5781 peccata
3768 5724 3873 5780 per-
