3986 6188
62 330 96 385 i
122 330 269 388 I69
899 332 1240 392 COLLATIO
1279 336 1422 391 XXI.
1455 366 1525 377 —
1554 340 1645 394 DE
1686 340 2092 400 REMISSIONE
2130 346 2752 418 QUINQUAGESIMJE.
3325 354 3461 409 ll'lO

50 451 139 497 ut
172 444 510 516 scriptum
542 451 627 500 est
660 443 838 517 (Prov.
870 444 1044 515 sxw),
1076 454 1131 500 et
1161 449 1424 517 resurgit,
1469 464 1760 520 numquam
1783 467 1841 528 Α
1863 456 2087 527 abrupta
2115 458 2428 519 delinitione
2462 465 2797 535 pronuntiat,
2831 460 3053 515 dicens:
3084 460 3145 517 Si
3181 462 3463 520 dixerimus

54 540 319 594 deerit
359 539 663 610 poenitudo.
694 541 797 593 Aut
825 540 967 595 enim
1000 555 1093 608 per
1120 540 1506 610 ignorantiam,
1537 552 1629 597 aut
1669 560 1764 613 per
1865 550 1984 618 quia
2028 564 2293 619 peccatum
2338 573 2443 611 non
2490 557 2769 621 habemus,
2816 556 2919 624 ipsi
2956 572 3049 609 nos
3075 554 3386 622 seducimus,
3420 566 3470 611 et

50 633 513 697 «,rbliviouem,
536 642 627 687 aut
648 646 745 702 per
764 633 1169 701 cogitationem,
1194 643 1286 689 aut
1311 651 1405 705 per
1424 650 1759 705 sermonem,
1864 643 2071 695 verbum
2092 648 2204 715 ejus
2236 662 2341 700 non
2366 659 2441 701 est
2469 650 2521 702 in
2551 650 2695 701 nobis
2734 647 2916 720 (Joau.
2965 645 3028 717 ι).
3070 646 3305 701 Proinde
3344 662 3470 717 per-

54 735 183 779 ant
231 740 370 794 per
408 726 779 794 obreptionem
802 766 817 791 ,
860 733 955 779 aut
989 741 1084 793 per
1114 728 1515 796 necessitatem,
1546 739 1639 784 aut
1668 744 1762 799 per
1864 733 2114 791 lectionis
2145 740 2360 793 culmen
2395 740 2707 810 pertingere
2739 737 2980 808 cupienti
3008 752 3116 792 non
3146 738 3277 793 satis
3302 739 3468 807 prod-

54 818 503 888 l'ragilitatem
534 818 735 883 carnis,
768 819 995 889 singulis
1022 819 1214 875 diebus
1243 822 1329 877 vel
1354 822 1529 889 inviti,
1560 823 1645 878 vel
1675 839 1761 880 νο·
1863 828 1970 882 erit
2005 828 2071 883 ad
2122 830 2281 885 linem
2315 832 2643 901 paenitentiae
2673 832 3017 902 pervenisse,
3051 830 3103 885 id
3135 840 3217 886 est
3247 831 3314 886 ab
3354 831 3467 887 illi-

54 909 310 965 lentes
376 910 694 980 lrequenter
736 909 1083 979 incurrimus,
1134 927 1231 981 pro
1271 914 1463 983 quibus
1509 924 1561 969 et
1589 915 1758 971 David
1861 919 1983 974 citis
2009 931 2331 993 temperare,
2356 926 2458 980 nisi
2482 926 2721 981 etiamin
2746 925 2852 980 illis
2876 923 3166 979 virtutibus
3188 923 3465 981 indefesso

57 1016 288 1056 orans
334 1002 661 1069 Dominum,
694 1003 1123 1073 purificationem
1165 1013 1326 1075 atque
1369 1006 1755 1078 indulgentiam
1859 1027 2024 1068 cursu
2047 1018 2395 1085 semetipsum
2426 1031 2643 1088 semper
2664 1017 2965 1072 extenderit
2985 1015 3179 1087 quibus
3210 1015 3277 1069 ad
3300 1016 3467 1071 satis-

59 1094 497 1163 deprecatur,
530 1095 753 1150 dicens:
780 1094 984 1150 Delicta
1004 1097 1115 1166 quis
1141 1098 1433 1169 intelligit?
1454 1102 1516 1154 ab
1542 1102 1757 1159 occultis
1858 1105 2110 1163 factionis
2139 1108 2335 1165 indicia
2364 1112 2697 1180 pervenitur.
2732 1111 2842 1167 Nec
2872 1112 3015 1166 enim
3054 1126 3083 1163 a
3124 1109 3463 1166 letidissimis

59 1188 237 1240 meis
262 1188 489 1240 munda
506 1204 605 1253 me,
628 1197 673 1241 et
694 1187 755 1241 ab
779 1188 962 1243 alienis
984 1206 1137 1259 parce
1157 1208 1301 1245 servo
1322 1202 1408 1246 tuo
1431 1192 1549 1265 (Ps.
1576 1196 1749 1267 svnt).
1858 1200 2141 1257 criminum
2191 1203 2445 1259 sordibus
2465 1246 2481 1269 ,
2528 1220 2649 1275 quae
2674 1205 2929 1261 abhorret
2956 1203 3232 1271 Dominus,
3268 1218 3462 1275 quem-

58 1280 160 1336 Εἰ.
196 1281 579 1350 Apostolus:
613 1281 736 1336 Non
766 1284 903 1337 enim
932 1285 1070 1353 quod
1096 1286 1207 1339 volo
1238 1288 1377 1356 facio
1406 1287 1622 1358 bonum,
1659 1292 1752 1345 sed
1855 1309 2015 1365 quam
2044 1295 2372 1353 abstinuisse
2397 1297 2663 1365 sufﬁciet,
2700 1298 2805 1353 nisi
2852 1298 3017 1353 etiam
3061 1298 3207 1353 illam
3256 1296 3457 1352 bonam

64 1374 252 1442 quod
287 1374 397 1427 odi
426 1374 641 1441 malum,
675 1375 771 1428 hoc
796 1392 893 1446 ago
925 1375 1102 1449 (Rom.
1136 1379 1258 1448 vn).
1291 1379 1366 1435 De
1388 1382 1581 1450 quibus
1608 1384 1749 1440 idem
1854 1388 2111 1442 virtutum
2143 1388 2495 1459 fragrantiam
2522 1406 2625 1461 qua
2656 1390 2919 1445 Dominus
2948 1389 3280 1453 delectatur,
3310 1389 3460 1458 puri-

65 1465 285 1520 etiam
330 1464 555 1534 ejulans
582 1466 903 1521 exclamavit
929 1486 941 1522 :
973 1466 1173 1539 Infelix
1201 1488 1293 1544 ego
1323 1472 1495 1539 homo,
1528 1477 1641 1546 quis
1669 1494 1750 1532 me
1856 1492 1963 1536 tate
1992 1481 2168 1536 cordis
2198 1490 2252 1537 et
2283 1482 2609 1553 Apostolica:
2637 1482 2915 1537 cbaritatis
2945 1480 3298 1551 perfectione,
3329 1494 3459 1550 pose

72 1558 376 1614 liberabit
406 1562 472 1613 de
500 1576 715 1632 corpore
740 1563 923 1616 mortis
951 1562 1107 1634 hujus
1136 1563 1347 1637 (Ibid.).
1392 1568 1561 1624 Tanta
1602 1572 1746 1628 enim
1851 1573 2073 1628 sederit.
2118 1573 2407 1643 Hucusque
2456 1574 2620 1629 abbas
2666 1575 2907 1629 Pinutius
2955 1573 3024 1629 de
3069 1572 3459 1629 satisfactionis

70 1653 142 1707 in
182 1654 292 1708 his
330 1653 601 1710 facilitate
629 1663 900 1723 tamquam
943 1657 1178 1713 naturali
1225 1660 1341 1729 lege
1390 1662 1742 1733 prolabimur,
1850 1669 2050 1725 indicio
2077 1685 2140 1725 ac
2172 1671 2503 1740 poenitentia:
2530 1670 2634 1727 line
2663 1670 2939 1727 disseruit.
2984 1670 3087 1737 Qui
3129 1670 3255 1733 licet
3298 1678 3357 1725 ut
3398 1671 3456 1726 in

75 1758 147 1802 ut
216 1747 588 1819 quantalibet
630 1750 1116 1820 circumspemione
1161 1762 1322 1824 atque
1366 1758 1609 1811 custodia
1654 1773 1745 1813 ca-
1848 1762 1963 1832 ejus
1985 1764 2231 1819 cmnobio
2262 1763 2501 1819 residere
2529 1764 2811 1819 mallemus
2852 1763 3085 1818 sollicito
3123 1763 3448 1831 deprecare-

74 1853 393 1907 veantur,
426 1850 451 1878 ι
480 1856 588 1896 non
622 1842 791 1912 possit
819 1842 885 1897 ad
914 1844 1131 1913 plenum
1163 1846 1261 1901 ista
1290 1847 1480 1913 vitari;
1520 1848 1587 1904 de
1624 1850 1741 1906 istis
1772 1865 1821 1926 Β
1850 1862 1935 1907 tur
1962 1853 2180 1921 atiectu,
2212 1864 2391 1910 tamen
2423 1854 2560 1909 fama
2593 1854 2940 1925 Scytbioticae
2970 1853 3274 1910 solitudinis
3305 1854 3450 1909 invi-

80 1933 405 2004 siquidem
440 1948 578 1988 unus
608 1934 1019 2005 discipulorum,
1049 1952 1208 2007 quem
1250 1938 1505 2010 diligebat
1554 1941 1731 2010 Jesus,
1756 1971 1786 2016 η
1845 1953 2003 2012 latos,
2034 1961 2157 2001 cum
2185 1947 2419 2002 retinere
2450 1961 2554 2001 non
2586 1955 2794 2016 posset,
2825 1946 3027 2001 emisit.
3480 1936 3483 1937 ⁷

1210 2053 1470 2109 ALARDI
1508 2055 1738 2113 GAZEI
1775 2057 2342 2116 COMMENTARIUS.

82 2144 315 2229 solvas.
342 2142 882 2229 Augustinuslserm.
1012 2145 1358 2229 de‘Sanctis:
1392 2146 1517 2229 Illo,
1548 2150 1741 2219 inquit,
1852 2162 2055 2207 constat
2098 2155 2300 2229 nullum
2331 2154 2569 2229 habuisse
2610 2162 2896 2222 peccatum.
2936 2154 3056 2229 Hac
3085 2170 3205 2229 ergo
3242 2154 3457 2229 Virgin_
3492 2132 3497 2135 ⁷

86 2214 442 2295 transitoria
484 2216 634 2295 igne,
683 2215 745 2268 de
781 2232 884 2287 quo
910 2216 1045 2295 dixit
1076 2218 1396 2295 apostolus:
1429 2214 1551 2287 Ipse
1569 2214 1744 2295 autem
1810 2214 1824 2252 ι’
1851 2236 2086 2294 excepta,
2108 2227 2153 2278 si
2187 2242 2359 2279 omnes
2386 2226 2503 2278 illos
2533 2214 2761 2291 sanctos,
2795 2242 2908 2278 cum
2939 2226 3024 2279 hic
3049 2214 3300 2289 vive-rent,
3333 2214 3427 2279 Eon

89 2286 463 2362 sal_vtts_erit,
496 2287 567 2338 sic
593 2294 764 2339 tamen
790 2288 939 2357 quasi
968 2305 1057 2356 per
1070 2290 1283 2362 ignem,
1318 2306 1419 2362 non
1461 2286 1739 2362 capitalia,
1848 2286 2375 2362 gregare'possemus,
2410 2306 2455 2349 et
2486 2286 2799 2362 intcrroqare
2822 2305 2993 2349 utrum
3012 2304 3178 2349 essent
3201 2286 3311 2348 sine
3338 2289 3455 2362 pec'

88 2356 218 2435 sed.
240 2356 459 2435 minuta
487 2367 693 2435 peccata
720 2356 1030 2435 purgantur.
1067 2356 1130 2414 Et
1156 2360 1296 2415 infra
1324 2379 1334 2413 :
1372 2356 1568 2435 Quibus
1592 2356 1743 2434 (pec-1

90 2428 260 2480 catis
298 2427 553 2497 minutis)
582 2430 696 2481 licet
722 2427 887 2482 occidi
915 2431 1141 2483 animam
1185 2448 1287 2485 non
1322 2427 1633 2497 credamus,
1666 2436 1741 2489 ita

98 2508 298 2572 tamen
338 2513 478 2572 eam,
507 2500 664 2572 veluti
688 2499 991 2572 quibusdam
1014 2503 1232 2570 pustulis
1253 2512 1297 2557 et
1318 2504 1463 2572 quasi
1483 2505 1740 2560 horrenda

96 2570 293 2645 scabie
318 2568 906 2645 replentes,_de[ormem
928 2568 1147 2645 faciunt,
1171 2581 1226 2627 ut
1244 2568 1356 2627 eam
1383 2576 1452 2626 ad
1472 2577 1738 2645 amplexus

97 2640 260 2721 illius
309 2641 496 2721 sponsi
526 2641 738 2721 cmlcstis
781 2652 872 2695 aut
913 2640 999 2697 vis:
1036 2654 1123 2697 aut
1172 2661 1288 2697 cum
1322 2646 1509 2716 grandi
1556 2640 1740 2717 confu-

105 2713 270 2764 sione
302 2713 486 2763 venire
517 2713 833 2779 permittant.

185 2789 215 2817 ι
247 2783 582 2858 D._Aug_ust.
618 2783 711 2836 lib.
744 2783 1044 2858 tleNatura
1058 2794 1120 2858 _et
1139 2784 1321 2842 Gratia
1347 2802 1467 2858 cap.
1492 2787 1560 2844 56
1588 2807 1598 2841 :
1626 2787 1739 2843 Ex-

108 2862 291 2931 cepta,
322 2852 522 2931 inquit,
555 2864 734 2931 sancta
758 2853 984 2931 _i’irgine
1016 2855 1189 2911 Maria
1212 2899 1227 2923 ,
1279 2860 1342 2911 de
1387 2852 1487 2929 qua
1530 2870 1737 2931 propter

109 2926 380 3002 honorem
410 2922 647 3002 Domini,
677 2922 885 3002 nullam'
902 2944 1130 3002 prorsus,
1160 2922 1275 2983 cum
1297 2933 1359 2983 de
1381 2922 1601 2999 peccatis
1625 2922 1739 3002 agi-

109 2993 457 3071 tun/rabere
486 2996 599 3049 volo
629 2993 976 3071 quaestionem.
1012 2997 1146 3053 Inde
1175 3002 1309 3054 enim
1330 2993 1516 3056 scimus
1539 3042 1551 3065 ,
1597 2993 1733 3071 qubd

110 3065 158 3117 ei
191 3066 320 3135 plus
351 3064 607 3142 collatum
636 3064 795 3142 fuerit
832 3070 902 3122 ad
946 3071 1255 3125 vincendum
1302 3074 1442 3126 omni
1487 3089 1550 3127 ea:
1590 3064 1734 3142 parte

111 3145 398 3203 peccatum
420 3179 434 3202 ,
479 3140 604 3207 quia
649 3140 920 3209 concipere
946 3158 1005 3195 ac
1032 3159 1212 3211 parere
1232 3143 1420 3197 meruit
1445 3160 1559 3197 eum
1585 3140 1735 3213 quem

625 3362 1405 3472 οοιιΑΤΙθ
1494 3365 1777 3474 VIG.

1851 3366 2290 3476 ISIMA
2364 3367 2901 3477 PRIMA
2927 3449 2958 3487 ,

1207 3530 1363 3604 Qua:
1397 3535 1493 3592 est
1527 3532 1739 3610 prima
1763 3532 2018 3594 abbatis
2047 3532 2352 3592 Theonae.

1036 3650 1140 3701 DE
1188 3651 1722 3703 REMISSIONE
1772 3653 2547 3714 QUINQUAGESIME.

1848 2312 2062 2367 gregare
2091 2312 2375 2363 possemus.
2410 2306 2455 2349 et
2486 2297 2799 2363 intcrroqare
2822 2305 2993 2349 utrum
3012 2304 3178 2349 essent
3201 2298 3311 2367 sine
3338 2312 3427 2362 pec

1847 2369 2006 2435 cato?
2058 2366 2196 2432 Quid
2247 2367 2405 2435 fuisse
2451 2382 2787 2431 responsuros
2831 2376 3073 2434 putamus
3100 2407 3114 2430 ,
3169 2366 3269 2417 nisi
3312 2366 3453 2434 quod

1845 2434 2074 2490 Joannes
2115 2434 2425 2503 apostolus:
2468 2436 2531 2491 Si
2569 2436 2855 2489 dixerimus
2890 2437 3014 2507 quia
3050 2445 3314 2507 peccatum
3345 2451 3451 2489 non

1846 2507 2113 2577 habemus,
2146 2524 2239 2560 nos
2268 2508 2407 2577 ipsos
2437 2508 2747 2569 seducimus,
2776 2516 2821 2559 et
2850 2505 3034 2560 veritas
3073 2507 3127 2559 in
3167 2505 3311 2558 nobis
3342 2522 3450 2558 non

1845 2588 1917 2632 est
1958 2579 2012 2649 (Ι
2060 2576 2218 2631 Joan.
2272 2576 2332 2645 1).
2385 2576 2460 2631 Ita
2514 2577 2880 2649 Augustinus,
2926 2578 3076 2649 cujus
3123 2578 3446 2649 sententiam

1846 2645 2218 2718 comprobavit
2249 2648 2492 2704 Ecclesia
2525 2648 2578 2702 in
2613 2645 2854 2702 concilio
2898 2648 3212 2702 Tridentino
3256 2645 3447 2716 (διες.

1843 2719 1898 2782 6,
1930 2737 1974 2772 c.
2007 2721 2124 2789 2'2),
2155 2736 2360 2774 canone
2390 2719 2441 2773 in
2475 2719 2591 2773 lia-c
2620 2719 2779 2773 verba
2816 2719 2999 2773 edito:
3032 2718 3092 2774 Si
3114 2718 3228 2787 quis
3254 2718 3446 2771 dixerit

1843 2792 2101 2845 hominem
2126 2792 2278 2846 semel
2298 2791 2649 2860 justiﬁcatum
2684 2806 2831 2857 posse
2859 2791 2911 2842 in
2941 2798 3048 2842 tota
3077 2791 3181 2842 vita
3202 2804 3305 2860 sua
3325 2805 3446 2860 pec-

1843 2871 1957 2914 cata
1989 2863 2181 2927 omnia,
2213 2857 2368 2915 etiam
2398 2857 2637 2924 venialia,
2668 2862 2846 2923 vitare,
2881 2861 2983 2929 nisi
3010 2877 3072 2914 ea:
3096 2858 3308 2929 speciali
3348 2857 3448 2912 Dei

1843 2932 2135 3001 privilegio,
2166 2926 2595 2999 quemadmodum
2625 2931 2689 2984 de
2714 2930 2874 2983 Beata
2910 2926 3133 3000 Virgine
3170 2939 3298 2983 tenet
3342 2928 3447 2982 Ec-

1842 3004 2036 3071 clesia,
2077 3002 2355 3056 anathema
2392 3004 2477 3056 sit.
2524 3001 2721 3071 Verum
2767 3001 2835 3056 de
2884 3002 2966 3054 bis
3017 3002 3167 3065 plura
3215 3001 3443 3056 dicenda

1841 3082 2001 3128 erunt
2043 3075 2225 3128 collat.
2268 3072 2339 3127 2:2
2384 3089 2503 3143 cap.
2552 3070 2607 3140 9,
2652 3081 2707 3126 et
2746 3072 2927 3127 collat.
2958 3071 3029 3129 25
3063 3088 3182 3143 cap.
3216 3071 3247 3124 6
3276 3082 3444 3126 etse-

1840 3144 2150 3214 quentibus.

123 3248 3406 3278 _____________________________________________

1594 3792 1980 3807 *ο

656 3872 880 3931 CAPUT
922 3873 1210 3931 PRIMUM.
1758 3886 1805 3949 ς,
1837 3890 2117 3934 connexus
2146 3886 2223 3931 est
2257 3875 2473 3930 vinculo
2498 3872 2785 3945 conjugali.
2818 3872 2950 3929 Nam
2990 3875 3114 3931 dum
3160 3877 3438 3948 pudicitia:

203 3970 531 4041 Priusquam
591 3968 753 4025 verba
804 3968 1112 4024 collationis
1164 3967 1324 4037 hujus
1373 3967 1553 4022 habita
1607 3983 1727 4023 cum
1839 3971 1956 4040 ejus
1986 3969 2237 4039 religiosa
2290 3967 2576 4023 sedulitate
2622 3966 3000 4037 proSpiciunt,
3044 3977 3099 4022 et
3146 3970 3433 4039 ancipitem

135 4074 349 4117 summo
378 4062 499 4116 viro
528 4070 553 4097 ⁸
587 4060 777 4117 abbate
807 4060 1031 4116 Theona
1078 4061 1394 4130 incipiamus
1441 4060 1691 4115 evolvere
1718 4101 1733 4125 ,
1836 4065 2043 4134 lapsum
2078 4064 2297 4119 lubricae
2325 4070 2579 4118 verentur
2610 4062 2813 4127 aetatis,
2850 4062 3257 4130 praeveniendos
3296 4063 3433 4118 ado-

135 4156 508 4211 necessarium
542 4169 666 4210 reor
695 4164 750 4209 ut
781 4154 991 4209 initium
1019 4155 1393 4211 conversionis
1422 4156 1539 4222 eius
1581 4155 1736 4211 brevi
1836 4155 2110 4211 lescentia:
2140 4164 2317 4210 motus
2348 4155 2495 4210 licito
2542 4155 2847 4224 nuptiarum
2893 4153 3135 4209 remedio
3183 4155 3435 4211 credide-

138 4260 396 4301 sermone
425 4246 801 4318 perstringam,
830 4247 953 4317 quia
984 4262 1050 4302 ex
1081 4248 1183 4303 hoc
1211 4247 1291 4303 vel
1337 4248 1586 4303 meritum
1632 4246 1734 4303 viri
1836 4256 1981 4302 runt.
2027 4245 2161 4303 Cum
2204 4263 2330 4317 ergo
2359 4246 2449 4302 hic
2484 4245 2639 4301 unius
2662 4244 2687 4283 ιι
2721 4245 2871 4301 lustri
2905 4254 3115 4314 tempus
3145 4261 3265 4300 cum
3296 4262 3432 4302 con-

136 4337 221 4391 vel
243 4338 422 4408 gratia
448 4338 744 4394 evidentius
766 4340 1167 4409 poteritpatere
1190 4340 1401 4395 lectori.
1427 4340 1525 4395 llic
1549 4339 1731 4410 igitur,
1832 4340 1960 4410 juge
2008 4340 2322 4410 peregisset,
2354 4340 2499 4393 venit
2542 4338 2610 4393 ad
2664 4348 2685 4375 ι·
2728 4337 2979 4392 abbatem
3025 4336 3311 4403 Joannem,
3340 4340 3431 4409 qni

138 4429 464 4487 adolescens
487 4430 806 4502 admodum,
850 4440 1131 4503 parentum
1176 4435 1353 4491 studio
1397 4436 1733 4506 imperioque
1838 4444 1964 4488 tunc
2006 4435 2261 4504 temporis
2309 4433 2503 4490 merito
2547 4432 2848 4489 sanctitatis
2876 4432 3081 4489 electus
3110 4430 3137 4469 ά
3171 4433 3433 4489 diaconitc

1207 4551 1465 4609 ALARDI
1513 4551 1747 4608 GAZtEl
1785 4549 2351 4608 COMMENTARIUS.

215 4651 241 4715 ξ
273 4644 349 4715 De
397 4644 617 4700 'l‘heona
640 4685 657 4711 ,
704 4645 787 4701 vel
828 4645 1068 4705 Theone.
1101 4645 1293 4701 abbate
1324 4645 1528 4699 dictum
1554 4654 1637 4699 est
1666 4644 1734 4699 ad
1839 4656 2002 4699 erant.
2037 4644 2131 4699 Est
2175 4646 2311 4699 enim
2352 4642 2734 4715 quinquennale
2772 4652 2990 4712 tempus.
3032 4638 3316 4715 Ideouvero
3359 4644 3431 4695 sic

143 4713 382 4771 coll.2c.
406 4718 495 4782 lt,
525 4717 678 4785 cuius
705 4717 1083 4773 exhortatione
1100 4724 1454 4785 compunctus
1472 4716 1734 4785 Serapion
1840 4728 2069 4779 vocatur,
2103 4733 2161 4770 eo
2190 4717 2325 4784 quod
2355 4712 2510 4770 censu
2540 4717 2593 4769 in
2620 4716 2820 4781 republ.
2854 4723 3059 4785 peracto
3100 4712 3219 4766 urbs
3260 4712 3429 4767 Roma

145 4787 411 4858 occultum
436 4784 825 4858 gastrimargiae
854 4788 1067 4852 vitium,
1096 4804 1202 4857 quo
1232 4784 1533 4849 laborabat,
1565 4784 1737 4840 m’ani-
1840 4789 2177 4842 lustrabatur.
2231 4786 2320 4841 Sic
2360 4788 2470 4841 ille.
2518 4786 2689 4841 Varro
2739 4786 2833 4858 lib.
2856 4784 2863 4785 “
2887 4800 2958 4858 v;
3003 4784 3250 4858 Lustrum
3279 4785 3430 4858 quiu-

145 4851 381 4929 iestavit,
407 4851 464 4913 ei
490 4860 682 4927 insigni
714 4851 974 4913 miraculo
999 4851 1066 4914 ab
1089 4851 1154 4914 e'o
1176 4860 1368 4914 morbo
1388 4866 1607 4912 curatus
1628 4867 1731 4912 est.
1838 4857 2093 4927 quenuale
2122 4869 2319 4924 tempus
2348 4859 2628 4929 signi/ient,
2660 4866 2709 4911 et
2738 4874 2768 4909 a
2794 4856 3013 4917 luenda,
3057 4854 3155 4908 hoc
3198 4851 3432 4929 est,_sol-

145 4926 319 4995 Agunt
340 4930 409 4983 de
431 4926 620 4984 eodem
648 4930 917 4985 Palladius
942 4930 1155 4985 Lansia.
1184 4930 1277 4996 30,
1303 4929 1392 4982 ubi
1414 4944 1538 4984 eum
1560 4931 1735 4982 virum
1838 4926 2020 4993 cendo,
2044 4929 2339 4994 deducitur,
2362 4926 2497 4999 quod
2521 4930 2699 4997 quinto
2720 4942 2916 4993 quoque
2936 4942 3072 4999 anno
3091 4926 3356 4999 vectigalia
3373 4934 3431 4999 _et

146 5008 390 5069 sanctum
419 5012 595 5067 vocat,
627 5008 682 5055 et
711 5001 1006 5069 prophetia
1030 5001 1172 5055 dono
1201 5000 1517 5069 praeditum.
1557 5007 1611 5053 et
1636 5000 1735 5053 tri-
1840 5002 2032 5053 tributa
2078 4996 2428 5067 solverentur,
2480 4996 2579 5053 siue
2623 4999 2759 5069 quod
2804 4996 3026 5067 singulis
3066 4996 3428 5069 quinquenniis

147 5067 284 5131 ginta
312 5086 580 5124 annorum
609 5067 883 5125 silentium
931 5072 1171 5127 tenuisse
1206 5067 1433 5134 scribit;
1481 5070 1730 5125 Sozome-
1836 5073 2067 5125 civitates
2095 5072 2457 5126 lustrarenlur.
2490 5067 2642 5136 Quia
2669 5072 2827 5139 igitur
2868 5082 3065 5120 census
3113 5070 3224 5139 ipse
3250 5106 3264 5129 ,
3314 5068 3432 5121 sive

149 5154 242 5193 nns
273 5142 366 5195 lib.
404 5158 483 5203 vt,
518 5157 639 5209 cap.
675 5142 767 5209 28,
819 5150 873 5197 et
917 5142 1165 5197 Historia:
1210 5142 1442 5209 'l‘ripart.
1486 5141 1577 5195 lib.
1618 5156 1733 5206 vnt,

151 5220 264 5275 cap.
299 5213 352 5265 1.
384 5212 742 5267 Ascribuntur
772 5224 950 5268 autem
980 5214 1105 5267 huic
1143 5212 1381 5267 Theona:
1424 5220 1535 5266 trcs
1575 5212 1739 5265 colla-

1839 5143 2091 5217 Instrum,
2141 5144 2327 5217 quinto
2374 5158 2583 5217 {nmque
2623 5138 2764 5195 anno
2794 5139 3090 5193 habebatur
3123 5138 3267 5217 (quo,
3296 5145 3430 5190 tem-

1840 5214 1988 5282 puris
2028 5214 2204 5281 spatio
2248 5214 2388 5281 apud
2434 5214 2706 5268 Romanos
2753 5223 3037 5282 censorum
3084 5214 3430 5282 magistratus

152 5277 316 5354 lintres
348 5285 595 5352 proxime
626 5295 950 5354 sequentes:
981 5283 1150 5353 prima
1194 5286 1326 5344 haec,
1352 5283 1415 5337 de
1436 5283 1738 5335 remissione
1837 5277 2122 5354 durabat),
2168 5277 2390 5338 invaluit
2420 5283 2839 5354 consuetudnrut
2866 5278 3019 5334 lustri
3050 5281 3267 5354 nomine
3307 5293 3431 5354 spa-

153 5348 613 5424 Quinquagesinue,
650 5348 843 5421 id'est,
894 5348 1228 5409 relaxatione
1268 5355 1458 5422 jejunii
1498 5362 1737 5422 tempore
1836 5351 1971 5408 tium
2021 5348 2259 5424 quinque
2302 5371 2564 5410 annorum
2609 5353 2960 5423 intelligatur,
2991 5348 3133 5424 quod
3163 5350 3429 5424 Olympias

156 5425 405 5495 paschali,
435 5436 495 5479 ut
521 5440 796 5493 vocamus,
825 5441 993 5495 usque
1019 5427 1083 5480 ad
1116 5426 1471 5479 Pentecosten
1498 5440 1511 5487 ;
1544 5425 1735 5489 altera,

1840 5426 1982 5494 apud
2013 5420 2231 5481 Graecos
2259 5426 2489 5489 dicitur,
2541 5426 2590 5479 id
2632 5435 2716 5479 est
2739 5465 2754 5487 ,
2789 5420 3246 5494 quinquennium.
3296 5420 3430 5474 llinc

154 5490 213 5540 de
238 5496 502 5568 nocturnis
530 5490 890 5562 illusionibus;
909 5490 1091 5560 tertia.
1118 5498 1180 5551 de
1203 5512 1260 5568 eo
1290 5495 1425 5568 quod
1449 5498 1571 5568 dicit
1604 5497 1739 5566 Αρο-
1762 5508 1816 5568 ι)
1843 5490 1983 5565 apud
2030 5498 2308 5568 Sidonium
2358 5497 2506 5566 (Lib.
2549 5513 2602 5550 rx
2644 5497 2791 5568 epist.
2822 5490 2911 5560 10)
2939 5490 3163 5547 bilustre
3192 5502 3425 5561 tempus,

154 5565 348 5635 stolas:
383 5566 505 5621 Non
528 5570 664 5621 enim
691 5569 826 5635 quod
853 5568 966 5622 volo
996 5568 1203 5633 bonum,
1238 5567 1332 5620 hoc
1363 5567 1522 5633 facio,
1555 5565 1659 5620 etc;

163 5701 172 5711 ι
198 5632 249 5712 _i'
277 5636 524 5692 Lustrum
552 5632 760 5712 Isidoro
786 5647 869 5694 est
896 5638 1034 5710 (Lib.
1058 5655 1087 5690 ν
1117 5632 1732 5712 Elymol.)nsvrasrspie,

158 5701 207 5780 id
228 5715 317 5792 est:
346 5706 769 5792 quinquennium,
788 5701 933 5792 quod
961 5701 1299 5792 quintoanno
1329 5709 1519 5792 dicitur
1548 5701 1735 5792 confli,

164 5777 578 5861 imllm..propter
604 5777 1035 5851 olympiadasli.
1058 5796 1109 5859 e.
1143 5782 1262 5833 loco
1290 5780 1677 5850 olytnpiadum)
1705 5796 1737 5831 a

166 5834 419 5904 Romanis.
465 5850 646 5905 Adhuc
686 5851 822 5905 enim
860 5850 1133 5919 consules,
1175 5850 1343 5905 adhuc
1383 5868 1489 5919 era,
1514 5850 1741 5907 nondum

1841 5570 1983 5635 quod
2010 5566 2326 5623 scholiastes
2356 5569 2675 5622 decennium
2705 5567 3111 5635 interpretatur:

1918 5650 1938 5678 ο
1967 5639 2146 5701 Illum,
2174 5648 2233 5692 ut
2257 5654 2401 5703 reor,
2430 5640 2496 5693 de
2522 5655 2625 5707 quo
2648 5652 2813 5707 supra
2841 5634 3022 5689 collat.
3051 5632 3142 5700 18,
3166 5650 3282 5705 qua:
3309 5633 3429 5703 ejus

1845 5714 2060 5765 nomine
2093 5710 2425 5764 inscribitur.

1915 5782 1941 5859 ξι
1970 5780 2283 5859 [Maeoniam
2314 5781 2424 5859 hoc
2448 5781 2569 5859 loco
2599 5780 2755 5859 docet
2786 5775 3180 5859 Baronius_(ln
3222 5776 3427 5859 Marty-

1844 5848 1944 5906 rol.
1980 5856 2013 5908 8
2045 5850 2283 5922 Augusti)
2316 5853 2484 5922 accipi
2521 5868 2615 5921 pro
2645 5851 2760 5920 ipsa
2805 5850 3133 5918 oeconomia,
3181 5863 3275 5905 seu
3318 5848 3427 5902 dis-
