3986 6188
99 207 139 262 I
161 207 308 266 173

873 211 1185 269 COLLATO
1221 214 1364 280 XXI.
1397 246 1468 288 ε
1493 217 1584 286 DE
1623 217 2038 296 REMISSIONE
2077 220 2688 290 QUINQUAGESlM/E.

3310 233 3448 290 “71

104 321 357 375 diores
382 318 1227 408 quiqueinlideliterminuentes,
1253 326 1763 400 religiosioresvero
1789 334 1844 404 ᾼ
1867 342 1920 386 et
1951 347 2046 400 pro
2075 332 2157 386 his
2197 333 2424 387 Domino
2455 335 2541 402 pie
2571 333 2881 403 supplicans
2901 375 2917 400 ,
2958 336 3113 392 etiam
3143 341 3444 410 lugubriter

102 411 337 466 etiam
389 411 761 480 cumulantes,
796 411 875 467 illi
911 401 976 467 ex
1006 401 1364 485 sexagesima,
1411 419 1462 472 hi
1496 430 1674 474 autem
1699 437 1766 476 ex
1803 401 1814 424 ’

107 503 604 574 quadragesima
658 501 925 558 fructuum
965 520 1186 561 suorum
1232 518 1384 576 parte
1437 510 1764 579 pendebant.

112 606 156 634 ει
187 594 370 651 Justi
394 588 562 656 enim,
585 595 777 665 quibus
805 597 891 651 lex
911 612 1017 652 non
1041 609 1124 652 est
1144 590 1338 669 posita,
1364 601 1444 657 sic
1469 603 1768 670 probantur

117 703 270 744 non
312 703 450 743 esse
489 687 591 743 sub
615 687 762 757 lege,
809 677 866 743 ut
887 689 1125 758 juStitias
1157 692 1292 762 legis
1322 707 1428 748 non
1455 694 1632 749 solum
1661 695 1767 749 im-

115 783 345 852 plere,
379 796 575 837 verum
601 772 762 837 etiam
787 796 1049 853 superare
1077 772 1428 857 cantendant,
1464 788 1640 858 sitque
1667 788 1766 845 de-

116 874 312 929 votio
344 889 542 930 eorum
564 874 724 942 legali
749 876 922 944 major
944 867 1194 948 imperio,
1218 865 1338 948 quas
1366 869 1768 954 observantiam

123 966 463 1023 cumulans
513 954 909 1037 praceptorum
938 953 1464 1042 voluntaria‘jLips.
1503 971 1558 1025 in
1599 953 1763 1042 marg.

127 1060 508 1133 voluntarie]
531 1051 710 1134 addat
735 1061 802 1116 ad
833 1062 1039 1118 debita.
1247 1127 1258 1134 _
1721 1055 1724 1058 ’

793 1141 1024 1242 ὀΑΡυΤ
1061 1178 1151 1234 tv.
1234 1127 1258 1175 "

146 1268 331 1335 Quod
367 1267 660 1334 Abraham,
691 1265 860 1342 David
892 1278 938 1322 et
977 1271 1146 1342 caeteri
1174 1271 1338 1324 sancti
1369 1271 1611 1326 mandata
1638 1270 1765 1342 legis

685 1341 881 1408 fuerint
919 1341 1256 1410 supergressi.

233 1431 321 1486 lta
375 1445 609 1499 namque
651 1438 708 1516 et
755 1430 1028 1486 Abraham
1077 1430 1271 1486 futurae
1312 1431 1445 1502 legis
1495 1441 1764 1502 praecepta

147 1523 408 1595 legimus
437 1537 846 1594 supergressum
865 1563 879 1586 ,
905 1538 1028 1614 cum
1058 1524 1324 1594 superatis
1362 1533 1592 1593 quatuor
1615 1524 1764 1593 regi-

146 1616 289 1682 bus,
337 1615 408 1670 de
439 1616 629 1684 spoliis
658 1614 1016 1670 Sodomorum
1041 1656 1056 1683 ,
1089 1631 1208 1685 qua:
1236 1614 1341 1671 sibi
1384 1616 1530 1670 velut
1564 1616 1764 1670 victori

1869 409 2037 506 llevit,
2062 433 2117 480 et
2141 426 2286 506 ultus
2313 436 2396 481 est
2428 419 2761 481 initerlecms.
2812 427 2888 480 lta
2935 427 3101 506 tiliam
3133 446 3349 502 quoque
3389 449 3445 491 et

1867 501 2155 574 Ieremiam
2184 503 2470 590 probamus
2512 534 2621 572 non
2650 505 2834 574 fuisse.
2859 497 2959 573 sub
2989 497 3104 594 lege
3131 497 3165 588 ,_
3191 497 3283 593 qui
3323 541 3442 582 cum

1868 609 2014 664 licito
2045 611 2118 664 uti
2147 595 2395 680 conjugio
2425 609 2627 678 absque
2670 597 3089 686 reprehensione
3111 614 3443 686 potuissent,

1873 712 2250 771 cperseverare
2274 713 2453 757 tamen
2480 702 2713 772 virgines
2737 683 3062 778 maluerunt.
3079 702 3168 758 Sic
3191 683 3450 760 Elisaeum

1868 807 1933 848 ac
1959 793 2193 862 reliquos
2217 791 2462 864 ejusdem
2493 791 2752 868 propositi
2781 791 2927 847 viros
2951 791 3184 868 Mosaica
3219 793 3452 864 legimus

1869 873 2155 951 superasse
2186 882 2436 937 mandata
2456 923 2471 948 ,
2515 881 2583 940 de
2606 881 2823 954 quibus
2852 882 3140 956 Apostolus
3169 884 3242 938 ita
3270 881 3403 939 dicit
3431 903 3444 938 :

1868 973 2242 1029 Circumierunt
2289 975 2343 1028 in
2372 974 2571 1028 melotis
2592 1014 2607 1038 ,
2643 975 2698 1027 in
2751 972 2967 1043 pellibus
2994 975 3250 1046 caprinis,
3273 990 3449 1045 angu-

1869 1067 1985 1120 tiati
2005 1108 2020 1131 ,
2043 1066 2233 1138 amicti,
2263 1076 2486 1137 egentes,
2513 1064 2693 1136 quibus
2714 1048 2904 1135 dignus
2932 1081 3033 1118 non
3064 1073 3171 1119 erat
3200 1055 3448 1133 mundus,

1866 1159 1922 1212 in
1941 1157 2304 1213 solitudinibus
2324 1141 2578 1224 errantes,
2598 1166 2646 1210 et
2662 1158 2715 1210 in
2732 1155 3010 1220 montibus,
3031 1165 3076 1210 et
3096 1157 3150 1210 in
3165 1157 3443 1226 speluncis,

1867 1257 1916 1304 et
1939 1250 1995 1303 in
2022 1250 2248 1304 cavernis
2268 1260 2416 1303 terra
2432 1247 2615 1320 (Hebr.
2643 1247 2742 1319 xl).
2763 1246 2789 1286 ἀ
2812 1249 2947 1316 Quid
2970 1249 3036 1304 de
3063 1249 3186 1304 ﬁliis
3205 1231 3448 1307 Ionadab

1868 1341 1962 1396 lilii
1983 1339 2201 1396 Rechab
2223 1339 2420 1410 dicam,
2449 1355 2584 1410 quos
2608 1341 2862 1396 Ieremia:
2876 1342 3171 1411 prophetae,
3200 1321 3450 1418 oderen't'i

1867 1448 1934 1490 ex
1967 1444 2239 1510 prtecepto
2261 1431 2472 1487 Domini
2488 1431 2696 1502 vinum,
2721 1434 2792 1487 ita
2817 1420 3045 1502 legimus
3066 1417 3443 1506 respondisse:

1865 1523 1984 1580 Non
2034 1525 2268 1580 bibimus
2314 1525 2538 1591 vinum,
2586 1525 2708 1594 quia
2753 1523 2998 1578 Jonadab
3042 1524 3183 1602 ﬁlius
3227 1515 3448 1580 Rechab

1866 1625 2020 1685 pater
2067 1627 2258 1671 noster
2297 1603 2550 1685 praecepit
2595 1615 2784 1682 nobis,
2831 1607 3018 1672 dicens
3050 1632 3066 1672 :
3100 1617 3222 1671 Non
3265 1619 3448 1672 bibatis

149 1723 274 1764 non
313 1708 592 1762 immerito
613 1707 968 1773 debebantur,
990 1719 1046 1763 et
1071 1707 1289 1778 quidem
1315 1723 1440 1778 rege
1461 1706 1586 1776 ipso
1609 1708 1764 1777 cujus
1795 1709 1844 1774 B
1869 1710 2040 1780 viuum
2066 1722 2153 1761 vos
2179 1716 2226 1761 et
2250 1705 2348 1774 ﬁlii
2377 1708 2552 1776 vestri,
2585 1723 2745 1777 usque
2766 1708 2819 1760 in
2848 1709 3207 1779 sempiternum
3225 1747 3241 1773 ,
3271 1716 3318 1760 et
3349 1710 3447 1784 dog

151 1799 346 1870 spolia
380 1799 642 1855 retulerat
686 1798 998 1868 suppliciter
1038 1797 1301 1854 oll'erente
1325 1841 1341 1866 ,
1375 1797 1508 1852 nihil
1550 1800 1764 1868 penitus

157 1890 474 1961 acquiescit
495 1888 780 1958 attingere,
811 1889 910 1944 sub
931 1889 1102 1944 divini
1122 1891 1356 1944 nominis
1383 1888 1764 1946 testiﬁcatione

159 1983 520 2054 proclamans
553 1999 566 2034 :
604 1979 840 2035 Extendo
866 1997 1076 2036 manum
1106 1997 1270 2036 meam
1296 1981 1364 2035 ad
1401 1979 1571 2035 Deum
1599 1981 1767 2036 excel-

161 2091 306 2141 sum,
356 2075 444 2144 qui
476 2073 598 2144 fecit
634 2075 814 2128 caelum
849 2083 900 2128 et
925 2082 1136 2140 terram,
1166 2075 1211 2128 si
1239 2091 1269 2128 a
1295 2073 1386 2143 ﬁlo
1429 2073 1770 2144 subtegminis

161 2183 340 2237 usque
371 2166 439 2219 ad
483 2166 757 2237 corrigiam
784 2166 966 2236 caliga:
1007 2166 1256 2236 accipiam
1301 2182 1364 2220 ex
1386 2155 1621 2220 omnibus
1649 2173 1774 2235 quia:

168 2269 266 2311 tua
293 2266 416 2311 sunt
445 2255 652 2330 (Genes.
694 2258 830 2328 xiv).
869 2257 958 2313 Sic
988 2257 1155 2313 David
1191 2267 1463 2328 praecepta
1495 2255 1628 2328 legis
1672 2269 1771 2312 co-j

167 2351 491 2420 gnoscimus
516 2365 943 2421 supergressum,
977 2352 1120 2424 quib
1153 2354 1505 2424 praecipiente
1542 2353 1689 2408 Mose
1711 2361 1773 2409 ut

171 2443 415 2497 inimicis
446 2442 570 2498 talio
598 2444 949 2512 redderetur,
979 2460 1086 2501 non
1119 2446 1296 2501 solum
1321 2445 1425 2501 hoc
1454 2460 1564 2501 non
1615 2446 1761 2512 fecit,

171 2548 368 2588 verum
399 2536 559 2590 etiam
588 2533 878 2592 dilectione
904 2537 1221 2608 complexus
1250 2547 1337 2594 est
1357 2546 1766 2608 persequentes,

1869 1816 2009 1854 mum
2054 1816 2157 1868 non
2186 1799 2532 1868 azdiﬁcabitis,
2564 1809 2612 1852 et
2639 1807 2912 1853 sementem
2934 1816 3038 1852 non
3065 1801 3238 1854 seretis
3255 1843 3269 1868 ,
3297 1810 3342 1854 et
3367 1802 3447 1853 vi-

1864 1909 1990 1946 -teas
2011 1907 2112 1944 non
2142 1889 2465 1959 plantabitis,
2498 1904 2590 1944 nec
2613 1888 2887 1952 habebitis,
2918 1889 3007 1942 sed
3032 1890 3087 1943 in
3103 1891 3447 1968 tabernaculis

1868 1981 2163 2036 habitabilis
2192 1982 2390 2036 cunctis
2418 1977 2594 2034 diebus
2621 1972 2799 2034 uestris
2829 1976 3044 2052 (Jerem.
3075 1977 3262 2049 xxxv).
3294 1977 3451 2036 Unde

1869 2073 2033 2130 etiam
2075 2073 2142 2127 ab
2185 2071 2381 2127 eodem
2429 2070 2692 2142 propheta
2731 2080 3010 2126 merentur
3034 2069 3272 2126 audire:
3324 2069 3451 2124 Hice

1869 2165 1995 2220 dicit
2040 2163 2295 2218 Dominus
2332 2164 2671 2229 exercituum,
2697 2161 2836 2217 Deus
2862 2160 3072 2217 Israel:
3099 2161 3218 2216 Non
3250 2161 3451 2231 deﬁciet

1871 2257 1948 2311 vir
1990 2256 2054 2310 de
2077 2257 2235 2327 stirpe
2263 2254 2504 2309 Ionadab
2529 2255 2629 2325 ﬁlii
2650 2253 2856 2310 Rechab
2877 2295 2892 2320 ,
2923 2263 3065 2309 stans
3094 2256 3147 2308 in
3175 2263 3450 2325 conspectu

1864 2367 1981 2409 meo
2001 2349 2196 2402 cunctis
2223 2346 2399 2403 diebus
2420 2345 2631 2419 (Ibid.).
2657 2347 2761 2414 Qui
2791 2363 2980 2401 omnes
3011 2339 3209 2422 ollcrre
3235 2362 3449 2416 posses-

1867 2442 2079 2495 sionum
2103 2453 2323 2494 suarum
2352 2437 2595 2493 decimas
2617 2453 2722 2492 non
2744 2437 3004 2506 contenti,
3038 2436 3134 2492 sed
3165 2437 3277 2506 ipsa
3308 2451 3450 2506 prae-

1870 2534 1956 2589 dia
1976 2540 2317 2604 respuentes,
2336 2534 2659 2604 semetipsos
2671 2533 2850 2602 potius
2875 2532 2984 2588 Deo
3006 2545 3069 2586 ac
3092 2546 3218 2586 suas
3235 2530 3447 2612 animas

1224 2693 1482 2750 ALARDI
1522 2691 1755 2750 GAZEI
1793 2686 2360 2747 COMMENTARIUS.

256 2817 282 2846 ⁸
320 2808 431 2864 Lex
456 2851 472 2876 ,
513 2808 587 2864 ait
613 2809 966 2882 Apostolust
996 2811 1145 2882 justo
1185 2825 1290 2864 non
1317 2817 1392 2864 est
1431 2809 1635 2880 posito,
1675 2805 1766 2882 sed

178 2882 418 2951 injustis.
447 2890 554 2952 etc.
599 2880 643 2947 (l
668 2879 802 2952 Tim.
833 2883 896 2952 ι).
927 2879 1094 2950 Cujus
1123 2881 1408 2952 sententiae
1434 2879 1636 2952 verum
1685 2881 1765 2932 in-

1876 2822 1966 2872 per
1991 2804 2313 2868 charitatem,
2345 2820 2498 2874 quam
2523 2802 2750 2873 Spiritus
2778 2812 2987 2857 sanctus
3017 2801 3250 2856 cordibus
3272 2818 3453 2857 eorum

1869 2877 2086 2942 infudit,
2117 2876 2408 2928 voluntarie
2433 2875 2488 2927 id
2509 2875 2644 2944 quod
2664 2875 2792 2944 legis
2811 2884 2887 2928 est
2907 2874 3138 2944 implent.
3161 2874 3278 2927 Alio
3301 2875 3454 2926 modo

183 2944 458 3007 tellectum
483 2944 643 3008 docet
661 2944 992 3021 Augustinus
1007 2944 1154 3020 '(Lib.
1171 2951 1237 3008 de
1265 2951 1471 3017 Spiritu
1493 2958 1540 3004 et
1569 2949 1768 3021 Littera
1810 2989 1841 3021 ._
1877 2957 2038 3015 potest
2069 2946 2310 3021 intelligi,
2333 2947 2387 2999 in
2411 2955 2664 3021 quantum
2687 2947 2903 2999 hominis
2918 2961 3074 3021 aperti
3087 2946 3225 3021 quia
3251 2944 3455 3021 Spiritu

182 3040 303 3098 cap.
484 3015 774 3098 petendum
811 3039 935 3080 esse
962 3015 1033 3098 es:
1054 3015 1481 3098 aliis_siniilibus
1496 3020 1766 3098 _ejusde_m
1796 3015 1844 3082 C
1872 3018 2265 3098 sanctopgitur,
2284 3015 2448 3098 magis
2469 3017 2715 3098 diriguntur
2735 3031 2842 3068 esse
2863 3032 3017 3098 gpera
3038 3016 3267 3083 Spiritus
3289 3016 3455 3068 sancti

181 3088 429 3160 Apostol'i
462 3088 764 3160 sententiis,
789 3102 849 3148 ut
873 3103 957 3148 est
978 3093 1071 3148 illa
1096 3096 1161 3146 ad
1182 3093 1339 3147 Rom.
1365 3107 1418 3146 vt
1446 3109 1459 3146 :
1486 3088 1610 3144 Non
1628 3090 1769 3144 enim

178 3165 307 3220 estis
334 3163 425 3217 sub
453 3165 582 3234 lege,
614 3164 702 3220 sed
727 3165 820 3219 sub
848 3167 1052 3234 gratia;
1096 3175 1151 3218 et
1180 3179 1300 3232 cap.
1338 3179 1413 3217 vn
1441 3180 1455 3217 :
1481 3161 1639 3217 Nune
1666 3177 1769 3234 aug

183 3245 290 3307 tem
329 3232 698 3307 saluti_‘sumus
728 3252 759 3289 a
782 3232 913 3307 lege,
943 3237 997 3288 in
1033 3252 1134 3301 qua
1179 3234 1566 3307 detinebamur;
1610 3243 1674 3307 et
1702 3232 1770 3307 ad

187 3305 313 3378 Gal.
363 3321 390 3359 ν
425 3323 437 3358 :
469 3305 530 3359 Si
558 3307 743 3378 spiritu
771 3302 1043 3378 ducimini,
1072 3321 1173 3378 non
1200 3306 1322 3378 estis
1347 3305 1452 3378 sub‘
1470 3304 1598 3374 lege.
1640 3302 1771 3371 Qui-

189 3377 294 3431 bus
341 3373 618 3432 sententiis
646 3391 752 3431 non
801 3373 1069 3445 signiﬁcat
1097 3375 1391 3445 Apostolus
1432 3373 1611 3444 jus’tos
1662 3389 1769 3428 non

190 3446 364 3501 teneri
412 3447 653 3516 legibus,
687 3448 770 3502 vel
803 3461 907 3502 non
937 3461 1158 3516 peccare
1188 3448 1232 3516 si
1279 3447 1450 3516 legem
1492 3460 1598 3500 non
1655 3459 1771 3498 ser-

194 3527 354 3582 vent;
380 3517 474 3572 sed
503 3533 609 3573 non
635 3517 831 3574 habere
863 3518 1035 3587 legem
1065 3534 1226 3584 supra
1250 3533 1338 3584 se,
1369 3517 1518 3587 quasi
1541 3516 1770 3572 cervici-

194 3591 296 3642 bus
323 3589 429 3642 suis
461 3587 833 3643 imminentem
856 3630 872 3654 ,
903 3597 959 3644 et
996 3588 1208 3657 llagello
1239 3597 1533 3643 terrentem
1563 3602 1625 3641 ac
1666 3587 1770 3657 mi-

197 3670 410 3713 nantem
436 3701 452 3724 ,
488 3669 542 3713 ut
573 3659 772 3714 habent
815 3658 1018 3725 injusti,
1060 3656 1147 3728 qui
1176 3659 1372 3714 timore
1398 3656 1772 3728 tantummodo

200 3746 366 3797 ptena:
415 3730 622 3798 legibus
671 3727 1088 3798 obtemperant.’
1122 3728 1423 3798 Operantur
1451 3733 1592 3782 enim
1639 3727 1772 3796 jnin

201 3802 392 3854 bonum
423 3815 609 3856 amore
649 3800 875 3868 justitiai
904 3815 966 3854 ac
997 3799 1182 3855 libenti
1234 3800 1413 3851 animo
1439 3837 1454 3863 ,
1499 3798 1772 3866 operaturi

199 3871 402 3925 etiamsi
435 3872 519 3926 lex
549 3885 653 3925 non
681 3882 845 3939 esset,
871 3880 963 3925 aut
985 3871 1184 3924 nullam
1211 3883 1423 3938 pmnam
1449 3868 1768 3939 minaretur.

207 3941 350 3995 Unde
369 3942 468 4012 ipsi
494 3942 594 3994 sibi
614 3953 730 4010 sunt
752 3937 867 4006 lex,
892 3943 1014 3994 dum
1036 3937 1309 3994 ostendunt
1349 3953 1475 4010 Opus
1501 3937 1624 4062 leais
1648 3938 1775 3990 scri-

207 4022 340 4062 ntum
385 4013 439 4062 in
479 4012 722 4062 cordibus
761 4013 889 4062 suis.
921 4014 1060 4062 sicut
1105 4009 1394 4062 Apostolus
1434 4009 1499 4062 ad
1597 4023 1702 4061 om.
1736 4023 1774 4062 tt

201 4022 340 4083 ptum
385 4009 448 4083 in
479 4009 722 4066 cordibus
761 4013 889 4077 suis,
921 4014 1060 4066 sicut
1105 4009 1394 4080 Apostolus
1434 4009 1499 4083 ad
1547 4009 1702 4083 Rom.
1736 4023 1774 4062 ll

206 4077 330 4136 dicit
356 4100 368 4136 :
403 4081 551 4152 Unde
580 4084 633 4136 in
664 4089 751 4136 eas
782 4099 884 4136 non
914 4083 1059 4136 habet
1082 4077 1167 4136 leaf
1189 4083 1288 4152 vim
1311 4082 1613 4152 coactivam,
1645 4077 1776 4152 sicut

207 4154 348 4224 habet
370 4149 421 4206 in
445 4155 682 4224 injustas,
699 4155 774 4206 ait
791 4154 847 4208 S.
873 4150 1266 4222 Thomas(l-2.
1285 4169 1346 4224 q.
1370 4152 1462 4215 96,
1489 4151 1592 4224 a.__5
1612 4149 1678 4202 ad
1698 4148 1771 4220 1).

207 4223 352 4290 Quod
379 4234 433 4279 et
464 4222 620 4292 poeta
650 4225 926 4300 eleganter
955 4225 1224 4293 expressit
1265 4223 1370 4300 illis
1410 4222 1654 4277 versibus
1685 4235 1701 4273 :

384 4332 606 4398 Qderunt
628 4347 834 4398 peccare
857 4335 972 4398 boni
996 4336 1189 4398 virtutis
1212 4347 1376 4384 amore
1402 4349 1416 4383 :

389 4393 608 4446 Oderunt
626 4393 834 4460 peccare
858 4395 973 4446 mali
997 4395 1252 4446 formidine
1279 4409 1453 4459 ptume.

211 4501 461 4570 Quocirca
507 4502 638 4572 justi
673 4503 727 4557 in
756 4504 877 4573 lege
902 4501 1083 4573 potius
1127 4516 1247 4573 esse
1291 4501 1569 4573 dicuntur,
1615 4513 1776 4573 quam

211 4568 306 4628 sub
328 4575 462 4641 lege,
501 4568 560 4627 ut
577 4574 718 4627 idem
746 4568 1035 4639 Ap'Ost'olus
1056 4571 1122 4627 de
1145 4571 1322 4640 seipso
1348 4573 1422 4625 ait
1445 4571 1488 4642 (Ι
1510 4568 1736 4640 Coi-(ix)
1761 4585 1775 4623 :

216 4643 393 4698 Factus
421 4659 533 4697 sum
557 4645 622 4698 iis
645 4645 731 4712 qui
751 4645 844 4697 sub
878 4643 986 4714 lege
1008 4655 1125 4714 sunt
1153 4643 1302 4710 quasi
1331 4642 1422 4714 sub
1471 4643 1581 4714 lege
1619 4650 1782 4694 essem

215 4715 337 4784 (cum
361 4715 469 4784 ipse
493 4731 593 4787 non
617 4729 778 4787 essem
798 4715 890 4768 sub
914 4712 1070 4787 lege).
1101 4723 1146 4787 et
1173 4714 1238 4787 iis
1259 4712 1347 4782 qui
1369 4712 1480 4787 sine
1505 4713 1613 4780 lege
1635 4720 1782 4764 erant

215 4781 452 4849 tamquam
481 4785 591 4839 sine
611 4783 734 4855 lege_
741 4800 900 4838 essem
921 4781 1061 4854 (c'um
1084 4785 1192 4838 sine
1221 4781 1330 4854 lege
1360 4781 1455 4837 Dei
1465 4795 1776 4855 nonessem,

214 4855 296 4927 sed
321 4858 368 4927 in
387 4857 494 4927 lege
508 4851 679 4908 essem'
695 4851 1067 4927 Christijgljoc
1089 4855 1248 4927 igitur
1268 4851 1521 4927 sensu_S._
1546 4851 1783 4908 Thomas

215 4924 299 4998 (In
323 4923 603 4998 Comment.
627 4934 676 4978 et
710 4923 822 4998 1-2,
842 4923 898 4993 q.
923 4925 1014 4998 91’s,
1047 4923 1238 4998 ιιι-ἠδ)
1257 4925 1478 4998 exponit
1501 4923 1647 4992 justo
1677 4938 1780 4976 non

217 4995 328 5051 esse
379 4997 550 5062 legem
609 4996 834 5064 positam
862 5037 877 5060 ,
935 4997 987 5050 id
1027 5006 1110 5050 est
1159 4995 1463 5064 impositam
1506 5001 1782 5064 tamquam

218 5082 361 5132 onus,
395 5065 543 5138 quod
567 5063 689 5138 eum
730 5075 942 5135 premat
969 5074 1114 5121 metu
1169 5063 1740 5138 et’terroresupplicii
1767 5105 1782 5130 ,

219 5138 325 5192 sive
375 5136 548 5204 quoad
603 5135 1102 5204 vim'coactivam,
1159 5135 1214 5190 tit
1245 5135 1404 5190 modo
1427 5135 1630 5189 dictum
1677 5144 1780 5189 est.

219 5203 481 5275 Quomodo
511 5221 644 5262 vero
685 5207 858 5274 justos
887 5207 1033 5261 dicat
1061 5203 1354 5278 Apostolus
1382 5203 1525 5278 (Gal.
1576 5205 1782 5278 v)_non_

220 5274 327 5333 esse
355 5278 453 5333 sub
485 5278 622 5346 lege,
652 5278 792 5331 idem
817 5278 1050 5345 explicat
1072 5274 1125 5331 in
1156 5279 1296 5330 hunc
1325 5274 1540 5346 mndum
1577 5293 1588 5326 :
1635 5274 1782 5328 Illud

218 5349 406 5417 uerbum
435 5344 668 5412 Apo'stoli
707 5357 874 5417 potest
894 5344 1118 5417 intelligi
1146 5347 1439 5417 dupliciter.
1473 5344 1610 5417 Uno
1635 5347 1784 5399 modo

221 5416 288 5472 lut
310 5433 409 5472 esse
426 5418 518 5471 sub
541 5418 647 5489 lege
671 5416 988 5488 intelligatur
1011 5416 1099 5472 ille
1125 5416 1410 5489 quinol‘ens
1427 5416 1786 5489 obligationem

217 5489 331 5558 legis
350 5485 606 5560 subditur,
626 5491 776 5560 quasi
804 5485 1012 5560 cuidam
1039 5485 1271 5560 ponderi.
1305 5485 1451 5541 Unde
1473 5489 1644 5560 glossa
1683 5485 1783 5560 ibis

222 5557 324 5614 dem
347 5559 466 5612 dicit
490 5557 752 5627 quod'sub
796 5559 906 5629 lege
930 5569 1002 5611 est
1028 5557 1115 5623 qui
1156 5559 1340 5629 timore
1369 5557 1610 5629 supplicii
1649 5559 1787 5623 quod

225 5631 300 5701 lea:
313 5632 548 5701 minatur,
579 5646 677 5683 non
702 5627 875 5683 amore
889 5630 1126 5701 justitite,
1157 5645 1190 5681 a
1210 5627 1346 5681 malo
1368 5627 1516 5701 opere
1544 5628 1784 5701 abstinet.

180 5764 185 5768 ,
227 5695 290 5758 Et
315 5698 405 5756 hoc
432 5695 587 5754 modo
622 5695 916 5771 spirituales
953 5699 1048 5752 viri
1075 5715 1178 5753 non
1200 5707 1323 5752 sunt
1349 5701 1443 5755 sub
1474 5700 1583 5774 lege
1603 5742 1618 5768 ,
1663 5699 1786 5767 quia

1870 3103 2020 3158 quam
2049 3083 2211 3157 ipsius
2238 3083 2459 3139 hominis
2485 3101 2502 3140 :
2532 3083 2681 3142 Unde
2707 3102 2825 3138 cum
2859 3085 3089 3158 Spiritus
3115 3094 3321 3138 sanctus
3351 3103 3455 3138 non

1871 3156 1936 3212 sit
1962 3156 2214 3228 sublege,
2244 3158 2472 3223 sequitur
2509 3158 2644 3221 quod
2674 3156 3186 3228 hujusmodi‘oliera,
3218 3158 3268 3208 in
3290 3173 3456 3225 quan-

1871 3239 1980 3296 tum
2007 3226 2391 3296 sunt'Spiritus
2430 3229 2624 3292 sancti,
2651 3226 2754 3281 non
2774 3237 2893 3280 sunt
2920 3226 3013 3280 sub
3043 3227 3169 3298 lege.

1947 3298 1974 3337 δ
2005 3295 2246 3354 Talionis
2275 3299 2444 3368 legem
2489 3314 2592 3354 non
2629 3299 2820 3353 indixit
2867 3295 3347 3368 Moyses'singulis
3401 3309 3459 3352 et

1873 3370 2096 3439 privatis
2123 3369 2461 3437 hominibus,
2497 3379 2553 3425 ut
2575 3370 2777 3424 Scriba:
2809 3378 2861 3424 et
2887 3368 3141 3423 Pharisaei
3173 3383 3457 3438 perperam

1872 3441 2275 3510 intelligebaut;
2308 3443 2400 3494 sed
2425 3441 2694 3511 judicibus
2739 3441 3093 3511 dumtaxat_et
3132 3439 3460 3508 magistrati-

1873 3512 1995 3584 bus,
2023 3509 2084 3584 ut
2112 3512 2249 3584 alias
2265 3509 2466 3567 dictum
2493 3521 2575 3568 est
2591 3510 2832 3584 ((Callat.
2843 3511 2882 3584 8
2903 3527 2948 3564 c.
2973 3509 3088 3584 24);,
3118 3511 3370 3584 nimirum
3401 3521 3460 3563 ut

1874 3583 2250 3652 injudicandis
2278 3593 2328 3636 et
2363 3581 2651 3649 puniendis
2674 3581 2889 3652 injuriis
2919 3582 3168 3647 proximo
3189 3581 3372 3652 illatis,
3403 3589 3460 3635 et

1874 3649 2223 3723 all—judicium
2256 3652 2523 3716 deductis,
2575 3652 2714 3723 hanc
2744 3649 2983 3723 regulam
3030 3659 3082 3701 et
3113 3650 3328 3723 modum
3379 3659 3460 3702 te-

1876 3719 2086 3786 nerent,
2121 3731 2176 3792 et
2205 3723 2398 3776 noxios
2421 3736 2576 3792 paena
2601 3719 2814 3774 talionis
2840 3719 3109 3784 punirent,
3137 3719 3328 3792 vulnus
3359 3733 3458 3792 pro

1873 3796 2118 3857 vnluere,
2153 3789 2376 3844 livorem
2418 3787 2518 3859 pro
2542 3790 2739 3853 livore,
2787 3797 3014 3859 mortem
3043 3787 3154 3855 pro'
3172 3793 3345 3859 morte
3383 3787 3458 3840 ir-

1875 3855 2142 3986 roganddo;
2175 3860 2386 3935 oculum
2419 3855 2433 3859 ’
2447 3875 2542 3930 pro
2573 3859 2751 3924 oculo,
2784 3857 2999 3932 dentem
3030 3872 3126 3926 pro
3159 3855 3318 3912 dente
3360 3872 3457 3910 au-

1894 3949 2020 3986 eren
2063 3946 2115 3986 ο.
2903 3939 2911 3946 '

1874 3933 2115 3988 ferendo.
2361 3933 2364 3935 ’
2903 3939 2911 3946 ’
3513 3938 3515 3940 ’

1879 4015 1886 4021 ·
1953 4013 1975 4042 ε
2006 4001 2198 4066 Eliam,
2233 4001 2509 4063 Elisseum,
2542 3999 2830 4062 Jeremiam
2852 4040 2866 4060 ,
2911 3997 3153 4065 aliosque
3202 3997 3257 4050 in
3283 3998 3456 4052 veteri

1877 4075 2225 4130 Testamento
2291 4074 2524 4142 virgines
2581 4069 2959 4142 permansisse
3004 4075 3229 4142 testatur
3288 4069 3454 4142 etiam

1877 4128 1944 4216 βξ
1973 4128 2405 4216 Hieronymusjn
2434 4128 2681 4216 epis_t.'_ad
2710 4139 3054 4216 Eustochium
3084 4128 3403 4216 (Epist-22)
3438 4156 3450 4191 :
3509 4148 3514 4152 ‘

1885 4215 2067 4288 Virgo,
2097 4209 2287 4288 inquit,
2312 4209 2489 4288 _Elias',
2519 4211 2744 4288 Elisazus
2775 4209 2937 4288 virgo,
2964 4209 3183 4288 virgines
3213 4209 3312 4288 ﬁlii
3336 4224 3456 4278 pro-

1880 4280 2184 4358 phelarum;
2205 4285 2271 4340 Et
2294 4285 2533 4358 Ieremia
2554 4284 2787 4358 dicitur;
2816 4282 2878 4333 Et
2902 4291 2955 4332 tu
2985 4297 3048 4333 ne
3068 4280 3296 4358 accipias
3325 4297 3459 4358 πεττο-
3509 4311 3514 4317 -

1882 4349 2013 4412 rem.
2054 4359 2119 4414 Et
2143 4351 2282 4412 lib.i
2313 4357 2570 4412 adversus
2594 4354 2935 4410 Jovinianum
2968 4368 3087 4420 cap.
3111 4349 3177 4404 15
3203 4350 3453 4406 eumdem

1805 4395 1861 4456 Β
1885 4395 2905 4498 ’ἑιύὀῖΓιιΞῖίὶῖἶιῖρὶνειιεωωη
2937 4395 3098 4498 stul'te
3128 4421 3457 4498 in_catalogo
3511 4461 3518 4491 ε

1918 4491 2110 4570 oneret
2157 4491 2472 4570 maritorum
2496 4540 2512 4555 .
2551 4496 2805 4570 Idemque
2845 4493 3128 4566 conﬁrmat
3170 4491 3457 4570 Cassianus

1906 4571 1976 4624 ib.
2010 4587 2061 4624 v1
2093 4569 2264 4624 lustit.
2295 4585 2415 4638 cap.
2438 4569 2493 4622 4.
2722 4567 2727 4570 ⁷
2925 4635 2985 4638 __
3075 4634 3106 4638 __
3267 4630 3334 4638 ._
3378 4567 3388 4638 ξ

1952 4639 1980 4678 ά
2014 4639 2088 4695 De
2119 4639 2201 4694 his
2231 4639 2284 4692 D.
2307 4630 2666 4709 Hieronymus
2693 4636 2939 4709 cpistiad
2960 4634 3240 4709 Paulinum
3259 4630 3458 4708 (Epist.

1885 4709 1998 4784 15),
2030 4711 2125 4784 ubi
2173 4726 2267 4784 eos
2309 4703 2585 4784 monachis
2616 4703 3169 4784 veterish'l‘e‘stiimenti
3191 4703 3462 4784 annume-

1883 4771 2009 4836 raii's
2043 4798 2054 4835 :
2089 4779 2290 4854 Deliis,
2326 4781 2518 4854 inquit,
2541 4789 2682 4854 __su_nt
2710 4789 2757 4854 et
2787 4777 2867 4854 illi
2892 4778 2988 4846 ﬁlii
3008 4773 3243 4854 nectat,
3269 4771 3464 4854 quidvi-

1885 4869 2005 4905 num
2036 4863 2080 4905 et
2118 4844 2336 4905 siceram
2370 4844 2468 4904 non
2501 4845 2753 4918 bibebant,
2781 4849 2867 4912 qui
2892 4844 3228 4899 morabantur
3266 4844 3321 4897 in
3361 4852 3464 4894 tend

1886 4924 2050 4986 toriis,
2094 4923 2181 4992 qui
2213 4920 2308 4974 Dei
2337 4939 2425 4990 per
2446 4919 2724 4992 Jerentiam
2763 4918 3223 4992 uoceglau'dantur,
3263 4924 3319 4992 et
3347 4930 3466 4983 pro-

1885 4983 2204 5072 mittitur-meis
2234 4983 2498 5072 quodnon
2528 4991 2731 5057 deﬁciat
2754 4988 2997 5072 de's'tirpe
3025 4983 3200 5067 eorum
3227 4983 3465 5072 virgstans

1885 5080 2061 5117 coram
2094 5051 2316 5116 Domino
2348 5062 2559 5128 (Jerent.
2594 5051 2780 5127 kxxv):
2818 5051 3161 5128 Hoevrebr'et
3205 5061 3464 5128 septuage-

1887 5136 2005 5189 simi
2036 5133 2221 5203 psalmi
2252 5121 2458 5188 titulum
2488 5121 2778 5203 signiﬁcare
2803 5144 2820 5180 :
2843 5125 3102 5203 filiorum
3123 5121 3400 5203 Ionadab,
3416 5131 3465 5174 et

1887 5189 2062 5276 eorum
2090 5208 2174 5276 qui
2201 5205 2354 5276 primi
2394 5206 2446 5276 in
2490 5189 2829 5276 cdpti'uitateiit
2853 5189 2994 5250 ducti
3035 5189 3190 5276 sunt?
3237 5189 3347 5276 lstg
3370 5203 3465 5276 "est

1886 5262 2125 5331 Ionadab
2148 5262 2288 5344 ﬁlius
2321 5262 2729 5344 Rechab,'quiiit
2755 5268 3049 5344 Ragnar;th
3073 5262 3467 5344 libro_§cribit_ur

1889 5328 2108 5401 currum?
2148 5328 2440 5401 ascendisse
2479 5328 2593 5412 cuni
2640 5332 2778 5419 Hieu
3077 5329 3167 5464 kz.
3202 5331 3268 5408 ῌι
3308 5328 3468 5416 hujus

1893 5418 1987 5464 ﬁlii
2015 5427 2165 5464 sunt-
2213 5418 2304 5464 aui
2357 5415 2412 5464 in
2441 5411 2784 5464 tabernaculis
2821 5422 3020 5464 semper
3046 5395 3114 5458 1ιᾶ
3154 5413 3367 5464 nantes,
3401 5400 3468 5464 ad

1889 5395 1993 5487 ﬁlii
2014 5395 2131 5487 sunt
2344 5395 2784 5487 imitemini;
2813 5395 3034 5487 ὶεῂξόρξ
3046 5395 3469 5487 minantesque

1890 5467 2455 5557 'e—elre'iiiunifpropter
2483 5473 2818 5557 irruptionem
2860 5467 3137 5557 gh'aldaici
3180 5467 3467 5557 exercitus,

2110 5539 2385 5627 compulsi,
2409 5539 2570 5607 hanc
2586 5539 3111 5627 prinii_caplii~itatem
3164 5539 3471 5627 sustinuisse

1848 5607 2157 5698 dic—untur,—
2174 5607 2334 5697 giae
2348 5607 2465 5698 post
2487 5607 2782 5679 solitudinis
2809 5607 3121 5684 libertatem,
3155 5607 3299 5681 urbe,
3321 5612 3472 5692 quasi

1892 5715 2091 5758 carcere
2107 5740 2122 5770 ,
2146 5699 2247 5753 sint
2271 5697 2476 5752 reclusi.
