4022 6192
523 187 664 245 1175

1566 186 1845 242 JOANNIS
1881 184 2197 241 CASSIANI
2236 179 2724 239 COLLATIONES.

3668 184 3805 240 U76

522 301 833 356 obtulerunt
858 342 871 366 ,
907 313 1001 369 pro
1031 300 1220 369 quibus
1252 298 1397 353 nulla
1426 299 1494 351 ab
1525 298 1745 353 homine
1778 300 1897 354 ﬁeri
1947 313 2100 352 com-
2127 300 2177 358 Α
2204 296 2525 365 evangelica:
2551 295 2744 365 gratia:
2770 308 2891 350 esse
2921 294 3212 365 participes
3232 335 3247 361 ,
3291 295 3381 365 qui
3411 309 3809 355 consummare

520 398 749 453 mutatio
772 406 978 467 potest,
1008 397 1147 450 sicut
1186 395 1444 448 Dominus
1496 394 1546 447 in
1578 394 1871 464 Evangelio
1912 402 2102 447 conte-

520 498 699 542 statur
729 506 740 541 :
778 488 943 553 Quam
974 487 1116 539 dabit
1146 488 1298 537 homo
1332 485 1780 539 commutationem
1813 501 1906 557 pro
1932 484 2105 538 anima

520 600 616 637 sua
647 580 863 651 (Matth.
898 578 1037 649 XVI).

1147 667 1373 725 CAPUT
1416 669 1477 723 γ.

524 764 676 829 Quod
715 762 808 815 sub
836 759 1105 832 Evangelii
1135 761 1303 833 gratia
1343 761 1579 833 degentes
1607 776 1850 832 superare
1891 757 2104 814 debeant

1070 832 1321 885 mandata
1342 831 1551 903 legalia.
1671 831 1674 832 ⁷
2044 908 2057 929 ί

594 948 937 1017 Quapropter
962 947 1103 1002 scire
1128 946 1387 1002 debemus
1414 960 1511 1000 nos
1537 946 1591 1015 (a
1624 945 1819 1016 quibus
1848 958 1953 998 non
1994 943 2105 1012 jam

524 1039 757 1110 exigitur
806 1039 977 1110 legale
1008 1041 1347 1105 mandatum,
1400 1038 1493 1093 sed
1525 1038 1723 1107 quibus
1763 1034 2107 1105 evangelicus

522 1132 762 1203 quotidie
786 1133 995 1188 intonat
1013 1147 1191 1188 sermo
1219 1132 1432 1203 (Matth.
1458 1130 1576 1201 ιιι)
1616 1150 1629 1184 :
1665 1130 1725 1185 Si
1749 1130 1823 1183 ris
1851 1130 2107 1199 perfectus

522 1241 650 1294 esse,
674 1225 819 1291 vade,
844 1234 889 1280 et
910 1224 1068 1279 vende
1088 1225 1260 1279 omnia
1284 1241 1395 1295 qua:
1418 1223 1593 1291 habes,
1619 1232 1667 1277 et
1684 1223 1749 1276 da
1772 1223 2101 1293 pauperibus,

524 1327 572 1372 et
598 1319 805 1373 habebis
824 1320 1119 1373 thesaurum
1140 1321 1191 1372 in
1214 1320 1360 1386 calo,
1386 1328 1431 1371 ct
1454 1319 1583 1383 veni,
1610 1334 1815 1387 sequere
1836 1317 1964 1387 me),
1980 1332 2102 1371 cum

523 1412 767 1468 decimas
796 1412 862 1467 de
884 1411 1201 1467 substantiis
1233 1411 1433 1466 nostris
1461 1410 1744 1465 offerimus
1768 1409 1899 1477 Deo,
1932 1408 2107 1464 adhuc

523 1503 921 1573 quodammodo
952 1503 1051 1558 sub
1082 1502 1215 1571 legis
1246 1502 1453 1557 sarcina
1485 1500 1754 1566 detineri,
1788 1511 1841 1555 et
1873 1501 2103 1555 necdum

522 1596 588 1651 ad
612 1597 979 1667 evangelicum
1016 1595 1146 1650 illud
1175 1595 1442 1665 fastigium
1474 1595 1805 1664 pervenisse,
1841 1593 1981 1663 quod
2010 1593 2107 1648 ub-

2206 392 2367 445 etiam
2400 390 2605 444 leviora
2638 388 2773 457 legis
2807 399 3071 458 praecepta
3116 390 3506 444 contemnunt?
3556 390 3805 459 Quorum

2205 485 2515 539 facilitatem
2559 498 2729 551 usque
2773 481 2907 537 adeo
2939 482 3225 551 imperiosa
3256 482 3584 553 legislatoris
3637 485 3803 541 verba

2208 584 2509 642 testantur,
2571 582 2628 627 ut
2676 573 2838 628 etiam
2889 572 3229 628 maledictum
3282 590 3391 628 non
3443 576 3803 644 implentibus

2210 676 2541 738 proponatur
2595 683 2609 719 :
2645 665 2955 720 Maledictus
2985 666 3129 721 enim
3154 709 3169 734 ,
3212 665 3408 736 inquit,
3440 669 3529 738 qui
3554 684 3662 722 non
3692 687 3802 741 per—

2209 758 2459 811 manserit
2507 757 2561 810 in
2611 755 2846 809 omnibus
2871 771 2987 825 qua
3026 758 3218 823 scripta
3264 768 3383 811 sunt
3412 758 3465 811 in
3516 758 3653 811 libro
3680 760 3805 830 legis

2208 850 2385 922 hujus,
2416 859 2471 902 ut
2500 849 2661 919 faciat
2687 864 2748 901 ea
2790 848 2971 919 (Deut.
3005 849 3194 919 xxvn).
3228 849 3328 904 llic
3356 858 3537 904 autem
3570 867 3672 919 pro
3712 869 3805 907 ex-

2208 944 2457 998 cellentia
2501 950 2555 996 et
2600 940 2929 996 sublimitate
2970 940 3346 995 mandatorum
3388 942 3587 997 dicitur
3630 960 3645 996 :
3702 945 3804 1009 Qui

2211 1043 2374 1104 potest
2404 1050 2584 1104 capere
2610 1075 2624 1100 ,
2671 1033 2841 1100 capiat
2870 1030 3087 1104 (Matth.
3130 1032 3267 1102 ιιι).
3299 1032 3415 1088 Illic
3445 1034 3651 1104 legiferi
3687 1038 3805 1091 vio-

2212 1131 2351 1183 lenta
2393 1126 2728 1197 compulsio,
2775 1136 3171 1196 praeceptorum
3214 1126 3417 1181 iudicat
3449 1130 3798 1197 parvitatem.

2208 1220 2495 1277 Contestor
2528 1222 2670 1275 enim
2695 1264 2709 1287 ,
2744 1220 2949 1290 inquit,
2994 1220 3145 1275 vobis
3175 1219 3338 1276 hodie
3368 1222 3562 1276 cotlum
3606 1233 3661 1278 et
3694 1234 3803 1278 ter-

2212 1328 2348 1377 ram,
2378 1312 2518 1383 quod
2548 1313 2594 1366 si
2626 1326 2733 1367 non
2757 1312 3123 1367 custodieritis
3148 1323 3420 1382 praecepta
3455 1314 3668 1370 Domini
3709 1317 3800 1372 Dei

2211 1406 2396 1471 vestri,
2428 1404 2669 1475 peribitis
2702 1419 2733 1459 a
2764 1403 2904 1460 facie
2936 1412 3097 1459 terrae
3120 1403 3298 1475 (Deut.
3332 1406 3432 1474 tv).
3464 1405 3562 1459 llic
3592 1406 3805 1474 magni.

2212 1498 2423 1552 licentia
2449 1498 2759 1554 sublimium
2790 1496 3187 1562 mandatorum,
3217 1497 3329 1566 ipsa
3357 1513 3463 1551 non
3494 1507 3599 1551 tam
3625 1498 3801 1565 impe-

2210 1594 2401 1659 rantis,
2438 1606 2597 1662 quam
2628 1590 2966 1645 adhortantis
2990 1588 3300 1645 conditione
3327 1589 3568 1660 signatur
3599 1590 3692 1645 :Si
3724 1592 3797 1645 ris

523 1697 886 1759 temperantes
917 1689 1019 1744 sibi
1043 1730 1056 1752 .
1090 1704 1197 1744 non
1234 1698 1436 1743 tantum
1469 1688 1753 1758 praesentis
1779 1688 1905 1743 vita:
1929 1689 2100 1743 bene-
2134 1680 2180 1741 Β
2208 1685 2487 1755 perfectum
2534 1700 2673 1749 esse,
2715 1684 2798 1753 {ac
2839 1681 2935 1736 hoc
2982 1690 3071 1735 aut
3121 1682 3250 1735 illud
3297 1681 3511 1751 (Matth.
3549 1684 3688 1749 xix).
3720 1682 3798 1737 lbi

524 1781 681 1842 ficiis,
715 1780 809 1835 sed
840 1782 999 1835 etiam
1034 1780 1225 1835 futuris
1256 1780 1493 1849 praemiis
1523 1788 1790 1835 munerat.
1816 1778 1928 1834 Lex
1958 1780 2104 1834 enim

524 1874 818 1929 factoribus
840 1875 953 1929 suis
977 1889 1081 1929 non
1100 1889 1390 1944 regnorum
1414 1874 1717 1930 caelestium
1746 1874 1983 1942 praemia,
2012 1872 2108 1928 sed

524 1965 644 2019 vita:
662 1964 820 2034 huius
841 1966 1032 2020 solatia
1061 1966 1390 2034 repromisit,
1410 1965 1598 2020 dicens
1618 1982 1632 2020 :
1655 1965 1755 2031 Qui
1776 1966 1953 2034 fecerit
1974 1965 2103 2029 hac,

522 2058 647 2111 rivet
686 2058 739 2111 in
776 2058 845 2111 eis
874 2056 1060 2128 (Levit.
1108 2055 1279 2127 svnt).
1306 2056 1565 2111 Dominus
1599 2065 1774 2111 autem
1821 2056 2108 2123 discipulis

524 2150 635 2203 suis
684 2158 736 2204 et
780 2149 1081 2217 apostolis:
1114 2148 1299 2217 Beati,
1349 2148 1557 2219 inquit,
1589 2164 1840 2219 pauperes
1885 2149 2104 2217 spiritu,

525 2242 770 2313 quoniam
819 2242 1046 2312 ipsorum
1076 2251 1149 2296 est
1175 2258 1388 2313 regnum
1416 2242 1661 2296 calorum
1690 2240 1902 2312 (Matth.
1929 2240 2008 2311 v);
2043 2241 2112 2295 Et

525 2335 689 2387 omnis
730 2334 817 2401 qui
846 2335 1108 2402 reliquerit
1132 2335 1338 2387 domum
1357 2375 1371 2399 ,
1403 2334 1480 2388 uel
1507 2335 1691 2404 fratres
1710 2373 1725 2399 ,
1755 2344 1843 2387 aut
1880 2348 2106 2397 sorores,

525 2434 616 2476 aut
645 2435 842 2493 patrem
862 2466 877 2491 ,
907 2435 997 2479 aut
1028 2434 1275 2491 matrem,
1308 2435 1397 2479 aut
1429 2442 1670 2489 uxorem,
1702 2432 1793 2477 aut
1815 2426 1982 2491 ﬁlios,
2021 2434 2113 2477 aut

526 2530 676 2582 agros
698 2554 713 2579 ,
761 2526 969 2585 propter
999 2532 1178 2569 nomen
1211 2532 1398 2581 meum,
1426 2515 1722 2585 centuplum
1752 2516 1968 2583 accipiet
1998 2559 2011 2582 ,
2064 2523 2113 2569 et

526 2604 677 2654 vitam
702 2613 940 2657 wternam
960 2606 1237 2675 possidebit
1259 2604 1472 2674 (Matth.
1504 2604 1638 2675 ιιι).
1665 2605 1771 2660 Nec
1803 2606 2107 2672 immerito;

529 2711 633 2750 non
686 2696 830 2750 enim
882 2705 990 2749 tam
1023 2696 1290 2751 laudabile
1320 2705 1403 2751 est
1438 2696 1485 2750 si
1517 2696 1584 2752 ab
1622 2696 1827 2751 illicitis
1856 2712 2017 2767 quam
2064 2697 2113 2750 si

528 2789 689 2842 etiam
720 2805 750 2843 a
792 2788 955 2843 licitis
989 2798 1353 2859 temperemus
1374 2832 1390 2857 ,
1434 2798 1489 2846 et
1515 2789 1597 2845 his
1625 2800 1850 2860 propter
1879 2791 1997 2860 ejus
2024 2806 2108 2845 re-

528 2882 825 2936 verentiam
853 2896 958 2937 non
983 2893 1196 2938 utamur
1229 2884 1320 2955 qui
1348 2899 1410 2939 ea
1454 2884 1610 2939 nobis
1636 2896 1857 2955 propter
1884 2886 2113 2939 infirmi-

529 2981 691 3027 tatem
739 2984 982 3029 nostram
1015 2975 1212 3029 utenda
1241 2978 1506 3045 permisit.
1541 2978 1726 3049 Itaque
1765 2980 1809 3033 si
1846 2981 2007 3034 etiam
2056 2980 2110 3036 lti

2211 1777 2577 1832 inexcusabile
2605 1775 2769 1831 etiam
2798 1775 3173 1831 recusantibus
3200 1773 3415 1846 Moyses
3458 1775 3668 1845 pondus
3704 1792 3796 1843 np-

2210 1869 2383 1939 ponit.
2424 1867 2523 1922 Hic
2578 1866 2807 1922 consilio
2838 1875 3044 1920 tantum
3076 1864 3385 1921 volentibus
3421 1875 3475 1921 et
3518 1868 3583 1921 ad
3617 1867 3800 1936 perfe-

2211 1961 2445 2016 ctionem
2493 1959 2895 2026 festinantibus,
2950 1958 3149 2013 Paulus
3196 1958 3459 2014 occurrit.
3500 1959 3614 2014 Non
3644 1960 3797 2015 enim

2210 2055 2535 2124 generaliter
2562 2052 2987 2125 praecipiendum
3018 2061 3154 2120 erat,
3189 2067 3289 2109 nec
3309 2095 3323 2117 ,
3355 2062 3415 2107 ut
3439 2052 3509 2107 ita
3540 2054 3797 2119 dixerim,

2212 2147 2471 2202 canonice
2515 2147 2584 2201 ab
2613 2147 2863 2202 omnibus
2894 2146 3219 2215 exigendum
3251 2187 3267 2212 ,
3303 2146 3355 2201 id
3397 2148 3539 2217 quod
3573 2159 3802 2217 propter

2212 2238 2494 2293 miriﬁcam
2525 2238 2910 2292 sublimitatem
2942 2253 3048 2291 non
3080 2245 3260 2306 potest
3299 2240 3495 2307 passim
3526 2241 3593 2295 ab
3623 2241 3802 2294 omni-

2214 2330 2314 2385 bus
2328 2329 2782 2400 appreltendi,sed
2797 2328 3028 2384 consilio
3041 2329 3215 2398 potius
3230 2339 3804 2398 provocanturomues

2214 2432 2267 2477 et
2293 2423 2497 2493 gratia:
2531 2431 2589 2478 ut
2616 2421 2672 2475 hi
2700 2422 2788 2492 qui
2822 2421 2999 2490 magni
3033 2428 3188 2488 sunt,
3215 2421 3414 2489 possint
3442 2420 3638 2474 virtute
3667 2437 3805 2489 per-

2215 2516 2464 2571 fectionis
2506 2531 2610 2571 non
2644 2514 2912 2570 immerito
2951 2513 3195 2568 coronari
3230 2530 3242 2566 :
3282 2513 3368 2583 qui
3409 2523 3584 2567 autem
3633 2515 3803 2582 parvi

2214 2617 2343 2664 sunt
2388 2618 2443 2665 et
2496 2623 2807 2664 mensuram
2860 2609 3032 2663 tntatis
3080 2606 3419 2677 plenitudinis
3446 2606 3651 2661 Christi
3695 2608 3808 2661 im-

2215 2704 2367 2773 plere
2402 2718 2507 2758 non
2540 2713 2800 2773 possunt,
2839 2702 2964 2758 licet
3009 2702 3219 2772 lulgore
3258 2701 3519 2772 majorum
3549 2700 3696 2756 velut
3726 2702 3807 2755 si-

2215 2796 2403 2850 derum
2437 2797 2565 2851 tecti
2604 2796 2776 2851 latere
2809 2795 3115 2861 videantur,
3151 2804 3331 2848 tamen
3364 2808 3395 2847 a
3425 2793 3656 2849 tenebris
3684 2808 3803 2847 nta-

2215 2887 2563 2943 ledictionum
2587 2904 2709 2959 quae
2737 2890 2788 2943 in
2813 2889 2929 2959 lege
2948 2896 3094 2952 sunt,
3122 2886 3309 2954 alieni,
3329 2901 3431 2941 nec
3456 2886 3803 2955 praesentium

2218 2980 2482 3034 malorum
2531 2979 2777 3035 cladibus
2822 2978 3174 3047 abdicantur,
3228 2992 3328 3033 nec
3378 2977 3644 3049 supplicio
3688 2977 3805 3046 ple-

528 3065 618 3135 qui
663 3066 897 3121 decimas
949 3066 1217 3123 fructuum
1275 3084 1491 3125 suorum
1541 3071 1769 3127 fideliter
1822 3072 2111 3128 offerentes
2139 3058 2183 3121 (ἶ
2216 3084 2437 3131 ctuntur
2466 3084 2688 3131 aeterno.
2716 3083 2741 3111 ι
2764 3074 2877 3130 Non
2900 3089 3027 3144 ergo
3052 3073 3300 3128 Christus
3326 3072 3395 3127 ad
3423 3072 3509 3126 illa
3539 3072 3803 3126 virtutum

528 3161 817 3229 praeceptis
846 3160 1057 3214 Domini
1085 3162 1480 3232 antiquioribus
1503 3163 1847 3230 famulantur,
1875 3166 2106 3221 necdum

529 3263 756 3321 possunt
792 3254 1165 3322 evangelicum
1198 3256 1409 3309 culmen
1441 3256 1763 3323 ascendere;
1810 3258 1882 3311 illi
1924 3260 2011 3328 qui
2042 3274 2109 3315 ne

531 3344 645 3397 Inec
675 3344 892 3412 quidem
916 3342 1138 3411 faciunt,
1170 3355 1424 3415 quantum
1451 3347 1519 3401 ab
1543 3363 1608 3401 eo
1652 3348 1850 3412 absint,
1882 3350 2107 3405 manife-

530 3435 767 3491 stissime
812 3436 1124 3507 pervidetis.
1165 3438 1293 3493 Nam
1342 3440 1796 3509 quemadmodum
1854 3451 2111 3512 poterunt

2216 3170 2427 3224 excelsa
2453 3169 2657 3238 fastigia
2683 3182 3003 3237 quemquam
3027 3166 3287 3237 praecepti
3320 3164 3645 3221 necessitate
3667 3178 3807 3217 con-

2213 3264 2449 3333 stringit,
2480 3263 2573 3317 seil
2604 3262 2757 3317 liberi
2783 3261 2990 3315 arbitrii
3022 3269 3279 3328 provocat
3302 3265 3595 3327 potestate,
3628 3266 3681 3310 et
3708 3270 3805 3309 sa-

2213 3355 2467 3409 lubritate
2504 3351 2732 3416 consilii,
2764 3359 2817 3405 et
2848 3350 3119 3405 desiderio
3143 3348 3489 3417 perfectionis
3530 3346 3804 3402 accendit.

2215 3446 2311 3500 Ubi
2342 3444 2483 3499 enim
2529 3450 2877 3512 praeceptum,
2902 3439 2973 3494 ibi
3006 3438 3033 3477 δ
3063 3438 3383 3503 necessitas,
3399 3450 3455 3491 et
3489 3437 3584 3491 ubi
3615 3451 3809 3493 neces-

1579 3573 1833 3631 ALARDI
1873 3576 2108 3633 ϐΑΖᾸΞΙ
2144 3574 2696 3634 COMMENTARIUS.

602 3690 628 3719 ἰ
666 3681 844 3737 Locus
873 3685 1176 3760 communis
1230 3685 1611 3760 deuconsiliisi
1641 3687 1984 3760 Evangelicis
2038 3692 2107 3745 ad

531 3768 650 3821 qua:
680 3753 1153 3829 ntuna‘chi‘sponte
1184 3770 1246 3809 ac
1276 3756 1445 3829 libere
1476 3772 1537 3812 se
1566 3753 1841 3829 obligant;
1881 3778 2110 3829 qumque

529 3840 561 3879 a
593 3826 1325 3896 praeceptisdistinguuntur;
1356 3828 1421 3882 de
1442 3830 1636 3896 quibus
1654 3826 2111 3887 notanda—occur—

530 3906 657 3949 runt
684 3895 937 3968 nonnulla
972 3896 1320 3968 SS.rP-.itrum
1367 3895 1543 3968 elogia
1570 3902 1694 3955 huic
1725 3902 1847 3955 loco
1874 3917 2111 3958 causen-

532 3976 706 4019 tanea.
750 3966 1044 4035 Gregorius
1073 3966 1440 4021 Nazianzenus
1468 3966 1611 4023 orat.
1649 3973 1671 4025 1
1712 3973 1763 4026 in
1796 3972 2065 4027 Julianunt
2095 3993 2107 4027 :

533 4036 600 4110 in
649 4038 861 4106 legibus,
913 4038 1106 4106 inquit,
1154 4040 1338 4110 nostris
1368 4040 1485 4092 alite
1527 4042 1740 4110 parendi
1771 4044 2115 4097 necessitatem

532 4107 823 4178 imponunt,
848 4124 947 4180 (nec
978 4110 1086 4162 sine
1113 4108 1341 4174 periculo
1363 4107 1676 4180 prwtermitti
1715 4123 1965 4179 possunt:
1994 4115 2117 4169 alia:

535 4194 636 4229 non
666 4178 961 4248 necessitate
988 4178 1371 4248 constringunt,
1399 4181 1487 4232 sed
1514 4182 1565 4233 in
1596 4178 1838 4237 electione
1862 4194 1909 4236 et
1936 4186 2118 4239 volun-

534 4254 634 4319 tate
657 4247 833 4313 positaz
855 4256 971 4319 surnt
1004 4266 1020 4297 :
1049 4264 1110 4301 ac
1141 4247 1357 4311 proinde
1386 4250 1515 4304 hanc
1547 4254 1793 4305 rationem
1819 4254 2026 4319 habent,
2061 4265 2117 4310 ut

534 4317 621 4385 qui
642 4332 724 4368 eas
748 4316 1101 4396 custodierint,
1118 4319 1323 4396 honore
1352 4332 1397 4371 ct
1421 4324 1642 4396 pijmtttiis
1669 4335 1974 4396 exornentur
1993 4316 2118 4396 {qui

532 4395 704 4463 autem
722 4388 892 4463 minus
903 4388 1483 4463 _eas_e.rp_leverint,niliil
1505 4393 1719 4463 periculi
1733 4388 2112 4460 pertimescant.

534 4455 836 4533 gyprianus
864 4459 959 4533 lib.
980 4460 1048 4514 de
1074 4455 1274 4514 Habitu
1302 4455 1565 4528 virginum
1602 4481 1613 4515 :
1657 4455 1837 4533 Neque
1858 4465 1954 4517 hoc
1977 4469 2116 4531 iubet

534 4526 810 4592 Dominus,
838 4532 923 4582 sed
940 4530 1205 4605 hortatur;
1224 4548 1313 4605 nec
1330 4526 1517 4605 jugum
1547 4526 1858 4605 necessitatis
1882 4526 2116 4605 imponit,

575 4605 745 4651 nando
783 4612 950 4653 manet
984 4602 1261 4654 uoluntatis
1288 4603 1552 4655 arbitrium
1590 4604 1805 4658 liberum
1834 4622 1850 4657 :
1889 4602 1976 4659 sed
2007 4602 2122 4661 cum

575 4669 874 4741 abitationes
906 4673 1091 4725 multas
1116 4673 1253 4741 apud
1285 4672 1493 4725 Patrem
1518 4691 1667 4728 suum
1699 4692 1805 4728 esse
1833 4676 1989 4739 dicat,
2018 4694 2121 4731 nte-

537 4736 681 4811 lioris
720 4738 999 4793 habitaculi
1029 4736 1249 4811 hospitia
1295 4744 1627 4798 demonstrat.
1678 4736 1991 4800 Habitacula
2026 4749 2125 4800 ista

537 4810 755 4889 meliora
780 4825 863 4861 ros
885 4811 1091 4889 petitis;
1113 4810 1555 4889 carnisdesideria
1578 4826 1883 4889 castrantes,
1908 4819 2123 4889 majoris

537 4880 715 4948 gratia:
733 4882 1000 4947 praemium
1020 4884 1071 4935 in
1091 4884 1370 4936 caelestibus
1400 4884 1654 4938 obtinetis.
1680 4880 2002 4941 Ambrosius
2024 4888 2119 4942 lib.

538 4950 606 5003 de
635 4949 863 5023 Viduisi:
894 4953 995 5018 Qui
1020 4964 1349 5023 praeceptum,
1377 4954 1570 5022 inquit.
1598 4957 1932 5023 impleverint,
1957 4960 2124 5012 dicere

538 5030 751 5097 possunt
775 5022 967 5097 .°_Scrui
1003 5022 1207 5097 inutiles
1239 5041 1447 5097 sumus;
1485 5027 1621 5094 quod
1647 5022 1909 5081 debuimus
1931 5030 2116 5097 facere,

538 5092 752 5168 iecimus
768 5090 948 5168 (Lucas
962 5095 1113 5168 xvtt).
1126 5092 1236 5146 Hoc
1249 5096 1387 5168 rirgo
1402 5090 1506 5168 non
1518 5097 1639 5168 dicit
1656 5113 1673 5149 :
1690 5114 1788 5150 non
1802 5090 2024 5152 dicit'ille
2035 5090 2122 5168 qui

540 5161 671 5239 bona
688 5179 780 5239 sua
793 5163 1029 5239 _ven_di_dit
1048 5161 1094 5216 et
1118 5161 1421 5239 pauperibus
1444 5166 1724 5220 distribuit.
1757 5161 2121 5239 Hieronymus

537 5229 640 5307 lib:
666 5246 685 5284 ι
712 5233 762 5284 in
785 5229 1126 5307 .loviniattum
1150 5252 1163 5288 :
1188 5229 1441 5305 Proponit
1468 5238 1794 5307 agonothctes
1828 5229 2117 5306 premium,

537 5301 809 5377 invitat__ad
864 5320 1077 5377 vursum,
1108 5314 1237 5359 tenet
1268 5301 1321 5358 in
1348 5301 1841 5377 manu-virginitatis
1870 5301 2118 5377 brarium,

539 5373 761 5450 ostendit
784 5374 1112 5450 purissimum
1140 5379 1351 5450 fontem,
1379 5387 1426 5450 et
1447 5373 1687 5450 (clamitat
1718 5395 1735 5431 :
1769 5379 1831 5434 Si
1853 5382 1964 5450 quis
1991 5373 2118 5446 sitit,

537 5444 708 5516 ueniat
730 5450 778 5495 et
800 5443 954 5497 bibat.
981 5445 1101 5499 Non
1122 5445 1277 5500 dicit:
1299 5446 1503 5514 Velitis,
1525 5450 1717 5516 nolitis,
1744 5443 2013 5504 bibendum
2038 5443 2124 5504 υοὲ

539 5510 615 5564 bis
644 5522 719 5565 est
746 5524 895 5579 atque
917 5518 1257 5592 currendum;
1281 5518 1368 5592 sed
1396 5510 1760 5592 Quiuoluerit,
1791 5525 1877 5590 qui
1903 5521 2126 5592 potuerit

540 5596 747 5635 currere
772 5594 925 5649 atque
956 5597 1151 5652 potare,
1185 5587 1272 5639 ille
1295 5588 1475 5651 vincet,
1505 5588 1595 5643 ille
1620 5587 1913 5652 satiabitur,
1936 5600 1981 5643 et
2012 5592 2127 5644 ideo

541 5652 657 5709 plus
681 5662 819 5701 amat
853 5653 1068 5718 virgines
1099 5654 1351 5721 Christus,
1378 5659 1496 5723 quia
1522 5670 1700 5725 spante
1722 5661 1947 5714 tribuunt
1991 5662 2127 5729 quod

2210 3692 2302 3747 sibi
2330 3708 2431 3745 non
2460 3694 2627 3762 fuerat
2669 3693 2995 3762 imperatum,
3025 3698 3131 3744 etc.
3161 3687 3323 3758 (Vide
3355 3688 3595 3743 eumdem
3634 3693 3692 3746 in
3716 3709 3806 3762 ep.

2217 3764 2283 3817 12
2304 3764 2368 3816 ad
2398 3762 2727 3817 Eustochium
2745 3761 2793 3815 c.
2821 3761 2902 3832 8).

2286 3832 2313 3871 δ
2354 3834 2711 3903 Distinguitur
2735 3848 2763 3885 a
2798 3830 3061 3903 theologis
3084 3830 3283 3903 triplex
3316 3830 3616 3903 necessitas
3642 3876 3656 3899 ,
3690 3834 3805 3887 sic—

2218 3915 2275 3957 ut
2317 3914 2373 3959 et
2417 3901 2612 3974 triplex
2658 3904 2877 3958 libertas
2913 3901 3178 3975 (Bellarm.
3227 3902 3317 3955 lib.
3347 3917 3385 3975 tt
3431 3902 3495 3955 de
3530 3902 3806 3975 Monac/tis

2217 3993 2331 4046 cap.
2364 3973 2496 4045 29).
2516 3976 2693 4030 Prima
2722 3982 2805 4029 est
2842 3973 3136 4046 necessitas
3157 3973 3441 4046 naturalis,
3466 3973 3807 4046 qtneestab-

2218 4043 2395 4100 so'luta
2426 4043 2814 4099 determinatio
2843 4044 2908 4098 ad
2941 4059 3137 4107 unum;
3168 4043 3440 4111 quomodo
3467 4043 3647 4098 bestia:
3669 4057 3802 4110 ope-

2221 4128 2407 4170 rantur
2435 4132 2499 4169 cx
2531 4116 2860 4170 necessitate
2889 4133 2902 4167 :
2932 4114 3055 4168 huic
3095 4114 3387 4181 opponitur
3416 4113 3633 4167 libertas
3657 4114 3803 4166 arbi-

2223 4188 2332 4250 trii,
2363 4201 2482 4253 qua:
2503 4195 2589 4240 est
2619 4187 2671 4239 in
2716 4185 2954 4239 homine.
2981 4185 3225 4239 Secunda
3267 4194 3351 4237 est
3382 4184 3678 4238 necessitas
3706 4198 3803 4237 co-

2221 4257 2472 4323 actiouis,
2524 4257 2640 4309 sive
2670 4271 2732 4308 ea
2779 4257 2848 4309 sit
2891 4255 3141 4310 absoluta
3166 4254 3402 4316 coactio.
3434 4263 3490 4307 ut
3533 4269 3652 4308 cum
3682 4255 3809 4323 quis

2222 4326 2455 4380 trahitur
2487 4326 2562 4390 vi,
2592 4340 2699 4395 quo
2745 4340 2853 4380 non
2888 4326 3004 4379 vult
3034 4325 3111 4380 ire
3145 4342 3158 4377 :
3192 4324 3307 4380 sive
3347 4326 3416 4378 sit
3458 4325 3696 4395 moralis,
3737 4334 3810 4395 iet

2220 4397 2372 4465 quasi
2400 4393 2767 4450 conditionata
2798 4396 3005 4450 coactio
3036 4412 3049 4447 :
3084 4404 3143 4449 ut
3179 4409 3302 4449 cum
3331 4396 3448 4464 quis
3488 4393 3652 4447 nollet
3697 4394 3805 4446 ali-

2222 4467 2347 4535 quid
2380 4466 2561 4521 facere
2589 4475 2644 4521 et
2665 4482 2774 4521 non
2801 4467 3035 4521 libenter
3056 4465 3203 4529 facit,
3230 4465 3356 4520 facit
3384 4478 3553 4516 tamen
3575 4474 3805 4517 coactus

2225 4540 2415 4591 timore
2446 4538 2629 4605 aliquo
2669 4538 2905 4591 humano
2930 4545 3026 4591 aut
3056 4537 3260 4591 servili.
3298 4536 3383 4605 De,
3402 4550 3501 4602 qua
3554 4535 3806 4605 necessi-

2226 4618 2333 4662 tate
2376 4603 2616 4677 loquitur
2661 4608 2978 4676 Apostolus,
3018 4621 3141 4660 cum
3180 4607 3256 4659 ait
3289 4623 3300 4657 :
3335 4603 3456 4658 Non
3477 4620 3545 4677 ea:
3576 4603 3808 4677 tristitia,

2222 4688 2309 4731 aut
2340 4694 2401 4732 ex
2428 4674 2737 4731 necessitate.
2795 4678 2863 4731 Et
2890 4677 2954 4731 ad
3012 4677 3382 4731 Philemonem
3416 4692 3427 4725 :
3466 4674 3545 4728 Ne
3562 4675 3695 4728 velut
3747 4691 3814 4729 ea:

2223 4750 2519 4803 necessitate
2557 4749 2740 4802 bonum
2784 4759 2925 4801 tuum
2954 4748 3040 4813 sit,
3073 4746 3162 4801 sed
3204 4746 3591 4799 uoluntarium:
3624 4744 3676 4798 id
3703 4756 3810 4811 est,

2225 4835 2335 4872 non
2377 4830 2622 4873 coactum
2671 4826 2763 4872 aut
2805 4827 3095 4879 θιιοινιυηι,
3130 4824 3467 4886 repugnante
3512 4816 3807 4879 voluntate,

2224 4889 2320 4942 sed
2349 4905 2413 4945 ex
2448 4890 2667 4959 proprio
2696 4888 2913 4943 affectu.
2943 4888 3124 4943 Tertia
3157 4897 3243 4942 est
3268 4888 3571 4959 necessitas
3608 4886 3815 4954 obliga-

2227 4959 2407 5023 tionis,
2441 4957 2559 5014 Sive
2588 4975 2650 5013 ea
2679 4960 2954 5023 proveniat
2992 4975 3059 5012 cx
3090 4968 3377 5026 praecepto,
3403 4957 3522 5010 sive
3550 4972 3615 5011 cx
3644 4966 3769 5010 voto
3795 4975 3810 5010 :

2226 5031 2311 5083 cui
2350 5031 2639 5099 oppOuitur
2668 5031 2890 5084 libertas
2932 5030 2999 5083 ab
3031 5026 3338 5099 hujusmodi
3368 5027 3721 5095 obligatione.
3751 5026 3813 5099 id

2225 5102 2368 5154 enim
2389 5097 2628 5154 dicimur
2659 5099 2828 5155 libere
2868 5100 3069 5165 facere,
3098 5097 3241 5166 quod
3288 5113 3396 5151 non
3439 5105 3721 5160 tenemur;
3752 5097 3812 5151 id

2224 5186 2352 5225 vero
2383 5171 2703 5233 necessario,
2748 5170 2889 5237 quod
2943 5180 3186 5223 tenemur
3227 5168 3421 5222 facere.
3454 5167 3601 5222 Talis
3630 5176 3816 5222 autem

2224 5242 2517 5295 necessitas
2548 5256 2652 5293 non
2693 5240 2925 5295 excludit
2969 5239 3264 5293 libertatem
3305 5237 3536 5303 arbitrii,
3568 5239 3665 5292 sed
3692 5254 3813 5292 eam

2224 5312 2584 5381 pra-supponit
2608 5327 2622 5375 ;
2644 5326 2742 5365 nec
2768 5311 2959 5381 minuit
2976 5309 3267 5381 bonitatem
3295 5318 3387 5361 aut
3404 5310 3658 5381 meritum
3684 5324 3815 5378 ope-

2231 5378 2326 5445 ris,
2360 5378 2452 5434 sed
2488 5383 2662 5448 potius
2689 5392 2865 5450 auget.
2900 5379 3049 5435 Unde
3096 5378 3158 5433 D.
3193 5378 3607 5450 Augustinussin
3645 5381 3809 5449 epist.

2232 5452 2296 5505 ad
2332 5448 2867 5519 Armentariuquui
2889 5452 2955 5504 de
2981 5458 3105 5503 voto
3128 5448 3472 5504 continentia:
3495 5448 3695 5503 emisso
3719 5449 3818 5504 tri—

2232 5523 2471 5575 stahatur
2504 5540 2515 5574 :
2549 5521 2669 5575 Non
2701 5535 2769 5586 te,
2803 5522 2896 5589 ait,
2928 5521 3121 5573 vovisse
3162 5522 3431 5588 pmniteat;
3460 5519 3616 5572 immo
3644 5520 3823 5590 gaude
3880 5582 3887 5585 Α

2223 5595 2338 5663 jam
2361 5592 2449 5645 tibi
2480 5609 2579 5646 non
2604 5592 2776 5655 licere,
2805 5593 2942 5663 quod
2969 5607 3083 5663 cum
3113 5591 3417 5663 detrimento
3445 5596 3534 5663 tuo
3564 5590 3819 5663 licuisset.

2236 5659 2390 5717 Felix
2418 5664 2709 5729 necessitas,
2738 5677 2852 5731 qua?
2871 5662 2937 5714 ad
2960 5660 3173 5716 meliora
3186 5661 3462 5731 compellit.
3496 5661 3572 5718 De
3598 5659 3699 5715 hac
3721 5660 3823 5717 ns-
