4022 6192
602 191 745 256 H79

1633 188 1911 246 JOANNIS
1951 182 2266 244 CASSIAHI
2302 180 2788 249 COLLATIONBS.

3739 184 3872 252 ιιω

600 310 880 379 utriusque
905 307 1081 363 meriti
1105 306 1250 362 velut
1269 306 1503 376 quodam
1533 303 1836 358 meditullio
1860 303 2169 368 collocavit,
2202 303 2252 364 Δ
2279 301 2554 373 Siquidem
2584 317 2706 358 cum
2737 299 2982 360 decimas
3010 299 3221 370 frugum
3253 312 3476 358 suarum
3499 298 3702 360 solitus
3729 312 3869 358 esset

600 411 858 473 quantum
888 414 918 454 a
966 408 1431 469 transgressurum
1475 395 1824 450 damnatione
1866 409 2174 461 secernens,

599 504 806 549 tantum
826 506 1086 562 separatis
1109 505 1140 545 a
1170 488 1341 560 gloria
1367 489 1756 560 perfectorum.
1787 487 1937 556 Quod
1960 488 2179 558 quidem

597 601 757 655 quam
790 585 1033 638 infimum
1064 595 1335 651 quamque
1368 581 1683 636 miserabile
1709 581 1798 645 sit,
1832 581 1916 635 vel
1946 596 2011 635 ex
2040 595 2178 650 pras-

597 677 769 731 sentis
800 677 924 729 vita:
945 681 1090 728 statu
1110 682 1166 728 et
1191 673 1598 742 comparatione
1640 673 1952 750 perspicite,
1989 673 2040 727 in
2073 655 2178 742 qua

599 767 962 822 miserrimum
976 764 1209 829 ducitur,
1225 766 1268 818 si
1289 766 1392 820 hoc
1417 774 1620 819 tantum
1645 764 1995 842 quisstudeat
2018 779 2081 817 ac
2104 764 2180 842 la-

597 858 773 924 boret,
798 871 868 912 ne
894 871 1018 911 rens
1036 856 1194 912 modo
1218 856 1358 912 inter
1379 841 2177 924 honorificoshomines-etnon

595 948 756 1002 etiam
789 947 1031 1016 locuples
1060 961 1122 1002 ac
1154 947 1492 1002 honorabilis
1522 955 1576 1002 et
1603 947 1868 1017 gloriosus
1891 931 2174 1001 habeatur.

1195 1038 1428 1096 CAPUT
1468 1039 1580 1094 Vll.

598 1133 748 1198 Quod
772 1133 826 1188 in
850 1143 1021 1189 nostra
1049 1133 1204 1194 situm
1225 1134 1290 1188 sit
1321 1142 1588 1208 potestate,
1614 1143 1785 1212 utrum
1821 1134 1914 1204 sub
1942 1131 2180 1212 Eponae:

665 1226 720 1277 lii
748 1226 936 1296 gratia,
973 1242 1041 1279 ait
1061 1225 1152 1280 sub
1180 1225 1306 1298 legis
1345 1226 1557 1278 velimus
1585 1210 1784 1282 terrore
1813 1210 2106 1283 consistere.

664 1317 1026 1384 Quamobrem
1059 1318 1109 1370 in
1150 1325 1329 1370 nostra
1376 1316 1537 1370 hodie
1583 1318 1741 1388 situm
1774 1325 1857 1372 est
1890 1328 2176 1386 potestate,

595 1417 774 1464 utrum
797 1411 895 1464 sub
916 1408 1191 1480 Evangelii
1209 1409 1402 1479 gratia,
1429 1423 1495 1463 an
1515 1409 1614 1482 sub
1636 1407 1794 1484 Leng
1816 1409 2046 1480 velimus
2070 1417 2181 1465 ter-

594 1518 715 1557 rore
726 1501 1289 1557 consistere.Cuilibet
1307 1503 1451 1556 enim
1468 1500 1605 1570 parti
1622 1515 1718 1569 pro
1741 1501 2002 1568 qualitate
2024 1509 2177 1560 actus

592 1596 1130 1664 suiunumquemque
1144 1609 1370 1649 necesse
1398 1591 1799 1662 estaggregari.
1820 1591 1950 1644 Nam
1981 1602 2180 1644 autsu-

2284 403 2310 434 ει
2339 394 2605 450 diaconiae
2642 393 2798 454 annis
2843 393 3071 463 singulis
3113 392 3447 462 dependere,
3507 393 3866 462 primitiarum

2282 488 2546 542 rationem
2577 501 2646 542 ne
2684 485 2912 544 audisse
2934 485 3151 555 quidem
3182 499 3243 541 se
3277 485 3676 552 arbitraretur;
3711 503 3862 558 quam

2282 588 2464 638 tamen
2493 577 2706 634 etiamsi
2729 577 2980 638 similiter
3005 577 3310 648 implesset,
3334 579 3494 655 longe
3511 579 3861 642 nihilominus

2280 673 2578 730 secundum
2603 673 2752 729 senis
2779 673 3111 732 sententiam
3137 686 3199 732 se
3227 672 3294 728 ah
3327 672 3652 740 Evangelia
3687 677 3861 745 perfe-

2280 764 2466 819 ctione
2508 763 2713 820 distare
2742 764 3054 835 suppliciter
3085 763 3378 824 fatebatur.
3409 764 3644 826 Domum
3687 768 3862 839 itaque

2279 857 2575 912 revertitur
2605 868 2849 920 maestus,
2900 857 3102 926 illaque
3158 856 3384 912 affectus
3436 858 3683 927 tristitia,
3747 877 3858 930 quae

2281 947 2652 1017 paenitentiam
2678 947 2743 1002 ad
2770 947 3000 1002 salutem
3041 946 3292 1002 stabilem
3327 962 3664 1018 operaretur,
3707 966 3773 1006 ac
3798 953 3858 1008 de

2279 1051 2374 1098 sua
2402 1037 2510 1105 iam
2548 1037 2821 1102 voluntate
2871 1045 2926 1092 et
2955 1036 3276 1092 definitione
3319 1053 3429 1093 non
3457 1038 3678 1109 dubius,
3732 1058 3853 1113 erga

2279 1130 2508 1198 salutem
2537 1129 2801 1200 conjugis,
2837 1143 3052 1184 omnem
3088 1129 3287 1186 mentis
3316 1129 3740 1190 sollicitudinem
3770 1150 3857 1190 cu-

2281 1234 2506 1289 ramque
2531 1207 2822 1284 convertit,
2856 1234 3082 1287 eamque
3104 1218 3169 1273 ad
3200 1219 3532 1292 desiderium
3551 1239 3665 1298 quo
3690 1226 3856 1284 fuerat

2281 1313 2397 1380 ipse
2417 1325 2730 1376 succensus,
2760 1311 2924 1378 cmpit
2949 1309 3332 1378 exhortatione
3349 1311 3516 1367 simili
3539 1301 3852 1382 provocare,

2279 1413 2333 1458 et
2361 1415 2417 1456 ut
2459 1403 2569 1458 Deo
2600 1404 2806 1484 pariter
2831 1403 2883 1458 in
2912 1404 3271 1486 sanctimonia
3303 1413 3358 1458 et
3395 1407 3647 1488 castitate
3695 1411 3856 1464 servi-

2281 1505 2423 1562 rent,
2450 1496 2658 1551 diurnis
2689 1479 3074 1570 nocturnisque
3098 1495 3315 1572 llettbus
3339 1479 3656 1572 admonere,
3675 1500 3854 1558 dicens

2279 1591 2694 1644 conversionem
2727 1588 2968 1644 melioris
2995 1587 3118 1644 vita:
3155 1603 3492 1658 nequaquam
3525 1605 3650 1650 esse
3681 1600 3853 1661 prore...

591 1686 992 1756 pergredientes
1017 1686 1190 1754 legem
1206 1685 1428 1755 suscipit
1452 1684 1651 1738 Christi
1679 1685 1870 1753 gratia,
1905 1693 1998 1736 aut
2027 1692 2177 1738 certe
2208 1671 2255 1732 Β
2283 1683 2517 1749 landam,
2549 1684 2673 1754 quia
2700 1682 3010 1762 necessitati
3035 1681 3228 1765 subitae
3250 1683 3440 1737 mortis
3459 1698 3596 1738 vana
3613 1699 3736 1758 spes
3756 1686 3852 1739 im-

592 1779 872 1834 inferiores
887 1778 1033 1833 velut
1052 1777 1328 1834 debitores
1341 1793 1470 1834 suos
1485 1778 1698 1848 sibique
1719 1777 1984 1832 obnoxios
2003 1776 2085 1830 lex
2103 1790 2179 1830 re-

590 1878 779 1924 tentat.
829 1869 973 1924 Reus
995 1884 1226 1940 namque
1259 1869 1508 1937 legalium
1543 1877 1936 1938 praeceptorum
1969 1882 2174 1937 nequa-

587 1977 744 2031 quam
793 1962 1157 2032 evangelicam
1189 1963 1571 2030 perfectionem
1635 1961 1836 2013 valebit
1876 1961 2171 2028 attingere,

587 2053 832 2122 quamvis
857 2051 1222 2108 Christianum
1257 2067 1316 2108 se
1346 2062 1401 2108 et
1450 2051 1662 2106 Domini
1693 2052 1861 2122 gratia
1886 2051 2174 2107 liberatum

587 2142 1114 2214 inaniterglorietur.
1130 2144 1245 2200 Non
1260 2143 1436 2198 solum
1467 2141 1609 2198 enim
1640 2141 1726 2196 hic
1756 2141 2062 2196 credendus
2090 2151 2176 2198 est

587 2236 763 2291 adhuc
791 2251 912 2292 esse
931 2237 1033 2292 sub
1061 2237 1201 2307 lege,
1235 2237 1323 2306 qui
1348 2250 1408 2290 ea
1427 2250 1546 2305 quae
1575 2235 1663 2289 lex
1695 2235 1968 2303 praecipit,
1992 2234 2176 2290 detre-

587 2337 698 2382 ctat
729 2328 978 2397 implere,
1001 2327 1093 2382 sed
1117 2327 1278 2396 etiam
1303 2326 1391 2404 ille
1412 2325 1504 2396 qui
1525 2340 1588 2380 ea
1615 2333 1820 2386 tantum
1844 2341 1959 2395 qua:
1977 2325 2060 2379 lex
2090 2325 2174 2396 ju-

588 2420 680 2476 bet
701 2420 994 2476 observare
1023 2427 1430 2482 contentusest,
1446 2432 1508 2472 ac
1531 2433 1876 2488 nequaquam
1899 2418 2172 2476 vocationi

585 2518 641 2565 et
665 2512 854 2581 gratiae
881 2510 1085 2565 Christi
1101 2511 1399 2579 condignos
1430 2511 1650 2564 exhibet
1681 2508 1912 2572 fructus,
1948 2509 2039 2563 ubi
2063 2525 2170 2565 non

585 2602 812 2657 dicitur:
831 2603 1077 2658 Decimas
1104 2610 1222 2657 tuas
1244 2613 1296 2658 et
1327 2602 1800 2670 primitiasoﬂ'eres
1818 2603 2045 2658 Domino
2062 2605 2169 2660 Deo

586 2704 699 2760 tuo,
715 2694 831 2761 sed,
847 2695 1005 2762 Vade,
1019 2697 1174 2752 vende
1188 2696 1357 2750 omnia
1369 2712 1484 2766 quae
1501 2695 1673 2762 habet,
1693 2706 1737 2750 et
1749 2697 1815 2750 da
1839 2698 2165 2765 pauperibus,

584 2785 848 2840 ethabebir
865 2786 1162 2839 thesaurum
1185 2787 1239 2840 in
1263 2787 1411 2854 caelo,
1437 2794 1484 2841 et
1503 2788 1636 2852 veni,
1662 2803 1867 2855 sequere
1890 2803 1970 2840 me
1985 2787 2162 2858 (Deut.

585 2892 683 2941 xit,
712 2876 899 2932 Matth.
927 2894 1034 2944 xix,
1073 2877 1196 2931 Luc.
1220 2877 1436 2947 Lx):ubi
1461 2878 1528 2931 ob
1553 2877 1897 2948 perfectionis
1922 2879 2167 2947 magnifi-

2280 1787 2505 1856 maturae
2538 1791 2641 1836 non
2677 1761 3052 1855 prmjudicaret
3078 1761 3270 1856 aetatis,
3305 1776 3506 1858 quippe
3533 1761 3657 1848 quae
3685 1775 3846 1854 infan-

2279 1877 2382 1930 tes,
2408 1881 2631 1937 pueros,
2655 1866 3050 1931 adolescentes,
3075 1865 3216 1935 pari,
3248 1877 3310 1924 ut
3333 1881 3517 1934 senes,
3545 1878 3700 1925 sorte
3727 1885 3850 1940 prae-

2279 1959 2499 2030 riperet.

2339 2049 2344 2054 ‘
2895 2049 3123 2124 CAPUT
3160 2050 3253 2126 ιχ.

2280 2147 2719 2216 Quemadmodum
2759 2164 2861 2204 non
2899 2148 3241 2226 acquiescant:
3267 2163 3428 2226 uxore
3453 2165 3553 2226 sua
3576 2149 3644 2204 ad
3674 2166 3851 2210 atoue-

2803 2219 3012 2276 sterium
3036 2219 3328 2298 perstiterit.

2345 2331 2373 2372 ι’
2410 2331 2655 2402 Cumque
2685 2332 2991 2412 huiusmodi
3022 2333 3478 2412 obsecrationibus
3502 2334 3711 2405 iugiter
3734 2351 3852 2408 per-

2274 2425 2487 2480 sistenti
2531 2425 2728 2493 conjux
2771 2409 3065 2490 durissima
3114 2440 3215 2478 non
3247 2424 3505 2496 praeberet
3541 2441 3848 2492 assensum,

2273 2531 2441 2586 seque
2486 2516 2688 2570 diceret
2731 2516 2924 2570 solatio
2972 2515 3199 2570 maritali
3239 2529 3333 2583 pro
3357 2515 3527 2569 astatis
3562 2529 3677 2570 suae
3707 2516 3856 2573 flore

2274 2611 2486 2681 penitus
2513 2610 2781 2690 abstinere
2809 2625 2913 2665 non
2947 2625 3136 2688 posse;
3189 2624 3248 2664 ac
3278 2608 3493 2680 proinde
3520 2609 3564 2664 si
3597 2609 3726 2680 quid
3755 2610 3856 2666 de-

2273 2715 2411 2760 serta
2460 2703 2532 2766 ab
2573 2718 2638 2760 eo
2681 2702 2922 2770 criminis
2966 2691 3306 2774 admisisset,
3351 2701 3421 2758 illi
3451 2701 3628 2772 potius
3688 2702 3851 2773 ascri-

2271 2795 2503 2850 bendum
2535 2796 2622 2865 qui
2669 2797 2904 2866 coniugii
2941 2795 3146 2851 fcedera
3175 2795 3479 2864 dirupisset.
3510 2793 3590 2849 Ad
3618 2793 3728 2848 haec
3760 2795 3851 2848 ille

2269 2901 2391 2942 cum
2425 2887 2514 2960 diu
2545 2871 2912 2968 conditionem
2945 2897 3151 2960 natura:
3180 2886 3556 2958 pratendissm
3582 2886 3846 2950 humanm,

581 2970 813 3026 centiam
841 2970 1104 3041 discipulo
1133 2972 1446 3042 postulanti,
1467 2988 1534 3027 ne
1559 2971 1931 3027 brevissimum
1948 2972 2162 3041 quidem
2199 3038 2236 3050 _
2269 2995 2432 3050 quam
2461 2961 2702 3050 fragilem
2734 2990 2787 3036 et
2812 2979 3074 3050 incertam
3105 2980 3466 3049 periculosum
3497 2986 3638 3033 esset
3664 2992 3850 3032 carna—

583 3063 729 3156 hone
759 3038 994 3134 spatiuni
1032 3038 1148 3132 pro'
1177 3066 1346 3156 patris
1383 3064 1701 3122 conceditur
1733 3038 2034 3133 sepultura,
2061 3077 2161 3118 nec
2191 3038 2238 3102 C
2269 3038 2408 3128 libus
2437 3038 2724 3130 desideriis
2767 3038 3122 3144 eti'operibus.
3140 3057 3345 3146 diutius
3373 3072 3664 3142 implicari;
3710 3071 3849 3156 adji-_

581 3155 830 3210 humana:
875 3156 1155 3211 charitatis
1206 3155 1444 3211 officium
1504 3156 1670 3210 divini
1725 3157 1927 3210 amoris
1973 3156 2160 3210 virtuti

581 3247 887 3322 prs-fertur.

1163 3341 1395 3398 CAPUT
1437 3341 1568 3400 Vill.

583 3433 1023 3500 Quemadmodum
1049 3433 1286 3518 Theonda
1313 3439 1582 3518 cmijugem
1604 3452 1754 3518 suam
1784 3443 1842 3492 ut
1867 3445 1916 3490 et
1943 3437 2061 3518 ipsa
2085 3453 2169 3491 re-

1009 3508 1288 3582 nuutiaret,
1323 3508 1621 3562 exhortatus
1643 3508 1731 3563 sit.

649 3621 853 3690 Quibus
910 3623 1131 3690 auditis,
1186 3625 1377 3681 beatus
1428 3624 1682 3682 Theonas
1738 3625 2164 3696 inexstinguibili

577 3713 849 3768 desiderio
894 3714 1234 3786 Evangelicae
1283 3717 1628 3788 perfectionis
1655 3732 1940 3786 accensus,
1973 3733 2164 3774 semen

577 3805 726 3882 verbi
758 3802 986 3861 fecundo
1010 3807 1176 3886 corde
1203 3793 1548 3875 eonceptum,
1578 3810 1729 3880 quasi
1773 3809 2058 3880 profundis
2083 3819 2165 3874 at-

577 3910 683 3966 que
718 3895 970 3956 edomitis
1010 3898 1252 3956 condidit
1277 3901 1462 3970 sulcis,
1495 3902 1548 3956 in
1580 3917 1645 3957 eo
1673 3901 1758 3957 vel
1791 3904 2027 3968 maxime
2056 3901 2160 3956 hu-

579 3991 820 4048 miliatus
845 4002 1008 4062 atque
1031 4005 1409 4063 compunctus,
1436 3997 1575 4066 quod
1600 4013 1721 4053 eum
1751 4012 1920 4053 senex
1952 4015 2058 4053 non
2083 4013 2164 4053 so-

581 4084 688 4137 lum
722 4085 1097 4156 Evangelicam
1130 4089 1516 4168 perfectionem
1558 4106 1666 4144 non
1695 4091 1938 4162 attigisse
1991 4090 2164 4168 dixis-

580 4182 685 4246 set,
706 4174 803 4231 sed
832 4177 996 4248 etiam
1040 4180 1126 4236 vix
1156 4163 1292 4254 legis
1330 4163 1498 4252 ipsius
1526 4175 1847 4252 adimplesSe
1885 4163 2155 4238 mandata.

2265 3167 2414 3222 ciens
2465 3168 2784 3244 astruebat,
2834 3183 2940 3221 non
2982 3167 3144 3222 licere
3191 3167 3436 3235 cuiquam
3472 3165 3589 3234 ejus
3624 3179 3682 3219 se
3720 3162 3850 3218 bon'

2267 3272 2535 3322 extorrem
2589 3261 2767 3316 facere
2810 3260 2954 3332 quod
2988 3259 3305 3325 didicisset,
3357 3259 3686 3331 maiorisque
3732 3272 3848 3314 esse

2269 3367 2422 3410 noxa:
2446 3352 2725 3420 despicere
2765 3353 3032 3420 cognitam
3062 3337 3355 3410 bonitatem
3377 3393 3392 3418 ,
3420 3367 3579 3422 quam
3611 3353 3852 3420 incogni-

2270 3454 2374 3498 tam
2405 3460 2508 3497 non
2543 3456 2752 3507 amare;
2794 3443 3018 3510 proinde
3047 3457 3106 3496 se
3128 3443 3238 3508 jam
3266 3453 3421 3497 reatu
3452 3443 3621 3509 etiarn
3648 3459 3852 3513 pracva-

2267 3534 2536 3606 ricationis
2572 3521 2807 3603 involvi,
2843 3535 2885 3602 si
2928 3533 3162 3604 inventis
3190 3541 3299 3615 tam
3332 3535 3608 3604 praeclaris
3639 3545 3850 3606 tamque

2263 3611 2567 3706 etnlestibtis
2590 3626 2746 3682 donis
2773 3611 2986 3682 terrena
3024 3641 3087 3682 ac
3110 3611 3730 3700 Sordida'prietuliss'et.
3777 3625 3854 3680 Ad

2266 3735 2479 3776 omnem
2511 3733 2640 3774 sane
2670 3719 2847 3775 aiebat
2875 3727 3088 3774 aetatem
3124 3731 3447 3787 omnemque
3499 3732 3699 3773 sexum
3733 3734 3852 3787 per-

2268 3812 2517 3868 fectionis
2548 3810 2997 3881 magnificentiam
3037 3812 3307 3882 pertinere
3333 3850 3348 3872 ,
3380 3817 3434 3864 et
3463 3809 3715 3884 universa
3740 3801 3848 3865 Ec-

2265 3905 2446 3978 clesia:
2472 3904 2713 3962 membra
2740 3904 2807 3959 ad
2843 3903 3308 3977 conscendendam
3343 3903 3649 3960 sublimium
3684 3905 3848 3958 meri-

2270 4007 2444 4052 torum
2492 3996 2869 4052 celsitudinem
2919 3996 3237 4066 provocari,
3279 3995 3494 4052 dicente
3542 3995 3849 4065 Apostolo:

2269 4089 2360 4146 Sic
2387 4091 2575 4166 currite
2601 4101 2654 4142 ut
2683 4090 3122 4172 comprehendatis
3152 4087 3194 4160 (l
3217 4086 3336 4143 Cor.
3368 4089 3481 4157 tx);
3513 4103 3607 4143 nec
3627 4094 3852 4171 pmpter

2267 4181 2536 4248 lentorum
2583 4191 2637 4255 et
2665 4182 2906 4264 segnium
2937 4167 3114 4259 moras
3140 4224 3155 4248 ,
3198 4187 3419 4264 paratos
3459 4169 3614 4254 atque
3633 4167 3852 4235 alacres

1641 4318 1896 4378 ALABDI
1936 4317 2170 4388 GALEI
2206 4315 2588 4394 COMMENTA,
2601 4315 2776 4384 RIUS.

581 4463 785 4538 morem
819 4464 1120 4538 poenarum,
1151 4461 1206 4507 et
1235 4470 1328 4538 per
1356 4454 1533 4524 aliqua
1574 4452 2150 4538 temporalia‘prumis-
2179 4454 2232 4515 D
2258 4452 2434 4538 chius,
2463 4467 2762 4538 omqesque
2782 4454 3028 4538 rationes
3055 4454 3122 4538 ab
3155 4455 3349 4538 eodem.
3373 4453 3582 4538 T‘hgqna
3619 4470 3724 4538 pre
3753 4455 3858 4538 de-

580 4537 638 4588 sa
673 4539 687 4576 :
719 4521 806 4576 lex
835 4533 1011 4578 autem
1041 4533 1191 4580 vetus
1228 4521 1329 4582 etsi
1367 4521 1627 4594 praecepta
1676 4521 1954 4586 charitatis
1978 4523 2151 4590 daret,

580 4608 686 4646 non
717 4601 894 4664 tamen
932 4609 1026 4656 per
1070 4608 1189 4650 eam
1236 4595 1460 4652 (labatur
1505 4595 1739 4664 Spiritus
1792 4604 2031 4658 sanctus,
2065 4597 2160 4663 per

580 4679 738 4733 quem
766 4662 1088 4720 diffunditur
1114 4665 1348 4722 charitas
1378 4668 1428 4733 in
1453 4662 1705 4722 eordibus
1739 4665 1963 4727 nostris,
1995 4673 2049 4717 ιιι
2069 4662 2158 4720 di-

581 4732 721 4807 citur
749 4733 903 4789 Rom.
938 4750 1013 4789 nt.
1063 4735 1186 4791 Haec
1234 4737 1289 4792 S.
1337 4732 1615 4792 Thomas:
1675 4737 1870 4807 quibus
1914 4735 2162 4807 doctrina

586 4803 741 4870 hujus
769 4818 888 4874 cap.
921 4814 976 4860 el
1003 4809 1339 4878 sequentium
1363 4808 1590 4863 mirifice
1616 4803 1937 4870 illustratur,
1963 4817 2014 4861 ct
2043 4805 2161 4878 clu-

582 4878 811 4929 i-idalur.
1313 4881 1316 4886 ’

653 4955 678 4982 ι
723 4946 795 5018 De
830 4947 1070 5018 diaconia
1101 4947 1217 5002 vide
1243 4963 1403 5018 supra
1432 4945 1583 5016 (Cap.
1619 4947 1668 5017 l)
1691 4993 1705 5015 ,
1737 4958 1791 5004 et
1820 4949 2043 5004 observa
2077 4949 2159 5018 iu-

581 5032 743 5084 snper
771 5017 1020 5087 hocloco
1044 5017 1283 5084 decimas
1312 5017 1362 5072 et
1392 5019 1654 5087 primitias
1683 5020 1807 5072 olim
1843 5023 1892 5072 in
1922 5017 2163 5073 Ecclesia

582 5100 606 5135 η
640 5086 1060 5169 papuladcferri
1088 5128 1102 5153 .
1133 5097 1188 5144 ei
1211 5086 1604 5143 oﬂ'erri’solitas
1637 5088 1900 5144 diaconia:
1924 5133 1937 5155 ,
1973 5089 2023 5158 id
2057 5099 2161 5171 est,

581 5159 858 5229 communi
902 5174 1100 5221 mensa:
1151 5173 1466 5228 pauperum,
1507 5175 1572 5214 ex
1618 5175 1718 5229 qua
1752 5159 2162 5226 tuin-monachi,

581 5234 690 5280 tum
715 5227 803 5300 alii
823 5226 1077 5283 Ecclesia:
1105 5226 1333 5282 ministri
1358 5227 1608 5283 alimenta
1635 5226 1996 5300 percipiebant
2023 5245 2166 5300 oeco-

585 5311 743 5372 uotno
769 5295 1146 5372 dtSpensante;
1175 5303 1528 5372 quomunere
1543 5295 1753 5354 functus
1780 5295 1976 5372 dicitur
1997 5295 2164 5354 abbas

582 5364 832 5448 Tlieo‘uas
864 5377 985 5448 post
1013 5364 1497 5448 Eliam'abbatem,
1526 5386 1644 5440 cap.
1678 5364 1959 5448 sequentif
1993 5441 2006 5448 _
2029 5440 2042 5448 _
2107 5375 2112 5378 ’

652 5435 679 5474 ὶ)
716 5433 907 5510 Totum
945 5433 1044 5514 ho'c
1076 5451 1257 5510 caput,
1289 5456 1394 5514 quo
1427 5433 1620 5514 factum
1662 5433 1933 5511 singulare
1960 5440 2166 5514 abbatis

580 5505 818 5581 Theonae
841 5505 1114 5576 narratur,
1143 5505 1280 5581 qui,
1307 5505 1532 5567 ilimissa
1562 5528 1728 5566 uxore
1752 5505 1776 5578 ξ
1805 5514 1963 5566 etiam
1998 5512 2166 5566 invita

577 5587 632 5648 et
666 5578 965 5648 reluctante
993 5622 1007 5644 ,
1037 5583 1102 5634 ad
1135 5578 1373 5648 cientium
1402 5595 1454 5638 et
1486 5585 1856 5637 tnonachatum
1889 5597 1944 5636 se
1975 5592 2166 5636 enutu-

576 5645 656 5712 lit.
675 5647 832 5704 doete
854 5658 907 5710 et
928 5645 1174 5705 accurate
1197 5653 1527 5724 examinavit
1551 5663 1604 5708 et
1625 5652 1913 5722 elucidavit
1936 5653 1998 5724 υ.
2019 5653 2164 5724 Cuy-

2264 4513 2506 4602 fensione
2531 4513 3106 4602 eii‘a‘p'pfobatiquesui
3139 4513 3351 4602 d‘ivd'tjlii
3589 4513 3859 4602 confinia:

2264 4596 2372 4659 vit,
2405 4589 2626 4668 utpeue
2647 4589 2895 4668 'p'tiosum
2918 4589 3592 4668 Videamussuspensuras
3641 4596 3854 4668 aliquid

2263 4666 2648 4734 superaddere.
2669 4665 2674 4668 ’
2695 4667 2859 4719 Unius
2893 4676 3067 4720 tamen
3097 4665 3403 4720 Bellarmini
3433 4665 3757 4722 sententiam
3785 4669 3858 4723 de

2265 4733 2367 4791 hoc
2414 4733 2558 4790 facto
2607 4735 2727 4810 hic_
2743 4737 3007 4810 ascribam
3035 4777 3049 4798 ,
3095 4739 3182 4810 qui
3214 4751 3336 4790 cum
3372 4753 3402 4791 e
3429 4734 3709 4810 Scriptura
3744 4741 3857 4810 pri-

2267 4821 2430 4869 mum.
2463 4815 2573 4859 tum
2603 4821 2667 4859 ex
2697 4805 2963 4876 Pati-ibus,
3000 4805 3349 4876 tttm’detnu'm
3382 4823 3445 4861 ex
3477 4805 3645 4876 sacris
3680 4805 3851 4876 pointi-

2269 4878 2424 4931 ilcum
2447 4883 2503 4930 et
2524 4876 2868 4930 conciliorum
2895 4875 3123 4931 decretis
3149 4877 3424 4946 probasset
3449 4875 3859 4934 matrimonium

2268 4962 2440 5000 ratum
2470 4957 2524 5006 et
2554 4956 2980 5001 consummatum
3026 4964 3129 5002 non
3176 4947 3316 5001 solvi
3366 4964 3459 5016 per
3495 4951 3853 5003 monasticam

2269 5017 2658 5086 professionem
2682 5059 2696 5083 ,
2733 5032 2829 5071 nec
2858 5016 3020 5071 licere
3044 5018 3357 5088 eoujugibus
3379 5018 3857 5088 post‘iuatrimonii

2267 5088 2784 5154 consummationem
2807 5130 2820 5154 ,
2866 5088 2964 5142 nisi
2996 5102 3058 5141 ex
3095 5098 3278 5144 mutuo
3315 5091 3617 5154 consensu,
3648 5105 3858 5146 vovere

2267 5157 2651 5232 :inillelllillfii
2676 5169 2813 5232 ,_a_ut
2846 5159 3221 5232 tnonachatum
3250 5177 3264 5226 ;
3311 5159 3375 5213 ad
3410 5156 3858 5232 ligC'exeuiplum

2267 5225 2635 5298 Theome'sibi
2667 5227 2932 5297 objectum
2965 5225 3257 5298 respondet
3280 5246 3398 5284 esse
3431 5225 3560 5285 illud
3586 5225 3757 5285 'uriuin
3793 5248 3862 5287 ex

2267 5300 2334 5354 iis
2367 5297 2523 5382 factis
2559 5297 2868 5382 s'anctprunt
2903 5315 3020 5382 qua:
3051 5297 3564 5382 admiratidasun‘t,
3596 5315 3704 5378 non
3739 5303 3852 5356 imi.

2270 5371 2450 5444 tanda.
2470 5367 2820 5444 _Credendum
2857 5363 2999 5444 enim
3030 5367 3396 5444 estpeculiari
3413 5363 3664 5444 Spiritus
3675 5367 3860 5442 sancti

2268 5439 2542 5516 admonitu
2565 5451 2657 5532 aut
2677 5439 3029 5532 inspiratipne
3049 5441 3097 5494 id
3118 5441 3311 5516 factum
3336 5439 3861 5532 gsseipraztencoul-

2269 5512 2482 5584 munem
2524 5510 2770 5584 ordinem
2817 5510 3100 5584 aclegem
3131 5554 3145 5578 ,
3189 5510 3624 5584 qliandgquiilem
3657 5513 3754 5570 ille
3784 5515 3860 5568 tot

2269 5583 2465 5659 claruit
2493 5594 2678 5659 postea
2725 5582 2908 5659 signis
2935 5573 3010 5637 et'
3035 5573 3343 5659 virtutibus.
3373 5573 3497 5639 'Sic"
3519 5577 3638 5654 ille.
3683 5590 3859 5659 Atque

2270 5654 2412 5732 idem
2438 5649 2551 5710 fere
2581 5649 2868 5738 Ciaconius
2894 5652 2948 5710 in
2974 5669 3070 5738 sua
3102 5651 3473 5746 atinotaiiope.

3961 4659 3964 4831 ι
