3986 6188
213 250 345 315 11111

941 250 1275 308 COLLATIO
1314 250 1648 310 XXl.—DE
1690 255 2103 316 REMISSIONE
2138 260 2751 330 QUlNQUAGESlM‘E.

3337 268 3486 330 H82

204 368 410 421 debere
437 365 753 434 subsistere,
787 380 914 421 cum
942 367 1143 421 rectius
1172 366 1243 421 sit
1271 376 1329 421 ut
1353 367 1567 424 desides
1602 385 1632 423 a
1662 385 1796 439 prie-
1822 372 1876 433 Α
1901 387 2022 428 rere
2066 389 2172 428 non
2222 390 2419 446 respuo
2445 416 2460 441 ,
2509 391 2608 432 nec
2638 393 2670 432 a
2698 389 2786 443 me
2834 391 3025 451 separo
3050 380 3193 450 quod
3224 381 3482 443 Dominus

203 459 558 514 currentibus
601 458 891 513 incitentur
913 499 927 522 ,
956 473 1115 527 quam
1153 468 1209 512 ut
1238 470 1589 529 properantes
1616 476 1644 515 a
1668 461 1800 516 resi-

205 552 468 607 dentibus
496 550 818 621 obligentur.
860 549 1093 605 Proinde
1133 560 1390 606 statutum
1446 553 1549 608 sibi
1588 553 1799 609 dicebat

206 649 602 715 decretumque
632 659 753 700 esse
784 644 1095 713 renuntiare
1127 645 1355 715 saeculo,
1384 660 1447 699 ac
1472 646 1609 699 mori
1644 662 1797 700 mun-

203 739 309 804 do,
354 747 411 793 ut
442 735 627 791 vivere
655 734 828 807 possit
858 734 1001 805 Deo;
1050 741 1105 788 et
1152 736 1197 789 si
1226 734 1365 790 banc
1412 734 1795 791 beatitudinem

202 838 441 898 nequeat
479 829 729 883 obtinere
754 867 771 894 ,
817 836 873 895 ut
904 840 1026 880 cum
1058 828 1201 882 socia
1236 842 1334 881 sua
1371 827 1421 881 in
1465 830 1794 884 consortium

207 927 453 975 transeat
480 917 719 985 Christi,
769 918 932 972 malle
980 932 1039 971 se
1082 918 1167 972 vel
1207 933 1327 973 cum
1369 920 1524 972 unius
1568 921 1795 974 membri

204 1013 503 1083 dispendio
536 1013 745 1066 salvum
781 1011 929 1078 ﬁeri,
955 1020 1011 1066 et
1037 1011 1187 1065 velut
1211 1011 1447 1067 debilem
1489 1011 1710 1068 introire
1738 1015 1794 1068 in

204 1120 437 1176 regnum
488 1104 794 1168 caelorum,
859 1090 1021 1175 quam
1065 1119 1186 1159 cum
1239 1103 1508 1158 soliditate
1556 1106 1794 1175 corporis

202 1196 557 1253 condemnari
606 1194 821 1267 (Matth.
855 1194 1031 1264 xvni).
1080 1194 1381 1263 Adjiciebat
1413 1204 1591 1250 autem
1631 1196 1791 1251 etiam

204 1293 313 1345 ista
366 1291 594 1345 dicens:
637 1288 693 1345 Si
740 1289 947 1359 Moyses
994 1304 1091 1361 pro
1139 1289 1334 1343 duritia
1374 1291 1551 1344 cordis
1595 1290 1791 1345 dimitti

204 1384 467 1455 permisit
499 1397 693 1437 uxores
725 1379 902 1451 (Deut.
931 1366 1077 1447 xxtv,
1109 1380 1295 1435 Matth.
1328 1386 1464 1453 xix),
1498 1398 1662 1457 quare
1690 1383 1791 1437 boc

201 1494 313 1534 non
365 1480 505 1533 sinat
541 1477 789 1531 Christus
842 1490 939 1544 pro
989 1476 1258 1530 desiderio
1309 1476 1599 1541 castitatis,
1652 1492 1789 1543 prae-

199 1570 390 1627 sertim
420 1583 544 1623 cum
576 1569 720 1623 idem
764 1567 1022 1622 Dominus
1069 1568 1207 1621 inter
1233 1578 1456 1622 caeteras
1481 1567 1789 1623 affectiones

198 1663 282 1734 (id
311 1673 413 1729 est,
441 1671 654 1731 patrum
672 1704 688 1728 ,
723 1668 952 1715 matrum
980 1675 1044 1715 ac
1070 1660 1320 1729 ﬁliorum,
1353 1661 1545 1731 quibus
1570 1677 1786 1718 omnem

1903 466 2033 520 mihi
2065 467 2252 536 primae
2282 468 2461 523 statim
2493 468 2817 522 conditionis
2856 468 2974 540 lege
3000 470 3298 537 conjunxit,
3327 474 3482 529 dum-

1901 556 2060 612 modo
2081 559 2154 612 sis
2175 568 2229 613 et
2253 560 2363 627 ipsa
2387 559 2530 628 quod
2557 559 2818 615 Conditor
2837 573 2957 625 esse
2986 571 3037 616 te
3066 562 3253 635 voluit.
3279 561 3335 618 Si
3356 580 3484 619 vero

1902 663 2009 700 non
2039 648 2105 702 ad
2147 649 2471 717 adjutorium
2510 664 2629 705 esse
2656 650 2895 705 volueris
2919 690 2934 715 ,
2981 650 3077 705 sed
3126 653 3180 706 in
3212 653 3487 720 deceptio-

1903 754 2060 804 nem;
2092 748 2145 794 et
2174 740 2561 797 adminiculum
2593 754 2643 796 te
2676 758 2781 797 non
2811 743 2963 807 mihi,
2994 742 3090 798 sed
3116 744 3484 805 adversariam

1902 832 2153 886 malueris
2200 832 2485 902 exhibere,
2530 844 2688 904 atque
2732 835 2800 890 ob
2836 833 2941 889 hoc
2983 836 3296 891 attributum
3327 848 3484 906 putas

1899 923 2131 993 conjugii
2161 936 2579 997 sacramentum,
2598 910 2661 980 ἰιι
2686 934 2735 983 te
2758 925 2884 985 huic
2911 940 3029 996 qua:
3057 927 3316 997 ingeritur
3341 927 3483 999 frau-

1899 1015 2033 1070 dans
2062 1018 2244 1083 saluti,
2275 1019 2495 1087 insuper
2527 1018 2685 1073 etiam
2711 1034 2795 1074 me
2824 1034 2853 1073 a
2882 1018 3205 1091 discipulatu
3234 1021 3481 1091 retrahas

1895 1106 2221 1175 Salvatoris,
2253 1111 2328 1165 ita
2357 1110 2500 1165 illam
2528 1111 2736 1166 abbatis
2763 1110 2986 1167 Joannis
3010 1154 3026 1179 ,
3070 1113 3237 1169 immo
3275 1111 3481 1177 Christi

1897 1213 1991 1252 ore
2020 1201 2284 1269 prolatam
2325 1204 2646 1261 sententiam
2677 1202 2903 1275 viriliter
2937 1204 3336 1277 apprehendam
3361 1247 3377 1274 ,
3418 1215 3481 1279 ut

1896 1308 1982 1348 me
2028 1308 2054 1346 a
2096 1296 2321 1363 spiritali
2376 1296 2519 1350 bono
2568 1296 2715 1351 nulla
2757 1298 2989 1352 carnalis
3028 1298 3260 1355 avellere
3308 1300 3478 1370 possit

1893 1386 2127 1455 affectio.
2159 1388 2261 1454 Qui
2281 1389 2447 1455 enim,
2469 1389 2663 1459 inquit,
2683 1406 2784 1444 non
2807 1391 2913 1443 odit
2937 1399 3152 1460 patrem,
3174 1402 3221 1463 et
3242 1403 3474 1463 matrem,

1892 1488 1941 1531 et
1969 1478 2104 1547 ﬁlios
2130 1520 2144 1545 ,
2181 1490 2225 1532 et
2264 1481 2476 1547 fratres,
2525 1491 2569 1534 et
2610 1498 2827 1549 sorores,
2870 1491 2917 1534 et
2946 1499 3184 1551 uxorem,
3216 1495 3263 1538 et
3300 1501 3474 1555 agros,

1892 1569 2061 1622 adhuc
2091 1580 2258 1624 autem
2301 1582 2347 1625 et
2391 1574 2611 1627 animam
2639 1589 2784 1626 suam
2810 1617 2824 1643 ,
2858 1589 2962 1627 non
3003 1583 3168 1643 potest
3198 1591 3339 1629 meus
3369 1592 3477 1631 esse

1892 1662 2177 1733 discipulus
2208 1662 2360 1734 (Luc.
2396 1664 2527 1735 xiv).
2561 1664 2697 1719 Cum
2718 1680 2846 1735 ergo
2868 1665 2951 1719 his
2981 1675 3142 1736 atque
3169 1666 3477 1735 huiusmodi

194 1757 563 1813 reverentiam
589 1796 605 1821 ,
639 1769 746 1808 non
788 1753 959 1808 solum
1005 1753 1090 1808 lex
1129 1751 1326 1825 (Exod.
1356 1753 1470 1824 xx),
1504 1753 1597 1808 sed
1626 1756 1785 1808 etiam
1818 1748 1865 1809 Β
1896 1755 2074 1809 verbis
2096 1755 2372 1809 muliebris
2396 1772 2499 1809 non
2523 1756 2832 1811 ﬂecteretur
2854 1756 3103 1824 intentio,
3126 1766 3179 1812 et
3204 1757 3258 1811 in
3286 1758 3476 1812 eadem

198 1849 325 1918 ipse
365 1846 577 1920 (Matth.
606 1845 698 1917 xv)
744 1853 1078 1917 praeceperat
1120 1846 1379 1901 exhibere
1406 1887 1420 1911 ,
1467 1856 1643 1901 tamen
1692 1862 1791 1917 pro

196 1941 425 1996 nomine
475 1954 577 1995 suo
622 1954 688 1994 ac
739 1937 1014 1994 desiderio
1065 1937 1413 2009 perfectionis
1458 1954 1565 1992 non
1619 1940 1790 1994 solum

196 2030 598 2089 contemnenda
631 2029 968 2100 simpliciter,
1002 2030 1097 2086 sed
1138 2032 1299 2085 etiam
1348 2030 1497 2102 (Luc.
1527 2031 1641 2102 xiv)
1666 2031 1791 2087 odio

196 2125 451 2181 habenda
492 2139 614 2179 esse
661 2123 1036 2195 decernens),
1094 2124 1385 2195 conjungat
1423 2125 1502 2180 eis
1545 2125 1792 2180 similiter

196 2219 371 2276 etiam
392 2233 619 2274 uxorum
649 2233 847 2274 nomen
879 2217 1068 2274 dicens
1100 2236 1111 2270 :
1143 2218 1207 2271 Et
1234 2220 1397 2273 omnis
1422 2219 1509 2289 qui
1538 2220 1795 2290 reliquerit

197 2312 447 2373 domum,
478 2311 556 2364 uel
583 2310 800 2380 fratres,
825 2318 915 2364 aut
944 2327 1174 2377 sorores,
1204 2321 1296 2365 aut
1317 2321 1542 2381 patrem,
1568 2322 1657 2365 aut
1682 2329 1793 2366 ma-

199 2412 364 2469 trem,
390 2411 481 2455 aut
500 2417 733 2466 uxorem,
759 2410 848 2455 aut
875 2402 1045 2472 ﬁlios,
1077 2411 1170 2456 aut
1198 2419 1349 2474 agros
1376 2415 1581 2475 propter
1612 2420 1791 2457 nomen

196 2511 389 2561 meum,
426 2495 725 2566 centuplum
754 2496 996 2563 accipiet,
1030 2503 1079 2548 et
1108 2496 1260 2548 vitam
1288 2506 1528 2550 a’ternam
1566 2497 1793 2567 posside-

196 2587 277 2643 bit
314 2587 535 2662 (Matth.
578 2588 716 2658 xtx).
772 2588 826 2643 ln
861 2597 1067 2643 tantum
1114 2604 1241 2658 ergo
1277 2589 1589 2658 perlectioni
1632 2604 1792 2657 quam

196 2677 460 2751 praedicat
506 2678 644 2734 nihil
691 2679 893 2749 patitur
932 2679 1269 2748 comparari,
1310 2688 1366 2734 ut
1405 2680 1550 2733 illam
1580 2695 1793 2749 quoque

204 2772 663 2829 necessitudinem
704 2772 883 2828 solvat
910 2773 1077 2842 patris
1116 2787 1179 2826 ac
1207 2772 1423 2839 matris,
1456 2788 1575 2842 quae
1603 2787 1794 2827 secun-

196 2867 331 2923 dum
373 2867 693 2936 Apostolum
736 2867 967 2935 primum
1018 2864 1229 2920 obtinet
1276 2865 1328 2919 in
1378 2866 1793 2934 repromissione

198 2960 515 3015 mandatum
549 2978 563 3013 :
598 2958 816 3015 Honora
852 2959 1047 3013 scilicet
1084 2968 1278 3026 patrem
1304 2967 1353 3011 et
1381 2967 1625 3024 matrem,
1657 2959 1794 3029 quod

197 3060 280 3110 est
318 3054 618 3107 mandatum
647 3054 872 3124 primum
910 3054 964 3106 in
1000 3053 1433 3121 repromissione,
1473 3062 1526 3106 ut
1570 3052 1690 3107 bene
1727 3054 1792 3107 sit

1894 1849 2272 1905 obstinationis
2321 1850 2515 1905 duritia
2572 1859 2913 1920 permaneret
2966 1867 2978 1903 :
3018 1850 3076 1905 Si
3117 1865 3215 1921 ego
3244 1892 3259 1915 ,
3308 1851 3479 1919 inquit

1892 1939 2081 1995 beatus
2102 1941 2373 2007 Tlteonas,
2405 1951 2455 1997 te
2480 1941 2796 1998 abstrahere
2832 1958 2862 1995 a
2890 1952 3066 1996 morte
3098 1956 3205 1997 non
3234 1956 3475 2012 possum,

1895 2046 1995 2086 nec
2036 2041 2091 2086 tu
2134 2048 2220 2088 me
2266 2032 2543 2102 separabis
2587 2048 2617 2087 a
2660 2030 2921 2087 Christo:
2955 2032 3145 2087 Tutius
3174 2042 3256 2087 est
3300 2042 3475 2086 autem

1896 2124 2166 2179 mihicum
2195 2124 2433 2189 homine,
2459 2140 2616 2195 quam
2644 2140 2765 2179 cum
2798 2124 2908 2179 Deo
2935 2122 3136 2178 habere
3164 2123 3472 2178 divortium.

1892 2222 2182 2288 ASpirante
2230 2221 2409 2287 itaque
2450 2219 2619 2288 gratia
2653 2218 2785 2283 Dei,
2827 2217 3154 2272 deﬁnitionis
3181 2232 3292 2273 sua
3321 2231 3480 2271 exse-

1892 2314 2167 2366 cutionem
2216 2310 2479 2364 instanter
2525 2324 2808 2379 aggressus
2836 2318 2957 2375 est,
3000 2323 3099 2363 nec
3142 2309 3478 2377 intepescere

1895 2419 1991 2473 per
2032 2402 2265 2472 aliquam
2316 2417 2521 2455 moram
2553 2400 2807 2456 desiderii
2854 2401 2935 2455 sui
2979 2415 3170 2470 passus
3206 2409 3293 2455 est
3318 2401 3478 2455 ardo-

1894 2508 2045 2559 rem;
2094 2508 2217 2547 nam
2242 2492 2525 2546 confestim
2555 2491 2703 2546 omni
2732 2490 3002 2545 mundana
3026 2490 3276 2545 facultate
3309 2490 3478 2547 nuda-

1895 2593 1980 2640 tus
2008 2584 2074 2639 ad
2106 2587 2491 2639 monasterium
2538 2583 2859 2653 pervolavit.
2906 2581 3008 2638 Ubi
3056 2583 3108 2636 in
3154 2583 3303 2637 brevi
3330 2590 3477 2639 tanto

1894 2676 2182 2746 splendore
2212 2677 2514 2732 sanctitatis
2542 2685 2595 2731 et
2622 2675 2942 2731 humilitatis
2973 2675 3184 2741 enituit,
3217 2684 3275 2730 ut
3310 2676 3479 2732 beata:

1894 2774 2174 2827 memoria:
2198 2771 2404 2829 Joanne
2426 2772 2493 2827 ad
2521 2771 2805 2827 Dominum
2834 2785 2897 2826 ex
2923 2769 3023 2825 hac
3045 2770 3166 2825 luce
3190 2770 3475 2840 migrante,

1896 2873 1923 2903 ι
1955 2874 2143 2920 sancto
2171 2879 2385 2935 quoque
2415 2864 2561 2928 Elia,
2594 2864 2714 2918 viro
2739 2862 2830 2932 qui
2857 2861 2998 2917 haud
3031 2862 3208 2916 minor
3232 2861 3261 2899 ιι
3294 2864 3481 2916 deces-

1893 2971 2020 3012 sore
2050 2970 2149 3010 suo
2180 2956 2277 3009 fuit
2301 2996 2315 3020 ,
2361 2955 2611 3009 similiter
2653 2953 2946 3009 decedente
2966 2993 2982 3019 ,
3015 2953 3203 3007 tertius
3232 2952 3479 3007 Theonas

1897 3051 2275 3117 universorum
2310 3048 2625 3119 praeelectus
2648 3046 2871 3117 judicio,
2896 3048 2949 3100 in
2979 3044 3235 3101 diaconia:
3264 3046 3342 3101 eis
3370 3043 3480 3098 dis-

200 3143 320 3211 tibi,
345 3153 393 3198 et
417 3144 490 3199 sis
514 3145 769 3214 lonngus
797 3159 951 3214 super
976 3152 1165 3197 terram
1195 3141 1414 3213 (Ep/tes.
1441 3142 1544 3213 vi);
1569 3158 1793 3213 eamque
1819 3118 1865 3183 (ἶ
1900 3141 2215 3211 pensatione
2240 3141 2587 3197 successerit.

205 3236 407 3307 Jespici
441 3251 539 3305 pro
570 3251 667 3290 suo
695 3250 881 3289 amore
922 3236 1197 3304 praecipiat
1250 3233 1465 3302 (Matth.
1503 3234 1635 3305 xix).
1672 3236 1798 3291 Evi-

199 3330 397 3384 denter
419 3330 597 3400 itaque
624 3329 764 3383 sicut
789 3343 880 3383 eos
904 3327 1245 3397 evangelicus
1272 3343 1450 3383 sermo
1474 3330 1796 3386 condemnat

202 3420 322 3491 qui,
352 3434 457 3474 non
485 3420 878 3474 interveniente
903 3417 1154 3473 adulterii
1182 3418 1428 3484 crimine,
1458 3420 1647 3473 uxoria
1674 3420 1792 3475 vin-

202 3514 326 3569 cula
349 3513 684 3583 dirumpunt,
710 3513 782 3567 ita
808 3515 878 3566 ob
900 3527 1138 3566 amorem
1162 3512 1363 3568 Christi
1387 3523 1440 3569 et
1461 3513 1795 3569 desiderium

206 3607 476 3662 castitatis
522 3606 607 3661 his
655 3606 743 3675 qui
790 3605 974 3676 jugum
1023 3606 1241 3659 carnale
1285 3605 1573 3676 rejecerint
1627 3608 1792 3663 etiam

209 3698 459 3767 centupla
510 3697 732 3768 praemia
786 3697 1133 3767 repromittit.
1189 3697 1526 3767 Quapropter
1577 3700 1622 3754 si
1677 3699 1792 3754 ﬁeri

207 3799 390 3861 potest
416 3802 473 3846 ut
499 3792 563 3845 ad
592 3791 730 3846 hanc
756 3790 1149 3859 optatissimam
1180 3790 1311 3845 mihi
1342 3798 1546 3857 partem
1576 3801 1793 3860 accepta

209 3880 427 3936 tandem
460 3882 669 3936 ratione
695 3880 955 3947 ﬂecteris,
982 3880 1192 3935 scilicet
1218 3888 1274 3934 ut
1302 3879 1529 3934 Domino
1556 3882 1796 3938 servien-

209 3985 294 4030 tes
318 4017 333 4042 ,
379 3991 594 4045 poenam
623 3976 884 4045 gebennm
912 3976 1113 4045 pariter
1136 3974 1400 4031 evitemus
1418 4016 1434 4041 ,
1479 3976 1794 4033 cbaritatem

208 4071 447 4139 conjugii
480 4086 587 4124 non
616 4068 812 4132 refuto.
843 4072 1007 4127 immo
1036 4070 1201 4126 etiam
1233 4070 1437 4139 majore
1460 4069 1638 4125 adhuc
1665 4071 1800 4128 dile-

210 4161 394 4215 ctione
423 4161 790 4231 complector;
836 4177 1072 4232 agnosco
1108 4162 1253 4217 enim
1286 4171 1339 4217 et
1378 4178 1609 4219 veneror
1642 4164 1799 4234 adju-

211 4252 408 4305 tricem
437 4266 608 4306 meam
630 4293 644 4318 ,
674 4252 887 4308 Domini
916 4252 1049 4307 mihi
1077 4255 1343 4309 sententia
1373 4254 1680 4325 deputatam
1704 4302 1717 4324 ,
1750 4265 1803 4312 et

213 4340 494 4410 indirupto
534 4342 706 4400 eidem
747 4344 952 4401 [cedere
985 4345 1268 4401 charitatis
1299 4344 1353 4400 in
1384 4344 1601 4402 Christo
1627 4347 1804 4404 cohae-

2516 3254 2744 3311 CAPUT
2786 3254 2856 3309 Χ.

1895 3346 2127 3418 Exponit
2147 3347 2423 3404 Cassianus
2444 3364 2688 3473 quorsus:
2708 3345 2998 3430 exemplum
3024 3345 3165 3402 istud
3186 3345 3239 3400 in
3262 3344 3482 3401 medium

2531 3438 2624 3473 pro
2669 3430 2852 3473 uaertt.

2531 3430 2852 3489 produxerit.

1974 3524 1995 3551 "-
2036 3513 2206 3568 Nemo
2238 3521 2413 3566 autem
2446 3510 2719 3566 existimet
2756 3524 2856 3563 nos
2901 3509 3016 3563 haec
3046 3509 3111 3563 ad
3144 3506 3485 3576 provocanda

1899 3609 2267 3678 coniugiorum
2291 3604 2519 3659 divortia
2544 3605 2800 3667 texuisse,
2825 3602 2917 3670 qui
2943 3617 3046 3653 non
3072 3602 3245 3653 solum
3274 3600 3485 3667 nuptias

1900 3701 2122 3758 minime
2165 3696 2622 3757 condemnamus,
2672 3708 2861 3747 verum
2908 3693 3069 3749 etiam
3118 3690 3483 3757 Apostolicam

1899 3800 2188 3861 sequentes
2219 3788 2576 3851 sententiam,
2615 3786 2843 3840 dicimus
2882 3802 2895 3838 :
2936 3782 3260 3836 Hanorabile
3294 3796 3487 3832 connu-

1901 3887 2037 3939 bium
2074 3884 2125 3936 in
2180 3881 2435 3945 onmibus,
2466 3888 2509 3932 et
2541 3888 2684 3932 torus
2712 3876 3072 3930 immaculatus
3111 3872 3296 3944 (Hebr.
3332 3871 3482 3942 xm);

1900 3975 1994 4032 sed
2028 3985 2083 4029 ut
2117 3975 2301 4033 lectori
2352 3971 2563 4026 initium
2610 3966 2981 4023 conversionis
3028 3981 3135 4035 quo
3186 3972 3364 4017 tantus
3395 3961 3486 4016 ille

1903 4069 1984 4123 vir
2006 4068 2118 4123 Deo
2145 4066 2353 4121 dicatus
2374 4073 2477 4129 est,
2506 4062 2735 4118 lideliter
2757 4057 3134 4128 panderemus.
3158 4059 3198 4109 A
3222 4067 3328 4124 quo
3345 4053 3485 4106 bona

1903 4164 2073 4233 gratia
2106 4161 2206 4215 hoc
2238 4159 2469 4230 primttm
2500 4156 2764 4226 deposco,
2799 4159 2888 4220 ut,
2922 4152 3036 4205 sive
3066 4150 3167 4204 hoc
3194 4148 3241 4203 ei
3280 4148 3488 4218 placeat

1906 4258 2019 4313 sive
2042 4254 2349 4324 displiceat,
2383 4266 2470 4306 me
2491 4246 2867 4320 quoquomodo
2895 4260 2923 4299 a
2963 4243 3228 4299 calumnia
3253 4240 3485 4296 alienum

1907 4363 2028 4405 esse
2057 4344 2361 4402 concedens
2380 4383 2393 4408 ,
2430 4345 2487 4397 in
2522 4354 2621 4397 suo
2650 4339 2752 4395 hoc
2782 4337 2924 4395 facto
2950 4345 3041 4392 aut
3075 4334 3258 4391 laudet
3283 4342 3374 4388 aut
3400 4348 3488 4386 re-

1289 4480 1548 4537 ALARDI
1586 4482 1814 4539 GAZ/EI
1850 4478 2417 4539 COMMENTARIUS.

291 4598 319 4627 ⁸
356 4590 499 4645 Duos
527 4588 675 4643 Elias
700 4589 919 4646 abbates
945 4588 1059 4644 sive
1084 4589 1443 4647 anachoretas
1466 4607 1799 4648 commemo-
1831 4595 1880 4654 Ι)
1909 4594 2024 4649 Elia
2076 4592 2269 4646 abbate
2337 4591 2576 4645 Joannes

219 4669 304 4716 rat
334 4660 603 4716 Palladius
634 4661 705 4732 in_
729 4660 1030 4725 Lausiacis,
1060 4660 1284 4715 alterum
1317 4661 1573 4717 Lausiaca
1604 4663 1666 4717 51
1691 4707 1705 4732 ,
1738 4665 1804 4719 de

218 4748 328 4799 quo
363 4733 475 4786 haec
503 4734 577 4784 ait
611 4748 625 4785 :
666 4730 901 4785 Vidimus
930 4732 1089 4784 alium
1119 4748 1318 4801 quoque
1344 4750 1511 4787 senem
1544 4733 1594 4786 in
1626 4730 1807 4789 solitu-

219 4803 339 4857 dine
364 4801 600 4864 Antonii,
629 4818 745 4871 qua
774 4814 847 4855 est
870 4802 1165 4866 metropolis
1191 4802 1483 4869 Thebaidis,
1513 4803 1687 4857 Eliam
1715 4824 1810 4860 no-

222 4875 395 4946 mine,
424 4875 509 4946 qui
541 4884 696 4946 natus
720 4881 845 4946 (erat
881 4880 1083 4946 ceptum
1125 4884 1172 4926 et
1209 4873 1380 4926 decem
1411 4891 1593 4928 annos.
1642 4874 1815 4946 Super

219 4960 339 4998 eum
363 4944 597 4997 dicebant
630 4944 886 5009 Spiritum
918 4942 1050 4996 Elite
1073 4946 1334 5011 propheta:
1358 4946 1675 5013 requievisse,
1702 4942 1805 5002 etc.

224 5016 299 5069 De
346 5016 537 5069 eodem
585 5013 922 5085 Sozomenus
967 5013 1060 5085 lib.
1104 5023 1278 5085 sexto,
1326 5018 1503 5085 capite
1550 5016 1811 5085 vigesimo

223 5096 445 5149 octavo,
475 5094 527 5138 et
560 5084 895 5147 Nicephorus
927 5084 1017 5137 lib.
1047 5084 1360 5149 undecimo,
1396 5084 1574 5155 capite
1602 5084 1811 5155 trigesi-

224 5171 313 5209 mo
341 5164 564 5225 quarto,
599 5165 655 5209 et
694 5155 918 5208 Rufinus
947 5155 1039 5209 lib.
1073 5169 1111 5208 tt
1136 5169 1254 5224 cap.
1285 5157 1370 5210 12.
1402 5158 1641 5211 Alterum
1673 5155 1810 5212 Lau-

224 5224 369 5280 siaca
398 5227 521 5279 111.
549 5226 619 5279 At
642 5235 832 5297 neuter
862 5225 1051 5279 horum
1079 5224 1201 5279 huic
1232 5227 1349 5281 loco
1370 5228 1635 5297 quadrare
1665 5230 1813 5283 vide-

227 5309 331 5349 tur.
377 5297 509 5350 Nam
554 5296 645 5367 ille
677 5296 824 5366 prior
866 5298 1013 5350 solus
1053 5296 1401 5364 septuaginta,
1425 5312 1594 5350 annos
1624 5299 1731 5367 egit
1760 5300 1810 5354 in

226 5376 411 5421 monte
448 5366 681 5434 quodam
716 5368 1024 5438 inaccesso,
1054 5368 1184 5438 adeo
1221 5374 1277 5438 ut
1314 5367 1480 5437 ipsum
1509 5366 1706 5438 quoque
1736 5370 1813 5422 vi-

225 5439 345 5492 dere
374 5448 501 5491 esset
533 5437 899 5508 formidabile,
941 5437 1014 5508 ait
1054 5434 1344 5491 Palladius.
1398 5434 1550 5493 Alter
1593 5434 1721 5493 vero
1762 5442 1815 5495 in

229 5509 363 5564 locis
394 5507 694 5562 Palaestinae
727 5507 971 5562 habitans
1000 5507 1050 5560 in
1081 5508 1363 5576 spelunca,
1397 5526 1501 5562 non
1534 5509 1672 5563 inter
1700 5527 1815 5563 tnu-

227 5580 437 5635 nachos
477 5578 762 5649 Egyptios
804 5594 1143 5633 communem
1196 5594 1359 5646 agens
1398 5581 1598 5643 vitam,
1631 5591 1689 5632 ut
1727 5580 1815 5636 hic

229 5651 299 5705 de
341 5666 449 5719 quo
494 5660 575 5703 est
606 5665 805 5703 sermo.
858 5650 932 5703 De
962 5649 1151 5702 abbate
1199 5649 1310 5703 Elia
1344 5650 1585 5704 meminit
1628 5649 1814 5706 itidem

230 5725 439 5799 4uctor
472 5720 567 5777 lib.
595 5738 624 5775 v
655 5721 722 5776 de
754 5721 887 5775 Vitis
915 5720 1129 5776 Patrum
1169 5720 1261 5776 lib.
1306 5737 1383 5783 ιι.
1435 5720 1512 5777 De
1554 5721 1660 5779 alio
1690 5721 1818 5779 item

2655 4588 2903 4647 Moschus
2966 4587 3018 4641 in
3082 4584 3243 4651 Prato
3304 4582 3490 4651 Spirit.

1910 4680 2027 4793 ωῗί
2052 4664 2312 4807 Dicessor
2342 4731 2540 4787 dicitur
2572 4732 2659 4800 qui
2703 4729 3002 4807 successori
3042 4727 3375 4807 d_ecessit_ac
3420 4724 3498 4807 [9-

1912 4822 2034 4862 cum
2063 4804 2261 4871 cessit,
2296 4815 2353 4857 ut
2380 4794 2661 4857 success-or
2695 4802 2783 4872 qui
2816 4802 3085 4855 decessori
3117 4796 3376 4872 succedit.
3421 4794 3494 4872 Ita

1913 4876 2167 4963 Sidrpnius
2338 4891 2369 4926 ν
2400 4874 2573 4963 epist.L
2594 4872 2660 4926 16
2680 4914 2694 4939 ,
2714 4864 3059 4963 'leestinu‘s
3100 4864 3490 4963 pa.paLe-p_iast'.:hi

1913 4963 1961 5001 c.
1994 4948 2058 5013 2,
2098 4945 2386 4999 concilium
2415 4936 2750 5015 Carthag‘fvt
2776 4940 2984 5015 can.__l,
3017 4936 3374 5015 Cassiodorus
3403 4936 3495 5015 lib.

1916 5034 1988 5072 v11
2015 5007 2172 5086 epist.
2204 5015 2268 5081 2,
2304 5012 2595 5086 Gregorius
2620 5007 2835 5067 'anon.
2880 5007 2976 5064 lib.
3006 5025 3057 5086 tv
3085 5008 3151 5062 de
3181 5008 3239 5062 S.
3266 5007 3499 5061 Martin

1915 5078 2133 5157 cap."7,
2167 5078 2729 5157 conciliumi'l‘oletan.
2760 5099 2833 5136 xtt
2860 5096 2992 5157 cap._
3015 5078 3084 5157 1..
3150 5104 3159 5125 τ

1992 5146 2014 5197 ε
2061 5146 2233 5212 verba
2266 5167 2399 5228 sunt
2434 5156 2709 5221 Cassiani,
2760 5146 3118 5228 nonabbatis
3154 5146 3410 5228 Joannis,
3443 5155 3502 5228 ut

1916 5235 2202 5286 contextus
2247 5226 2441 5290 docet,
2472 5216 2792 5298 quamquam
2824 5224 2978 5298 aliter
3008 5220 3173 5298 prima
3216 5216 3502 5298 frontenvi:

1919 5300 2033 5355 der-i
2079 5307 2279 5368 posset.
2332 5286 2735 5368 Excusa_t_en'im
2777 5311 2833 5349 se
2875 5286 3167 5368 Cassianus
3195 5286 3499 5368 quod

1920 5357 2223 5436 exemplum
2264 5367 2473 5423 abbatis
2514 5365 2748 5436 Theonae
2779 5362 3055 5436 retulerit,
3085 5377 3163 5436 _ex
3194 5375 3299 5427 quo
3331 5357 3501 5412 videri

1921 5432 2114 5514 posset
2149 5438 2288 5493 velle
2334 5437 2565 5514 suadere
2612 5435 2837 5514 divortia
2877 5432 3292 5514 coniugiorum;
3341 5444 3499 5499 quam

1921 5505 2277 5579 suSpicionem
2308 5524 2338 5563 a
2366 5505 2650 5579 serefutat
2670 5549 2685 5572 ,
2714 5507 2840 5579 illud
2875 5505 3068 5579 facttnn
3101 5516 3274 5579 neque
3305 5515 3503 5579 appro-

1922 5570 2056 5637 batis
2081 5582 2193 5652 ipse
2219 5594 2392 5650 neque
2418 5570 2703 5650 damnans,
2737 5577 2830 5634 sed
2857 5575 3083 5629 aliorum
3110 5572 3313 5646 judicio
3342 5570 3502 5626 relin~

1927 5668 2115 5725 quens.
