3986 6188
560 308 704 370 H85

1612 297 1896 359 JOANNIS
1930 295 2245 355 CASSIANI
2282 291 2772 353 COLLATIONES.

3744 280 3884 340 “8‘

562 419 861 494 prehendat
885 426 1185 475 auctorem.
1208 417 1322 487 Ego
1341 422 1521 472 autem
1544 415 1634 485 qui
1663 430 1768 469 non
1791 427 1965 469 meam
1986 427 2151 481 super
2175 415 2225 474 Α
2251 410 2385 465 adeo
2410 408 2771 465 collaudatum
2802 418 2922 461 esse
2951 402 3291 458 manifestum
3326 406 3442 467 est,
3471 406 3535 454 ut
3566 413 3710 454 eum
3747 413 3884 453 seu.

564 516 665 569 hac
693 528 754 567 re
783 511 1105 566 sententiam
1138 507 1406 578 prompsi,
1443 506 1538 561 sed
1567 505 1645 561 rei
1672 514 1839 575 gestat
1867 505 2146 559 historiam

560 605 797 673 simplici
836 603 1145 658 narratione
1179 600 1495 670 complexus
1522 613 1639 652 sum
1668 637 1683 663 ,
1730 611 1940 666 aequum
1978 604 2061 650 est
2092 603 2149 648 ut

559 698 696 752 sicut
741 695 871 749 mihi
916 696 985 749 de
1022 707 1211 749 eorum
1238 693 1326 762 qui
1358 692 1463 746 hoc
1501 689 1699 744 factum
1730 688 1956 757 probant
1985 687 2140 741 laude

561 787 697 840 nihil
722 785 958 851 vindico,
985 785 1055 839 ita
1088 798 1275 838 eorum
1303 782 1396 852 qui
1425 782 1476 836 id
1502 781 1808 850 improbant
1831 795 1935 834 non
1964 778 2144 849 pulser

561 874 783 930 invidia.
819 873 1023 928 Habeat
1046 887 1174 944 ergo
1198 888 1352 927 suum
1376 876 1442 927 de
1470 871 1584 940 illo,
1612 881 1671 925 ut
1697 870 1951 936 diximus,
1979 884 2148 924 unus-

560 970 787 1040 quisque
821 968 1117 1039 judicium;
1163 967 1258 1022 sed
1300 981 1493 1021 moneo
1533 961 1703 1020 ut'ita
1743 979 2027 1020 censuram
2058 964 2143 1019 sui

566 1061 793 1131 castiget
840 1060 1101 1116 examinis
1128 1101 1143 1125 ,
1184 1075 1251 1114 ne
1276 1074 1340 1121 se
1368 1057 1659 1128 aequiorem
1691 1065 1784 1111 aut
1816 1057 2145 1111 sanctiorem

565 1154 752 1209 divino
777 1154 961 1209 credat
985 1167 1105 1208 esse
1130 1151 1353 1221 judicio,
1383 1151 1563 1221 quoin
1592 1164 1717 1204 eum
1745 1148 1907 1203 etiam
1934 1157 2150 1217 aposto-

564 1249 788 1303 licarum
834 1245 1027 1301 collata
1076 1255 1201 1300 sunt
1230 1245 1383 1314 signa
1426 1244 1720 1309 virtutum,
1752 1252 1809 1297 ut
1836 1249 2040 1297 taceam
2081 1240 2149 1296 de

567 1347 838 1394 tantorum
888 1337 1105 1392 Patrum
1153 1336 1419 1391 sententia
1446 1377 1460 1402 ,
1493 1351 1522 1389 a
1561 1334 1754 1406 quibus
1787 1333 1983 1389 factum
2030 1333 2149 1405 ejus

565 1445 669 1485 non
696 1433 871 1485 solum
898 1429 1119 1484 minime
1143 1429 1549 1499 reprehensum,
1579 1443 1764 1484 verum
1792 1429 1951 1483 etiam
1981 1441 2149 1497 usque

2254 502 2355 557 mis
2381 517 2443 556 ac
2472 497 2876 555 sublimissimis
2904 495 3032 551 viris
3058 494 3320 550 diaconia:
3353 493 3645 549 electione
3684 502 3880 561 praete-

2252 597 2434 651 leriut.
2464 597 2533 650 Et
2556 604 2684 665 puto
2707 601 2787 647 tot
2807 590 3162 658 spiritualium
3182 590 3452 653 virorum,
3480 587 3601 642 Deo
3623 598 3873 653 auctore,

2252 689 2520 758 prolatum
2561 684 2729 758 [Lips.
2760 686 2814 738 in
2843 700 3011 754 marg.
3040 681 3348 755 probatum]
3383 697 3499 737 non
3536 697 3783 737 errasse
3805 683 3875 749 ja-

2253 779 2449 835 dicium
2475 820 2490 846 ,
2517 779 2660 850 quod
2703 779 2862 834 etiam
2906 786 3051 832 tanta
3095 777 3376 848 signorum
3399 815 3419 844 ,
3462 785 3529 831 ut
3556 790 3745 845 supra
3773 775 3875 845 jam

2253 874 2453 930 dictum
2481 881 2582 939 est,
2612 872 2893 928 admiratio
2917 871 3289 929 confirmabat.

2861 982 3090 1040 CAPUT
3128 983 3223 1038 XI.

2257 1079 2483 1147 Qutestio
2523 1095 2614 1131 cur
2653 1078 2702 1131 in
2741 1075 2977 1147 Egypto
3016 1076 3135 1130 totis
3173 1076 3352 1147 diebus
3395 1073 3873 1146 Quinquagesinz

2348 1167 2450 1203 non
2471 1151 2751 1220 jejunetur,
2784 1146 2875 1201 nec
2899 1163 3066 1218 genua
3092 1147 3145 1200 in
3174 1146 3411 1199 oratione
3437 1159 3765 1199 curventur.

2327 1242 2431 1298 Sed
2471 1242 2580 1311 jam
2631 1250 2841 1309 tempus
2885 1246 2969 1295 est
3023 1247 3080 1293 ut
3125 1239 3406 1309 promissa
3466 1238 3871 1308 disputationis

2252 1333 2499 1389 ordinem
2537 1346 2945 1402 prosequamur.
3004 1331 3170 1399 Igitur
3213 1330 3377 1385 abbas
3424 1329 3702 1384 Theonas
3746 1345 3866 1385 cum

2254 1427 2443 1483 diebus
2456 1424 2953 1495 ‘Quinquagesimte
2968 1437 3065 1479 nos
3079 1424 3130 1478 in
3145 1430 3327 1478 nostra
3340 1420 3540 1477 cellula
3557 1422 3861 1488 visitasset,

1635 1567 1895 1623 ALARDI
1933 1564 2162 1623 GAZA‘JI
2200 1562 2763 1622 COMMENTARIUS.

636 1696 662 1725 ι
707 1686 782 1741 De
810 1683 1255 1753 Quinquagesima
1285 1683 1490 1753 egimus
1520 1682 1613 1737 lib.
1656 1698 1693 1735 tt
1736 1680 1973 1736 InSIitut.
2006 1695 2135 1753 cap.

566 1759 657 1822 i8,
694 1758 783 1809 ubi
815 1752 880 1810 ex
910 1752 1175 1809 sententia
1204 1752 1440 1809 veterum
1485 1754 1750 1822 duplicem
1795 1752 2140 1806 distinximus

563 1826 1091 1896 Quinquagesimam,
1118 1826 1339 1878 alteram
1364 1825 1550 1893 jejunii
1581 1835 1634 1878 et
1662 1823 1989 1896 paenitentia:
2017 1832 2142 1877 ante

564 1892 766 1952 Pascha
787 1892 1056 1960 ,‘alteram
1082 1895 1280 1948 laetitiae
1314 1892 1375 1947 et
1396 1896 1726 1949 remissionis
1766 1904 1886 1962 post
1915 1892 2141 1957 Pascha,

2254 1677 2420 1733 Porro
2449 1677 2590 1748 quod
2617 1678 2746 1732 totis
2774 1674 3243 1748 Quinquagesimte
3272 1674 3468 1729 diebus
3488 1674 3761 1729 monachi
3784 1675 3853 1730 illi

2250 1765 2348 1804 nec
2377 1747 2548 1818 genua
2579 1751 2630 1803 in
2656 1747 3149 1818 orationepublica
3188 1754 3505 1818 curvarent,
3540 1760 3651 1800 nec
3687 1762 3849 1816 usque

2248 1821 2313 1875 ad
2343 1817 2530 1873 horam
2560 1836 2774 1883 nonam,
2800 1829 2856 1872 ut
2883 1817 2992 1871 alio
3018 1828 3262 1885 tempore
3289 1817 3569 1879 solebant,
3597 1818 3848 1885 jejunare

2251 1899 2661 1960 prtesumerent,
2714 1904 2770 1943 ut
2802 1890 2889 1943 hic
2933 1898 2988 1943 et
3029 1889 3159 1943 alibi
3196 1888 3422 1960 dicitur;
3475 1888 3528 1941 id
3576 1904 3689 1942 non
3728 1890 3851 1958 ipsis

564 1981 755 2045 nempe
785 1958 928 2045 adie
968 1965 1251 2045 Pascliatis
1282 1978 1449 2032 usque
1479 1964 1719 2045 adndiem
1750 1958 2140 2043 Pentecostes;
2174 1985 2223 2045 Β
2251 1958 2540 2045 peculiare
2565 1961 2749 2045 fuisse,
2788 1960 2883 2045 sed
2912 1974 2977 2015 ex
3007 1960 3238 2045 antiqua
3271 1958 3571 2045 traditione
3598 1974 3850 2041 ταομηῳοτ

566 2038 633 2091 de
659 2052 761 2104 qua
792 2036 876 2089 hic
905 2037 1099 2103 agitur.
1127 2036 1325 2088 Dicitur
1349 2045 1525 2088 autem
1553 2034 2023 2103 Quinquagesima,
2045 2048 2143 2087 seu

563 2109 747 2163 Graeca
775 2121 906 2160 vnce
942 2107 1259 2159 Pentecoste
1281 2146 1296 2168 ,
1327 2107 1451 2173 quia
1489 2104 1720 2172 spatium
1756 2104 2144 2174 quinquaginta

562 2179 768 2232 dierum
799 2177 1195 2245 compleatitur.
1252 2174 1531 2243 Quomodo
1567 2176 1629 2227 D.
1660 2175 2020 2244 Hieronymus
2046 2173 2142 2228 ad-

562 2263 752 2302 versus
784 2248 1090 2301 Montanum
1120 2257 1175 2300 et
1204 2245 1564 2300 Luciferianos
1596 2246 1840 2300 scribens
1862 2289 1876 2313 ,
1918 2261 2007 2315 per
2035 2260 2147 2297 om-

563 2334 678 2372 nem
722 2317 1051 2373 Pentecosten
1100 2316 1237 2371 dixit
1280 2316 1485 2387 (Epist.
1517 2318 1585 2371 54
1611 2357 1625 2381 ,
1653 2316 1719 2369 ad
1744 2316 2070 2387 jlarcel’um
2100 2324 2147 2387 et_

562 2400 697 2443 cont.
729 2389 951 2458 Lucifer.
976 2405 1022 2440 c.
1054 2387 1132 2458 4).
1175 2388 1276 2456 Qui
1319 2385 1493 2442 tamen
1538 2387 1662 2441 alibi
1710 2386 1904 2458 (Epist.
1944 2386 2049 2451 22,
2077 2385 2146 2438 ad

567 2457 943 2527 Eustochium)
992 2462 1341 2514 Pentecosten
1383 2474 1489 2513 non
1530 2473 1627 2523 pro
1668 2467 1777 2511 tota
1808 2457 2148 2526 Quinquage-

565 2533 697 2585 sima
723 2572 737 2595 ,
770 2546 863 2585 seu
890 2530 1065 2594 spatio
1092 2530 1471 2598 quinquaginta
1499 2529 1705 2583 dierum
1730 2571 1743 2593 ,
1784 2528 1877 2581 sed
1907 2542 2004 2598 pro
2035 2537 2143 2579 ter-

570 2603 747 2665 mino,
776 2616 873 2653 seu
915 2598 1019 2652 ﬁne
1058 2600 1400 2663 earumdem,
1449 2609 1506 2653 ut
1544 2599 1704 2667 vulgo
1735 2598 1901 2662 solet,
1929 2598 2145 2666 accipit,

566 2672 668 2723 hoc
700 2678 802 2730 est,
833 2684 928 2736 pro
963 2669 1076 2735 ipsa
1106 2669 1448 2722 solemnitate
1476 2669 1583 2722 diei
1616 2669 1991 2734 Pentecostes,
2031 2669 2146 2721 sive

565 2740 831 2793 adventus
862 2738 1095 2806 Spiritus
1120 2738 1291 2792 sancti
1318 2754 1437 2807 quae
1465 2740 1969 2807 Quinquagesimam
1999 2752 2147 2791 com-

565 2812 676 2875 plet
716 2824 779 2861 ac
812 2810 1102 2873 terminat,
1143 2808 1294 2875 juxta
1328 2808 1460 2863 illud
1502 2810 1622 2864 Act.
1671 2809 1907 2863 secundo
1947 2825 1962 2862 :
2006 2807 2146 2860 Dum

566 2879 936 2948 complerentur
963 2880 1070 2933 dies
1102 2878 1457 2943 Pentecostcs;
1487 2880 1613 2933 dum
1651 2880 1791 2934 inter
1822 2882 1922 2933 alia
1954 2894 2145 2933 mona-

565 2952 787 3006 tItnl‘llm
822 2949 1192 3019 [Egyptiorum
1230 2952 1471 3006 instituta
1502 2953 1574 3004 ita
1615 2949 1803 3005 scribit
1832 2968 1844 3003 :
1876 2949 2145 3021 Jejunium

566 3023 719 3075 totius
745 3023 868 3093 anni
887 3024 1081 3088 tequale
1110 3031 1207 3087 est,
1230 3030 1438 3093 excepta
1462 3022 1869 3093 Quadragesima
1896 3039 1996 3091 qua
2023 3036 2148 3073 con-

566 3094 762 3146 ceditur
803 3092 1087 3146 districtius
1129 3094 1309 3146 vivere.
1350 3091 1398 3146 Ἀ
1443 3091 1647 3146 Pascha
1683 3091 1765 3143 'ad
1821 3091 2147 3145 Pentecosten

563 3180 717 3216 ciente
740 3172 1006 3216 mutantur
1033 3165 1085 3216 in
1116 3162 1337 3229 prandia
1356 3204 1371 3228 ,
1403 3179 1505 3231 quo
1540 3173 1585 3216 et
1613 3163 1881 3216 traditioni
1909 3163 2147 3216 ecclesia-

564 3236 705 3286 sticae
734 3234 985 3299 satisﬁat,
1018 3243 1062 3285 et
1087 3244 1308 3285 ventrem
1339 3235 1447 3286 cibo
1482 3250 1583 3286 non
1620 3242 1828 3286 onerent
1858 3233 2139 3297 duplicato.

565 3301 653 3356 Sic
697 3302 757 3354 D.
786 3301 1139 3372 Illeronymus
1170 3321 1183 3355 :
1217 3304 1261 3356 Α
1304 3301 1534 3369 Pascha,
1568 3304 1771 3371 inquit,
1799 3302 1868 3354 ad
1895 3301 2144 3355 Penteco-

2248 2034 2387 2087 niter
2417 2032 2468 2085 in
2503 2031 2739 2087 Ecclesia
2768 2032 3114 2086 observatum
3170 2030 3387 2099 plurimi
3431 2039 3488 2085 et
3516 2031 3844 2099 gravissimi

2247 2111 2493 2157 auctores
2531 2112 2821 2157 testantur.
2850 2101 3218 2157 Tertullianus
3248 2100 3341 2155 lib.
3381 2099 3454 2156 de
3495 2101 3720 2155 Corona
3756 2102 3848 2154 hli-

2247 2173 2356 2227 Iitis
2383 2172 2545 2242 (Cap.
2567 2174 2631 2243 3)
2662 2188 2676 2227 :
2707 2172 2983 2244 Jejunium
3013 2174 3159 2244 nefas
3188 2172 3446 2244 ducimus,
3479 2171 3561 2224 vel
3605 2173 3670 2224 de
3698 2174 3845 2244 geni-

2245 2245 2379 2297 culis
2395 2241 2652 2309 adorare;
2679 2241 2853 2298 earl'em
2875 2241 3196 2298 immunitate
3220 2260 3251 2295 a
3270 2242 3356 2296 die
3378 2241 3603 2295 Pascha:
3625 2244 3679 2295 in
3702 2241 3844 2296 Prn-

2247 2322 2470 2369 tecosten
2500 2332 2653 2384 usque
2675 2317 2982 2384 gaudemus.
3011 2315 3183 2382 Quem
3208 2314 3387 2368 locum
3418 2314 3750 2367 Tertulliani
3778 2315 3839 2368 Ι).

2246 2385 2605 2456 Hieronymus
2626 2385 2885 2440 adversus
2906 2385 3275 2441 Luciferianos
3298 2386 3378 2453 (ut
3395 2388 3675 2439 annotavit
3695 2385 3839 2456 Rhe-

2248 2455 2461 2523 nanus)
2505 2457 2719 2510 videtur
2758 2458 3066 2523 aemulatus,
3103 2456 3186 2511 bis
3213 2455 3420 2524 quidem
3457 2456 3637 2508 verbis
3670 2455 3835 2523 (Cap.

2246 2525 2303 2597 4)
2338 2545 2348 2579 :
2380 2526 2519 2579 Nam
2556 2536 2605 2580 et
2637 2528 2802 2581 multa
2833 2528 2966 2591 alia,
2998 2543 3114 2597 qua
3148 2545 3240 2595 per
3278 2526 3587 2597 tradilionth
3608 2525 3682 2597 in
3718 2525 3833 2577 Ec-

2245 2594 2414 2650 clesiis
2438 2598 2783 2659 observantur,
2811 2594 3170 2661 auctoritatem
3188 2598 3289 2651 sibi
3308 2598 3494 2667 scripta
3513 2594 3647 2663 legis
3667 2611 3836 2667 usur-

2244 2676 2521 2737 parerunt;
2548 2670 2700 2733 velut,
2727 2669 2781 2721 in
2806 2668 3012 2722 lavacro
3047 2679 3121 2723 ter
3147 2677 3302 2739 caput
3321 2665 3585 2736 mergiture
3607 2665 3692 2736 (id
3722 2675 3832 2729 est,

2248 2739 2384 2808 t_rina
2411 2738 2606 2793 mersio
2626 2739 2678 2793 in
2705 2739 3016 2808 baptismo):
3048 2740 3130 2793 die
3156 2738 3423 2793 Dominico
3448 2747 3495 2790 et
3518 2754 3613 2806 per
3635 2752 3833 2808 omnem

2246 2805 2582 2862 Pentecosten
2620 2825 2713 2881 nec
2751 2812 2814 2863 de
2856 2805 3107 2881 geniculis
3136 2811 3355 2863 adorare
3384 2808 3487 2881 (id
3525 2805 3613 2862 est
3635 2852 3650 2874 ,
3678 2807 3831 2862 ﬂexis

2244 2881 2469 2953 genibus
2489 2878 2669 2949 orare)
2690 2889 2738 2934 et
2760 2878 3024 2953 jejunium
3048 2882 3264 2953 solvere,
3282 2880 3548 2942 martiaque
3568 2880 3696 2953 alia,
3718 2896 3827 2945 qua:

2244 2950 2436 3020 geripta
2462 2965 2564 3002 non
2592 2960 2732 3015 sunt,
2754 2950 3080 3007 rationabilis
3101 2952 3199 3007 sibi
3222 2952 3505 3006 observatio
3535 2950 3827 3003 vindicavit.

2245 3017 2451 3073 Rursus
2476 3022 2620 3089 quod
2647 3022 2713 3074 ad
2741 3021 3009 3090 jejunium
3040 3024 3263 3090 attinet,
3299 3021 3440 3076 idem
3474 3021 3827 3090 Hieronymus

2245 3090 2563 3162 praefatione
2593 3092 2643 3145 in
2676 3092 2937 3162 Regulam
2966 3094 3026 3149 S.
3060 3094 3333 3148 Pachumii
3361 3111 3374 3146 :
3407 3091 3524 3155 Bis,
3558 3093 3750 3162 inquit,
3778 3095 3825 3145 in

2247 3160 2586 3225 hrbdomada,
2619 3160 2807 3235 quarta
2837 3174 2884 3218 et
2909 3173 3053 3220 sexta
3082 3164 3302 3229 sabbati,
3333 3165 3397 3218 ab
3427 3160 3665 3217 omnibus
3686 3166 3825 3235 jeju-

2247 3238 2420 3297 natur,
2471 3242 2681 3299 excepta
2724 3233 3020 3289 Pentecoste
3054 3236 3151 3360 Sd
3195 3243 3310 3301 est,
3359 3244 3419 3290 ut
3468 3233 3827 3289 Tertullianus

2248 3300 2506 3360 loquitur.
2541 3321 2572 3354 a
2599 3304 2684 3357 die
2723 3304 2942 3359 Pascha:
2964 3308 3020 3360 in
3103 3315 3393 3360 entecosten
3422 3322 3607 3360 usque.
3638 3306 3743 3360 vel.
3775 3316 3827 3359 ut

2248 3300 2506 3371 loquitur,
2541 3321 2572 3354 a
2599 3304 2684 3357 die
2723 3304 2942 3359 Pascha:
2964 3308 3020 3360 in
3054 3300 3393 3361 Pentecosten
3422 3322 3607 3371 usque,
3638 3306 3743 3367 vel,
3775 3316 3827 3359 ut

564 3384 673 3446 sten
701 3388 855 3446 cteme
880 3349 1140 3446 mutantur
1166 3349 1673 3446 in_prandia;'quiia
1722 3349 1841 3427 citur
1884 3382 2011 3446 ante
2040 3373 2141 3426 Pa-
2170 3349 2217 3413 δ
2247 3349 2557 3446 Cassia—litis,
2593 3349 2711 3428 two'tvis
2723 3349 3661 3446 ἐί

565 3441 717 3508 scba,
750 3443 850 3497 hoc
881 3453 984 3507 est,
1013 3443 1069 3498 in
1091 3441 1535 3513 Quadi-agesima,
1560 3441 1843 3498 emnarent
1866 3444 2147 3498 dumtaxat

565 3514 770 3584 absque
815 3515 1039 3583 prandio
1065 3558 1078 3582 ,
1114 3530 1145 3569 e
1181 3515 1397 3570 diverso
1444 3525 1566 3584 post
1608 3515 1815 3569 Pascha
1867 3529 2037 3584 usque
2074 3515 2144 3569 ad

566 3583 921 3640 Pentecosten
972 3586 1304 3655 prandebant
1339 3583 1540 3655 absque
1582 3601 1734 3647 coena
1759 3626 1774 3650 ,
1810 3586 1965 3640 unica
2002 3600 2145 3640 sem-

568 3670 661 3724 per
694 3654 991 3712 refectione
1032 3659 1310 3722 contenti,
1360 3654 1468 3712 nisi
1491 3671 1647 3712 causa
1682 3657 1951 3725 h05pitum
1982 3671 2143 3726 coge-

566 3735 749 3781 rentur
803 3731 1000 3797 smpius
1051 3743 1289 3784 mensam
1352 3743 1645 3798 apponere.
1712 3728 1921 3797 Duplici
1962 3735 2142 3782 autem

568 3798 778 3853 ratione
826 3798 1091 3866 ejusmodi
1147 3799 1370 3853 mutatio
1422 3800 1561 3868 apud
1625 3813 1720 3855 eos
1768 3799 1928 3854 ﬁebat
1971 3816 1985 3853 :
2036 3798 2147 3867 pri-

566 3883 742 3932 mum,
799 3878 855 3922 ut
905 3871 1173 3925 traditioni
1227 3870 1661 3936 Ecclesiasticte,
1704 3870 1773 3925 de
1824 3870 2145 3925 remissione

565 3940 769 4011 scilicet
804 3940 1269 4011 Quinquagesimte
1293 3984 1308 4009 ,
1338 3942 1740 4003 satisfacerent,
1771 3941 2017 3995 relaxato
2057 3941 2141 3995 ni-

566 4010 757 4081 mirum
803 4020 1092 4081 utcumque
1128 4011 1397 4066 strictiore
1445 4012 1538 4066 illo
1576 4011 1816 4081 jejunio.
1849 4012 1990 4079 quod
2020 4020 2144 4067 ante

566 4079 767 4133 Pascha
810 4081 877 4134 ad
922 4079 1197 4150 vesperam
1239 4098 1447 4150 usque,
1500 4079 1589 4136 vel
1632 4079 1780 4137 Certe
1820 4082 2009 4136 horam
2048 4096 2145 4135 no-

566 4165 731 4211 nam,
767 4153 1076 4205 servabant.
1128 4151 1377 4208 Secundo
1403 4197 1417 4219 ,
1459 4167 1527 4206 ne
1570 4166 1765 4221 corpus
1806 4162 1962 4207 antea
1993 4160 2146 4206 exte-

564 4228 783 4296 nuatum
839 4229 911 4296 et_
950 4222 1329 4296 debilitatum,
1387 4222 1657 4290 duplicato
1711 4222 1870 4287 cibo,
1927 4221 1980 4274 id
2035 4230 2140 4288 est,

564 4292 775 4353 gemina
822 4292 1117 4360 refectione
1146 4333 1161 4358 ,
1206 4292 1426 4345 nimium
1479 4301 1769 4347 onerarent
1813 4300 1868 4346 et
1913 4307 2143 4360 praegra-

562 4367 769 4431 varent.
824 4358 1011 4431 Exstat
1050 4361 1500 4431 praetereahujus
1524 4362 1757 4431 antiquae
1783 4358 2142 4417 institutionis

563 4435 616 4506 et
656 4427 1064 4506 observationis
1105 4427 1425 4506 monasticae;
1478 4427 1688 4506 insigne
1749 4433 2140 4506 monimentum

560 4499 617 4550 in
674 4499 903 4554 concilio
959 4500 1258 4557 Turonensi
1312 4500 1551 4557 secundo
1589 4499 1738 4557 ‘can.
1801 4503 1867 4558 l3
1922 4506 1972 4559 in
2027 4504 2142 4560 haec

562 4567 723 4623 verba
772 4588 784 4622 :
838 4568 912 4624 De
943 4572 1164 4644 jejuniis
1215 4587 1332 4644 vero
1375 4573 1584 4644 antiqua
1625 4589 1658 4627 a
1686 4573 1946 4628 monachis
1992 4576 2141 4629 insti-

561 4646 671 4691 tuta
698 4641 1009 4718 serventurf
1028 4653 1084 4718 ut
1129 4642 1192 4696 de
1235 4641 1443 4718 Pascha
1478 4641 1638 4714 usque
1667 4644 1734 4718 ad
1760 4644 2142 4718 Quinquagesi-

2250 3444 2554 3519 traditionis
2588 3447 2853 3519 rationem
2884 3444 3061 3519 reddit
3088 3451 3140 3502 in
3168 3444 3437 3519 prommio
3460 3448 3821 3501 Commentar.

2247 3514 2300 3587 i_n
2332 3514 2503 3587 Epist.
2543 3516 2610 3570 ad
2642 3516 2909 3585 Ephesios
2952 3536 2964 3571 :
2996 3514 3367 3582 Pentecosten,
3398 3519 3608 3587 inquit,
3640 3529 3823 3585 tentpns

2246 3583 2442 3639 ltetitia:
2471 3596 2627 3656 atque
2658 3583 2902 3657 victoriae,
2932 3606 3033 3660 quo
3075 3608 3178 3645 non
3218 3583 3488 3660 flectimus
3519 3606 3703 3659 genua,
3739 3583 3822 3642 nec

2245 3670 2515 3710 curvantur
2544 3660 2597 3711 in
2628 3667 2839 3722 terram,
2862 3661 2949 3714 sed
2971 3677 3086 3714 cum
3114 3660 3344 3714 Domino
3370 3661 3439 3713 ad
3458 3660 3700 3713 caelorum
3724 3662 3821 3711 alta

2245 3729 2584 3799 s_ustotlimur.
2605 3728 2661 3784 S.
2681 3729 3015 3799 Epiphanius
3034 3732 3086 3786 in
3105 3731 3394 3799 compend.
3414 3730 3561 3785 doct.
3593 3731 3817 3784 Ecclcs.:

2244 3795 2351 3851 Per
2396 3809 2558 3853 totum
2607 3795 2816 3872 quidem
2857 3818 3052 3855 annum
3081 3795 3344 3872 jejunium
3383 3801 3481 3854 hoc
3528 3803 3822 3855 servaturis

2244 3879 2427 3943 sancta
2449 3872 2703 3943 catholica
2737 3870 2993 3938 Ecclesia,
3018 3870 3224 3943 quarta,
3257 3873 3504 3941 inquam,
3537 3882 3583 3924 et
3612 3873 3819 3939 prosub-

2244 3937 2362 3993 bato
2407 3940 2491 4011 (id
2522 3951 2632 4004 est,
2678 3942 2809 4013 feria
2842 3937 3040 4013 sextaj'
3075 3960 3235 4013 usque
3276 3937 3344 3996 ad
3385 3942 3572 3995 horam
3613 3937 3816 4004 nonani,

2245 4020 2455 4084 accepta
2480 4023 2659 4066 sancta
2693 4012 3017 4081 Pentecoste,
3047 4014 3101 4069 id
3130 4012 3240 4078 est,
3290 4030 3381 4084 per
3420 4022 3552 4067 totos
3576 4014 3819 4081 quinque-

2242 4080 2385 4154 ginta
2422 4082 2551 4147 dies,
2596 4085 2647 4136 in
2680 4085 2861 4154 quibus
2904 4080 3065 4153 neque
3108 4080 3617 4154 genua'ﬂectuntur,
3660 4098 3815 4154 neque

2233 4151 2500 4223 jejunium
2539 4151 2845 4221 imperatum
2871 4151 3059 4211 est.VS.
3092 4151 3413 4210 Ambrosius
3441 4168 3639 4207 sermo.
3671 4152 3728 4205 GI
3764 4162 3817 4205 et

2244 4223 2384 4299 apud
2415 4223 2727 4299 Gratianum
2757 4225 2897 4299 dist.
2916 4226 2983 4282 76
3005 4225 3176 4299 (Cap.
3207 4225 3378 4293 Scire)
3404 4243 3416 4275 :
3446 4223 3550 4299 Per
3579 4224 3702 4299 hos._
3720 4225 3817 4299 ait,

2241 4294 2750 4369 quinquagintadies
2782 4296 2924 4349 nobis
2954 4294 3025 4351 est
3055 4294 3203 4369 jugis
3246 4306 3295 4350 et
3335 4296 3631 4369 continuata
3675 4295 3820 4369 festi-

2241 4364 2393 4437 vitas,
2420 4364 2496 4418 ita
2524 4377 2579 4420 ut
2608 4366 2706 4420 hoc
2742 4368 2881 4420 omni
2910 4364 3142 4435 tempore
3168 4383 3324 4437 neque
3353 4367 3420 4419 ad
3437 4366 3823 4437 pbservanqlum

2241 4434 2531 4507 indicamus
2554 4437 2787 4507 jejunio,
2816 4454 2976 4507 neque
2997 4439 3065 4491 ad
3084 4434 3398 4493 exorandum
3420 4434 3580 4507 Deum
3594 4437 3821 4507 genibus

2241 4504 2583 4578 succidantus.
2608 4504 2873 4562 Similiter
2892 4504 2968 4565 'D.
2994 4512 3220 4578 August.
3253 4508 3400 4577 epist.
3431 4504 3531 4559 H9
3553 4521 3565 4554 :
3584 4504 3818 4572 Propter

2244 4577 2359 4641 hoc,
2378 4578 2569 4650 inquit,
2591 4579 2795 4650 jejunio
2819 4577 3138 4650 relaxantus,
3156 4588 3205 4632 et
3229 4588 3407 4633 stantes
3426 4577 3819 4650 «autemquod

2243 4658 2316 4701 est
2343 4648 2547 4719 signum
2574 4645 2976 4703 resurrectionis.
3011 4649 3158 4704 Unde
3187 4652 3339 4704 etiam
3372 4645 3600 4719 omnibus
3637 4645 3824 4701 diebus

562 4724 696 4789 "tam
733 4712 830 4789 (id
864 4713 1449 4789 _est,__Pentecosten),
1496 4712 1719 4783 exceptis
1748 4712 2138 4789 Rogationibus,
2168 4729 2218 4789 D
2245 4712 2514 4772 dominicis
2542 4720 2609 4773 ad
2650 4722 2815 4773 altare
2854 4720 2907 4773 id
2938 4720 3253 4776 observatur.
3297 4719 3440 4774 Idem
3480 4718 3821 4789 idocentialii

557 4780 696 4832 omni
727 4774 810 4855 die
850 4774 1096 4853 fratribus
1140 4774 1413 4851 prandium
1436 4774 1785 4855 'prtepa'retur.
1822 4774 1948 4841 Post
1977 4774 2143 4853 Quin-'-

555 4852 900 4929 qnagesimam
927 4855 1381 4929 totahebdomada
1411 4852 1585 4911 exacte
1626 4861 1911 4929 jejunetur.
1947 4852 2141 4914 Postea

557 4923 830 4997 usquead
869 4926 1112 4980 calendas
1168 4927 1383 4997 Augusti
1438 4930 1491 4981 in
1548 4923 1835 4994 septimana
1878 4929 2135 4996 jejunent,

553 4993 795 5071 secunda,
826 5003 873 5049 et
898 5006 1110 5071 quarta,
1132 5008 1179 5071 et
1200 4993 1347 5052 senta
1370 4999 1478 5071 die,
1500 4999 1726 5067 exceptis
1748 5000 1826 5052 his
1848 4993 1940 5066 qui
1964 4993 2140 5069 aliqua

554 5063 853 5143 infirmitate
896 5063 1163 5122 constricti
1203 5078 1343 5124 sunt.
1377 5067 1443 5122 In
1467 5063 1726 5143 augusto,
1764 5063 1887 5138 quia
1913 5063 2139 5143 quotidie

557 5131 731 5207 Missa:
768 5148 1065 5192 sanctorum
1109 5150 1270 5203 sunt,
1317 5131 1596 5207 prandium
1630 5131 1870 5193 habeant.
1914 5131 1982 5192 In
2033 5139 2135 5195 Se-

551 5205 887 5278 ptembritoto
910 5219 956 5261 et
972 5209 1253 5278 Novembri
1270 5205 1343 5263 ter
1364 5210 1419 5262 in
1441 5211 1750 5278 septimana.
1772 5209 1851 5264 De
1870 5209 2137 5265 Decembri

552 5288 717 5351 usque
735 5276 979 5351 Natalem
1001 5277 1214 5332 Domini
1232 5280 1372 5351 omni
1393 5280 1475 5351 die
1486 5276 1746 5351 jejunent.
1772 5278 1839 5332 Et
1861 5282 1985 5351 quia
2003 5282 2135 5336 inter

553 5341 798 5426 Natalem
836 5346 1050 5426 Domini
1092 5365 1251 5419 usque
1287 5349 1356 5401 ad
1387 5341 1738 5426 Epiphaniam
1776 5341 1917 5405 omni
1944 5352 2027 5405 die
2056 5353 2132 5423 fe-

548 5420 971 5492 sﬁlivitates‘sunt,
1012 5420 1231 5489 itemque
1276 5420 1612 5492 prandebunt.
1655 5422 1724 5477 Et
1758 5432 1879 5492 post
1915 5420 2081 5491 pauca
2116 5440 2129 5477 :

550 5482 677 5567 Post
703 5487 1057 5567 Epiphaniam
1082 5482 1474 5567 vero_us'qt_tead
1502 5482 1959 5567 QuadragEsimain
1984 5502 2059 5547 ter
2079 5495 2134 5548 in

546 5562 835 5632 septimana
863 5562 1123 5632 jejunent.
1168 5562 1294 5617 Hac
1326 5564 1421 5625 ibi,
1457 5578 1523 5617 ex
1545 5562 1741 5632 quibus
1766 5564 1914 5619 varia
1944 5578 2131 5617 mona-

546 5624 772 5680 chorum
815 5624 1019 5696 jejunia
1055 5646 1150 5699 pro
1190 5624 1502 5687 diversitate
1544 5624 1847 5702 temporum
1886 5634 2128 5688 inStitnta

546 5704 867 5772 noscuptur,
885 5712 1341 5772 excepta‘scmper
1364 5703 1839 5772 Quinquagesima,
1859 5704 1972 5758 sive
1996 5713 2130 5757 tem-

546 5774 677 5827 pore
706 5763 975 5834 Paschali,
1007 5763 1069 5823 ut
1092 5763 1299 5824 dictum
1328 5763 1411 5826 esi
1443 5763 1593 5837 (Lib.
1615 5763 1660 5825 ἶι
1688 5763 1863 5827 lnstit.
1894 5789 1941 5826 c.
1969 5774 2063 5826 ult.
2082 5775 2124 5842 ).

2247 4789 2452 4860 Patres.
2498 4790 2758 4844 Maximus
2784 4790 3136 4847 Taurinensis
3161 4792 3448 4860 episcopus
3477 4788 3665 4860 homil.
3696 4788 3730 4860 ἦ
3758 4788 3821 4843 de

2245 4859 2595 4924 Pentecoste,
2625 4860 2861 4915 Isidorus
2898 4861 2991 4917 Iib.
3026 4879 3043 4916 ι
3074 4862 3143 4918 de
3171 4858 3327 4917 (illic.
3355 4874 3479 4929 cap.
3506 4859 3606 4919 53,
3633 4868 3689 4913 et
3716 4858 3816 4912 Ra-

2243 4930 2414 4984 banus
2442 4931 2532 4985 lib.
2551 4930 2669 4985 nde
2695 4931 2866 4985 lnstit.
2892 4933 3218 4987 clericorum
3247 4928 3473 5000 cale.
3493 4928 3734 4999 Denique
3756 4945 3818 4983 eo

2243 5010 2455 5067 spectat
2478 5012 2585 5054 tota
2604 5002 2758 5070 hujus
2772 5002 2978 5056 abbatis
2994 5002 3357 5066 ratiocinatio,
3376 5009 3434 5054 ut
3453 5001 3653 5055 doceat
3665 5016 3817 5067 quam

2245 5071 2315 5142 ob
2343 5086 2559 5125 causam
2594 5074 2835 5126 instituta
2878 5083 3023 5127 esset
3060 5074 3146 5127 illa
3178 5088 3335 5142 quam
3366 5080 3528 5125 vocat
3573 5072 3821 5125 remissio

2243 5140 2733 5214 Quinquagesimze,
2762 5144 2811 5197 id
2835 5156 2939 5208 est,
2966 5140 3234 5214 relaxatio
3259 5142 3450 5214 jejunii
3473 5142 3532 5214 in
3549 5141 3823 5211 Quinqua-

2237 5212 2466 5278 gesima,
2500 5229 2595 5283 seu
2626 5224 2865 5283 tempore
2894 5215 3149 5281 paschali.
3174 5212 3446 5269 Caeterum
3472 5212 3593 5266 haec
3624 5227 3732 5266 non
3757 5216 3820 5264 ita

2238 5282 2548 5350 accipienda
2580 5282 2906 5353 sunt,quasi
2938 5285 3087 5339 nefas
3110 5284 3181 5339 sit
3210 5284 3311 5338 hoc
3342 5293 3590 5352 tempore
3620 5297 3689 5337 ex
3718 5283 3821 5351 pri-

2238 5364 2358 5405 vata
2390 5353 2675 5409 devotione
2697 5352 2964 5424 jejunare,
2991 5356 3150 5410 modo
3178 5355 3313 5410 citra
3346 5352 3817 5421 superstitionem,

2238 5432 2291 5477 et
2318 5432 2684 5493 contemptum
2705 5464 2721 5487 ,
2752 5432 2807 5479 et
2834 5427 3144 5481 scandalum
3186 5427 3235 5480 id
3267 5426 3377 5478 ﬁat.
3414 5425 3530 5478 Hoc
3555 5425 3705 5479 enim
3734 5441 3819 5478 ex-

2236 5508 2424 5565 presse
2470 5496 2676 5549 monuit
2703 5494 2768 5565 ι),
2807 5495 3160 5565 Hieronymus
3199 5497 3249 5549 in
3286 5495 3519 5563 epistola
3554 5496 3631 5565 ad
3667 5494 3816 5549 Luci-

2237 5563 2385 5635 nium
2411 5564 2669 5619 Boeticum
2696 5564 2887 5635 (Epist.
2910 5563 3027 5635 28),
3054 5570 3249 5635 citatus
3274 5565 3461 5621 itidem
3485 5580 3516 5617 a
3538 5564 3818 5631 Gratiano,

2237 5632 2322 5706 his
2350 5636 2529 5689 verbis
2556 5632 2720 5704 (Dist.
2745 5635 2832 5688 76.
2856 5632 3134 5705 capﬁult.)
3160 5652 3173 5688 :
3202 5635 3411 5690 Utinam
3431 5636 3576 5688 omni
3601 5647 3819 5706 tempore

2226 5704 2471 5775 j_ejunare
2496 5708 2782 5772 possimus:
2803 5706 2936 5774 quod
2954 5706 3009 5758 in
3029 5707 3235 5760 Actibus
3255 5707 3627 5775 Apostolorum
3642 5704 3819 5759 diebus

2238 5772 2563 5831 P'entecostes
2592 5786 2637 5832 et
2666 5776 2749 5831 die
2778 5772 3034 5830 dominico
3058 5776 3344 5847 apostolum
3373 5773 3611 5830 Paulum
3633 5787 3687 5831 et
3707 5780 3817 5831 cunt
