3986 6188
70 261 265 322 1185

922 264 1262 323 COLLATIO
1302 265 1444 323 XXI.
1470 266 1642 324 -ΒΕ
1681 266 2087 326 REMISSIONE
2126 268 2737 342 QUINQUAGESIME.

3340 280 3482 344 “86

64 379 502 448 vespertina
564 376 868 435 orationum
915 378 1258 436 solemnitate
1308 390 1574 437 transacta
1601 423 1615 447 ,
1650 382 1797 438 humi
1825 390 1879 450 Α
1902 383 2054 440 ritas.
2091 386 2278 441 Divina
2306 388 2567 458 sapientia
2596 404 2695 460 per
2721 388 3091 448 Ecclesiasten
3120 399 3265 450 omni
3298 402 3399 464 rei,
3426 402 3479 457 id

63 473 453 545 paululum
492 472 885 536 considentes,
937 473 1202 541 coepimus
1230 474 1538 545 diligentius
1568 491 1797 546 percun-

1898 485 2002 544 cst,
2038 477 2305 535 universis
2343 494 2437 536 seu
2480 480 2781 551 prosperis,
2814 495 2909 538 seu
2958 496 3077 552 quae
3108 484 3334 541 adversa
3380 506 3480 559 pu-

77 569 268 621 ctari
310 580 444 621 cur
500 564 658 635 apud
684 578 778 620 eos
816 572 962 618 tanta
1010 564 1351 622 observantia
1396 580 1696 635 caveretur,
1728 584 1796 626 ne
1896 575 2081 624 tantur
2108 580 2162 625 et
2188 570 2387 638 tristia,
2432 580 2643 641 tempus
2673 576 2808 639 jesse
2838 574 3117 643 pr0prium
3155 575 3478 646 designavit,

73 659 239 728 quis
274 659 568 729 penitus
598 658 718 712 totis
753 656 1224 728 Quinquagesimaa
1264 659 1456 715 diebus
1496 661 1580 716 vel
1619 676 1793 732 genua

74 750 148 803 in
194 750 525 805 oratione
552 756 826 813 curvaret,
858 748 941 803 vel
973 763 1141 819 usque
1169 749 1236 804 ad
1268 750 1453 805 horam
1486 767 1681 807 nonam
1708 752 1791 823 je-

70 840 332 911 junare
392 851 822 912 praesumeret;
867 857 1039 912 eoque
1080 843 1134 897 id
1167 843 1477 915 diligentius
1513 846 1791 900 scrutaba-

77 952 263 1003 mur,
303 937 497 1008 quod
538 951 881 1008 nequaquam
909 936 1009 991 hoc
1038 944 1185 993 tanta
1216 938 1464 995 cautione
1493 939 1700 995 servari
1732 938 1788 994 in

77 1028 303 1100 Syriae
340 1028 742 1084 monasteriis
773 1026 1099 1083 videramus.

801 1136 1031 1195 CAPUT
1064 1137 1181 1193 XII.

91 1232 467 1304 Responsio
516 1233 585 1286 de
628 1238 821 1285 natura
866 1248 1041 1354 epirum
1069 1245 1183 1354 grta:
1225 1230 1377 1300 bona,
1405 1234 1487 1287 vel
1516 1230 1679 1300 mala,
1711 1232 1789 1287 vel

819 1318 900 1354 me
941 1318 989 1354 ta
1015 1318 1114 1354 sun
1142 1342 1155 1354 .

819 1318 989 1355 meatu
1015 1318 1155 1356 sunt.

190 1396 294 1451 Ad
361 1396 511 1452 tunc
559 1395 728 1450 abbas
778 1394 1029 1449 Theonas
1075 1393 1167 1448 tali
1212 1409 1343 1449 usus
1390 1402 1476 1449 est
1519 1395 1787 1450 sermonis

102 1488 393 1542 exordio
433 1506 448 1540 :
496 1486 736 1556 Oportet
779 1485 999 1555 quidem
1040 1499 1140 1540 nos
1182 1485 1492 1541 auctoritati
1538 1485 1785 1557 Patrum,

99 1578 682 1649 consuetudinique
714 1579 981 1646 majorum
1015 1593 1187 1648 usque
1208 1577 1274 1632 ad
1299 1585 1543 1633 nostrum
1570 1587 1785 1648 tempus

106 1688 225 1743 per
274 1680 531 1727 tantam
574 1684 838 1725 annorum
882 1670 1078 1725 seriem
1126 1668 1429 1739 protelatai,
1477 1670 1642 1725 etiam
1676 1684 1781 1724 non

1895 659 2082 715 dicens
2107 680 2120 716 :
2150 670 2176 698 ἰ
2207 662 2454 716 Omnibus
2476 670 2676 735 tempus
2702 672 2796 731 est,
2824 673 2872 718 et
2900 674 3096 729 tempus
3129 666 3268 721 omni
3297 669 3371 720 rei
3391 674 3482 723 sub

1893 752 2040 807 caelo.
2078 751 2298 823 Tempus
2348 754 2582 823 pariendi
2619 764 2667 809 et
2716 766 2913 827 tempus
2954 759 3229 823 moriendi,
3283 768 3482 828 tempus

1894 842 2167 913 plantandi
2213 854 2263 898 et
2313 854 2513 917 ιεηιριιε
2566 846 2816 902 evellendi
2863 849 3001 919 quod
3052 850 3343 920 plantatum
3380 864 3479 921 est,

1892 944 2089 1007 tempus
2112 938 2379 993 occidendi
2402 950 2448 993 et
2467 947 2665 1012 tempus
2684 942 2929 1009 sanandi,
2955 952 3151 1014 tempus
3171 945 3481 1000 destruendi

1893 1036 1942 1081 et
1971 1037 2169 1099 tempus
2207 1029 2522 1099 wdi/icandi,
2555 1039 2754 1100 tempus
2777 1031 3025 1103 plorandi
3070 1043 3119 1089 et
3160 1044 3360 1107 tempus
3404 1037 3479 1090 ri-

1889 1120 2066 1185 dendi,
2110 1130 2305 1189 tempus
2349 1121 2627 1191 plangendi
2665 1132 2713 1175 et
2759 1132 2958 1193 tempus
2998 1126 3243 1192 saltandi,
3275 1137 3475 1198 tempus

1887 1211 2123 1265 mittendi
2158 1211 2355 1282 lapides
2393 1223 2440 1265 et
2471 1222 2669 1283 tempus
2704 1214 2983 1287 colligendi
3016 1216 3237 1289 lapides,
3278 1229 3475 1292 tempus

1887 1303 2233 1374 amplectendi
2263 1313 2310 1357 et
2338 1314 2537 1373 tempus
2565 1306 2716 1377 longe
2747 1308 2862 1375 ﬁeri
2887 1308 2951 1361 ab
2973 1311 3311 1381 amplexibus,
3344 1321 3470 1365 tem-

1888 1414 1984 1470 pus
2012 1398 2310 1468 acquirendi
2338 1409 2384 1453 et
2410 1408 2607 1469 tempus
2628 1401 2896 1472 perdendi,
2925 1412 3124 1472 tempus
3148 1406 3473 1460 custodiendi

1886 1498 1934 1542 et
1954 1500 2154 1558 tempus
2171 1491 2487 1560 expellendi,
2513 1501 2709 1563 tempus
2729 1494 3057 1564 dirumpendi
3076 1507 3123 1550 et
3149 1506 3344 1566 tempus
3364 1514 3475 1550 sar.

1886 1582 2076 1648 ciendi,
2124 1592 2324 1652 tempus
2377 1586 2579 1638 tacendi
2622 1594 2671 1641 et
2714 1595 2912 1655 tempus
2958 1589 3218 1658 loquendi,
3273 1600 3471 1660 tempus

1887 1674 2097 1728 amandi
2125 1683 2172 1728 et
2197 1683 2399 1745 tempus
2424 1678 2653 1745 odiendi,
2685 1688 2883 1750 tempus
2904 1680 3023 1735 belli
3042 1692 3088 1735 et
3112 1692 3305 1750 tempus
3328 1684 3471 1752 pacis

106 1777 431 1836 percepta
473 1765 689 1819 ratione
717 1764 949 1829 cedere;
978 1778 1228 1833 eamque,
1258 1772 1314 1818 ut
1339 1764 1636 1833 antiquitus
1670 1771 1780 1817 trao
1809 1788 1857 1849 Β
1888 1764 2098 1837 (Eccle.
2123 1766 2232 1837 ιιι).
2268 1767 2334 1822 Et
2365 1766 2526 1837 infra,
2563 1769 2700 1836 Quia
2735 1779 2935 1839 tempus
2977 1781 3070 1839 est,
3106 1772 3299 1841 inquit,
3329 1775 3471 1827 omni

111 1859 253 1912 dita
306 1865 451 1922 est,
500 1856 612 1927 jugi
642 1856 985 1911 observantia
1029 1870 1091 1910 ac
1123 1855 1435 1911 reverentia
1480 1854 1774 1910 custodire.

112 1950 366 2006 Verum
410 1950 589 2005 etiam
618 1950 873 2020 quoniam
908 1963 1098 2004 causas
1129 1948 1290 2019 hujus
1318 1949 1395 2004 rei
1424 1956 1479 2005 et
1508 1949 1777 2003 rationem

118 2044 317 2100 vultis
359 2059 705 2116 agnoscere,
754 2044 988 2113 accipite
1026 2043 1261 2097 breviter
1289 2057 1350 2097 ea
1383 2057 1505 2113 qua:
1534 2057 1563 2096 a
1592 2042 1777 2097 senio-

118 2139 307 2195 ribus
343 2139 576 2193 nostris
620 2137 810 2192 tradita
848 2152 1013 2207 super
1048 2137 1148 2191 hac
1175 2136 1514 2191 institutione
1553 2150 1776 2205 compe-

121 2233 358 2289 rimus.
427 2232 821 2287 Verumtamen
881 2239 1170 2298 antequam
1226 2228 1522 2299 Scripturte
1576 2228 1775 2284 divina:

132 2325 489 2380 auctoritas
519 2322 844 2394 proferatur,
876 2322 924 2377 si
958 2323 1153 2390 placet,
1186 2322 1253 2377 de
1283 2331 1473 2377 natura
1502 2322 1669 2392 ipsius
1692 2322 1774 2391 je-

132 2416 299 2488 junii
345 2429 409 2472 et
456 2417 716 2487 qualitate
745 2428 913 2486 pauca
943 2414 1205 2483 dicamus,
1248 2424 1307 2469 ut
1350 2413 1771 2485 disputationem

137 2520 422 2567 nostram
468 2512 808 2582 subsequens
835 2509 1234 2579 Scripturarum
1262 2508 1554 2564 conﬁrmet
1580 2520 1769 2564 aucto-

1883 1858 1958 1910 rei
1983 1866 2029 1911 et
2059 1860 2197 1912 omni
2223 1862 2359 1928 facto
2390 1858 2609 1930 (Ibid.).
2642 1860 2784 1915 Nihil
2818 1862 2981 1931 igitur
3008 1878 3078 1918 ex
3112 1864 3197 1919 bis
3227 1879 3347 1919 esse
3376 1865 3472 1919 bo—

1884 1965 2011 2004 num
2058 1959 2377 2021 perpetuum
2427 1952 2701 2020 deﬁnivit,
2750 1954 2850 2007 nisi
2899 1969 3023 2009 cum
3071 1956 3233 2011 fuerit
3277 1957 3467 2011 borum

1880 2043 2011 2114 quid
2041 2054 2345 2115 opportune
2367 2056 2420 2100 et
2442 2054 2814 2116 competenter
2841 2048 3148 2117 expletum;
3181 2048 3251 2102 ita
3279 2058 3338 2103 ut
3358 2048 3470 2103 haec

1881 2136 2072 2194 eadem
2112 2153 2234 2207 qua:
2264 2154 2408 2193 nunc
2445 2149 2751 2209 opportune
2787 2148 2941 2210 gesta
2982 2142 3121 2196 bene
3159 2141 3387 2209 cedunt,
3421 2143 3468 2197 si

1881 2232 2191 2303 importuno
2221 2232 2305 2287 vel
2335 2233 2632 2303 incongruo
2663 2242 2905 2302 tempore
2934 2242 3354 2302 przesumantur,
3386 2234 3469 2288 in-

1880 2327 2030 2382 utilia
2061 2327 2405 2381 inveniantur
2436 2334 2492 2381 et
2530 2326 2720 2390 noxia;
2753 2325 2780 2363 δ
2816 2326 3019 2395 absque
3064 2327 3146 2381 bis
3189 2327 3468 2383 dumtaxat

1879 2435 1999 2489 quae
2036 2433 2135 2489 per
2183 2434 2242 2474 se
2282 2418 2653 2489 principaliter
2681 2418 2765 2473 vel
2807 2418 2970 2485 bona,
3004 2418 3087 2472 vel
3130 2418 3270 2472 mala
3314 2428 3462 2485 sunt,

1882 2522 1904 2551 ε
1938 2526 2038 2567 nec
2067 2511 2355 2582 aliquando
2387 2518 2615 2581 possunt
2654 2510 2711 2564 in
2739 2511 3071 2565 contrarium
3105 2509 3367 2577 derivari,
3398 2522 3457 2567 ut

1256 2622 1515 2680 ALARDI
1554 2624 1787 2681 ΟΑΖᾸΞΙ
1824 2626 2395 2685 COMMENTARIUS.

142 2737 208 2776 eo
236 2723 529 2774 credentes
555 2720 735 2791 fecisse
762 2718 975 2790 legimus
1009 2718 1165 2791 (Act.
1188 2715 1328 2791 x_ttt).
1364 2714 1432 2791 Et
1462 2713 1597 2769 inira
1625 2732 1638 2769 :
1664 2715 1776 2771 Nec

144 2792 251 2844 hoc
275 2791 438 2860 dico,
471 2787 611 2861 quod
641 2787 915 2845 dominicis
942 2787 1122 2843 diebus
1140 2787 1487 2861 jejunandum
1511 2796 1702 2861 putem,
1728 2797 1775 2841 et

148 2858 445 2917 contextus
465 2858 839 2933 quinquaginta
864 2861 1043 2914 diebus
1075 2858 1234 2933 ferias
1254 2860 1509 2933 auferam;
1537 2858 1627 2911 sed
1648 2875 1778 2911 una-

145 2949 388 3005 qquue
422 2929 713 3005 provincia
728 2934 780 2984 in
808 2948 902 3005 suo
940 2948 1097 3005 sensu
1137 2929 1384 3005 abunde_t,
1413 2938 1480 3005 :et
1502 2938 1777 3005 prlecepla

147 2998 437 3075 inajtiruni
482 3003 618 3073 leges
642 3002 960 3075 apostolicae
985 3002 1284 3075 arbitgtur.
1318 2999 1387 3052 Et
1413 2998 1776 3075 lsidﬂqrusjbi-

152 3067 286 3129 dein
338 3067 555 3130 citatus
594 3067 744 3143 (Lib.
779 3091 797 3128 ι
823 3073 887 3127 de
919 3071 1063 3143 Ome.
1094 3069 1267 3143 AEccl.
1323 3085 1438 3138 cap.
1471 3067 1574 3143 ιᾷ)
1605 3086 1617 3122 :
1649 3068 1777 3143 Post

1878 2717 2156 2791 imperari.
2189 2717 2369 2773 Sicubi
2394 2716 2701 2791 tamen_hoc
2728 2717 2905 2791 ipsum
2919 2715 3183 2791 jejunium
3208 2723 3463 2791 prmcepti

1880 2789 1998 2858 lege
2023 2799 2289 2853 servatur,
2323 2805 2430 2843 non
2464 2798 2544 2843 est
2585 2788 3023 2856 improbandum.
3064 2789 3343 2844 Servanda
3382 2788 3465 2847 est

1880 2859 2227 2927 in’ejusmodi
2269 2860 2427 2913 rebus
2468 2859 2729 2913 Ecclesia:
2763 2861 3122 2924 consuetudo,
3167 2870 3225 2914 ut
3270 2861 3462 2918 lliero-

1880 2945 2076 3000 nymus
2122 2931 2173 2983 in
2216 2932 2441 2997 epistola
2490 2930 2557 2983 ad
2598 2929 2905 2993 Lucinium,
2947 2939 3000 2984 et
3036 2930 3366 2999 Augustinus
3413 2936 3464 2989 in

1882 3000 2115 3068 epistola
2166 3000 2229 3053 ad
2271 3000 2597 3054 Casulanutn
2625 3041 2641 3065 ,
2676 3009 2916 3054 manent.
2951 3000 3026 3054 Ita
3084 3002 3463 3060 Bellarminns.

1881 3070 2124 3124 Meminit
2153 3070 2397 3142 ejusdem,
2429 3070 2782 3124 institutionis
2826 3078 2879 3124 et
2909 3072 3143 3125 triduani
3187 3073 3379 3142 jejttnii
3410 3078 3463 3131 in

156 3144 418 3209 Pascha,
488 3138 686 3215 inquit,
740 3160 897 3215 usque
961 3138 1029 3196 ad
1066 3141 1456 3215 Pentecoslen,
1512 3138 1631 3215 licet
1687 3141 1850 3215 ob-C
1883 3142 2273 3215 [legationibus
2298 3138 3461 3215 D.Augus_tiuusserm.l73deTemp0re,in

157 3221 393 3272 seruatio
424 3212 781 3272 Ecclesiarum
799 3212 1121 3268 abstinentia:
1144 3214 1366 3284 rigorem
1393 3212 1625 3284 prandiis
1647 3213 1775 3265 rela-

157 3291 394 3355 :caverit,
429 3300 605 3343 tamen
631 3289 674 3340 si
700 3288 785 3353 qui
818 3282 1290 3338 monachorum—vel
1310 3283 1613 3355 clericorum
1638 3285 1774 3355 jeju-

158 3375 293 3430 nare
322 3352 582 3430 cupiunt,
614 3352 719 3411 non
747 3365 860 3430 sunt
902 3355 1205 3430 prohibendi
1230 3370 1248 3407 :
1272 3354 1395 3430 quia
1420 3352 1697 3430 Antonius,
1727 3364 1775 3430 et

165 3423 409 3497 Paulus,
454 3439 505 3485 et
544 3430 711 3483 cwteri
755 3423 932 3481 Patres
970 3427 1186 3493 antiqui,
1226 3426 1381 3479 etiam
1413 3423 1494 3497 Itis
1521 3425 1695 3497 diebus
1720 3428 1774 3480 in

167 3516 345 3555 eremo
364 3495 616 3573 leguntur
637 3499 962 3573 abstinuisse,
984 3497 1372 3573 nequesolvisse
1389 3495 1771 3573 abstinentiam,

167 3572 271 3624 nisi
309 3566 529 3626 tanium
563 3572 646 3624 die
671 3571 949 3623 dominico.
984 3566 1109 3623 Hanc
1148 3569 1258 3623 ille.
1291 3566 1485 3621 Verum
1514 3566 1773 3622 adversus

171 3645 476 3709 prremissa
497 3641 715 3711 objiciet
735 3641 965 3711 fortasse
990 3639 1256 3711 quispiam
1283 3656 1295 3690 :
1327 3638 1477 3711 Siex
1504 3641 1772 3711 sententia

308 3714 538 3769 Patrum
566 3708 815 3780 tempore
843 3708 1317 3779 Quinquagesimae
1335 3750 1348 3771 ,
1372 3708 1438 3780 id
1461 3716 1589 3780 est,
1629 3724 1657 3761 a
1685 3708 1772 3763 die

177 3781 470 3840 Pascbatis
519 3778 781 3851 usquead
816 3783 956 3836 diem
987 3778 1339 3835 Pentecostes
1369 3778 1654 3851 inclusive,
1688 3794 1771 3833 re-

180 3854 416 3911 tnittitur
443 3847 886 3910 etintermittitur
900 3851 1184 3921 jejunium,
1203 3865 1301 3921 cur
1337 3864 1469 3917 ergo
1497 3847 1774 3915 jejunatur

176 3922 229 3995 in
258 3927 448 3995 vigilia
480 3925 849 3988 Pentecostes,
884 3932 937 3976 et
960 3920 1232 3995 in_diebus
1251 3920 1620 3995 llogationum
1646 3929 1771 3995 ante

180 3988 586 4053 Asce'nsioncm
614 3995 983 4049 Dominicam?
1014 3991 1336 4062 Respondeo
1368 4008 1381 4042 :
1412 3988 1684 4062 Jejttnium
1708 3989 1768 4062 _iu
1824 4035 1844 4059 ,

179 4068 367 4141 yigilia
414 4068 764 4141 Pentecostes
804 4080 909 4119 non
935 4077 1077 4141 _esse
1115 4058 1479 4141 ex__primazva
1509 4058 1771 4141 Ecclesia:

176 4132 558 4198 institutione,
608 4137 694 4190 vel
742 4136 1038 4205 apostolica
1090 4133 1522 4205 traditione,__ut
1566 4132 1769 4205 jejuuia

178 4218 421 4273 quatuor
450 4202 903 4275 temporum—sed
936 4221 1000 4263 ex
1028 4206 1113 4275 pia
1144 4202 1556 4267 consuetudine,
1580 4212 1643 4275 et
1671 4202 1767 4275 de-

178 4272 410 4333 vmione
444 4272 701 4340 ﬁdelium,
724 4292 787 4332 ac
813 4272 1121 4332 reverentia
1142 4291 1269 4347 erga
1296 4282 1498 4347 tantam
1514 4272 1769 4347 solemni-

180 4354 353 4401 tatem
386 4348 655 4403 adventus
685 4348 917 4416 Spiritus
942 4349 1115 4401 sancti
1143 4345 1531 4415 posterioribus
1556 4346 1769 4399 saeculis

182 4416 557 4492 introductum
599 4420 763 4492 (nam
798 4420 984 4473 Patres
1009 4427 1323 4492 constanter
1350 4416 1623 4492 afﬁrmant
1653 4416 1771 4469 nul-

182 4487 292 4569 tum
344 4506 470 4580 esse
518 4487 799 4580 ‘jej'uni‘um
856 4491 995 4580 inter
1044 4488 1246 4580 Pascha
1300 4489 1767 4580 et.Pelt.t.tecosten
1795 4519 1851 4580 Β

182 4557 559 4629 imperatum),
581 4557 680 4616 nec
702 4571 809 4617 tam
839 4561 903 4613 ad
938 4560 1308 4628 pmnitentiam
1339 4568 1392 4613 et
1421 4557 1765 4612 afﬁictiooem

186 4634 439 4700 corporis
474 4648 635 4701 quam
673 4633 739 4686 ad
771 4630 1114 4687 devotionem
1146 4641 1199 4686 et
1226 4629 1467 4701 spiritale
1510 4630 1764 4701 gaudium

187 4698 565 4769 excitandum,
590 4706 641 4758 in
662 4703 902 4757 Ecclesia
924 4703 1221 4757 obserVuri.
1254 4700 1403 4756 Unde
1426 4708 1481 4754 et
1501 4698 1765 4767 jejunium

188 4774 571 4842 exsultationis
601 4783 654 4829 et
684 4774 883 4827 lzetitite
913 4774 1213 4842 appellatur
1238 4770 1323 4841 (S.
1355 4769 1680 4842 Thom._2-2,
1711 4786 1763 4839 ιι.

190 4840 308 4907 M7,
335 4862 389 4898 a.
416 4846 479 4907 5;
510 4843 715 4898 Duran.
739 4846 790 4897 in
814 4840 998 4898 Ratio.
1014 4844 1104 4897 lib.
1127 4860 1210 4905 vt,
1231 4840 1343 4914 cap.
1372 4840 1518 4914 196).
1545 4840 1768 4914 Constat

190 4918 368 4969 tamen
409 4917 549 4968 hanc
578 4914 1025 4970 ccusnetudiuem
1055 4929 1175 4969 esse
1206 4910 1602 4981 pet‘antiquam.
1633 4910 1764 4965 Nam

189 4980 307 5048 ejus
330 4984 524 5055 jejunii
554 4985 800 5039 meminit
832 4985 979 5040 Ordo
1007 4985 1303 5048 Romanus,
1330 4982 1420 5055 qui
1447 4982 1514 5055 ab
1539 4981 1766 5055 Alcuin‘o

190 5061 240 5125 et
283 5050 563 5125 Amalario
610 5058 808 5125 passim
850 5057 1044 5110 citatur
1084 5055 1168 5108 his
1206 5052 1388 5109 verbis
1421 5050 1691 5125 :VSabbato
1717 5053 1772 5125 in

188 5124 373 5197 vigiliis
430 5122 751 5180 Pentec'ostes
813 5143 984 5182 omnes
1034 5126 1312 5197 jejunium
1346 5124 1562 5197 faciunt.
1617 5122 1769 5197 Unde

193 5196 459 5267 colligitur
485 5197 623 5267 hanc
652 5212 775 5253 esse
801 5194 1247 5253 consuetudinem
1277 5194 1531 5249 Ecclesia:
1554 5196 1768 5267 univer-

192 5264 337 5339 salis;
374 5283 523 5339 qute
552 5266 715 5323 habet
760 5269 885 5339 vim,
915 5269 1052 5339 legis
1092 5276 1153 5339 et
1193 5267 1442 5339 praecepti
1479 5281 1491 5316 :
1524 5265 1767 5334 quamvis

192 5334 386 5404 alioqui
403 5334 623 5393 ’nullum
656 5348 830 5395 exstet
860 5338 927 5395 de
958 5334 1058 5393 lioc
1081 5334 1285 5406 jejunio
1312 5345 1639 5405 praeceptum
1670 5350 1768 5389 ex-

195 5415 462 5476 pressum,
496 5416 555 5463 ut
579 5409 741 5464 docet
782 5411 948 5465 etiam
995 5411 1052 5464 Ι).
1084 5409 1343 5473 Thomas,
1389 5416 1446 5462 et
1483 5413 1604 5476 post
1638 5420 1761 5476 eum

194 5471 496 5543 Cajetnnus.
530 5478 682 5546 Quod
713 5489 893 5535 autem
933 5480 999 5535 ad
1030 5471 1337 5534 triduanum
1358 5471 1624 5547 jejunium
1656 5475 1765 5529 Βο-

196 5549 460 5625 gationum
493 5552 724 5617 attinet,
761 5551 1066 5625 communis
1094 5558 1183 5625 est
1215 5551 1482 5625 sententia
1516 5562 1620 5601 non
1654 5554 1763 5625 tam

199 5623 441 5689 praecepti
476 5637 637 5692 quam
668 5624 881 5677 COﬂSllll
926 5623 1093 5676 fuisse
1136 5620 1398 5692 ejusmodi
1430 5620 1767 5692 observatio-

201 5699 345 5753 nem,
374 5689 592 5748 cum—es
635 5693 793 5768 dictis
813 5703 1044 5768 constet
1084 5696 1222 5768 inter
1248 5691 1546 5768 Pascbanet
1565 5689 1766 5768 Pente-

204 5767 375 5817 t:osten
420 5778 487 5819 ex
545 5762 916 5833 antiquissima
973 5765 1313 5822 institutione
1366 5763 1511 5819 nulla
1557 5760 1766 5832 jejunia

1879 3213 2059 3281 vigilia
2086 3214 2524 3277 Ascensiunis,et
2546 3212 2800 3267 Sidonius
2830 3212 2919 3269 lib.
2954 3230 2983 3265 ν
3013 3215 3173 3281 epist.
3201 3216 3333 3270 Met
3358 3217 3456 3274 lib.

1880 3299 1954 3337 vn
1984 3287 2142 3352 epist.
2176 3286 2225 3338 t.
2258 3284 2475 3339 Necnon
2498 3297 2671 3337 canon
2698 3283 2767 3339 ‘29
2793 3285 3008 3339 concilii
3032 3284 3461 3353 Aurelianensis,

1876 3370 1905 3407 a
1924 3354 2181 3409 Gratiano
2206 3357 2407 3410 relatus
2437 3369 2555 3424 cap.
2586 3355 2921 3423 Rogationes,
2951 3357 3019 3409 de
3046 3356 3307 3423 Consec.,
3331 3359 3462 3415 dist.

1877 3426 1934 3489 5,
1966 3438 2015 3480 et
2048 3428 2135 3498 qui
2167 3426 2235 3481 de
2263 3425 2457 3498 ofﬁciis
2485 3436 2540 3480 et
2567 3427 2758 3498 ritibus
2801 3427 3182 3481 ecclesiasticis
3220 3430 3458 3498 scrip.c-
3526 3464 3535 3468 -

1878 3505 2007 3551 runt
2039 3496 2287 3568 (Gregor.
2316 3495 2523 3568 Valent.
2545 3498 2607 3568 in
2634 3495 2838 3568 2-2.“
2868 3499 3004 3568 disp.
3036 3516 3081 3567 q.
3117 3499 3179 3563 2;
3213 3495 3461 3555 Bellarm.

1873 3568 1967 3620 lib.
2001 3565 2057 3621 tt'
2086 3568 2149 3621 de
2177 3566 2333 3621 Bonis
2374 3567 2585 3630 Operib.
2632 3583 2677 3620 c.
2724 3565 2819 3629 21;
2874 3565 3069 3626 Baron,
3115 3574 3168 3621 tn
3218 3569 3346 3623 Not.
3395 3574 3464 3625 ad

1876 3636 2152 3706 Martyrol.
2184 3638 2255 3691 ‘25
2292 3637 2520 3706 Aprilis;
2555 3636 2760 3688 Alcuin.
2795 3638 2831 3687 ι.
2870 3651 2938 3700 ιι;
2979 3638 3209 3690 Amatur.
3242 3641 3280 3692 l.
3311 3656 3377 3706 tt,
3412 3659 3461 3697 c.

1875 3709 1965 3771 57;
1991 3705 2192 3760 Raban.
2217 3706 2307 3759 lib.
2337 3705 2374 3759 ιι
2406 3708 2468 3759 de
2496 3705 2672 3757 Instit.
2701 3706 2872 3757 cleric.
2906 3723 2951 3757 c.
2980 3707 3104 3773 40).

1946 3787 1972 3814 ι
2014 3777 2089 3829 ita
2136 3792 2204 3830 ex
2239 3776 2477 3846 llebraeo
2516 3775 2681 3829 vertit
2722 3774 3104 3843 Hieronymus.
3140 3778 3208 3829 At
3237 3776 3464 3846 Vulgata

1875 3848 2053 3899 versio
2080 3856 2164 3900 est
2190 3844 2411 3898 :Omnia
2439 3854 2637 3908 tempus
2661 3846 2867 3908 habent,
2891 3855 2936 3898 et
2959 3846 3064 3897 suis
3085 3847 3269 3911 spatiis
3292 3844 3463 3902 trans-

1872 3926 2006 3988 eunt
2050 3917 2286 3988 universa
2323 3915 2417 3988 sub
2457 3914 2583 3988 ctzlo
2612 3931 2644 3988 εΔ
2662 3926 2858 3985 tempus
2887 3918 3155 3983 nascendi,
3190 3926 3237 3970 et
3263 3927 3463 3988 tempus

1874 3986 2153 4051 moriendi,
2177 3998 2285 4041 etc.
2312 3986 2544 4056 (Eccles.
2574 3984 2675 4054 ιιι).

1945 4056 1971 4094 b
2011 4057 2212 4112 Rerum
2234 4066 2290 4111 et
2310 4060 2579 4113 actionum
2607 4056 2961 4111 humanarum
2992 4056 3091 4110 tria
3115 4072 3311 4126 genera
3344 4058 3463 4116 dis-

1873 4129 2065 4199 tinguit
2092 4146 2105 4181 :
2131 4129 2381 4198 qumdam
2409 4129 2480 4183 ita
2507 4144 2600 4198 per
2629 4143 2687 4183 se
2717 4136 2773 4199 et
2809 4128 3108 4182 intrinsecc
3138 4138 3262 4182 sunt
3295 4129 3459 4199 bona,

1873 4211 1931 4254 ut
1953 4198 2243 4269 numquam
2272 4202 2481 4271 possint
2507 4200 2620 4255 ﬁeri
2649 4198 2818 4265 mala,
2840 4208 2895 4251 nt
2917 4200 3162 4253 virtutes.
3194 4198 3460 4258 Virtutem

1873 4273 2015 4327 enim
2040 4272 2225 4327 dellttit
2248 4272 2710 4343 Augustinusesse
2732 4272 3234 4343 bonamqualitatem
3256 4276 3456 4339 mentis,

1871 4360 1973 4411 qua
2004 4360 2148 4397 nemo
2178 4344 2315 4397 male
2343 4341 2508 4395 utitur
2537 4341 2684 4413 (Lib.
2709 4357 2788 4409 ιιι,
2815 4342 2876 4395 de
2904 4341 3089 4396 Libero
3112 4344 3276 4398 Arbit.
3309 4362 3357 4399 e.
3392 4346 3459 4401 18

1870 4424 1919 4468 et
1951 4416 2074 4483 19).
2108 4414 2231 4469 Ilazc
2261 4424 2437 4469 autem
2466 4421 2623 4485 vocat
2650 4423 2838 4468 auctor
2878 4414 3253 4485 principaliter
3294 4417 3457 4485 bona,

1875 4486 1958 4539 vel
1991 4486 2306 4554 principslia
2336 4484 2498 4539 bona.
2529 4484 2643 4537 Alia
2696 4485 3006 4540 eccutrario
3054 4484 3148 4551 per
3189 4501 3247 4539 se
3284 4500 3337 4541 et
3378 4484 3459 4541 in?-

1878 4557 2112 4611 trinsece
2150 4557 2314 4620 mala,
2364 4564 2419 4609 ut
2468 4571 2760 4626 numquam
2808 4556 3015 4624 possint
3064 4554 3366 4626 ﬁeribonu,
3404 4569 3458 4613 ut

1879 4628 2242 4688 mendacium,
2268 4625 2628 4690 adulterium,
2648 4636 2754 4681 etc.
2789 4627 2853 4681 Et
2882 4628 2994 4680 haec
3023 4625 3273 4680 similiter
3306 4639 3458 4683 vocat

1880 4699 2248 4767 principaliter
2293 4697 2452 4762 mala,
2500 4698 2587 4751 vel
2635 4697 2947 4766 principalia
2990 4697 3160 4761 mala;
3201 4701 3456 4766 quoniam

1878 4784 1983 4821 non
2018 4769 2140 4823 ideo
2168 4768 2328 4833 mala,
2375 4770 2497 4837 quia
2527 4768 2828 4835 prohibita;
2872 4768 2963 4821 sed
3000 4768 3122 4821 ideo
3164 4769 3453 4835 prohibita,

1876 4840 1997 4908 quia
2042 4838 2198 4892 mala.
2248 4838 2391 4894 Inter
2436 4838 2551 4891 huc
2595 4850 2775 4892 autem
2825 4847 3085 4901 extrema,
3115 4848 3242 4893 sunt
3284 4842 3455 4895 media

1875 4911 2141 4978 quaedam,
2178 4917 2231 4963 ct
2261 4910 2425 4963 veluti
2453 4908 2767 4979 adiaphora.
2798 4910 2848 4962 in
2873 4926 2978 4979 quo
3003 4924 3203 4978 genere
3226 4915 3456 4966 collocat

1874 4980 2276 5045 abstinentiam,
2307 4980 2591 5047 jejunium,
2625 4990 2679 5034 et
2724 4978 2992 5033 delectum
3036 4980 3305 5048 ciborum,
3338 4999 3455 5045 qua:

1874 5052 1918 5105 si
1965 5067 2204 5120 congruo
2247 5062 2487 5116 tempore
2520 5053 2646 5103 tiunt
2685 5058 2742 5102 et
2781 5049 2848 5103 ad
2880 5048 3079 5103 bonum
3128 5050 3287 5103 ﬁnem
3317 5052 3455 5107 refe-

1874 5132 2080 5187 rantur,
2110 5130 2234 5190 puta
2266 5121 2331 5174 ad
2356 5122 2449 5176 Dei
2473 5123 2702 5190 gloriam
2729 5121 2977 5174 etcarnis
3008 5122 3448 5187 macerationem,

1872 5193 2044 5255 bona;
2072 5192 2116 5245 si
2138 5193 2203 5247 ad
2233 5194 2431 5246 malum
2458 5192 2637 5255 linem,
2673 5202 2798 5260 puta
2823 5190 2890 5244 ad
2922 5192 3339 5246 ostentationem
3364 5204 3453 5247 aut.

1872 5264 2335 5332 superstitionem,
2365 5264 2445 5319 vel
2479 5263 2663 5317 alieno
2691 5272 2954 5331 tempore,
2987 5262 3070 5316 vel
3101 5264 3451 5320 immoderate

1872 5344 2240 5400 asmmantur,
2299 5336 2459 5389 mala.
2527 5333 2703 5389 Habes
2760 5332 3001 5389 eamdem
3053 5332 3452 5391 distinctionem

1870 5405 2156 5459 collatione
2195 5407 2248 5469 6,
2290 5421 2410 5473 cap.
2454 5408 2505 5460 5.

1943 5487 1964 5513 ε
2010 5475 2141 5548 Quia
2177 5476 2361 5528 virtute
2390 5492 2551 5548 nemo
2571 5475 2811 5548 maleguti
2848 5482 3015 5548 potest
3029 5515 3063 5548 ,_
3080 5486 3139 5529 ut
3170 5477 3241 5548 ait
3272 5478 3449 5548 Augu-

1869 5546 2062 5601 stinus.
2092 5546 2155 5599 At
2181 5558 2366 5600 contra
2394 5546 2581 5614 objicit
2685 5546 2920 5599 Thomas
2938 5545 2959 5670 ἱ
2980 5546 3091 5613 1-2,
3117 5564 3167 5617 q.
3193 5546 3278 5607 55ι
3306 5545 3449 5616 al):

1873 5616 2189 5670 Ouicumaue
2231 5617 2457 5670 superbit
2499 5617 2561 5669 de
2604 5616 2801 5670 aliaue.
2849 5634 2931 5668 ma
2957 5634 2984 5670 e
3028 5619 3190 5670 utitur
3236 5634 3333 5670 eo:
3362 5618 3449 5670 sed

1873 5616 2189 5684 Quicumque
2231 5617 2457 5684 superbit
2499 5617 2561 5669 de
2604 5616 2801 5687 aliqua,
2849 5616 2984 5671 male
3028 5619 3190 5671 utitur
3236 5634 3333 5671 eo:
3362 5618 3450 5673 sed

1869 5689 2018 5741 multi
2044 5686 2438 5759 superbiantdc
2466 5686 2697 5759 uirtute;
2719 5687 2845 5741 dicit
2886 5690 3023 5743 enim
3052 5690 3365 5759 Augustinus
3397 5691 3447 5745 in

1869 5760 2068 5829 Regula
2107 5756 2273 5830 (Cap.
2296 5759 2331 5814 5
2350 5758 2392 5829 ),
2421 5758 2557 5831 quod
2584 5760 2821 5830 superbia
2849 5761 3002 5815 etiam
3032 5756 3173 5816 bonis
3212 5762 3447 5826 operbus
