4022 6192
534 207 682 274 ΗΒῚ

1607 203 1887 272 loturos
1920 209 2228 271 cassum
2263 205 2750 271 COLLATIONES.

3681 210 3817 278 ηδε

535 341 615 388 est
640 331 869 404 justitia,
900 332 1203 401 prudentia,
1231 325 1516 394 fortitudo,
1547 335 1923 401 temperantia,
1955 341 2116 386 czele-
2142 333 2194 393 Α
2215 347 2336 386 rum
2358 331 2685 385 abstinentia
2712 329 3031 398 collocetur,
3055 330 3162 386 erit
3188 331 3437 402 profectio
3463 348 3660 391 eorum
3682 343 3814 397 mals

535 438 715 495 neque
746 426 1004 490 virtutes,
1039 427 1150 478 sive.
1181 441 1209 477 e
1240 425 1455 478 diverso
1483 423 1644 490 vitia,
1673 437 1902 493 quorum
1929 422 2120 477 deﬁni-

536 517 790 580 tioue‘s,in
823 518 982 570 aliam
1013 528 1217 586 partem
1248 515 1442 569 cadere
1473 516 1694 569 omnino
1722 517 1992 570 mutarive
2016 531 2122 570 non

538 620 782 679 pos-sunt.
823 610 877 663 Si
909 623 1009 675 qua
1044 623 1173 661 vero
1200 608 1250 660 in
1285 618 1570 676 utrumque
1600 607 1853 662 affectum
1891 616 2124 676 possunt

536 701 822 769 aliquando
869 699 1135 762 transire,
1185 707 1240 752 ut
1281 714 1377 768 pro
1430 701 1685 769 qualitate
1735 701 1996 753 utentium
2038 699 2122 753 vel

538 798 676 850 bona
721 796 1064 849 inveniantur
1105 793 1191 848 vel
1239 794 1400 859 mala,
1443 793 1556 848 limc
1586 791 1698 847 non
1751 793 1997 848 absolute
2025 805 2125 862 pro

538 905 632 942 sua
676 896 890 950 natura,
938 887 1032 941 sed
1077 902 1172 956 pro
1211 888 1576 957 perpetrantis
1616 885 1810 941 affectu
1840 898 1894 941 et
1922 901 2124 956 oppor-

541 983 769 1035 tunitate
817 981 1098 1050 temporis,
1145 981 1228 1035 vel
1283 981 1429 1035 utilia
1483 980 1777 1046 interdum,
1829 979 1912 1035 vel
1961 979 2126 1034 noxia

540 1083 868 1127 sentiuntur.

1131 1157 1358 1218 CAPUT
1401 1159 1535 1217 XI“.

931 1247 1098 1322 Quale
1138 1258 1322 1311 bonum
1362 1258 1428 1311 sit
1457 1256 1742 1329 jejunium.

613 1352 972 1421 Quamobrem
999 1368 1141 1405 nunc
1170 1352 1517 1421 quzereudum
1547 1359 1630 1405 est
1652 1349 1779 1419 quid
1802 1361 1967 1418 super
1992 1346 2132 1417 jeju-

543 1450 754 1503 niorum
787 1456 926 1501 statu
959 1446 1258 1501 decernere
1287 1444 1603 1508 debeamus,
1636 1452 1946 1498 utrumnam
1981 1441 2131 1494 simi-

547 1541 671 1595 liter
699 1550 753 1594 et
782 1541 955 1608 ipsum
991 1541 1187 1594 bonum
1229 1553 1350 1592 esse
1391 1553 1457 1592 eo
1495 1536 1655 1590 modo
1695 1549 1802 1604 quo
1844 1534 2129 1603 justitiam,

543 1632 908 1700 prudentiam,
954 1631 1349 1697 fortitudinem,
1395 1639 1484 1683 aut
1531 1629 1946 1697 temperantiam
1993 1626 2133 1680 dixi-

2225 430 2282 478 et
2309 423 2599 478 criminosa
2648 421 2949 492 perceptio.
3009 421 3275 492 Quidquid
3329 426 3475 479 enim
3529 431 3816 498 principali

2225 513 2369 569 bono
2409 515 2746 569 contrarium
2792 523 2895 578 est,
2925 516 3042 568 sine
3077 513 3241 570 dubio
3281 516 3590 587 principale
3617 523 3814 578 malum

2225 619 2346 662 esse
2372 605 2706 661 censendum
2753 615 2857 661 est.
2897 605 3049 674 Quod
3081 607 3294 662 deﬁniri
3325 625 3353 662 a
3385 612 3546 666 nobis
3573 612 3819 684 Scriptu-

2225 707 2746 764 rarum,san-ctarnm
2772 709 2879 751 non
2912 699 3174 767 permittit
3197 703 3516 758 auctoritas.
3542 715 3568 742 ι
3591 706 3648 760 Si
3675 709 3816 763 enim

2227 793 2320 845 tali
2353 799 2514 844 sensu
2546 805 2610 845 ac
2639 791 2915 860 proposito
2953 791 3260 861 jejunemus
3285 804 3344 848 ut
3377 810 3657 864 peccatum
3685 816 3814 856 con-

2226 883 2368 938 trahi
2401 884 2452 938 in
2476 898 2718 938 escarum
2747 883 3159 954 participatione
3187 888 3497 953 credamus,
3521 905 3630 946 non
3651 895 3814 948 modo

2228 977 2406 1032 nullos
2465 976 2670 1032 fructus
2719 992 2815 1046 pro
2867 978 3199 1034 abstinentia
3245 995 3667 1051 consequemur,
3719 990 3814 1042 sed

2228 1071 2390 1126 etiam
2431 1078 2638 1124 reatum
2679 1071 2975 1124 maximum
3008 1085 3072 1126 ac
3104 1073 3373 1142 sacrilegii
3412 1076 3621 1130 crimen
3663 1077 3690 1115 ιι
3731 1095 3812 1134 se-

2229 1162 2463 1218 cundum
2499 1164 2811 1233 Apostolum
2847 1166 3252 1232 contrahemus,
3295 1167 3605 1224 abstinentes
3635 1188 3666 1224 a
3695 1174 3816 1230 cibis

2228 1274 2353 1325 quos
2404 1255 2542 1310 Deus
2586 1257 2778 1310 creavit
2824 1257 2891 1310 ad
2941 1259 3326 1328 percipiendum
3355 1277 3472 1313 cum
3526 1265 3812 1333 gratiarum

2229 1352 2431 1404 actione
2459 1349 2716 1415 ﬁdelibus,
2739 1360 2787 1405 et
2803 1349 2884 1404 his
2905 1353 2994 1421 qui
3019 1334 3366 1423 cognoverunt
3389 1356 3674 1424 veritatem,
3699 1362 3816 1428 quia

2230 1444 2395 1495 omnis
2427 1451 2663 1495 creatura
2707 1441 2802 1495 Dei
2840 1441 3004 1510 bona,
3053 1453 3100 1496 et
3140 1445 3269 1498 nihil
3313 1447 3655 1516 rejiciendum
3684 1452 3814 1518 quod

2230 1553 2345 1589 cum
2382 1535 2666 1607 gratiarum
2712 1536 2912 1588 actione
2958 1538 3236 1607 percipitur
3269 1537 3484 1606 (lTim.
3509 1540 3609 1613 tv).
3655 1553 3678 1581 ο
3715 1544 3812 1609 Qui

2229 1629 2362 1682 enim
2389 1636 2531 1692 putat
2557 1627 2680 1696 quid
2701 1643 2969 1682 commune
2991 1637 3115 1698 esse,
3141 1629 3224 1683 illi
3250 1643 3521 1687 commune
3543 1645 3616 1688 est
3638 1634 3809 1706 (Rom.

543 1739 680 1788 mus,
705 1739 825 1794 quae
848 1724 900 1777 in
924 1731 1130 1794 partem
1161 1723 1486 1777 contrariam
1521 1721 1734 1790 penitus
1762 1720 1993 1774 transire
2020 1734 2124 1772 non
2159 1714 2204 1772 Β
2234 1717 2364 1788 xiv);
2381 1727 2435 1772 et
2455 1718 2658 1771 idcirco
2679 1720 2748 1773 ob
2765 1719 2935 1773 solam
2961 1722 3364 1790 perceptionem
3387 1738 3530 1780 escae
3547 1727 3809 1783 neminem

544 1823 800 1885 possunt;
849 1829 913 1867 an
955 1814 1187 1869 medium
1235 1813 1382 1882 quid,
1432 1813 1574 1882 quod
1622 1812 1893 1866 interdum
1928 1810 2127 1865 factum

544 1909 714 1977 possit
751 1908 1038 1975 prodesse,
1084 1907 1351 1960 interdum
1388 1906 1814 1974 prmtermissum
1864 1905 2122 1958 condemv

541 2013 671 2052 nare
713 2013 816 2051 non
856 1999 1052 2066 possit,
1098 1997 1347 2066 quodque
1385 2010 1787 2064 nonnumquam
1821 1995 1996 2063 egisse
2041 2009 2126 2049 re-

541 2092 907 2162 prelieusibile
944 2091 1048 2155 sit,
1091 2105 1493 2160 nonnumquam
1541 2088 1954 2158 praetermisisse
2007 2087 2126 2140 lau-

541 2187 739 2242 dabile.
785 2186 842 2243 Si
879 2187 1025 2242 enim
1071 2186 1122 2240 in
1167 2185 1255 2239 ill'a
1301 2185 1616 2239 definitione
1645 2185 1928 2247 virtutum,
1961 2181 2124 2236 etiam

538 2280 800 2350 jejunium
831 2294 1175 2345 censeamus,
1199 2281 1268 2333 ἰιι
1299 2278 1437 2332 inter
1471 2275 1784 2346 principalia
1817 2273 1952 2328 bona
1979 2273 2128 2327 cibo-

2234 1811 2460 1879 legimus
2493 1809 2936 1877 condemnatum,
2985 1812 3090 1868 nisi
3129 1813 3268 1870 forte
3293 1815 3540 1885 junctum
3572 1821 3700 1890 quid
3732 1821 3812 1876 iu-

2225 1903 2349 1966 erit,
2380 1904 2463 1957 vel
2496 1912 2679 1972 postea
2709 1903 3081 1973 subsecutum,
3105 1920 3204 1976 per
3225 1907 3371 1977 quod
3403 1912 3664 1968 meruerit
3687 1928 3817 1969 con-

2227 1995 2347 2050 dem
2357 1995 2491 2049 nari.

2816 2087 3042 2146 CAPUT
3080 2089 3198 2147 XIV

2432 2179 2586 2245 Quod
2619 2195 2722 2234 non
2751 2181 2814 2234 sit
2851 2183 3136 2252 principale
3160 2184 3347 2239 bonum
3364 2189 3650 2260 jejunium.

2300 2269 2327 2308 ἀ
2356 2269 2542 2342 Itaque
2568 2271 2673 2327 hoc
2709 2273 2947 2328 medium
2977 2287 3098 2330 esse
3125 2276 3286 2331 etiam
3332 2293 3396 2334 ex
3441 2280 3543 2336 hoc
3579 2282 3815 2338 manife-

1623 2415 1879 2470 ALARDI
1917 2413 2156 2471 GAZIEI
2191 2412 2759 2472 COMMENTARIUS.

545 2532 844 2591 insidiatur,
889 2541 943 2583 ut
984 2537 1219 2599 pereant.
1262 2526 1480 2599 Falsum
1517 2537 1590 2599 e_st
1630 2542 1772 2598 ergo,
1803 2529 1941 2598 quod
1986 2544 2132 2582 nemo

541 2605 725 2655 virtute
745 2604 877 2653 male
897 2597 1090 2652 utatur.
1116 2599 1426 2665 Respondet
1450 2598 1504 2651 S.
1523 2597 1756 2650 Thomas
1778 2597 1917 2667 quod
1945 2599 2131 2654 virtute

544 2682 705 2744 potest
751 2672 937 2744 aliquis
977 2669 1112 2744 male
1142 2669 1238 2731 uti,
1270 2677 1523 2744 tamquam
1570 2670 1788 2744 objecta,
1837 2678 2131 2744 putarunt

544 2739 677 2796 male
707 2744 860 2795 sentit
902 2741 963 2793 de
1003 2741 1207 2803 virtute,
1238 2755 1352 2792 cum
1386 2739 1494 2792 odit
1518 2755 1651 2803 eam,
1685 2741 1764 2792 vel
1792 2742 2022 2808 superbit
2067 2741 2131 2794 de

542 2830 637 2876 ea;
664 2830 760 2865 non
783 2822 1040 2882 tamquam
1062 2811 1314 2881 principio
1331 2826 1473 2877 usus,
1494 2811 1566 2863 ita
1583 2809 1778 2864 scilicet
1799 2811 1937 2880 quod
1963 2813 2129 2866 malus

542 2885 608 2938 sit
632 2898 775 2936 actus
807 2884 1029 2937 virtutis.

614 2964 640 2992 ι
682 2955 803 3008 llaec
839 2951 982 3008 enim
1017 2952 1114 3005 fuit
1145 2949 1374 3004 limresis
1405 2960 1456 3006 et
1487 2953 1806 3020 superstitio
1830 2954 2124 3009 multorum

2241 2527 2664 2606 siccorum_usu,
2697 2546 2818 2606 qute
2847 2535 3168 2605 xerophagia
3194 2535 3407 2599 dicitur;
3439 2537 3504 2591 de
3530 2554 3634 2606 qua
3665 2542 3810 2597 alias

2237 2599 2445 2679 egimus
2478 2597 2617 2679 (Lib.
2640 2597 2865 2679 ρ”ΙηεεΓ
2891 2623 2939 2679 c.
2973 2597 3179 2679 9.1).:8.
3211 2608 3330 2679 item
3359 2597 3719 2679 Hieronymus
3753 2615 3810 2668 in

2237 2669 2495 2738 epismla'
2528 2674 2590 2724 ad
2640 2669 2994 2729 Eustochium
3029 2675 3250 2802 SZEpist.
3294 2677 3396 2745 εει)
3439 2669 3624 2735 scribit
3670 2686 3813 2751 apud

2237 2743 2594 2795 anaclioretas
2623 2754 2675 2797 et
2708 2748 2997 2801 monachos
3089 2750 3310 2802 anotios
3341 2752 3582 2802 continua
3615 2768 3710 2802 ner
3741 2765 3813 2802 ιη-

2237 2743 2594 2795 auaclioretas
2623 2754 2675 2820 e_t
2701 2748 2997 2820 monachos
3029 2743 3310 2820 Egyptios
3341 2743 3582 2805 continua
3615 2743 3718 2819 per.
3741 2765 3816 2806 tn-

2238 2821 2347 2892 tum
2397 2829 2592 2892 annum
2641 2815 2804 2869 fuisse
2841 2818 3040 2886 jcjunia
3089 2815 3341 2892 (Excepta
3372 2815 3701 2887 Pentecoste,
3751 2837 3812 2880 ut

2235 2881 2435 2958 dictum
2464 2885 2584 2958 est}
2631 2896 2682 2939 et
2713 2881 3022 2958 perpetuam
3063 2881 3327 2946 a'vino'et
3357 2894 3604 2947 carnibus
3648 2881 3814 2950 absti-

2237 2957 2495 3033 pentiam.
2531 2956 2672 3033 Idem
2717 2956 2874 3013 docet
2898 2962 3248 3033 Augustinus
3276 2962 3370 3017 lib.
3419 2981 3433 3018 ι
3474 2965 3540 3018 de
3577 2966 3811 3022 Moribus

546 3024 943 3087 limreticorum,
975 3025 1083 3097 qui
1109 3023 1310 3075 idcirco
1349 3015 1688 3097 jejuuabant,
1720 3034 1812 3077 aut
1838 3040 1866 3078 a
1907 3027 2130 3094 quibus-
2155 3015 2200 3078 C
2235 3021 2439 3080 Ecclcs.
2479 3043 2528 3079 (τ.
2557 3030 2616 3081 3|
2642 3070 2653 3086 .
2687 3040 2739 3080 et
2770 3015 2960 3097 passim
2991 3015 3079 3085 a'lii
3112 3015 3320 3088 Patres.

541 3097 664 3150 dam
693 3098 826 3150 cibis
855 3095 1222 3158 abstinebant,
1257 3094 1396 3162 quod
1433 3110 1524 3148 eos
1558 3105 1744 3147 natura
1774 3111 1868 3148 sua
1899 3097 2126 3150 immun-

539 3167 640 3220 dos
666 3179 717 3220 et
747 3165 1136 3222 abominabiles
1164 3165 1473 3228 crederent,
1503 3175 1556 3218 et
1588 3175 1872 3233 propterea
1907 3167 2122 3223 illicitos

539 3247 699 3307 atque
730 3238 1045 3304 prohibitos.
1083 3234 1275 3307 Et_alii
1321 3237 1539 3307 quidem
1590 3239 1828 3289 omnium
1859 3239 2125 3307 animan-

477 3361 483 3367 _
538 3303 669 3360 tium
703 3303 894 3362 carnes
939 3303 1246 3359 immundas
1291 3319 1411 3357 esse
1459 3305 1734 3370 dicebant,
1771 3319 1825 3360 ut
1855 3306 2123 3364 Ehionitze

537 3378 675 3442 apud
707 3379 1083 3448 Epiphanium,
1118 3376 1306 3448 haeresi
1333 3375 1431 3440 50;
1458 3375 1748 3431 Encratitze
1779 3379 1917 3446 apud
1944 3379 2125 3448 Augu-

538 3445 762 3511 stinum,
799 3445 987 3503 haeresi
1009 3445 1115 3510 25;
1148 3445 1489 3500 Eustathiani
1520 3448 1658 3515 apud
1691 3445 1994 3516 Socratem,
2025 3445 2120 3507 lib.

537 3534 608 3581 ιι,
630 3535 750 3586 cap.
777 3521 846 3574 55
875 3535 889 3584 ;
920 3516 1339 3572 Priscillianistm
1362 3519 1502 3585 apud
1525 3520 1904 3588 Augustinum,
1931 3521 2121 3578 haeresi

538 3589 633 3654 70;
667 3590 963 3658 Apostolici
993 3589 1132 3658 apud
1160 3587 1494 3642 Bernardum
1520 3587 1684 3642 scrin.
1712 3590 1780 3645 66
1801 3592 1855 3643 iu
1877 3590 2118 3647 Cantica.

535 3659 648 3716 Alii
678 3678 782 3717 non
810 3663 983 3715 solum
1016 3675 1228 3723 carnes,
1263 3660 1356 3713 sed
1385 3659 1546 3714 etiam
1570 3661 1754 3714 vinum
1781 3663 2116 3718 immundum

534 3731 785 3788 dixerunt
805 3742 968 3800 atque
997 3730 1219 3803 omnino
1246 3732 1538 3803 vitandum,
1569 3741 1627 3784 ut
1652 3732 1952 3797 Manich-ei,
1977 3737 2117 3803 apud

535 3799 1133 3873 Atlgllslllltllll,_hrl}resl
1151 3799 1238 3873 46.
1258 3802 1640 3873 AtC/tristiani,
1674 3803 1842 3870 inquit
1873 3799 2119 3870 Augusti-

535 3871 642 3928 nus
668 3873 886 3945 (Contra
907 3871 1159 3945 Faustum
1183 3872 1220 3923 ι.
1247 3889 1350 3945 xxii
1374 3889 1495 3942 cap.
1520 3871 1600 3942 5),
1632 3889 1731 3926 non
1764 3876 2005 3936 Ita-retici,
2029 3876 2119 3929 sed

535 3943 798 4010 catholici,
830 3943 1102 3999 edomandi
1124 3943 1348 4014 corporis
1378 3959 1554 4004 causa,
1580 3954 1783 4012 propter
1804 3945 2033 3998 animam
2053 3948 2116 4000 ab

530 4015 974 4070 irrationabilibus
1003 4015 1224 4086 motibus
1272 4016 1670 4076 humiliandant,
1714 4032 1813 4067 non
1844 4017 1983 4086 quod
2022 4018 2115 4071 illa

531 4101 640 4140 esse
678 4089 944 4139 immunda
973 4085 1204 4142 credant.
1247 4103 1346 4138 non
1387 4086 1551 4138 solum
1581 4103 1612 4136 a
1638 4085 1896 4145 carnibus.
1940 4101 2114 4140 verum

531 4159 684 4209 etiam
699 4157 1046 4224 aquibusdant
1071 4167 1215 4208 terrw
1237 4158 1466 4226 frugibus
1489 4155 1761 4218 abstinent,
1787 4155 1866 4208 vel
1889 4171 2108 4226 semper,

530 4227 682 4298 sicuti
713 4228 899 4294 pauci;
928 4228 1003 4279 vel
1033 4228 1180 4278 certis
1214 4227 1393 4279 diebus
1431 4236 1581 4298 atque
1617 4227 1951 4296 temporibus,
1979 4230 2114 4281 sicut

531 4313 621 4368 per
649 4296 1109 4368 Quadragesimam
1132 4300 1242 4368 fere
1273 4314 1465 4350 omnes.

599 4365 626 4439 ξ’
669 4366 736 4420 In
780 4365 1302 4439 noiiissimisAdiebus,
1345 4369 1421 4420 ait
1465 4367 1780 4439 Apostolus,
1848 4366 2110 4422 discedent

529 4438 734 4507 quidam
765 4455 795 4490 a
817 4437 939 4508 ﬁde,
973 4435 1292 4508 prohibentes
1333 4435 1527 4508 nubere
1556 4449 1603 4492 et
1629 4440 1880 4491 abs'inere
1903 4456 1934 4490 a
1962 4441 2105 4505 cibis,

525 4525 652 4578 quos
693 4507 832 4563 Deus
877 4507 1084 4574 creavit,
1131 4519 1236 4562 etc.
1267 4507 1483 4578 (lTim.
1513 4515 1620 4579 Iv).
1677 4509 1883 4577 Quibus
1931 4510 2109 4564 verbis

527 4579 750 4651 damnat
806 4581 1095 4651 Apostolus
1142 4581 1402 4651 quosdam
1452 4580 1752 4638 haereticos.
1809 4580 2106 4644 prmsertim

525 4649 895 4706 Marcionista‘s
931 4661 985 4704 et
1037 4649 1379 4717 Manichzeos,
1427 4657 1561 4719 quos
1592 4652 1645 4705 in
1677 4651 1875 4718 spiritu
1916 4651 2108 4720 praevi-

524 4721 689 4792 dehat
720 4722 948 4786 futuros,
987 4721 1038 4772 in
1071 4721 1357 4792 novissimis
1387 4720 1588 4787 diebus,
1618 4723 1668 4774 id
1699 4731 1801 4784 est,
1833 4721 2106 4792 posterio-

523 4791 671 4845 ribus
701 4802 791 4845 aut
836 4791 1190 4860 sequentibus
1232 4792 1582 4858 temporibus,
1617 4793 1707 4860 qui
1752 4807 1779 4844 a
1813 4791 1948 4846 cibis
1980 4793 2103 4858 qui-

524 4862 750 4917 busdam
780 4861 1144 4925 abstinerent,
1174 4870 1230 4916 et
1253 4862 1625 4916 abstinendum
1656 4864 1942 4926 docerent,
1977 4873 2107 4916 tam-

562 4949 680 4987 uam
707 4948 801 5003 per
826 4948 885 4987 se
907 4933 1194 4987 immundis
1216 4943 1274 5004 et
1294 4933 1496 4987 illicitis
1527 4953 1538 4987 :
1558 4934 1699 5004 quod
1719 4933 1970 4988 catholici
1997 4949 2104 4988 non

545 5002 747 5072 ‘aciunt,
787 5008 914 5058 dum
945 5019 974 5057 a
1007 5004 1140 5058 cibis
1170 5002 1489 5070 quibusdam
1523 5002 1703 5058 studio
1735 5006 2104 5072 temperantiae

519 5085 613 5130 aut
656 5076 987 5146 castiganda:
1037 5075 1220 5129 carnis
1263 5089 1421 5146 causa
1479 5075 1797 5129 abstinent:
1833 5074 2104 5146 quomodo

519 5147 677 5228 primi
710 5144 1124 5228 illi'Qhristiaui
1173 5144 1310 5228 apud
1340 5146 1738 5228 Alexandriam,
1763 5160 1792 5198 a
1836 5145 1893 5199 S.
1925 5145 2103 5228 Marco

516 5217 749 5271 instituti
799 5217 866 5270 ad
915 5231 1197 5286 vesperam
1243 5223 1448 5269 tantum
1499 5217 1674 5270 cibum
1722 5227 1960 5286 sumere,
1988 5227 2041 5269 et
2071 5231 2101 5270 a

515 5289 767 5343 carnibus
794 5297 848 5342 et
878 5285 1308 5342 vino'abstinere
1345 5286 1621 5351 Solebant,
1655 5295 1712 5341 ut
1753 5301 1818 5340 ex
1874 5285 2103 5341 Philone

515 5361 760 5415 referunt
791 5358 1053 5412 Eusebius
1085 5357 1175 5411 lib.
1210 5372 1247 5409 ιι
1275 5357 1473 5410 l-listor.
1503 5371 1624 5422 cap.
1659 5360 1748 5420 17,
1797 5365 1854 5410 et
1885 5356 1941 5411 S.
1978 5356 2100 5411 Hie-

513 5445 774 5501 ronymus
823 5429 876 5482 iu
928 5428 1185 5501 Philone,
1232 5443 1376 5501 cape
1415 5427 1502 5482 75.
1553 5427 1608 5482 S.
1638 5428 1995 5501 ‘Epiplianius
2047 5429 2098 5501 in

512 5497 698 5555 Doc'tr.
729 5497 1064 5567 Compendio
1105 5497 1330 5561 testatur
1361 5500 1525 5554 fuisse
1561 5498 1651 5568 qui
1700 5508 1891 5566 sponte
1935 5497 2099 5568 absti-

511 5580 706 5621 nerent
735 5586 762 5620 a
792 5569 1046 5630 carnibus
1085 5585 1182 5636 per
1215 5579 1381 5623 totum
1416 5567 1612 5637 annum
1639 5585 1655 5634 ;
1685 5570 1778 5622 sed
1813 5570 1864 5621 in
1895 5567 2101 5621 hebdo-

514 5637 668 5695 made
707 5637 932 5715 sancta,
991 5639 1103 5715 sive
1150 5637 1378 5715 majore,
1424 5655 1544 5703 quae
1591 5639 2096 5715 sanctum__Pa.-clia

509 5703 790 5766 praecedit,
820 5711 989 5757 totam
1038 5703 1336 5757 Ecclesium
1388 5721 1742 5773 perseverare
1787 5707 2001 5759 solitam
2042 5711 2095 5759 in

2308 3107 2328 3133 ε
2364 3097 2507 3173 Scio,
2557 3098 3075 3173 inquitApostolus,
3129 3113 3178 3155 et
3228 3106 3436 3173 conﬁdo
3487 3107 3539 3158 in
3588 3104 3812 3163 Domino

2227 3165 2374 3246 Iesu,
2395 3171 2517 3238 quia
2531 3165 2664 3222 nihil
2679 3165 2940 3246 commune
2950 3191 3036 3241 per
3053 3165 3241 3243 ipsum,
3264 3165 3364 3229 nisi
3387 3179 3434 3229 ei
3454 3179 3540 3246 qui
3555 3180 3814 3232 existimat

2227 3238 2354 3306 quid
2381 3255 2648 3318 commune
2677 3257 2802 3300 esse,
2833 3243 2915 3318 illi
2935 3238 3203 3318 commune
3232 3256 3305 3298 est
3333 3238 3506 3318 (Rom.
3535 3247 3664 3318 xrv).
3683 3249 3808 3317 Ubi,

2227 3321 2510 3373 commune,
2547 3310 2594 3362 td
2619 3322 2695 3363 est
2720 3352 2732 3370 ,
2762 3316 3042 3378 protauum
3075 3324 3129 3366 et
3162 3310 3517 3372 immundum.
3548 3310 3637 3373 Sic
3663 3310 3811 3375 enim

2227 3380 2488 3432 vocabant
2523 3379 2690 3431 Judzri
2718 3382 2973 3449 quidquid
3023 3396 3112 3435 aut
3146 3387 3314 3440 edere
3345 3400 3435 3441 aut
3465 3401 3812 3446 eontrectare

2225 3449 2303 3530 pis
2327 3464 2430 3500 non
2447 3449 2654 3530 licebat.
2676 3449 2826 3530 :Vihil
2853 3466 2966 3504 vero
2983 3469 3267 3530 commune,
3291 3459 3459 3530 inquit
3475 3459 3693 3521 Paulus.
3717 3477 3813 3530 per

2225 3517 2512 3596 ipsitde-c‘
2545 3520 2733 3584 αὐτοῦ,
2765 3535 2862 3588 per
2891 3517 3310 3596 aspirationem,
3349 3517 3402 3579 id
3451 3539 3561 3594 est,
3603 3517 3705 3596 per
3719 3517 3809 3594 ξε,

2222 3591 2342 3670 quia
2361 3589 2503 3670 nihil
2551 3600 2736 3670 natura
2782 3606 2877 3644 sua
2922 3589 3303 3670 immundum}—
3339 3596 3383 3670 si
3429 3589 3564 3670 vero
3603 3589 3812 3670 spiritu

2221 3659 2328 3741 leni
2358 3658 2421 3714 δι’
2444 3664 2597 3741 αὐῖξῦ
2618 3704 2630 3726 ,
2660 3672 2716 3741 u_t
2746 3674 2926 3741 no_51er
2951 3663 3221 3741 interpres
3261 3666 3505 3741 l_egit,_i_d
3531 3681 3618 3723 cst
3717 3690 3814 3741 per

2221 3730 2426 3804 ipsum,
2444 3732 2653 3804 scilicet
2675 3734 2955 3804 Dominum
2983 3734 3186 3798 Jesum,
3208 3736 3297 3804 qui
3323 3730 3575 3803 puriﬁcat
3600 3730 3806 3798 omnia.

2220 3800 2378 3884 Unde
2406 3802 2566 3884 Petro
2595 3803 2796 3857 dictum
2830 3803 2990 3884 estin
3025 3808 3170 3884 Actis
3205 3800 3239 3858 ε’
3263 3800 3412 3884 Quod
3442 3809 3582 3884 Deus
3619 3816 3810 3884 ρηνὶρ-

2220 3873 2386 3947 cavit,
2412 3883 2463 3926 tu
2488 3891 2550 3926 ne
2571 3890 2836 3928 commune
2875 3876 3064 3929 dixeris
3088 3877 3226 3939 (Act.
3253 3877 3330 3947 ιι).
3360 3873 3678 3939 Ριιτὶῐίοτιιὶιι
3701 3873 3772 3938 an
3794 3916 3806 3926 -

2219 3949 2326 3996 tem
2359 3944 2497 3997 Deus
2527 3961 2713 3997 omnes
2740 3947 2911 4008 cibos,
2935 3947 3054 4015 quia
3081 3948 3256 3999 nullos
3285 3944 3612 4005 Christianis
3630 3956 3806 4008 voluit

2217 4028 2341 4066 csse
2375 4015 2716 4079 immundos;
2750 4017 2888 4069 sicut
2925 4017 3124 4071 Jtld'l’ls
3179 4019 3330 4072 multi
3374 4032 3531 4076 erant
3567 4023 3668 4076 cibi
3694 4023 3801 4077 im-

2218 4085 2428 4161 mundi,
2453 4086 2520 4161 _ob
2547 4088 2988 4161 signiﬁcationem
3018 4098 3063 4140 et
3105 4089 3348 4158 ﬁguram,
3385 4110 3542 4161 quam
3571 4093 3796 4147 Christus

2215 4155 2402 4234 amovit
2443 4155 2706 4234 implendo
2743 4155 3191 4234 omnes__ﬁquras._
3231 4162 3298 4214 ait
3337 4155 3407 4217 ’ΞΣ
3443 4163 3798 4234 ThomasUn

2215 4223 2637 4293 Commentario).
2685 4223 3227 4295 ltaque‘tihristianis
3255 4246 3283 4284 a
3317 4234 3468 4286 nullo
3505 4236 3626 4288 cibo
3656 4223 3798 4289 tam-

2215 4299 2370 4372 q‘uam
2408 4297 2683 4372 immundo
2713 4301 3089 4372 abstinendum
3119 4313 3220 4366 est,
3251 4307 3372 4371 quia
3413 4320 3581 4372 neque
3604 4316 3802 4362 natura

2135 4399 2187 4460 Β
2215 4365 2541 4460 itptntindtis,
2557 4378 2612 4460 u_t
2633 4368 2871 4460 bat-retium
2891 4371 3168 4460 volebant;
3197 4365 3802 4455 nequesigniﬁcatione,

2217 4445 2279 4512 ιιι
2304 4447 2544 4512 tempore
2574 4440 2774 4492 veteris
2816 4440 2971 4509 legis.
3005 4440 3336 4496 Caeterqu
3366 4440 3480 4512 quis
3512 4440 3804 4502 exiStimai

2212 4507 2389 4562 cibum
2423 4509 2654 4576 aliquem
2686 4523 2806 4562 esse
2839 4507 3192 4568 immundum.
3221 4521 3278 4566 et
3313 4507 3480 4566 tamen
3517 4527 3582 4568 eo
3608 4516 3804 4571 vesci-

2213 4589 2335 4642 tur;
2364 4579 2419 4656 lit
2446 4580 2524 4656 illi
2547 4581 2874 4656 imrri_uudtis.
2897 4583 3192 4656 secundum
3209 4583 3537 4656 Apostolum,
3561 4597 3803 4656 propter

2209 4651 2618 4722 conscientiam.
2645 4650 2731 4715 Ei,
2765 4653 2954 4720 inquit.
2979 4655 3066 4720 qui
3095 4655 3356 4707 existimat
3378 4653 3496 4722 quid
3524 4650 3805 4714 commune

2208 4736 2337 4793 esse,
2370 4721 2452 4773 illi
2483 4735 2751 4793 commune
2775 4735 2849 4774 est
2877 4722 3053 4793 (Rom.
3099 4725 3228 4792 xiv),
3262 4721 3396 4792 quia
3423 4735 3613 4780 contra
3662 4745 3802 4784 con-

2209 4791 2490 4868 scientiam
2523 4791 2660 4861 agit.
2697 4791 3144 4868 qum‘secundum
3173 4791 3385 4868 axioma
3407 4796 3800 4868 theologorum

2209 4860 2494 4935 (quamvis
2537 4860 2762 4935 e’rronea
2795 4863 2894 4932 sit)
2936 4879 3150 4932 semper
3190 4866 3418 4935 obligat.
3481 4860 3630 4920 Ναηῖ
3647 4887 3802 4924 omne

2207 4931 2343 5008 quod
2359 4949 2468 5008 rion
2488 4943 2571 5008 _cst
2603 4949 2663 4985 ex
2688 4934 2808 4999 fide,
2840 4931 3099 5008 peccatum
3120 4947 3212 4999 est,
3237 4931 3536 4991 aitﬁvibidem
3571 4942 3801 5008 Apost“-

2208 5002 2310 5081 lus.
2349 5004 2498 5081 Quod
2526 5021 2625 5056 non
2656 5014 2730 5057 est
2770 5002 2847 5081 ea!
2877 5006 2997 5073 fide,
3046 5007 3096 5059 id
3127 5021 3230 5081 est,
3263 5002 3632 5081 quodcontra
3661 5027 3800 5064 con-

2205 5076 2488 5126 scientiam
2538 5085 2589 5128 et
2619 5076 2909 5148 propriam
2962 5079 3364 5146 persuasionem
3399 5079 3488 5142 ﬁt,
3525 5092 3721 5148 peccat:
3748 5100 3800 5132 m

2205 5153 2316 5217 est;
2340 5147 2515 5205 πίστις
2542 5145 2685 5199 enim
2718 5146 2819 5198 hoc
2842 5146 2962 5200 loco
2990 5149 3392 5215 persuasionem
3417 5145 3702 5217 signiﬁcat.
3739 5166 3800 5204 ιιι

2206 5213 2398 5291 Patres
2450 5217 2643 5291 docent
2680 5225 2735 5291 et
2765 5213 3553 5291 __co_ntextus_exigit'($.Tbo.
3594 5222 3707 5284 1-9.,
3739 5239 3796 5291 q.

2208 5283 2298 5362 19,
2329 5297 2434 5362 art.
2457 5285 2488 5337 5
2513 5297 2562 5362 et
2586 5286 2649 5350 6;
2684 5285 2880 5362 Bell.__l.
2905 5305 2936 5362 ij
2959 5290 3020 5341 de
3045 5287 3223 5342 Gratia
3251 5283 3307 5342 et
3322 5289 3434 5362 Lib.
3459 5291 3581 5343 Arb.
3603 5309 3649 5344 c.
3677 5283 3796 5362 10).

2274 5353 2300 5392 d
2335 5355 2718 5435 Parapltrastes
2747 5374 2762 5409 :
2798 5357 3030 5435 Medium
3072 5373 3192 5431 ergo
3223 5361 3485 5435 quoddam
3517 5378 3624 5435 esse
3644 5353 3797 5435 jeju-

2208 5425 2351 5479 nium
2377 5427 2496 5502 hinc
2528 5429 2796 5502 probatur,
2823 5432 3063 5502 quoniam
3091 5425 3215 5482 sicut
3234 5425 3496 5502 'jttstiﬁcat
3528 5425 3660 5485 dimi
3681 5425 3792 5485 δἐι·-

2201 5504 2370 5572 natur,
2409 5499 2481 5549 ita
2522 5514 2620 5572 non
2649 5499 2858 5551 damnat
2889 5501 3011 5552 dum
3049 5499 3322 5572 frangitur,
3369 5502 3465 5554 nisi
3495 5506 3649 5572 forte,
3682 5516 3796 5560 etc.

2203 5565 2453 5628 Medium,
2471 5569 2677 5621 scilicet
2701 5573 2840 5623 inter
2863 5587 2922 5623 ea
2946 5565 3062 5640 (μιτὺ
3082 5565 3261 5639 per'se
3290 5565 3343 5627 et
3372 5565 3594 5640 semper
3622 5565 3795 5640 bona,

2199 5647 2251 5689 et
2275 5652 2336 5711 ea
2366 5655 2490 5711 qu:e_
2504 5647 2723 5711 semper
2749 5648 2804 5694 et
2826 5655 2920 5711 per
2935 5657 2994 5694 se:
3026 5643 3184 5694 mala.
3212 5645 3354 5696 Inter
3376 5659 3495 5707 quae
3519 5643 3800 5711 jejunium

2199 5706 2433 5759 medium
2462 5709 2677 5765 dicitur.
2717 5706 2854 5769 quod
2901 5714 3161 5766 interdum
3191 5706 3806 5786 observaratimprode
