3986 6188
6 5808 15 5837 l

26 314 217 380 H89

876 325 1215 384 COLLATIO
1251 298 1394 385 "xxi.
1423 358 1495 372 --
1523 302 1613 386 nn
1653 325 2064 390 REMIS'SIONE
2104 312 2721 406 QUINQUAGESIME.

3289 335 3444 405 1190

26 438 358 497 stissimo
394 425 770 510 declaratur,
800 440 926 512 quia
950 442 1090 498 sicut
1111 444 1373 513 iustificat
1400 446 1748 512 custoditum,
1778 440 1832 509 Α
1856 448 2038 503 cedem
2068 444 2382 519 pronuntiat
2423 448 2634 521 (Matth.
2667 448 2777 523 v1);
2802 430 2894 507 vel
2918 462 3141 524 quarum
3180 470 3281 524 per
3310 475 3440 529 pro-

26 530 126 586 ita
183 547 333 588 non
390 538 756 590 condemnat
797 534 1068 603 irruptum
1096 576 1113 603 ,
1161 535 1264 590 nisi
1314 537 1454 593 forte
1499 540 1751 609 praecepti

29 626 521 696 transgressio
566 627 737 696 magis
765 640 927 695 quam
958 640 1203 682 escarum
1238 628 1528 698 praeceptio
1566 631 1751 699 punia-

28 724 174 771 tur.
237 716 602 787 Principali
650 726 828 773 autem
871 717 1016 772 bono
1055 717 1130 773 ita
1161 718 1367 773 nullum
1408 730 1624 790 oportet
1660 738 1752 777 va-

27 823 246 863 cuum
286 824 451 865 esse
494 818 739 879 tempus,
768 815 828 865 ut
851 812 972 865 sine
1014 824 1080 865 eo
1105 810 1353 880 cuiquam
1390 803 1512 867 esse
1546 828 1654 867 non
1684 814 1742 868 li-

34 910 193 956 ceat
226 942 248 968 ,
314 903 481 972 quia
544 916 772 958 necesse
806 909 889 956 est
934 903 1234 958 cessatione
1281 904 1398 972 ejus
1445 903 1500 958 in
1549 907 1747 961 malum

34 1009 369 1050 corruere
409 995 823 1066 negligentem.
858 994 970 1049 Nec
1000 1009 1213 1050 rursum
1247 1004 1272 1032 α
1295 997 1577 1067 principali
1607 1000 1748 1055 malo

40 1088 260 1143 ullum
294 1088 668 1144 conceditur
710 1097 944 1157 tempus,
989 1088 1118 1159 quia
1166 1088 1308 1158 quod
1355 1090 1572 1145 noxium
1612 1105 1750 1147 sem-

40 1194 170 1248 per
206 1190 342 1246 est,
384 1193 711 1250 numquam
742 1179 967 1247 poterit,
1020 1179 1065 1233 si
1093 1179 1388 1235 admissum
1421 1181 1605 1248 fuerit,
1639 1198 1746 1239 non

49 1285 349 1337 nocere,
386 1272 493 1326 vel
527 1270 579 1325 in
621 1280 827 1340 partem
860 1285 1113 1339 umquam
1147 1271 1470 1327 laudabilem
1500 1288 1746 1329 commu-

55 1368 214 1421 tari.
272 1367 372 1422 Ac
414 1367 659 1437 proinde
698 1382 759 1422 ea
790 1366 985 1438 quibus
1012 1368 1299 1437 qualitates
1328 1380 1556 1425 statutas
1596 1371 1746 1426 vide-

56 1477 210 1517 mus
244 1473 313 1517 et
363 1472 661 1532 tempora,
692 1471 747 1517 et
790 1476 912 1531 quae
951 1462 1029 1516 sic
1066 1461 1347 1518 observata
1380 1464 1740 1533 sanctificant,

58 1564 125 1607 ut
155 1555 406 1608 omissa
449 1570 568 1608 non
596 1553 870 1623 polluant,
908 1552 1084 1608 media
1111 1569 1232 1609 esse
1262 1554 1605 1612 manifestum
1633 1566 1740 1625 est,

58 1656 131 1703 ut
161 1657 321 1717 puta
361 1650 641 1717 nuptias,
681 1646 1097 1717 agriculturam,
1139 1647 1385 1716 divitias,
1433 1651 1739 1705 solitudinis

60 1744 531 1805 remotionem,
567 1743 794 1812 vigilias,
838 1757 1115 1798 sacrorum
1164 1741 1472 1805 lectionem,
1512 1744 1741 1797 medita-

1856 540 2069 611 phetam
2122 540 2378 596 Dominus
2421 542 2680 611 jejunium
2729 543 3063 615 detestatur,
3111 558 3175 601 ex
3206 563 3435 618 quorum

1853 646 2085 701 persona
2114 649 2234 690 cum
2267 633 2368 689 sibi
2391 633 2654 703 objiciens
2684 645 2808 691 ante
2835 636 3077 703 dixisset,
3107 636 3279 705 Quare
3297 640 3442 711 jeju-

1853 727 2124 794 navimus,
2161 736 2207 780 et
2245 743 2346 781 non
2375 729 2623 796 aspexisti
2636 745 2655 794 ;
2698 727 3078 783 humiliavimus
3118 733 3320 786 animas
3346 749 3443 787 na-

1851 826 1987 871 stras
2008 859 2023 881 ,
2062 826 2107 871 et
2135 819 2376 872 nescisti?
2401 819 2683 874 confestim
2722 818 3016 890 subiiciens
3049 818 3283 891 prodidit
3309 838 3442 879 cau-

1850 921 1941 961 sas
1970 923 2066 962 cur
2102 924 2206 963 non
2241 919 2578 964 mererentur
2608 910 2777 964 audiri
2813 928 2825 962 :
2860 909 3013 976 Ecce,
3039 913 3238 982 inquit,
3272 916 3327 969 in
3352 916 3439 972 die

1840 1000 2037 1071 jejunii
2066 1002 2221 1055 vestri
2248 1002 2501 1053 invenitur
2529 1001 2761 1055 voluntas
2788 1011 2985 1068 vestra,
3011 1014 3060 1057 et
3089 1010 3262 1059 omnes
3289 1007 3434 1062 debi-

1850 1099 1983 1143 tores
2012 1102 2205 1145 vestros
2232 1092 2476 1161 repetitis.
2520 1093 2650 1147 Ecce
2672 1094 2741 1146 ad
2772 1095 2885 1149 lites
2907 1106 2956 1150 et
2986 1100 3332 1154 contentiones
3348 1101 3435 1172 je-

1840 1182 2063 1252 junatis,
2092 1195 2138 1237 et
2159 1185 2420 1255 percutitis
2442 1202 2613 1254 pugno
2635 1187 2810 1257 impie.
2846 1185 3024 1242 Nolite
3041 1191 3301 1260 jejunare,
3331 1193 3432 1247 sic-

1848 1285 1902 1327 ut
1933 1292 2090 1346 usque
2120 1278 2173 1329 in
2210 1274 2347 1329 hanc
2382 1278 2537 1342 diem,
2572 1286 2628 1330 ut
2655 1280 2898 1333 audiatur
2936 1280 2990 1333 in
3011 1282 3208 1335 excelso
3238 1282 3435 1338 clamor

1846 1378 2027 1422 vester.
2083 1367 2350 1437 Numquid
2386 1369 2488 1425 tale
2525 1380 2601 1424 est
2628 1372 2895 1443 jejunium
2941 1374 3078 1443 quod
3127 1375 3296 1445 elegi,
3344 1394 3433 1446 per

1847 1457 1979 1511 diem
2010 1459 2229 1530 aﬁligere
2260 1462 2515 1515 hominem
2547 1463 2771 1517 animam
2802 1467 2986 1519 suam?
3014 1464 3284 1536 Numquid
3309 1485 3433 1522 con-

1843 1557 2078 1619 torquere
2098 1552 2245 1621 quasi
2270 1552 2520 1605 circulum
2548 1564 2701 1625 caput
2724 1572 2894 1616 suum,
2927 1564 2973 1608 et
2996 1554 3201 1611 saccum
3223 1568 3270 1611 et
3296 1560 3431 1613 cine-

1843 1656 1949 1693 rem
1976 1644 2238 1697 sternere?
2266 1642 2539 1714 Numquid
2565 1646 2704 1698 istud
2726 1648 2899 1699 rocavi
2920 1650 3202 1717 jejunium,
3230 1662 3276 1704 et
3297 1652 3431 1706 diem

1843 1734 2206 1801 aeceptabilem
2236 1732 2461 1789 Domino
2491 1736 2626 1806 (lsa.
2670 1734 2865 1807 Lvut)?
2898 1738 3103 1794 Deinde
3146 1741 3306 1796 infert
3331 1744 3431 1798 do-

62 1836 457 1903 tion‘emque
510 1833 769 1888 librorum
796 1874 812 1899 ,
863 1833 1087 1903 ipsaque
1128 1832 1334 1903 jejunia
1362 1873 1377 1899 ,
1429 1833 1497 1887 de
1543 1833 1738 1903 quibus
1768 1831 1815 1893 Β
1843 1840 1973 1880 cens
2018 1827 2289 1895 quomodo
2320 1829 2665 1897 acceptabilis
2693 1829 2786 1883 ﬁat
2813 1832 3150 1887 continentia
3184 1834 3432 1903 jejunan-

66 1926 469 1996 principium
517 1925 783 1980 sermonis
832 1933 1082 1980 exortum
1120 1934 1225 1979 est.
1258 1924 1389 1991 Quae
1430 1924 1611 1978 omnia
1660 1924 1739 1979 di-

66 2019 215 2074 vina
242 2019 611 2089 praeceptio,
644 2017 727 2073 vel
760 2025 1069 2072 sanctarum
1100 2018 1394 2070 auctoritas
1430 2016 1737 2085 Scriptura-

72 2129 245 2175 rnm.
303 2128 433 2167 non
478 2113 555 2167 ita
587 2110 981 2167 incessabiliter
1024 2110 1317 2165 obtinenda
1343 2151 1358 2175 ,
1407 2124 1506 2164 nec
1530 2110 1739 2179 jugiter

76 2204 504 2261 custodienda
549 2203 807 2270 decrevit,
860 2212 920 2257 ut
964 2217 1027 2257 ea
1060 2202 1334 2272 paululum
1382 2200 1739 2256 intermisisse

82 2295 408 2352 nefarium
444 2293 538 2348 sit.
570 2291 839 2362 Quidquid
874 2292 1021 2346 enim
1051 2290 1372 2361 imperative
1401 2291 1734 2357 decernitur,

83 2397 361 2443 mortem
421 2386 638 2456 ignorat
692 2399 799 2438 non
848 2382 1157 2452 impletum;
1215 2395 1571 2451 quatcumque
1610 2396 1738 2434 vero

92 2479 441 2534 suadentur
479 2476 657 2546 potius
689 2490 850 2546 quam
873 2473 1154 2541 jubentur,
1183 2472 1322 2527 facta
1372 2482 1620 2542 prosunt,
1665 2473 1742 2526 in-

90 2569 249 2626 fecta
303 2584 431 2624 non
477 2569 725 2638 puniunt.
761 2566 831 2621 Et
872 2566 1073 2621 idcirco
1110 2576 1206 2620 aut
1244 2567 1429 2620 omnia
1478 2565 1617 2632 haec,
1645 2574 1739 2620 aut

96 2672 262 2718 certe
294 2661 567 2732 quaedam
596 2700 611 2725 ,
641 2674 739 2730 pro
777 2672 959 2721 causa,
992 2672 1090 2728 pro
1116 2657 1256 2722 loco,
1301 2672 1397 2726 pro
1424 2656 1607 2721 modo,
1638 2672 1737 2725 pro

95 2764 397 2824 tempore,
436 2754 836 2822 circumspecte
872 2765 1033 2820 agere
1064 2764 1162 2804 nos
1205 2736 1438 2818 majores
1470 2747 1646 2802 nostri
1685 2757 1739 2803 et

100 2850 349 2918 provide
384 2850 691 2903 observare
732 2848 1012 2917 jusserunt
1057 2865 1069 2899 :
1120 2847 1243 2918 quia
1288 2848 1332 2900 si
1374 2860 1615 2915 congrue
1644 2843 1739 2898 ho-

100 2955 231 2995 rum
292 2940 520 3011 aliquid
551 2940 828 3008 actitctur,
877 2948 1062 3008 aptum
1107 2947 1267 3007 atque
1296 2937 1658 3002 conveniens;
1692 2936 1738 2991 si

105 3031 468 3105 incongrue,
505 3034 743 3102 ineptum
776 3044 897 3087 esse
925 3039 1139 3085 constat
1158 3045 1221 3084 ac
1245 3030 1472 3083 noxium
1506 3046 1517 3080 :
1549 3042 1613 3082 ac
1633 3026 1660 3065 ιι
1692 3028 1737 3082 si

108 3128 257 3183 velit
284 3130 419 3197 quis
466 3128 520 3181 in
552 3124 737 3181 fratris
775 3124 1009 3180 adventu
1036 3124 1089 3178 in
1136 3137 1242 3193 quo
1270 3121 1543 3176 Christum
1575 3121 1739 3176 debet

1843 1916 1931 1984 tis,
1960 1927 2120 1987 atque
2153 1918 2434 1974 evidenter
2467 1922 2712 1975 enuntiat
2740 1938 2835 1991 per
2876 1939 2934 1978 se
2962 1924 3135 1978 solum
3164 1926 3430 1995 jejunium

1841 2024 1946 2062 non
1974 2026 2129 2077 posse
2150 2011 2434 2080 prodesse,
2470 2010 2571 2066 nisi
2601 2011 2701 2067 has
2722 2029 2841 2083 quae
2862 2016 3221 2084 subjiciuntur
3244 2032 3432 2074 causas

1840 2098 2093 2155 habuerit
2121 2112 2520 2173 consequentes
2549 2120 2565 2159 :
2594 2103 2780 2159 Nonne
2808 2106 2903 2160 hoc
2929 2116 3022 2174 est,
3054 2108 3326 2177 inquiens,
3355 2112 3432 2177 ie-

1833 2193 2043 2259 junium
2072 2196 2209 2261 quod
2251 2197 2420 2265 elegi?
2447 2195 2679 2251 Dissolve
2717 2197 3077 2270 colligationes
3113 2201 3391 2271 impietatis
3413 2244 3428 2269 ,

1839 2286 1977 2339 solve
2006 2287 2279 2357 fasciculos
2310 2287 2670 2356 deprimentes.
2706 2289 2922 2343 Dimitte
2949 2307 3034 2344 eos
3061 2293 3146 2359 qui
3180 2295 3433 2363 confracti

1838 2390 1977 2441 sunt,
2010 2381 2214 2444 liberos,
2252 2389 2299 2433 et
2328 2397 2474 2434 omne
2500 2396 2628 2434 onus
2652 2380 2908 2451 dirumpe.
2950 2378 3159 2453 Frange
3190 2386 3430 2439 esurienti

1838 2486 2022 2541 panem
2066 2482 2208 2523 tuum
2234 2512 2249 2537 ,
2294 2480 2340 2524 et
2380 2488 2564 2542 egenos
2614 2488 2871 2544 vagosque
2914 2473 3073 2528 induc
3122 2476 3174 2528 in
3222 2476 3431 2531 domum

1841 2572 1999 2615 tuam.
2026 2560 2155 2616 Cum
2184 2563 2373 2616 videris
2402 2563 2618 2631 nudum,
2654 2566 2794 2635 aperi
2817 2583 2952 2633 eum,
2986 2574 3031 2619 et
3054 2583 3260 2621 carnem
3289 2580 3431 2624 tuam

1839 2648 1903 2706 ne
1929 2652 2238 2721 despexeris.
2268 2652 2415 2707 Tunc
2441 2663 2667 2725 erumpet
2695 2657 2844 2725 quasi
2870 2673 3018 2710 mane
3050 2657 3222 2712 lumen
3250 2670 3429 2729 tuum,

1840 2754 1887 2798 et
1938 2746 2134 2798 sanitas
2179 2755 2265 2799 tua
2307 2747 2460 2799 citius
2490 2749 2702 2812 orietur,
2735 2757 2781 2800 et
2821 2748 3031 2802 anteibit
3058 2752 3245 2819 faciem
3285 2761 3433 2813 tuam

1839 2838 2040 2904 iustitia
2072 2846 2181 2902 tua,
2215 2847 2265 2892 et
2286 2840 2452 2909 gloria
2482 2839 2691 2892 Domini
2719 2838 2925 2909 colliget
2955 2850 3019 2894 te.
3050 2841 3195 2895 Tunc
3221 2843 3431 2902 invoca-

1842 2928 1939 2995 bis,
1977 2940 2023 2981 et
2048 2928 2301 2982 Dominus
2324 2930 2600 2997 exaudiet;
2624 2932 2890 2997 clamabis,
2924 2944 2970 2986 et
3000 2932 3157 3002 dicet,
3185 2933 3316 2989 Ecce
3337 2937 3435 2988 ad-

1840 3035 1953 3072 sum
1990 3019 2178 3089 (Ibid).
2212 3018 2417 3074 Videtis
2445 3035 2576 3089 ergo
2603 3021 2869 3090 jejunium
2912 3037 3247 3093 nequaquam
3280 3027 3429 3095 prin-

1839 3110 2013 3179 cipale
2048 3110 2245 3164 bonum
2280 3122 2308 3165 a
2357 3111 2589 3166 Domino
2631 3112 2881 3181 judicari,
2931 3129 2997 3169 eo
3026 3115 3169 3184 quod
3202 3129 3304 3169 non
3336 3132 3436 3186 per

111 3220 485 3278 humanitate
526 3220 752 3276 reficere
780 3230 836 3276 et
859 3221 1164 3290 gratissima
1193 3218 1539 3288 susceptione
1581 3232 1735 3272 com-

1845 3200 2101 3271 seipsuin,
2134 3204 2230 3257 'sed
2260 3219 2353 3274 per
2383 3204 2487 3257 alia
2529 3218 2694 3273 Opera
2724 3204 2920 3260 bonum
2949 3220 3009 3259 ac
3040 3206 3292 3277 placitum
3320 3207 3437 3263 Deo

112 3312 317 3382 plecti,
366 3312 748 3368 austeritatem
772 3309 970 3381 jejunii
999 3308 1275 3365 custodire
1302 3349 1318 3375 ,
1362 3323 1541 3363 nonne
1580 3308 1739 3362 inhu-

115 3406 409 3461 manitatis
443 3404 627 3475 potius
657 3404 863 3459 crimen
902 3402 1161 3469 incurrit,
1193 3416 1351 3471 quam
1402 3399 1612 3454 Iaudem
1646 3408 1738 3453 aut

115 3499 387 3553 meritum
423 3496 708 3568 religionis
737 3496 1007 3567 acquirit?
1041 3495 1134 3549 Vel
1184 3496 1227 3550 si
1255 3508 1377 3549 cum
1405 3493 1637 3549 defectio
1683 3502 1739 3549 et

118 3574 489 3647 imbecillitas
532 3580 712 3647 carnis
761 3590 1157 3659 reparationem
1204 3589 1397 3643 virium
1440 3603 1580 3643 escae
1610 3603 1736 3658 per-

120 3683 386 3754 ceptione
404 3684 678 3754 deposcit,
697 3697 805 3737 non
829 3670 1105 3752 aquiescat
1127 3682 1321 3751 aliquis
1351 3681 1587 3751 rigorem
1613 3682 1740 3735 abs-

121 3774 377 3830 tinentia:
412 3774 689 3839 relaxare,
718 3788 900 3828 nonne
927 3774 1099 3843 magis
1120 3771 1354 3827 crudelis
1384 3772 1464 3825 sui
1492 3771 1737 3839 corporis

120 3854 435 3932 homicida,
466 3880 627 3936 quam
653 3864 841 3919 salutis
872 3854 1121 3935 provisor
1147 3871 1229 3918 est
1249 3860 1635 3916 aestimandus?
1657 3860 1733 3915 lta

121 3956 292 4010 etiam
325 3972 457 4012 cum
482 3962 695 4025 tempus
720 3954 1028 4010 festivitatis
1055 3968 1300 4008 escarum
1326 3966 1625 4021 congruum
1658 3949 1738 4005 fo-

126 4056 240 4102 tum
269 4058 328 4104 et
354 4050 709 4105 refectionem
738 4047 1062 4103 necessariae
1091 4045 1446 4100 absolutionis
1473 4043 1733 4113 indulget,

124 4141 169 4195 si
194 4143 322 4211 quis
360 4142 695 4211 jejuniorum
742 4140 971 4210 rigidam
1020 4137 1421 4193 observantiam
1464 4135 1735 4204 indirupte

124 4230 373 4285 voluerit
400 4239 696 4298 retentare,
723 4245 945 4285 necesse
967 4239 1049 4284 est
1075 4238 1132 4283 ut
1160 4243 1265 4283 non
1293 4238 1401 4282 tam
1424 4226 1732 4297 religiosus,

126 4335 299 4391 quam
334 4322 645 4378 inconditus
675 4333 836 4393 atque
880 4322 1275 4377 irrationabilis
1304 4320 1586 4377 habeatur.
1628 4319 1735 4377 Sed

127 4422 186 4466 et
212 4413 326 4469 illis
361 4416 478 4470 hac
502 4414 847 4470 nihilominus
876 4415 1219 4484 reperiuntur
1240 4413 1489 4483 adversa,
1520 4413 1607 4483 qui
1637 4412 1738 4468 hu-

130 4506 354 4561 manam
380 4506 594 4561 laudem
613 4505 832 4576 jejuniis
859 4512 1289 4572 aucupantur,et
1318 4505 1462 4559 inani
1490 4513 1736 4559 ostenta-

1838 3292 1970 3359 ﬂat;
2019 3302 2073 3348 et
2108 3309 2322 3349 rursum
2351 3311 2416 3350 ex
2445 3295 2818 3352 accidentibus
2864 3296 3065 3363 causis,
3100 3298 3215 3353 non
3261 3300 3435 3355 solum

1838 3403 2056 3454 vanum,
2093 3386 2277 3444 verum
2309 3391 2470 3444 etiam
2500 3391 2698 3446 odibile
2728 3403 3048 3457 censeatur,
3082 3393 3297 3448 dicente
3325 3392 3436 3448 Do-

1839 3481 2007 3549 mino,
2057 3496 2171 3537 cum
2190 3482 2575 3554 jejunaverint,
2618 3501 2716 3537 non
2752 3485 3028 3539 exaudiam
3055 3503 3226 3555 preces
3260 3502 3439 3542 eorum

1839 3573 1974 3645 (Jer.
2004 3577 2137 3645 xiv).

2432 3666 2670 3721 CAPUT
2708 3665 2827 3719 XV.

1841 3780 1993 3846 Quod
2030 3794 2229 3853 eaquae
2257 3779 2338 3831 sui
2390 3772 2575 3853 natura
2607 3778 2735 3830 bona
2782 3789 2903 3853 sunt
2936 3795 3037 3853 non
3070 3781 3285 3834 debeant
3316 3799 3437 3853 pro-

1909 3859 2022 3918 pter
2058 3852 2116 3901 ea
2140 3865 2254 3914 quia
2286 3849 2454 3900 media
2482 3859 2603 3920 sunt
2624 3851 2888 3915 exerceri;
2913 3850 3004 3903 sed
3030 3854 3235 3920 potius,
3266 3868 3292 3904 e
3316 3849 3438 3908 con-

1909 3936 2051 3973 verso
2077 3961 2090 3983 ,
2133 3934 2191 3972 ea
2219 3935 2336 3987 quia
2355 3918 2543 3992 media
2586 3928 2726 3992 sunt,
2751 3922 2818 3992 ad
2848 3936 2907 3972 ea
2932 3918 3049 3989 qud:
3076 3923 3435 3992 principaliter

1908 3991 2038 4044 bona
2064 3999 2182 4043 sunt
2212 3990 2546 4059 acquirenda,
2582 3990 2779 4058 suscipi
2806 3992 3038 4044 debeant.

1908 4127 2022 4182 Non
2051 4127 2191 4181 enim
2221 4124 2589 4180 misericordia
2609 4169 2623 4194 ,
2657 4125 2944 4195 patientia,
2971 4134 3026 4179 et
3056 4120 3310 4193 Charitas,
3343 4144 3434 4201 vel

1832 4221 1928 4276 illa
1945 4220 2321 4291 praedictarum
2345 4225 2614 4288 prtccep'ta
2630 4217 2913 4283 ’virtutum,
2938 4218 2987 4272 in
3015 4219 3210 4289 quibus
3232 4220 3419 4290 utique

1832 4317 2037 4371 bonum
2073 4324 2155 4369 est
2186 4312 2502 4383 principale,
2530 4318 2749 4381 propter
2773 4310 2983 4379 jejunia
3016 4322 3144 4367 sunt
3173 4316 3431 4382 tenenda,

1843 4419 1866 4449 ο
1897 4409 1994 4464 sed
2026 4409 2202 4478 potius
2227 4405 2427 4475 jejunia
2476 4412 2694 4474 pr0pter
2745 4404 2853 4458 illa.
2898 4404 3297 4462 Elaborandum
3350 4419 3434 4464 est

1839 4501 1986 4556 enim
2028 4510 2084 4553 ut
2112 4500 2340 4553 virtutes
2383 4496 2487 4551 illa:
2518 4511 2638 4566 qua:
2666 4511 2797 4552 vere
2837 4498 2991 4553 bona:
3016 4508 3173 4563 sunt,
3198 4500 3425 4569 jejuniis

134 4595 284 4654 tione
332 4598 586 4669 palloris,
614 4572 832 4653 'famam
882 4595 1183 4652 sanctitatis
1229 4598 1556 4666 acquirunt,
1589 4609 1723 4665 quos
1753 4572 1807 4633 Ῑ)
1832 4590 2217 4662 acquirantur,
2261 4603 2366 4643 non
2401 4597 2462 4641 ut
2503 4587 2568 4641 ad
2593 4587 2924 4657 jejuniorum
2975 4591 3262 4644 terminum
3308 4600 3397 4645 ten

134 4693 487 4763 evangelicae
511 4704 695 4748 sermo
724 4689 778 4746 in
819 4690 1073 4761 praesenti
1096 4703 1247 4744 suam
1278 4689 1551 4758 recepisse
1582 4702 1726 4743 mer-

1830 4685 1962 4740 dant
1993 4681 2203 4736 illarum
2235 4687 2387 4751 gesta
2419 4679 2699 4734 virtutum.
2729 4679 2811 4735 Ob
2845 4680 2945 4736 hoc
2981 4695 3110 4751 ergo
3162 4689 3244 4735 est
3289 4679 3432 4737 utilis

1190 4827 1448 4884 ALARDI
1489 4825 1723 4882 GAZIEI
1763 4806 2332 4881 conste‘nrsmns.

139 4949 320 5016 possit,
344 4940 607 5002 interdum
622 4938 1026 5016 praetermissum
1053 4944 1392 5016 condemnare
1420 4958 1523 5016 non
1550 4942 1733 5016 possit;

138 5012 376 5088 quodque
404 5012 795 5088 nonnumquam
818 5015 980 5088 egisse
1002 5013 1501 5088 reprehensibile_sit,
1530 5014 1604 5065 ait
1624 5012 1733 5088 ᾼιι-

141 5094 257 5138 ctor
285 5082 563 5157 superiori
595 5082 715 5155 cap.
747 5082 1022 5155 Jejunium
1054 5100 1183 5153 ergo
1233 5099 1339 5138 non
1384 5084 1605 5157 damnat
1636 5083 1734 5157 ho-

144 5154 369 5227 minem,
391 5161 519 5214 dum
551 5154 839 5227 frangitur,
871 5164 964 5209 aut
985 5171 1090 5227 non
1114 5166 1383 5219 servatur,
1413 5155 1621 5209 scilicet
1654 5154 1733 5210 le-

143 5226 331 5293 gitime
364 5240 419 5285 et
438 5226 779 5298 temporc’ah
813 5226 1060 5298 Ecclesia
1092 5240 1379 5291 concesso.

214 5305 241 5333 ⁸
265 5300 535 5367 Quidnam
557 5294 715 5354 vocet
745 5296 1039 5368 principale
1062 5298 1282 5364 bonum,
1311 5306 1405 5351 aut
1434 5294 1734 5366 principale

148 5366 342 5449 malum
366 5415 382 5439 ,
410 5372 618 5449 dictum
648 5380 733 5424 est
750 5366 926 5439 supra
942 5366 1103 5449 .(Cap:
1138 5368 1265 5449 ιβ).

217 5435 245 5474 δ
283 5435 396 5500 Huc
435 5442 713 5510 pertinent
741 5435 861 5510 qua:
906 5435 1137 5493 alias‘de
1170 5435 1538 5510 hospitalitate
1569 5451 1735 5510 exer-

149 5510 315 5565 cenda
339 5522 394 5568 et
415 5506 624 5583 jejunio
672 5506 907 5582 regulari
942 5522 1104 5563 causa
1137 5510 1409 5578 hospitum
1442 5506 1737 5563 relaxando

152 5590 258 5634 non
288 5585 454 5640 semel
484 5583 808 5639 notavimus.

226 5659 262 5728 ο.
285 5652 702 5728 Chrysostomus
730 5651 978 5728 ‘homilia
1011 5648 1081 5705 Η
1108 5649 1178 5728 ἱη¹
1204 5647 1515 5728 Matthzeum
1551 5664 1566 5701 :
1609 5645 1741 5728 Haec

156 5715 545 5799 (ifimonfquia
566 5724 833 5799 jejunium
852 5721 979 5799 mihi
993 5736 1104 5799 non
1124 5720 1350 5799 placeat,
1374 5716 1515 5799 quod
1538 5719 1741 5799 magnis

155 5785 291 5849 solea
316 5785 493 5862 eﬂ’eri'e
515 5785 782 5863 laudibus,
802 5794 894 5850 sed
913 5796 1041 5864 quia
1058 5785 1210 5849 doleo
1239 5792 1309 5860 si,
1339 5785 1541 5843 cetera
1569 5785 1740 5862 negle-

1840 4941 1953 5004 ctis,
1982 4942 2108 4992 satis
2144 4940 2212 4992 ad
2239 4940 2456 4993 salutem
2500 4940 2641 4993 vobis
2665 4940 2920 5010 jejunium
2949 4942 3260 5007 existimetis,
3290 4941 3429 5010 quod

1838 5014 1891 5065 in
1919 5012 2073 5064 choro
2113 5011 2356 5063 virtutum
2388 5011 2623 5063 ultimum
2642 5022 2786 5062 certe
2813 5013 3023 5063 sortitur
3054 5012 3243 5063 locum.
3275 5011 3429 5064 Prte—

1840 5084 2011 5155 cipute
2029 5082 2481 5155 namqnettirtutes
2508 5090 2627 5134 sunt
2656 5080 2882 5155 charitas
2901 5124 2915 5146 ,
2934 5081 3433 5155 ghumilitaspmise-

1837 5148 2084 5207 ricordia.
2112 5148 2177 5205 Et
2218 5153 2579 5221 Hieronymus
2620 5151 2685 5204 ad
2723 5148 3034 5205 Czelantiam
3069 5169 3081 5202 :
3124 5151 3265 5214 Quid
3296 5154 3431 5205 enim

1837 5224 2045 5296 prodest
2074 5225 2273 5275 tenuari
2298 5237 2483 5296 corpus
2513 5222 2851 5296 abstinentia,
2872 5224 2922 5296 si
2965 5222 3169 5296 animus
3202 5223 3430 5296 intume-

1838 5292 1933 5348 scit
1963 5295 2239 5361 superbia?
2261 5292 2417 5364 quam
2444 5294 2648 5346 laudem
2675 5293 3002 5364 merebimur
3030 5292 3093 5344 de
3123 5292 3332 5364 pallore
3354 5295 3431 5358 ie-

1840 5364 1990 5431 iunii,
2012 5366 2056 5418 si
2076 5361 2281 5416 invidia
2305 5364 2453 5416 lividi
2477 5380 2649 5417 sumus
2665 5363 2690 5415 ?
2708 5361 2879 5426 Tunc,
2922 5364 3149 5434 inquam,
3175 5361 3433 5434 praeclara

1840 5446 1913 5490 est
1942 5436 2262 5494 abstinentia,
2290 5444 2412 5486 tunc
2435 5434 2653 5502 pulchra
2681 5443 2833 5501 atque
2859 5432 3137 5505 magniﬁca
3156 5433 3432 5505 castigatio

1839 5507 2092 5575 corporis,
2127 5521 2241 5556 cum
2269 5514 2342 5557 est
2374 5501 2575 5575 animus
2610 5507 2825 5571 jejunus
2846 5574 2849 5575 ν
2874 5521 2907 5556 a
2945 5501 3110 5575 'vitiis.
3143 5501 3315 5554 Immo
3344 5503 3434 5571 qui

1839 5574 2174 5649 probabiliter
2211 5590 2271 5627 ac
2315 5574 2535 5627 scienter
2582 5574 2901 5649 abstinentia:
2941 5574 3176 5649 virtutem
3231 5579 3432 5636 tenent,

1839 5644 1902 5719 eo
1928 5647 2155 5719 afﬂigunt
2181 5659 2386 5698 carnem
2430 5658 2602 5711 suam,
2638 5658 2738 5714 quo
2763 5644 2952 5700 animae
2980 5647 3230 5716 frangant
3253 5654 3443 5710 super-

1842 5717 1999 5772 bium.
