3986 6188
93 324 232 382 1195

789 315 1128 375 COLLA'I'IO
1165 317 1311 376 XXI.
1341 339 1412 362 σε·
1441 315 1532 374 DE
1569 306 1986 376 REMISSIONE
2023 318 2642 389 QUINQUAGESIMIE.

3225 329 3364 388 ΠΜ

89 449 421 498 sei-‘vaunam
460 437 812 502 "custodirent,
845 438 1095 509 discipuli
1123 448 1304 494 autem
1325 438 1550 494 Joannis
1579 437 1670 507 qui
1697 441 1745 497 Α
1773 436 1979 508 gesimo
2009 437 2425 492 resurrectionis
2452 436 2571 505 ejus
2611 442 2728 490 acta
2757 441 2844 490 est
2865 433 2974 504 die,
3002 435 3239 504 apostoli
3272 453 3358 491 re-

89 549 359 590 summam
376 532 597 601 justitiae
629 544 690 585 se
715 529 783 584 de
805 529 1028 600 jejuniis
1053 529 1332 600 possidere
1351 529 1672 597 credebant,

90 627 292 697 quippe
339 625 482 680 illius
544 632 844 679 sectatores
901 623 994 692 qui
1063 624 1293 680 eximius
1343 623 1676 695 pmnitentim

88 717 418 789 praedicator
445 715 522 771 ita
551 715 762 770 cunctis
789 714 1002 785 populis
1031 715 1262 771 formam
1282 732 1381 772 suo
1403 716 1678 787 praebebat

87 812 358 882 exemplo,
391 819 450 865 ut
478 825 586 866 non
638 811 816 865 solum
854 810 1002 866 varia
1044 826 1290 867 escarum
1329 828 1526 882 genera
1557 829 1677 883 qua:

87 903 336 958 humanis
363 901 551 958 usibus
567 910 954 972 suggeruntur,
981 902 1264 966 abnueret,
1296 919 1484 959 verum
1512 905 1677 960 etiam

84 1009 425 1050 communem
453 995 611 1064 panis
629 995 798 1064 ipsius‘
822 1009 977 1050 esum
1006 997 1224 1064 penitus
1243 995 1541 1065 ignoraret,
1574 995 1677 1050 Do-

84 1088 238 1146 mino
264 1095 694 1157 conqueruntur,
725 1086 992 1155 dicentes,
1025 1086 1202 1152 Quare
1227 1104 1321 1142 nos
1350 1096 1397 1142 et
1419 1087 1678 1144 Pharisaei

86 1181 384 1252 jejunamus
407 1180 723 1249 frequenter,
747 1177 994 1250 discipuli
1015 1189 1186 1234 autem
1215 1181 1290 1234 tui
1320 1197 1425 1234 non
1439 1181 1680 1252 jejunant

89 1274 286 1345 (Marc.
316 1274 402 1341 tt)?
443 1272 649 1339 Quibus
699 1272 1038 1341 respondens
1087 1272 1350 1328 Dominus
1394 1273 1678 1329 evidenter

91 1365 352 1433 ostendit,
379 1381 483 1420 non
508 1368 654 1420 omni
683 1374 927 1436 tempore
947 1354 1244 1434 congruum
1271 1381 1395 1422 esse
1413 1367 1674 1438 jejunium

93 1468 146 1513 et
178 1458 567 1522 necessarium,
602 1471 723 1512 cum
758 1456 936 1524 aliqua
968 1457 1275 1512 festivitatis
1327 1467 1569 1528 tempore
1593 1459 1680 1514 vel

92 1549 456 1604 interveniens
507 1548 790 1603 charitatis
842 1549 1078 1618 occasio,
1108 1549 1500 1620 indulgentiam
1532 1549 1680 1606 refe-

92 1643 288 1698 ctionis
313 1643 594 1698 admiserit
621 1660 633 1695 :
662 1650 688 1678 τι
718 1640 992 1712 Numquid
1012 1653 1245 1712 possunt,
1279 1643 1550 1713 inquiens,
1578 1643 1680 1714 ﬁlii

95 1736 288 1806 Sponsi
327 1737 502 1806 lugere
545 1737 794 1806 quamdiu
844 1751 960 1789 cum
1005 1737 1112 1791 illis
1150 1747 1226 1791 est
1271 1737 1546 1808 Sponsus?
1579 1737 1680 1792 Ve-

1781 531 1921 585 versi
1944 530 2011 586 de
2041 541 2226 586 monte
2245 529 2464 595 Oliveti,
2497 531 2552 584 in
2574 545 2681 600 quo
2704 545 2764 585 se
2786 529 2854 584 ad
2878 529 3096 584 Patrem
3130 544 3368 599 pergens

1777 625 2010 695 praebuit
2035 625 2382 690 intuendum,
2415 625 2554 680 sicut
2584 625 2749 679 etiam
2798 625 3033 678 Actuum
3074 625 3370 694 Apostolo-

1780 732 1898 772 rum
1932 719 2093 774 lectio
2139 726 2481 774 contestatur
2506 717 2659 790 (Cap.
2691 717 2756 789 ι),
2788 718 3016 788 ingressi
3047 717 3373 790 Hierosoly-

1778 823 1942 877 mam,
1968 811 2154 866 decem
2179 811 2369 868 dicbus
2391 812 2680 866 adventum
2710 811 2941 880 Spiritus
2971 809 3146 866 sancti
3170 825 3370 879 exspe-

1780 911 1957 958 ctasse
2003 902 2342 971 referuntur,
2375 904 2569 973 quibus
2624 903 2874 972 espletis,
2915 904 3366 974 quinquagesima

1780 1011 1902 1050 eum
1931 996 2022 1052 die
2045 1011 2169 1052 cum
2200 998 2396 1068 gaudio
2416 1005 2797 1067 susceperunt,
2830 1005 2885 1052 et
2913 999 2983 1052 ita
3015 1007 3097 1054 est
3126 1013 3222 1068 per
3245 997 3366 1055 haec

1779 1088 2090 1145 festivitatis
2115 1089 2276 1160 hujus
2305 1106 2562 1146 numerus
2587 1090 2868 1145 evidenter
2894 1089 3166 1159 impletus.
3191 1089 3364 1156 Quem

1781 1183 1835 1238 in
1866 1183 2042 1238 veteri
2070 1199 2285 1254 quoque
2316 1183 2668 1240 Testamento
2695 1184 2922 1253 legimus
2953 1182 3249 1253 figuraliter
3279 1181 3369 1237 ad-

1782 1279 2107 1344 umbratum,
2141 1281 2193 1333 in
2221 1293 2330 1350 quo
2367 1278 2604 1350 (Deuter.
2643 1276 2778 1347 xvi),
2812 1277 3197 1334 consummatis
3230 1276 3369 1332 beb-

1781 1371 2097 1426 domadibus
2124 1381 2352 1441 septem,
2381 1371 2738 1441 primitiarum
2763 1369 2917 1440 panis
2941 1385 3034 1440 per
3056 1368 3368 1423 sacerd03cs

1786 1463 2014 1518 Domino
2080 1463 2371 1532 jubebatur
2427 1463 2640 1528 offerri,
2700 1462 2791 1532 qui
2863 1462 3212 1516 veracissime
3269 1475 3367 1529 per

1782 1556 2152 1626 apostolorum
2193 1555 2658 1626 praedicationem,
2693 1555 2872 1624 quain
2915 1553 3009 1609 illo
3030 1553 3116 1608 die
3145 1551 3366 1607 concio-

1785 1648 1895 1701 nati
1919 1648 2172 1718 leguntur
2199 1649 2267 1703 ad
2313 1648 2590 1718 populum,
2623 1647 2836 1701 oblatus
2864 1645 3093 1700 Domino
3121 1658 3369 1713 compro-

1782 1737 1961 1801 batur,
2007 1755 2169 1795 verus
2214 1739 2424 1795 scilicet
2471 1740 2826 1808 primitiarum
2875 1738 3030 1807 panis
3069 1737 3180 1807 qui,
3209 1751 3372 1792 novas

94 1830 232 1890 nient
270 1840 442 1883 autem
486 1829 597 1883 dies
633 1845 748 1882 cum
794 1833 1064 1900 auferetur
1110 1831 1174 1884 ab
1215 1832 1289 1885 eis
1337 1831 1598 1899 Sponsus,
1626 1839 1673 1886 et
1705 1836 1753 1896 Β
1783 1830 2043 1886 doctrina:
2089 1831 2426 1886 institutione
2455 1831 2720 1900 prolatus,
2745 1830 2984 1899 quinque
3024 1827 3258 1882 millibus
3291 1829 3374 1880 vi-

94 1931 215 1976 tunc
227 1923 538 1995 jejunalmnt
565 1921 778 1993 (Ibid.).
799 1920 970 1989 1JQuae
999 1923 1163 1978 verba
1193 1924 1321 1979 licet
1341 1934 1466 1980 ante
1494 1939 1678 1981 resur-

94 2015 390 2070 rectionem
425 2015 624 2069 dixerit
653 2016 900 2083 corporis
933 2016 1039 2082 sui,
1067 2026 1250 2071 tamen
1278 2017 1494 2086 proprie
1516 2017 1682 2085 Quin-

92 2109 420 2178 quagesimae
459 2116 672 2177 tempus
701 2108 1024 2174 ostendunt,
1058 2110 1111 2164 in
1141 2124 1248 2179 quo
1275 2120 1398 2180 post
1439 2126 1683 2167 resurre-

92 2199 324 2276 ctionem
351 2213 444 2267 per
471 2197 824 2268 quadraginta
855 2199 971 2254 dies
993 2200 1223 2255 Domino
1254 2216 1376 2257 cum
1399 2201 1684 2271 discipulis

93 2291 369 2360 epulante,
409 2291 657 2360 jejunare
687 2292 810 2348 illos
845 2293 1176 2363 quotidiana:
1214 2294 1334 2365 ejus
1375 2296 1685 2365 praesentia:

95 2384 350 2452 gaudium
384 2397 490 2437 non
516 2383 750 2438 sinebat.

684 2497 912 2555 CAPUT
950 2499 1095 2556 XIX.

97 2589 439 2662 Interrogatio
491 2608 585 2645 cur
640 2591 758 2645 totis
792 2594 1177 2719 qluinquaginta
1216 2593 1395 2648 diebus
1419 2595 1686 2668 jejunium

752 2681 806 2717 re
830 2674 1014 2718 axetur

752 2674 1014 2718 relaxetur

173 2755 701 2824 GermanuszQuare
728 2756 892 2826 igitur
933 2765 1044 2812 tota
1071 2757 1527 2830 Quinquagesima
1562 2761 1688 2816 abs—

98 2848 338 2904 liuentia:
391 2851 626 2917 rigorem
661 2851 898 2919 prandiis
948 2853 1286 2920 relaxamus;
1335 2871 1456 2909 cum
1507 2856 1692 2926 utique

97 2937 338 2996 Christus
367 2939 726 3012 quadraginta
761 2951 965 2998 tantum
1015 2944 1206 3001 diebus
1237 2956 1361 3016 post
1412 2961 1688 3004 resurrcc.

98 3033 291 3090 tionem
324 3047 448 3088 cum
480 3033 760 3104 discipulis
789 3034 901 3089 suis
929 3034 1095 3091 fuerit
1115 3047 1506 3094 commoratus.

695 3125 922 3183 CAPUT
953 3128 1071 3183 XX.

752 3220 1065 3291 Responsio.

167 3312 419 3370 Theonas
453 3330 467 3368 :
509 3314 626 3370 Non
657 3313 956 3384 incongrue
983 3316 1339 3388 interrogatio
1386 3327 1566 3374 vestra
1596 3335 1688 3375 ra-

100 3406 295 3462 tionem
345 3408 708 3478 integerrimae
760 3409 1008 3466 veritatis
1076 3421 1314 3468 meretur
1366 3429 1682 3485 agnoscere.

105 3507 124 3534 ε
157 3499 280 3555 Post
320 3501 696 3558 ascensionem
725 3502 1024 3558 Salvatoris
1069 3507 1268 3573 nostri,
1301 3524 1420 3578 quae
1451 3510 1687 3580 quadra-

1782 1936 2123 1977 rorumescaa
2149 1937 2262 1977 suae
2293 1935 2519 1976 munere
2542 1919 2774 1985 satiatis,
2807 1919 3145 1989 primitivum
3173 1918 3238 1972 de
3269 1916 3371 1971 Ju-

1783 2017 1916 2072 daeis
1961 2015 2397 2072 Christianorum
2429 2015 2689 2086 populum
2731 2015 2962 2070 Domino
3009 2013 3371 2071 consecravit.

1785 2109 1855 2165 Et
1895 2110 2096 2166 idcirco
2127 2111 2180 2165 hi
2209 2124 2424 2181 quoque
2453 2109 2642 2165 decem
2686 2110 2803 2165 dies
2832 2125 2956 2165 cum
3001 2108 3378 2178 superioribus

1786 2205 2143 2276 quadraginta
2178 2205 2295 2274 pari
2343 2204 2688 2258 solemnitate
2733 2211 2857 2258 sunt
2899 2217 2962 2257 ac
3012 2201 3201 2256 laetitia
3223 2203 3378 2257 cele-

1787 2296 2002 2352 hrandi.
2035 2295 2063 2333 ά
2092 2295 2258 2365 Cujus
2299 2295 2610 2350 festivitatis
2641 2294 2884 2360 traditio,
2919 2308 3016 2364 per
3045 2295 3378 2364 apostolicos

1790 2395 1934 2448 viros
1965 2392 2029 2447 ad
2061 2407 2160 2446 nos
2183 2407 2351 2462 usque
2375 2391 2692 2446 transmissa
2723 2389 2913 2445 eodem
2944 2398 3133 2444 tenore
3160 2404 3378 2444 servan-

1789 2485 1856 2540 da
1887 2493 1992 2540 est.
2017 2483 2143 2539 Ideo
2171 2497 2404 2555 namque
2433 2483 2488 2536 in
2522 2481 2641 2537 istis
2673 2481 2865 2536 diebus
2897 2495 2997 2535 nec
3025 2480 3079 2535 in
3109 2494 3287 2549 genua
3319 2480 3380 2535 in

1799 2580 2049 2636 oratione
2077 2589 2391 2644 curvantur,
2416 2577 2542 2647 quia
2581 2574 2803 2630 inﬂexio
2822 2588 3057 2644 genuum
3091 2572 3241 2626 velut
3262 2586 3379 2641 pa:-

1796 2673 2039 2728 nitentiae
2067 2686 2130 2726 ac
2152 2671 2328 2726 luctus
2360 2669 2617 2724 indicium
2642 2675 2744 2724 est.
2781 2666 2934 2723 Unde
2956 2666 3120 2721 etiam
3145 2680 3240 2734 per
3269 2679 3382 2720 om-

1792 2765 1882 2818 nia
1909 2763 2153 2818 eamdem
2177 2763 2230 2818 in
2258 2763 2367 2817 illis
2389 2761 2787 2816 solemnitatem
2809 2774 2966 2829 quam
2992 2758 3081 2814 die
3107 2757 3385 2814 dominica

1793 2857 2152 2926 custodimus,
2197 2858 2252 2911 in
2305 2870 2406 2925 qua
2453 2855 2687 2922 majores
2736 2853 2926 2919 nostri,
2961 2865 3061 2906 nec
3113 2849 3385 2920 jejunium

1794 2951 2082 3021 agendum,
2101 2965 2200 3004 nec
2220 2964 2364 3019 genu
2393 2962 2514 3003 esse
2538 2945 2888 3006 ﬂectendum,
2914 2943 2983 3000 ob
3014 2941 3383 3001 reverentiam

1796 3042 2216 3099 resurrectionis
2247 3040 2541 3096 Dominicae
2565 3037 2927 3094 tradiderunt.

2389 3156 2615 3213 CAPUT
2654 3154 2798 3210 XXI.

1723 3217 1770 3283 Ο
1801 3252 2146 3324 Interrogatio
2197 3260 2373 3324 utrum
2418 3250 2730 3324 abstinentia
2769 3248 2973 3324 jejunii
3013 3248 3252 3304 relaxata
3287 3263 3392 3304 non

2260 3323 2389 3376 obsit
2417 3321 2646 3394 corporis
2667 3321 2895 3374 castitati
2916 3321 2940 3374 ?

1867 3419 2170 3476 Germanus
2206 3435 2218 3471 :
2252 3416 2512 3471 Potestne
2553 3415 2670 3470 haec
2721 3428 2849 3467 caro
2893 3413 3132 3470 insolitis
3181 3412 3393 3468 blandi-

1796 3514 1991 3568 mentis
2043 3521 2150 3566 tam
2194 3511 2371 3577 longae
2417 3507 2723 3562 festivitatis
2765 3505 2945 3558 illecta
2986 3520 3092 3560 non
3127 3514 3150 3540 °
3181 3503 3390 3573 aliquid

1169 3622 1428 3678 ALARDI
1467 3623 1702 3680 GAZIEI
1739 3622 2305 3681 COMMENTARIUS.

177 3711 491 3782 llApposite
535 3712 602 3766 ad
668 3712 812 3769 hunc
863 3714 1038 3768 locum
1087 3716 1467 3770 elucitlandum
1501 3718 1692 3770 scribit

102 3783 158 3856 β)
183 3784 543 3856 Hieronymus
574 3784 632 3856 in
649 3783 763 3856 haec
793 3785 952 3840 verba
973 3785 1064 3856 (1η
1082 3796 1354 3841 comment.
1373 3786 1561 3839 Matth.
1584 3787 1688 3854 ix):

105 3852 372 3927 Nonnulli!
396 3862 576 3927 putant
618 3855 812 3909 idcirco
839 3866 954 3926 post
980 3852 1088 3910 dies
1114 3857 1459 3927 quadraginta
1489 3852 1693 3926 passio-

104 3927 179 3978 nis
195 3924 608 3998 jejuniadebere
637 3924 904 3990 committi,
937 3924 1254 3980 licetstatim
1277 3928 1386 3982 dies
1412 3924 1691 3998 Pentecos-

105 4005 176 4049 tes
197 3995 249 4049 ἐι
274 3995 508 4067 Sp_iritus
536 4006 744 4067 sanctus
770 3999 1042 4052 adveniens
1069 3999 1301 4052 indicent
1327 3999 1472 4051 nobis
1500 3997 1696 4067 festiui-

106 4075 280 4138 tatem.
329 4064 398 4118 Et
420 4082 498 4138 ea:
542 4066 696 4138 hujus
747 4070 1018 4123 occasione
1075 4070 1356 4123 testimonii
1391 4064 1694 4135 Montanus,

103 4136 290 4191 Prisca
328 4145 378 4189 et
412 4136 707 4191 Maximilla
753 4141 908 4193 etiam
958 4148 1070 4208 post
1113 4139 1447 4195 Pentecosteu
1497 4139 1696 4208 faciunt

105 4208 762 4282 Quadragesimam,_quod
788 4211 964 4264 ablato
992 4211 1218 4282 Sponsa,
1251 4212 1348 4282 ﬁlii
1380 4211 1571 4278 Sponsi
1602 4211 1698 4264 de-

103 4279 554 4349 beantjejunare.
584 4278 832 4334 Ecclesia:
856 4278 1374 4336 autem'consuetudo
1401 4285 1468 4336 ad
1491 4284 1699 4349 passio-

102 4366 219 4422 nem
254 4347 544 4422 Dominiet
585 4354 1008 4406 resurrectionem
1033 4369 1124 4422 per
1150 4347 1500 4408 humilitatem
1523 4354 1698 4407 carnis

101 4421 264 4486 venit,
290 4429 363 4496 ut
407 4420 663 4496 spirituali
702 4424 895 4495 sagina:
939 4420 1169 4496 corporis
1191 4426 1410 4496 jejunio
1441 4441 1700 4496 prtcpare-

1797 3719 1987 3773 diebus
2016 3715 2252 3770 addendi
2284 3715 2431 3767 fuere
2459 3713 2547 3766 alii
2578 3711 2763 3766 decem
2793 3708 2936 3773 dies,
2968 3709 3038 3763 ob
3068 3708 3392 3776 promissio-

1800 3805 1926 3844 nem
1978 3796 2030 3841 et
2074 3783 2541 3853 exspectationem
2589 3782 2854 3853 adventus
2901 3779 3132 3853 Spiritus
3181 3781 3392 3853 sancti,

1801 3859 1916 3924 pari
1961 3848 2308 3911 solemnitate
2358 3863 2416 3908 et
2445 3853 2632 3907 laetitia
2661 3850 2992 3916 celebrandi,
3026 3859 3085 3903 nt
3117 3848 3252 3902 infra
3285 3851 3390 3905 ha-

1800 3931 1976 3984 betur.

1876 4011 1896 4037 c
1930 3998 2133 4052 Eodem
2166 3996 2280 4052 fere
2313 3995 2472 4050 modo
2501 3995 2565 4048 D.
2587 3993 2906 4050 Ambrosius
2932 4009 2945 4044 :
2975 3990 3174 4053 Instar,
3194 3990 3389 4059 inquit,

1805 4071 2078 4124 dominica:
2126 4077 2232 4121 tota
2263 4067 2697 4137 Quinquagesima
2728 4066 2927 4137 dierum
2967 4059 3228 4137 curricula
3261 4062 3398 4116 cele-

1806 4143 2044 4206 brantur,
2075 4150 2120 4194 et
2155 4156 2328 4193 omnes
2357 4134 2442 4192 isti
2471 4134 2581 4190 dies
2609 4138 2743 4191 velut
2781 4134 3028 4206 dominici
3053 4134 3390 4206 deputantur.

1804 4205 2130 4267 Resurrectio
2159 4213 2296 4265 enim
2329 4207 2605 4262 Dominicu
2649 4219 2740 4261 est.
2772 4205 2914 4259 Nam
2940 4207 2995 4259 in
3025 4205 3284 4259 dominica
3306 4220 3396 4259 re-

1803 4301 2013 4354 surgens
2048 4283 2293 4338 Salvator
2331 4296 2561 4354 {eversus
2591 4279 2658 4332 ad
2670 4278 2918 4354 homines
2943 4287 3074 4354 ‘est,_
3094 4287 3148 4354 e_t_
3169 4285 3281 4348 post
3309 4295 3396 4331 re-

1802 4347 2169 4410 surrectionem
2196 4363 2300 4423 tota
2331 4350 2767 4423 Quinquagesima
2790 4366 2906 4403 cum
2934 4347 3223 4423 hominibus
3249 4363 3397 4401 com-

1802 4436 2037 4479 moratus
2065 4434 2161 4479 est.
2193 4422 2440 4492 A'E’qualis
2467 4420 2589 4489 ergo
2616 4437 2792 4476 eorum
2816 4420 3236 4492 necessariumyut
3266 4429 3397 4492 esset

104 4509 246 4568 mur.
287 4489 1128 4568 llaiciﬂiert‘mymtissuggillatis
1153 4489 1390 4568 Montani
1417 4489 1473 4550 et
1499 4489 1700 4549 Monta-
1728 4508 1776 4568 ι)
1803 4489 2319 4568 festivitas,_quorum
2347 4494 2563 4568 aqualis
2595 4500 2793 4547 essetet
2822 4492 3093 4568 sanctitas.
3132 4489 3224 4568 Sic
3255 4491 3395 4568 enim

108 4563 382 4615 nistarum
429 4562 707 4629 ineptiam,
741 4565 829 4633 qui
875 4565 1032 4633 hujus
1084 4567 1371 4621 occasione
1414 4570 1698 4620 sententiae

105 4633 594 4699 Quadragesimam
629 4642 751 4702 post
798 4633 1158 4690 Pentecosten
1211 4637 1578 4700 celebrabant,
1612 4639 1699 4690 ni-

108 4703 309 4756 mirum
335 4703 668 4775 ablationem
703 4704 912 4760 Domini
946 4716 1000 4760 et
1044 4706 1244 4775 Sponsi
1279 4709 1702 4774 interpretantes

110 4775 284 4843 ipsam
314 4773 862 4845 Asceneionemmnm
895 4773 1134 4831 Ecclesia
1153 4773 1476 4832 catholicaa
1498 4779 1704 4845 Spiritu

108 4855 304 4898 sancto
339 4846 533 4898 melius
560 4844 746 4916 educta
780 4862 877 4915 per
903 4849 1230 4903 ablutionem
1266 4848 1464 4916 Sponsi
1499 4844 1706 4915 passio-

109 4932 234 4968 nem
261 4927 312 4970 et
341 4924 568 4986 mortem
604 4915 818 4971 Domini
850 4920 1019 4972 nostri
1049 4915 1465 4986 interpretetur,
1494 4931 1547 4973 et
1577 4920 1702 4974 ideo

110 4994 242 5040 tunc
274 4985 478 5048 majora
509 4987 713 5052 jejuuia
749 4988 996 5042 instituat
1023 5005 1143 5044 cum
1175 4985 1342 5058 ipsam
1369 4991 1704 5045 DominiCam

110 5059 436 5130 passionem
461 5071 893 5130 commemorare
913 5061 1244 5129 aggreditur,
1281 5077 1376 5129 per
1402 5076 1521 5130 qua:
1545 5063 1704 5115 etiam

106 5129 316 5200 jejpnia
375 5127 438 5179 ad
485 5129 782 5197 spiritalem
831 5127 1112 5196 saginam,
1143 5131 1192 5184 id
1245 5127 1354 5199 eSt,
1397 5127 1706 5200 paschalem

110 5198 474 5252 n-I‘ecriouem
503 5208 557 5253 et
583 5200 826 5268 synaxim
864 5214 1226 5270 praeparatur;
1260 5198 1380 5256 nam
1397 5198 1706 5258 secundum

111 5271 391 5342 rationem
447 5271 898 5325 Montanistarum
941 5281 1258 5341 sequeretur
1288 5274 1432 5327 omni
1465 5282 1708 5342 tempore

103 5338 471 5410 jejunandtlm
505 5356 627 5414 esse
654 5342 790 5396 citra
823 5343 875 5396 id
925 5338 1185 5414 temporis
1216 5359 1321 5411 quo
1364 5338 1614 5399 Christus
1653 5346 1707 5398 in

108 5415 319 5464 C(L‘Illm
346 5413 613 5466 ascendit.

189 5481 216 5519 δ
254 5481 348 5535 Illa
378 5484 640 5558 scilicet':
672 5483 946 5558 Numquid
980 5494 1194 5558 possunt
1221 5485 1320 5558 ﬁlii
1348 5485 1541 5558 Sponsi
1562 5486 1710 5558 jeju-

108 5569 269 5626 nare,
309 5554 708 5626 quamdiuicum
737 5556 844 5610 illis
885 5566 955 5610 est
980 5554 1271 5626 Sponsus?
1292 5557 1500 5622 Quibus
1531 5554 1710 5611 verbis

108 5625 189 5697 ait
221 5624 445 5697 proprie
467 5625 739 5693 designari
769 5637 980 5697 tempus
1009 5624 1493 5696 Quinquagesimm,
1520 5627 1572 5680 in
1604 5641 1711 5695 quo

110 5692 377 5746 Christus
409 5706 529 5762 post
558 5692 1014 5752 resurrectionem
1060 5692 1210 5751 suam
1258 5692 1387 5753 cum
1431 5692 1710 5767 discipulis

116 5775 498 5841 conversatus,
522 5784 611 5834 per
633 5770 742 5823 dies
763 5770 1106 5837 quadraaiata
1128 5786 1384 5841 apparens
1404 5771 1500 5838 eis,
1517 5779 1564 5823 et
1587 5785 1712 5822 con-

115 5849 356 5903 vcscens,
385 5847 432 5891 et
484 5840 694 5908 loquens
741 5842 803 5894 de
840 5855 994 5911 regna
1046 5841 1138 5901 Dei
1177 5843 1377 5898 (Actor.
1408 5842 1469 5914 t).
1503 5840 1706 5908 Quibus

582 5934 851 5994 PATROL.
911 5932 1111 5994 λιιῖ

1806 4558 2353 4639 δίενοδιιὶξύοηιίηιιε,
2384 4558 2437 4639 ut
2468 4565 2601 4618 sicut
2640 4568 2756 4639 ejus
2784 4563 3024 4639 passione
3063 4563 3115 4612 in
3155 4558 3398 4639 Quadra-

1805 4639 2012 4708 gcsima:
2028 4638 2233 4708 jejunio
2260 4635 2709 4708 contristaremur,
2739 4635 2987 4708 ita_ejus_
3022 4635 3401 4708 resurrectione

1810 4701 2262 4776 Quinquag'esimw
2294 4706 2436 4775 feriis
2470 4708 2778 4759 (celarentur.
2807 4701 2931 4776 lituo
2964 4701 3306 4776 Ambrosius.

1877 4776 1906 4816 ἀ
1937 4775 2009 4832 lie
2050 4778 2150 4831 hac
2202 4779 2420 4846 antiqua
2464 4777 2753 4829 traditione
2793 4791 2834 4846 7a
2886 4775 3134 4846 Patribus
3175 4780 3398 4841 accepta

1809 4849 1941 4905 satis
1967 4847 2167 4902 dictum
2200 4849 2252 4901 in
2286 4843 2714 4918 prmcedeutibus
2745 4845 2896 4914 (Cap.
2934 4843 3043 4912 Il).

1885 4929 1907 4957 ο
1942 4913 2358 4985 δεηιιιοευηι,’ἱά
2403 4927 2507 4980 est,
2551 4913 2860 4986 spinosum,
2895 4913 3266 4986 metaphorice
3296 4927 3401 4981 pro

1811 4992 2004 5044 vitioso
2035 4983 2285 5044 sumitur.
2315 4989 2390 5042 De
2434 4988 2524 5042 illo
2581 4983 2810 5057 quamvis
2867 4985 3094 5038 abscisso
3151 4983 3402 5057 uitiorum

1812 5064 2010 5134 fomite,
2042 5061 2092 5114 id
2136 5071 2242 5134 est,
2270 5059 2450 5134 carnis
2477 5053 2743 5134 lascivia,
2789 5059 2902 5134 sive
2937 5053 3400 5134 concupiscentia,

1816 5127 1910 5201 per
1949 5133 2161 5200 longam
2197 5131 2577 5186 abstinentiam
2619 5131 2766 5197 prius
2805 5127 3077 5201 edomita;
3111 5127 3404 5201 concupis-

1812 5195 2220 5259 centiam'enim
2253 5203 2493 5257 fomitem
2537 5195 2743 5269 peccati
2791 5207 2952 5252 vocat
2988 5197 3148 5269 etiam
3191 5195 3258 5250 D.
3293 5198 3404 5251 Au-

1811 5274 2071 5344 gustinus
2093 5273 2189 5326 lib.
2222 5290 2238 5327 ι
2271 5275 2338 5327 de
2369 5268 2582 5328 Peccat.
2618 5272 2972 5344 Meritisgcap.
3005 5268 3216 5344 ultimo,
3251 5277 3405 5344 et__cx

1813 5337 1880 5400 ἑο
1907 5343 2146 5414 synodus
2177 5344 2516 5409 Tridentina,
2547 5344 2674 5397 dum
2714 5342 2792 5414 ait
2819 5340 2986 5411 (Sess.
3022 5339 3055 5414 _5
3082 5339 3210 5414 c._5)
3239 5356 3250 5391 :
3285 5337 3404 5414 sfa—

1814 5410 1951 5470 nere'
1988 5415 2044 5467 in
2093 5416 2366 5483 baptizatis
2411 5413 2876 5484 concupiscentiam
2921 5420 2969 5464 et
3012 5411 3240 5484 fomitem
3294 5410 3406 5463 haec

1813 5495 1991 5541 sancta
2013 5481 2239 5555 synodus
2271 5491 2466 5552 fatetur
2487 5496 2534 5537 et
2571 5481 2726 5538 sentit
2760 5500 2771 5533 :
2801 5497 2916 5555 qua:
2942 5497 3058 5555 cum
3088 5481 3164 5555 ad,
3180 5497 3405 5555 agonem

1813 5558 1996 5612 relicta
2020 5552 2085 5610 sit
2100 5599 2114 5622 ,
2145 5572 2331 5610 nocere
2357 5572 2462 5609 non
2491 5553 2942 5616 consentientibus,
2967 5553 3054 5606 sed
3075 5552 3290 5605 viriliter
3313 5566 3406 5621 per

1817 5628 2008 5683 Christi
2043 5625 2179 5700 Iesu,
2201 5628 2421 5700 gratiam
2467 5623 2818 5700 resistentibus
2850 5640 2951 5700 non
2990 5624 3146 5700 valet.
3175 5622 3253 5675 Ex
3284 5624 3406 5691 qui-

1819 5700 1918 5754 bus
1947 5697 2128 5752 verbis
2169 5695 2494 5767 intelligitur
2518 5696 2810 5765 improprie
2841 5695 3132 5754 admodum
3163 5703 3219 5767 et
3247 5715 3406 5748 καταο

1819 5777 2117 5853 χρηστικῶς
2139 5769 2240 5824 dici
2267 5765 2404 5853 hunc
2429 5768 2672 5852 [ptuitem
2695 5767 3153 5832 abscissum,cum
3179 5765 3230 5819 in
3254 5778 3406 5819 rena-

1820 5841 1884 5896 ti's
1922 5851 2134 5895 maneat
2169 5851 2288 5912 post
2318 5841 2668 5911 baptismum.

2885 5930 2965 5992 38

3429 5936 3454 6006 1
