4022 6192
614 337 750 399 H95

1670 332 1783 392 10A
1793 331 1948 390 NNIS
1983 331 2296 392 CASSIANI
2332 331 2670 392 COLLATIO
2683 331 2832 392 NES.

3793 335 3949 397 “96

607 466 919 512 sentuosum
948 455 1014 509 de
1045 454 1160 517 illo,
1184 453 1430 524 quamvis
1458 451 1722 514 abscisso,
1757 452 2007 504 vitiorum
2039 452 2197 506 foml-
2224 456 2271 514 Α
2301 454 2506 508 cunctis
2538 453 2874 517 errantibus,
2905 449 3053 504 solus
3085 449 3200 519 ipse
3252 464 3367 506 non
3418 450 3652 507 fallitur.
3683 461 3712 491 ο
3755 446 3944 511 Oinm‘

607 558 660 605 te
688 552 1018 621 germinare,
1051 557 1143 602 aut
1174 562 1327 600 mens
1363 547 1705 614 prtesnmptis
1730 546 1868 598 ultra
1900 555 2198 600 consuetu-

603 643 784 697 dinem
836 642 1068 711 dapibus
1123 650 1344 694 onerata
1388 655 1494 693 non
1540 655 1666 708 erga
1708 639 1967 694 famulum
2001 654 2200 710 corpus

603 737 839 806 rigorem
869 735 1256 789 dominationis
1282 749 1395 789 sure
1424 734 1723 800 inﬂectere,
1747 735 2043 803 pra-sertim
2073 749 2195 791 cum

603 830 654 882 in
690 828 847 881 nobis
875 826 1101 880 viridior
1128 834 1261 881 mtas
1306 829 1416 881 cito
1457 829 1522 881 ad
1575 827 1932 883 rebellionem
1979 828 2197 884 subdita

603 920 774 989 possit
801 920 1039 974 membra
1073 921 1485 990 compebere,si
1513 923 1596 977 vel
1625 935 1776 976 escas
1798 922 1990 976 solitas
2020 921 2195 977 abun-

600 1013 837 1078 dantius,
867 1014 953 1069 vel
996 1024 1146 1069 certe
1191 1015 1433 1068 insolitas
1482 1015 1732 1070 licentius
1761 1015 2196 1084 praesumamus?

1169 1104 1398 1162 CAPUT
1439 1105 1607 1160 XXII.

601 1200 886 1270 Responsio
935 1202 998 1253 de
1049 1201 1356 1255 reservanda
1405 1201 1735 1255 continentiae
1774 1208 2190 1270 temperamento.

671 1292 920 1347 Theonas
968 1293 1071 1348 :Si
1124 1293 1376 1347 universa
1429 1308 1551 1361 quae
1595 1293 1840 1363 gerimus
1881 1294 2194 1348 rationabili

597 1387 794 1442 mentis
827 1387 1194 1455 appendamus
1225 1389 1496 1452 examine,
1533 1397 1586 1442 et
1641 1388 1709 1443 de
1735 1388 1970 1457 puritate
2015 1388 2194 1443 cordis

598 1481 767 1535 nostri
819 1496 925 1535 non
966 1481 1192 1535 aliorum
1223 1481 1506 1550 judicium,
1539 1481 1635 1534 sed
1686 1491 1928 1535 nostram
1977 1495 2195 1549 semper

591 1574 980 1628 conscientiam
1014 1576 1384 1639 consulamus,
1407 1582 1616 1628 certum
1645 1581 1728 1628 est
1755 1575 1915 1628 istam
1939 1572 2192 1629 refectio-

593 1666 680 1720 nis
733 1666 1191 1734 intercapedinem
1242 1666 1388 1735 juste
1452 1667 1781 1720 districtioni
1839 1667 2034 1721 obesse
2080 1682 2188 1721 non

592 1773 774 1828 posse,
809 1759 853 1813 si
899 1759 1083 1824 modo,
1117 1770 1172 1812 ut
1205 1758 1408 1813 dictum
1443 1768 1546 1824 est,
1580 1773 1788 1827 mquam
1840 1759 2189 1828 indulgentia:

2303 547 2444 600 enim
2483 546 2739 600 cautione
2785 552 2948 613 atque
2986 544 3207 597 solertia
3253 541 3368 613 jugi
3417 543 3464 598 si
3512 545 3940 616 circumspecti

2301 639 2484 695 cordis
2541 646 2792 693 servetur
2830 637 3082 704 intentio,
3123 636 3648 708 quomodo,judicio
3695 652 3935 699 nostra

2300 731 2642 788 discretionis
2687 740 2931 797 errante,
2957 737 3050 791 aut
3077 729 3494 791 inconsiderata:
3540 734 3936 792 continentia

2299 824 2599 894 cupiditate
2619 825 2886 888 succensi,
2917 833 3011 878 aut
3039 823 3312 880 desiderio
3339 825 3522 880 nimia
3552 830 3930 885 remissionis

2299 915 2494 979 iliceti,
2528 916 2884 972 substantiam
2917 916 3112 971 virium
3145 924 3456 972 nosmtrum
3503 917 3713 988 iniqua!
3751 924 3925 975 truti-

2302 1026 2383 1064 me
2437 1010 2831 1064 examinatione
2877 1008 3168 1078 libremus,
3206 1009 3302 1064 sed
3358 1009 3412 1064 in
3451 1009 3626 1066 altera
3674 1012 3922 1082 quidem

2302 1101 2455 1156 lance
2485 1101 2680 1156 anima:
2708 1103 3020 1172 puritatem,
3054 1103 3106 1156 in
3130 1102 3302 1157 altera
3332 1105 3474 1158 vires
3500 1106 3766 1174 corporis
3797 1107 3919 1160 col-

2303 1193 2567 1257 locantes.
2597 1195 2666 1249 ita
2707 1209 2838 1249 vero
2867 1196 3220 1249 conscientia:
3259 1195 3464 1264 judicio
3509 1205 3747 1267 utraque
3773 1213 3914 1268 pen-

2298 1287 2509 1351 damus,
2542 1288 2669 1343 utin
2698 1299 2943 1344 neutram
2982 1298 3190 1360 partem
3225 1291 3386 1344 unius
3417 1291 3496 1345 rel
3523 1291 3721 1347 ati‘ectn
3758 1309 3911 1363 prte-

2299 1381 2634 1448 ponderante
2668 1384 2928 1450 perversi,
2961 1382 3042 1436 vel
3097 1381 3164 1435 ad
3213 1382 3560 1437 immodicam
3592 1384 3908 1442 districtio-

2299 1489 2442 1536 nem,
2470 1475 2551 1527 vel
2572 1473 2637 1527 ad
2663 1474 2881 1527 nimiam
2908 1474 3310 1540 remissionem,
3333 1476 3664 1545 mqualitatis
3694 1479 3903 1535 libram

2298 1567 2618 1634 propensius
2651 1566 3000 1628 ittclittetntts,
3029 1575 3084 1620 et
3115 1566 3241 1620 illud
3273 1569 3431 1622 nobis
3455 1569 3540 1623 vel
3570 1585 3671 1639 pro
3698 1573 3874 1626 remis

2296 1659 2467 1714 sionis
2490 1662 2572 1715 vel
2606 1677 2700 1730 pro
2725 1661 3079 1716 districﬁonis
3105 1662 3384 1715 nimietate
3399 1662 3642 1731 dicatur,
3660 1662 3687 1700 ά
3703 1664 3902 1721 Nonne

2293 1757 2337 1808 si
2393 1765 2525 1809 recte
2569 1755 2785 1822 offeras,
2822 1772 2927 1808 non
2981 1763 3154 1807 autem
3209 1763 3345 1808 recte
3389 1757 3614 1825 dividas,
3668 1761 3900 1827 peccasti

590 1851 1046 1918 continentiteque
1081 1867 1388 1905 mensuram
1439 1853 1552 1920 pari
1610 1852 1765 1906 lance
1816 1852 2181 1922 perpendens,
2217 1843 2264 1903 B
2293 1845 2446 1915 (Gen.
2469 1863 2541 1914 tv,
2566 1864 2667 1900 sec.
2694 1845 3029 1912 LXX)‘!lllas
3047 1847 3590 1916 etenimjejuniornm
3619 1852 3895 1918 victimas,

590 1952 618 1980 ⁸
659 1954 944 2012 utramque
986 1945 1242 1999 similiter
1298 1945 1629 1998 nimietatem
1675 1959 1826 1999 mens
1874 1946 2184 2013 incorrupta

587 2036 846 2104 castiget;
879 2045 930 2089 et
963 2046 1143 2090 utrum
1175 2037 1422 2106 spiritum
1455 2047 1700 2091 nnatrum
1732 2037 2050 2092 deliciarum
2085 2037 2182 2091 de-

587 2126 789 2196 primat
843 2125 1081 2196 pondus,
1117 2141 1182 2181 an
1225 2141 1355 2182 vero
1395 2127 1650 2195 alteram,
1677 2128 1779 2182 hoc
1809 2137 1893 2182 est
1933 2128 2184 2197 corporis

586 2230 818 2288 partem,
852 2221 1024 2288 major
1051 2219 1399 2274 abstinentiae
1444 2221 1670 2274 inclinet
1709 2221 2020 2287 austeritas,
2052 2237 2180 2277 vera

587 2310 920 2366 discretione
969 2312 1289 2382 distinguat,
1341 2313 1490 2368 illam
1545 2313 1631 2368 vel
1679 2316 2067 2382 comprimens,
2099 2315 2182 2368 vel

584 2405 877 2460 sublevans
921 2406 1250 2475 portionem,
1283 2423 1442 2476 quam
1475 2408 1556 2462 vel
1589 2410 1776 2463 extolli
1811 2414 2070 2473 senserit,
2097 2410 2183 2464 vel

583 2501 816 2568 gravari.
853 2499 993 2552 Nihil
1020 2501 1164 2554 enim
1192 2501 1456 2555 Dominus
1482 2514 1666 2555 noster
1697 2503 1761 2556 ad
1794 2503 1998 2556 cultum
2021 2514 2180 2572 atque

583 2590 845 2645 honorem
869 2607 1025 2645 suum
1057 2594 1259 2661 absque
1282 2593 1470 2661 judicii
1491 2594 1862 2649 moderatione
1896 2595 2009 2648 vult
2036 2594 2178 2664 fieri,

582 2684 704 2753 quia
760 2683 942 2738 Honor
984 2687 1121 2757 regis
1168 2687 1423 2753 iudicium
1454 2688 1626 2758 diligit
1658 2687 1833 2759 (Psal.
1870 2689 2080 2759 xcvnt).
2115 2691 2181 2746 Et

581 2776 786 2832 idcirco
815 2779 1252 2847 sapientissimus
1282 2781 1565 2848 Salomon,
1599 2788 1657 2835 ut
1690 2780 1743 2834 in
1777 2791 2025 2837 neutram
2060 2799 2184 2853 par-

583 2877 691 2923 tem
725 2881 982 2942 vergente
1017 2873 1225 2942 judicio
1265 2874 1625 2942 declinemus,
1662 2875 1922 2930 admonet
1967 2876 2178 2943 dicens,

584 2962 802 3019 Honora
835 2966 1001 3020 Deum
1026 2969 1091 3021 de
1117 2969 1222 3021 tuis
1246 2969 1407 3034 iustis
1431 2968 1715 3036 laboribus,
1746 2980 1793 3025 et
1823 2971 1994 3025 deliba
2035 2973 2079 3024 ei
2121 2971 2186 3024 de

581 3061 835 3130 fructibus
869 3063 1096 3134 jus-tilia:
1141 3073 1240 3117 tua:
1271 3062 1458 3132 (Prov.
1493 3065 1593 3135 nt).
1647 3063 1675 3103 δ
1711 3065 1926 3120 Etenim
1976 3065 2183 3120 residet

582 3153 636 3206 in
677 3155 1005 3210 conscientia
1049 3166 1231 3209 nostra
1263 3155 1613 3223 incorruptus
1639 3156 1858 3226 quidam
1915 3171 1975 3210 ac
2019 3172 2181 3211 verus

2293 1957 2427 2012 quas
2453 1943 2613 1996 nobis
2646 1941 2878 1995 violenta
2901 1941 3165 1998 viscerum
3188 1941 3547 1998 convulsione
3574 1943 3900 2001 inconside-

2291 2042 2407 2089 rate
2456 2045 2846 2105 extorquentes
2889 2034 3120 2088 Domino
3161 2041 3312 2090 recte
3338 2033 3538 2092 offerre
3569 2051 3664 2092 nos
3708 2037 3897 2092 credi-

2290 2142 2446 2192 mus,
2506 2127 2594 2181 ille
2637 2129 2727 2195 qui
2778 2127 2952 2195 diligit
2995 2125 3427 2182 misericordiam
3483 2137 3536 2183 et
3589 2129 3893 2198 judicium,

2288 2228 2605 2275 exsecratur
2635 2219 2846 2284 dicens,
2876 2218 2986 2290 Ego
3027 2217 3283 2273 Dominus
3327 2218 3554 2292 diligens
3583 2221 3884 2293 judicium,

2289 2322 2336 2368 et
2386 2313 2509 2366 odio
2552 2313 2745 2366 habens
2793 2313 3034 2383 rapinam
3082 2312 3139 2365 in
3183 2312 3542 2366 holocaustum
3575 2312 3716 2384 (lsa.
3750 2311 3890 2382 ut).

2290 2404 2417 2459 Illos
2447 2407 2608 2459 etiam
2640 2406 2734 2475 qui
2763 2405 3118 2470 oblationem,
3157 2405 3210 2460 id
3238 2415 3339 2472 est,
3379 2405 3687 2460 oillciorum
3718 2418 3893 2477 atque

2287 2509 2506 2554 actuum
2528 2516 2747 2554 suorum
2774 2501 3042 2570 praecipua
3074 2499 3140 2553 ad
3170 2499 3330 2553 fotum
3353 2499 3527 2552 carnis
3547 2507 3716 2567 atque
3740 2514 3893 2555 usus

2295 2594 2548 2663 proprios
2590 2604 3003 2663 praesumentes,
3033 2593 3287 2662 reliquias
3313 2605 3495 2647 eorum
3527 2591 3770 2648 Domino
3799 2607 3875 2648 ac

2289 2688 2569 2746 minimam
2602 2688 2854 2743 delerunt
2885 2689 3215 2759 portionem,
3243 2687 3384 2742 velut
3405 2687 3689 2756 cperarios
3718 2686 3884 2741 frau-

2288 2781 2546 2839 dulentos
2579 2795 2760 2835 sermo
2805 2781 3022 2835 divinus
3066 2782 3136 2834 ita
3181 2780 3524 2842 condemnat,
3556 2776 3882 2833 Matedictus

2287 2876 2377 2945 qui
2423 2876 2549 2946 facit
2595 2892 2728 2943 opus
2768 2874 2985 2930 Domini
3015 2876 3380 2944 fraudulenter
3409 2872 3618 2946 (Jerem.
3658 2873 3876 2945 xavm).

2288 2969 2404 3024 Non
2431 2987 2560 3039 ergo
2584 2972 2858 3026 immerito
2885 2988 3004 3026 eum
3047 2972 3136 3041 qui
3175 2987 3234 3027 se
3264 2973 3334 3026 ita
3365 2972 3551 3042 iniquo
3583 2970 3718 3025 fallit
3748 2985 3877 3024 exa-

2289 3064 2459 3127 mine,
2493 3069 2732 3133 increpat
2775 3065 3038 3118 Dominus
3083 3064 3272 3119 dicens
3306 3081 3320 3117 :
3357 3062 3720 3117 Verumtamen
3758 3061 3880 3115 vani

2286 3155 2387 3226 ﬁlii
2419 3158 2706 3223 hominum,
2733 3157 3006 3212 mendaces
3037 3157 3136 3225 ﬁlii
3162 3157 3432 3211 hominum
3460 3157 3513 3210 in
3554 3155 3786 3220 stateris,
3820 3163 3878 3208 ut

579 3244 870 3316 judex,qui
893 3261 1299 3315 nonnumquam
1315 3262 1484 3314 super
1511 3257 1655 3303 statu
1677 3251 1930 3318 puritatis
1948 3259 2172 3314 nostrae,
2205 3236 2252 3300 C
2284 3249 2549 3306 decipiant
2580 3250 2750 3321 (Psal.
2796 3250 2927 3320 LXI).
2961 3249 3026 3304 Et
3076 3250 3280 3307 idcirco
3327 3250 3520 3305 beatus
3562 3249 3876 3319 Apostolus,

1671 3360 1928 3415 ALAllDl
1967 3360 2202 3417 GAZ/El
2239 3360 2803 3418 COMMENTARIUS.

662 3463 688 3492 ει
721 3452 812 3509 Sic
841 3451 1006 3507 abbas
1048 3451 1261 3523 Moyses
1292 3451 1475 3507 collat.
1509 3452 1543 3506 2
1572 3467 1692 3522 cap.
1727 3452 1794 3507 16
1835 3469 1846 3504 :
1885 3453 2057 3516 Omni,
2097 3454 2176 3508 in-

582 3527 714 3596 quit,
747 3534 932 3579 conatu
960 3525 1105 3577 debet
1137 3525 1461 3596 discretionis
1490 3523 1676 3578 bonum
1699 3525 1888 3577 virtute
1912 3526 2176 3579 humilita-

582 3594 646 3651 tis
670 3597 888 3667 acquiri.
912 3611 1025 3662 quae
1056 3613 1148 3649 nos
1179 3594 1373 3650 illaesos
1394 3605 1459 3647 ab
1485 3605 1703 3664 utraque
1724 3607 1886 3666 potest
1916 3598 2179 3651 nimietate

581 3666 801 3722 servare.
845 3666 1004 3721 Vetus
1029 3684 1246 3736 namque
1285 3669 1535 3720 sententia
1566 3677 1662 3732 est,
1697 3668 1974 3736 ἀκρότητες
2002 3670 2177 3728 ἰσότη-

579 3757 684 3807 τας,
710 3741 762 3792 id
787 3750 877 3796 est.
909 3740 1193 3792 nimietates
1216 3737 1536 3808 mqttalitutes
1567 3747 1706 3791 sunt.
1738 3737 1818 3791 Ad
1852 3756 2010 3791 unum
2040 3741 2176 3792 enim

579 3813 732 3878 finem
757 3811 987 3863 nimietas
1011 3811 1209 3881 jejunii
1241 3819 1286 3862 et
1324 3810 1578 3862 voracitas
1611 3811 1862 3874 pervenit.
1900 3812 2175 3879 eodemque

579 3882 850 3953 diapendio
896 3880 1192 3949 vigiliarum
1225 3881 1566 3933 immoderata
1615 3882 1964 3953 continuatio
1992 3898 2173 3934 mona-

578 3951 727 4006 chum
758 3969 861 4024 quo
887 3954 1050 4007 somni
1087 3953 1597 4024 gravissintigtorpor
1642 3951 1873 4004 involvit.
1912 3951 2052 4006 Nam
2084 3970 2176 4022 per

578 4022 842 4078 excessum
886 4022 1220 4079 continentiae
1268 4022 1587 4077 debilitatum
1622 4039 1871 4089 quemque
1915 4024 1985 4075 ad
2025 4024 2174 4076 illaut

577 4107 766 4148 statum
797 4096 1019 4148 revocari
1051 4111 1252 4148 necesse
1291 4101 1367 4147 est
1389 4137 1401 4157 ,
1429 4095 1482 4147 in
1499 4109 1616 4165 quo
1629 4095 1917 4165 (negligens
1959 4095 2176 4164 quisque

577 4182 667 4235 per
696 4167 946 4217 incuriam
981 4167 1263 4220 detinetur.
1298 4165 1426 4219 Haec
1454 4164 1564 4218 ille.
1597 4163 1736 4220 Vide
1763 4165 1839 4219 ibi
1866 4163 2173 4219 natationes

577 4246 790 4289 nostras
826 4235 984 4301 (Vide
1013 4237 1103 4289 lib.
1137 4253 1189 4289 VI
1219 4235 1355 4290 Inst.
1389 4253 1436 4290 c.
1472 4237 1618 4303 ult.).

648 4305 675 4342 ι’
726 4306 866 4358 Μοῐη
917 4307 1100 4360 collat.
1131 4307 1203 4361 ‘20
1234 4322 1284 4361 c.
1318 4307 1395 4361 ὃς
1441 4305 1747 4360 Verissimus
1794 4305 2006 4377 quidam
2050 4322 2175 4361 exa-

576 4385 800 4430 minator
825 4378 1132 4444 ptenitentitr
1152 4388 1201 4431 et
1220 4378 1558 4447 indulgentia:
1580 4377 1745 4446 iudex
1772 4379 1826 4432 in
1858 4379 2174 4432 conscientia

574 4449 760 4503 residet
791 4459 986 4514 nostra,
1017 4452 1105 4520 qui
1127 4450 1507 4503 absolutionem
1534 4460 1704 4502 reatus
1733 4451 1897 4503 nostri
1930 4459 2051 4504 ante
2081 4467 2171 4503 co-

574 4521 818 4592 gnitionis
870 4532 915 4574 et
966 4522 1156 4592 judicii
1207 4523 1345 4575 diem
1389 4523 1562 4574 adhuc
1605 4520 1755 4574 nobis
1796 4522 1849 4574 in
1879 4522 1977 4574 hac
2017 4537 2175 4575 carne

574 4594 1009 4646 commorantibus
1057 4593 1288 4660 detegit,
1320 4603 1366 4645 et
1398 4593 1772 4661 satisfactionis
1801 4593 1956 4661 ﬁnem
1994 4593 2064 4644 ad
2093 4609 2174 4646 re-

574 4665 836 4716 missionis
868 4665 1087 4733 gratiam
1116 4665 1317 4729 pandit.
1349 4664 1481 4731 Quae
1509 4664 1784 4734 quomodo
1813 4664 2170 4734 intelligenda

579 4735 708 4799 sint,
735 4736 803 4786 ibi
837 4744 921 4787 est
947 4737 1302 4800 explicatum.

650 4816 672 4843 ο
706 4804 912 4860 Similia
937 4816 1062 4858 sunt
1089 4808 1205 4861 loca
1240 4807 1335 4860 lib.
1366 4823 1396 4859 ν
1425 4805 1666 4860 lnstitut.
1699 4820 1820 4875 sap.
1849 4806 1904 4872 8,
1937 4805 1968 4859 9
1993 4815 2046 4860 et
2068 4805 2169 4872 22;

572 4876 755 4931 collat.
787 4876 822 4929 2
857 4892 979 4944 cap.
1010 4877 1081 4930 “22’.
1115 4879 1289 4933 0126.
1331 4877 1538 4945 Quibus
1560 4885 1616 4930 et
1650 4877 1748 4944 SS.
1787 4878 2008 4930 Patrum
2048 4893 2174 4931 sen-

573 4949 757 5002 tentiae
779 4949 1159 5016 a~tipulantttr.
1187 4950 1417 5003 Basilius
1446 4949 1540 5002 lib.
1560 4949 1627 5000 de
1651 4948 1787 5002 Vera
1806 4947 2168 5015 Virginitale:

573 5020 724 5074 Sicut
749 5023 802 5073 in
831 5022 967 5092 gnlm
1005 5022 1452 5089 intemperantiam
1476 5020 1745 5092 declinare
1770 5036 1926 5089 grave
1957 5029 2004 5072 et
2040 5021 2175 5088 peri-

569 5092 810 5144 culosum
835 5090 936 5152 est,
970 5104 1040 5146 tta
1075 5109 1162 5155 per
1191 5093 1401 5144 nimiam
1433 5090 1793 5143 abstinentiam
1822 5107 2011 5162 corpus
2043 5099 2174 5144 atte-

572 5176 685 5230 rere
733 5170 779 5214 et
825 5163 1010 5216 inutile
1046 5164 1262 5216 reddere
1306 5163 1445 5214 omni
1479 5162 1712 5230 profecto
1758 5165 1961 5215 ratione
2008 5171 2166 5214 caret.

574 5229 758 5302 Neque
787 5236 923 5286 enim
951 5234 1207 5288 abstinere
1233 5250 1265 5284 a
1289 5229 1548 5299 voluptate
1579 5233 1718 5301 gulw
1741 5249 1829 5298 per
1851 5249 1904 5286 se
1937 5244 2180 5301 expeten-

574 5302 700 5376 dum
723 5314 816 5376 gest
841 5346 856 5370 ,
883 5308 973 5359 sed
1003 5308 1124 5376 quia
1166 5305 1234 5358 ad
1262 5305 1466 5376 virtutis
1514 5304 1906 5372 aequis-itionem
1947 5308 2167 5373 confert.

575 5374 731 5449 Quod
775 5377 820 5428 si
851 5377 985 5430 illud
1015 5374 1166 5449 cujus
1208 5379 1372 5447 gratia
1402 5375 1634 5449 ciborum
1675 5376 2037 5449 abstinentiam.
2078 5378 2176 5429 eli-

571 5448 774 5520 gimus,
811 5464 900 5520 per
932 5446 1327 5501 immoderatam
1362 5446 1686 5520 negligamus
1715 5448 1964 5510 inediam,
1996 5458 2179 5501 contra

567 5525 730 5580 atque
760 5518 1073 5572 instituimus
1106 5521 1328 5588 agimus.
1367 5518 1516 5572 Nam
1539 5523 1704 5588 fracto
1743 5519 2065 5588 contritaque
2095 5521 2178 5572 in-

566 5595 877 5659 strumento,
912 5606 1078 5658 neque
1109 5589 1219 5644 Deo
1244 5592 1496 5644 inharrere
1530 5608 1619 5659 per
1649 5591 1883 5643 lectionis
1904 5600 1951 5643 et
1982 5591 2178 5642 oratio-

567 5653 652 5730 ’δίε
683 5655 913 5730 “utfiunt
937 5653 1228 5730 possumus,
1247 5677 1413 5730 neque
1438 5660 1508 5713 ad
1530 5653 1757 5724 fratrum
1786 5661 2175 5728 beneﬁcentiam

572 5716 915 5797 bymartitqtis
937 5716 1175 5793 'oﬂiciitm
1203 5716 1361 5781 obire.
1391 5716 1565 5797 Igitur
1591 5741 1639 5783 et
1672 5716 2060 5796 corporis'cura
2089 5749 2177 5783 ne-

571 5786 804 5864 ff‘ffffrt'tt‘
825 5786 1066 5864 hqbenda
1089 5805 1183 5864 est,
1217 5812 1317 5864 non
1351 5786 1514 5864 ipsius
1539 5802 1732 5864 gratia,
1760 5786 1850 5851 sed
1880 5812 1932 5853 ut
1963 5803 2175 5855 sert'itio

567 5844 720 5896 illius
736 5850 804 5897 ad
825 5844 1182 5919 philosOphiai
1205 5844 1290 5923 ua
1305 5844 1444 5927 est,
1457 5844 2029 5933 ’ἐιῆἱίέὶίἷίῖιῖἶνὲΓςζὲῖὶ
2038 5844 2171 5924 {at}:

2285 3453 2563 3527 pl_:tti_onis)_
2583 3453 2758 3504 studia
2781 3453 2860 3527 u_ti
2880 3454 3226 3527 possimu.s_.S.
3249 3455 3622 3527 Hieronymus
3647 3455 3698 3510 in
3718 3457 3870 3527 epist.

2279 3522 2346 3597 ad
2378 3524 2733 3597 Nepotianum
2764 3522 2956 3591 (Epist.
2992 3524 3051 3592 tt)
3077 3543 3088 3576 :
3123 3523 3350 3577 Tantum
3377 3522 3474 3597 tibi
3497 3528 3712 3580 modum
3745 3522 3873 3597 {eju-

2278 3596 2479 3648 niorum
2499 3595 2743 3671 impone,
2765 3601 3016 3671 quantum
3069 3599 3204 3663 ferre
3232 3605 3398 3663 potes.
3441 3595 3570 3671 Sint
3600 3599 3702 3671 tibi
3729 3595 3868 3671 pura,

2277 3665 3052 3742 casta,_siittpli_i"ia,moderata
3077 3707 3090 3728 ,
3121 3677 3166 3742 et
3199 3683 3300 3742 non
3319 3665 3873 3742 __su_perstitiosg'jrju-

2279 3739 2368 3792 nia
2427 3738 2490 3791 Et.
2531 3735 2595 3792 ad
2629 3738 2905 3792 Rusticum
2931 3738 3251 3791 induachum
3287 3735 3480 3802 (Epist.
3510 3739 3632 3809 tv):
3667 3735 3874 3809 Jeju'nia

2278 3811 2542 3864 moderata
2567 3813 2692 3876 sint,
2722 3827 2783 3862 ne
2813 3810 2980 3861 nimia
3011 3810 3272 3863 debilitent
3297 3807 3650 3874 stomachum,
3684 3807 3735 3864 et
3770 3829 3872 3864 rna-

2268 3883 2440 3949 jorem
2470 3882 2795 3950 refectionem
2824 3881 3093 3952 poscentia
3137 3889 3405 3949 erumpant
3455 3881 3508 3932 in
3539 3883 3865 3948 cruditatem,

2277 3970 2396 4021 quia
2416 3971 2600 4021 parcns
2633 3950 3025 4024 libidinumest.
3056 3950 3296 4008 Modicus
3323 3962 3369 4006 et
3402 3959 3706 4024 temperatus
3726 3956 3868 4009 cibus

2279 4033 2327 4078 et
2353 4026 2499 4077 carni
2530 4035 2576 4078 et
2605 4027 2796 4078 (mian
2835 4021 2981 4076 utilis
3012 4032 3109 4077 est.

2351 4092 2377 4130 ἀ
2411 4097 2486 4149 lta
2528 4098 2825 4151 secundum
2868 4093 3111 4150 Graecam
3159 4095 3567 4166 translationem
3613 4096 3864 4166 Septuag.

2277 4165 2644 4235 lnterpretum
2665 4212 2678 4234 ,
2711 4181 2870 4238 quam
2901 4167 3142 4236 plerique
3174 4165 3360 4220 Patres
3405 4169 3574 4222 secuti
3602 4175 3744 4238 sunt;
3777 4165 3866 4220 at-

2276 4239 2552 4308 que_intcr
2578 4237 3084 4308 alios’Augustiuus
3112 4239 3205 4292 lib.
3241 4254 3307 4292 xv
3342 4238 3596 4308 Dellivit.
3628 4237 3714 4291 Dei
3741 4253 3863 4308 cap.

2277 4307 2350 4380 ’ζε
2379 4306 2445 4358 1η
2471 4307 2590 4370 hac,
2627 4311 2820 4378 inquit,
2843 4306 3203 4362 admonitione
3225 4325 3380 4380 quant
3406 4307 3542 4362 Deus
3564 4310 3771 4380 protulit
3798 4306 3868 4360 ad

2278 4377 2430 4451 Cain,
2458 4380 2590 4432 illud
2612 4383 2821 4451 quidem
2843 4381 2979 4448 quod
3006 4380 3202 4434 dictum
3228 4392 3300 4433 est
3317 4397 3335 4433 :
3358 4379 3546 4433 Nonne
3564 4377 3615 4430 si
3634 4391 3764 4432 recte
3791 4380 3866 4448 of-

2277 4450 2438 4520 feras,
2464 4462 2597 4505 recte
2618 4450 2792 4505 autem
2814 4467 2916 4504 non
2947 4452 3170 4509 dividas.
3206 4451 3466 4518 peccasti?
3489 4451 3606 4512 quia
3633 4467 3728 4500 non
3753 4453 3868 4506 elu-

2277 4532 2353 4574 cet
2384 4538 2479 4574 cur
2510 4523 2586 4577 vel
2617 4525 2752 4577 unde
2780 4524 2843 4575 sit
2868 4522 3090 4587 dictum,
3119 4524 3305 4576 multos
3331 4537 3505 4573 sensus
3532 4520 3718 4589 peperit
3745 4523 3867 4589 ejus

2278 4592 2588 4657 obscuritas,
2621 4612 2734 4648 eum
2766 4595 3057 4646 divinarum
3098 4595 3479 4662 Scripturarum
3511 4592 3711 4660 quisque
3745 4600 3862 4647 tra-
3919 4605 3921 4615 ‘

2278 4674 2448 4718 ctator
2483 4668 2766 4719 secundum
2809 4666 2932 4731 fidei
2956 4667 3186 4734 regulam
3215 4667 3268 4717 id
3310 4673 3520 4715 conatur
3556 4663 3861 4734 exprimere.
3918 4717 3919 4725 η

2199 4763 2252 4822 D
2280 4735 2438 4788 Recte
2467 4739 2655 4818 quippe
2704 4737 2917 4801 o/fertur
2962 4731 3307 4822 sacriﬁcium,
3341 4751 3458 4822 cum
3505 4731 3710 4822 oﬁetLt’ur
3757 4734 3862 4790 Deo

2277 4824 2414 4871 vero,
2451 4803 2530 4860 cui
2559 4803 2650 4861 uni
2675 4810 3026 4859 tantummodo
3049 4803 3454 4874 sacrificandum
3479 4817 3568 4860 est.
3607 4803 3718 4858 Non
3762 4824 3856 4858 att-

2276 4889 2375 4930 tem
2424 4890 2557 4932 recte
2598 4879 2869 4941 dividitur,
2904 4879 3025 4929 dum
3066 4895 3165 4929 non
3207 4879 3575 4930 discernuntur
3617 4889 3740 4929 recte
3785 4878 3858 4931 rel

2276 4949 2410 5013 loca,
2442 4951 2517 5002 vel
2542 4966 2801 5015 tempora,
2838 4950 2913 5002 vel
2944 4965 3023 5000 res
3047 4950 3170 5018 ipsa:
3189 4965 3307 5017 quas
3337 4949 3648 5014 o/feruntur,
3670 4947 3742 5000 vel
3770 4950 3853 5018 qui

2275 5019 2444 5085 oﬂ'ert,
2479 5022 2557 5074 vel
2583 5025 2666 5090 qui
2697 5019 2932 5086 offertur,
2962 5019 3040 5072 vel
3067 5022 3118 5072 hi
3138 5021 3324 5088 quibus
3355 5022 3423 5071 ad
3444 5020 3737 5090 vescendum
3772 5022 3848 5071 di-

2277 5093 2546 5144 stribuitur
2571 5089 2708 5160 quod
2750 5092 2979 5144 oblatum
3009 5100 3101 5155 est,
3145 5101 3200 5143 ut
3249 5091 3554 5144 divisionem
3601 5089 3845 5158 intelligo.

2277 5179 2388 5214 mus
2412 5164 2801 5226 discretionem;
2831 5164 2934 5215 sive
2975 5178 3090 5215 cum
3123 5161 3340 5227 offertur
3374 5163 3460 5214 ubi
3510 5179 3610 5215 non
3631 5171 3843 5231 opOrtet;

2275 5235 2379 5286 sive
2410 5251 2524 5286 cum
2575 5234 2790 5302 offertur
2828 5234 3041 5304 quando
3080 5250 3181 5286 non
3209 5242 3431 5304 oportet,
3475 5244 3562 5285 aut
3595 5236 3722 5304 quod
3755 5249 3844 5286 non

2277 5315 2420 5366 tunc,
2450 5307 2540 5357 sed
2566 5301 2695 5359 alias
2718 5301 2914 5377 oportet
2937 5323 2954 5372 ;
2983 5305 3090 5358 sive
3117 5321 3230 5377 cum
3261 5305 3315 5357 id
3340 5303 3561 5372 offertur
3587 5301 3714 5377 quod
3738 5321 3849 5355 mis-

2273 5394 2429 5445 quam
2460 5388 2506 5429 et
2545 5375 2827 5447 numquam
2858 5377 3061 5445 penitus
3106 5375 3314 5447 debuit;
3343 5377 3447 5428 sive
3489 5392 3602 5430 cum
3631 5375 3849 5447 electiora
3899 5397 3905 5447 (-

2275 5449 2372 5502 sibi
2403 5451 2634 5520 ejusdem
2667 5445 2864 5520 generis
2894 5464 3064 5500 rerum
3099 5456 3231 5500 tenet
3272 5445 3460 5520 homo,
3491 5463 3638 5520 quam
3678 5445 3772 5498 sint
3799 5460 3846 5520 ea

2277 5536 2393 5589 qua:
2422 5516 2574 5586 olfert
2604 5516 2746 5584 Deo;
2777 5521 2878 5572 sive
2905 5536 3018 5572 cunt
3065 5521 3176 5589 ejus
3217 5519 3291 5571 rei
3334 5535 3450 5589 qua:
3490 5517 3657 5570 oblata
3695 5525 3766 5589 est
3796 5516 3842 5589 ﬁt

2276 5587 2533 5662 particeps
2561 5592 2836 5660 profanus,
2871 5601 2958 5644 aut
2989 5587 3202 5662 quilibet
3228 5587 3374 5660 quem
3400 5591 3480 5662 fas
3506 5606 3614 5662 non
3632 5598 3696 5642 est
3722 5587 3837 5662 ﬁeri.

2277 5657 2366 5718 Sic
2397 5657 2755 5728 Att-guislintts.
2781 5663 2953 5719 Porro
2975 5657 3202 5732 Vulgata
3226 5657 3406 5717 vet‘sior
3424 5661 3530 5715 divi
3556 5657 3838 5732 Hieronymi

2281 5749 2310 5786 a
2347 5734 2584 5786 concilio
2627 5733 2951 5788 Tridentino
2994 5731 3292 5803 approbata
3323 5734 3402 5788 sic
3444 5733 3638 5787 habet:
3670 5731 3837 5788 Nonne

2279 5803 2479 5875 sibene
2517 5805 2704 5873 egeris,
2741 5806 2990 5875 recipies;
3017 5805 3096 5857 sin
3117 5814 3284 5859 autem
3322 5804 3478 5870 male,
3497 5805 3664 5859 statim
3692 5807 3740 5858 in
3771 5810 3836 5875 fo-

2276 5871 2421 5922 ribus
2447 5871 2710 5938 peccatum
2742 5871 2909 5928 aderit
2932 5873 3083 5944 (Gen.
3115 5875 3192 5943 tv)
