  <div class='ocr_page' id='page_1' title='image "/cluster/home/n/w/nwhite01/storage/ocr_20150623/49/uva.x000827093/607.png"; bbox 0 0 3986 6188; ppageno 0'>
   <div class='ocr_carea' id='block_1_1' title="bbox 531 319 677 380">
    <p class='ocr_par' dir='ltr' id='par_1_1' title="bbox 531 319 677 380">
     <span class='ocr_line' id='line_1_1' title="bbox 531 319 677 380; baseline -0.014 0"><span class='ocrx_word' id='word_1_1' title='bbox 531 319 677 380; x_wconf 81' lang='grc'><strong>1199</strong></span> 
     </span>
    </p>
   </div>
   <div class='ocr_carea' id='block_1_2' title="bbox 531 422 3518 500">
    <p class='ocr_par' dir='ltr' id='par_1_2' title="bbox 531 422 3518 500">
     <span class='ocr_line' id='line_1_2' title="bbox 531 422 3518 500; baseline -0.005 -5"><span class='ocrx_word' id='word_1_2' title='bbox 531 441 662 495; x_wconf 87' lang='lat' dir='ltr'><strong>tatis</strong></span> <span class='ocrx_word' id='word_1_3' title='bbox 685 443 1060 500; x_wconf 82' lang='lat' dir='ltr'><strong>conservetur,</strong></span> <span class='ocrx_word' id='word_1_4' title='bbox 1095 441 1152 490; x_wconf 87' lang='lat' dir='ltr'><strong>et</strong></span> <span class='ocrx_word' id='word_1_5' title='bbox 1177 428 1570 488; x_wconf 90' lang='lat' dir='ltr'><strong>saluberrimus</strong></span> <span class='ocrx_word' id='word_1_6' title='bbox 1621 431 1978 500; x_wconf 75' lang='lat' dir='ltr'><strong>parcimonire</strong></span> <span class='ocrx_word' id='word_1_7' title='bbox 2009 446 2123 485; x_wconf 87' lang='lat' dir='ltr'><strong>mo-</strong></span> <span class='ocrx_word' id='word_1_8' title='bbox 2154 432 2208 493; x_wconf 78' lang='grc' dir='ltr'><strong>Α</strong></span> <span class='ocrx_word' id='word_1_9' title='bbox 2233 436 2321 482; x_wconf 87' lang='lat' dir='ltr'><strong>tua</strong></span> <span class='ocrx_word' id='word_1_10' title='bbox 2352 429 2610 499; x_wconf 76' lang='lat' dir='ltr'><strong>(Notium.</strong></span> <span class='ocrx_word' id='word_1_11' title='bbox 2645 429 2708 496; x_wconf 86' lang='grc' dir='ltr'><strong>ι).</strong></span> <span class='ocrx_word' id='word_1_12' title='bbox 2757 425 2814 482; x_wconf 88' lang='lat' dir='ltr'><strong>Si</strong></span> <span class='ocrx_word' id='word_1_13' title='bbox 2850 425 2994 480; x_wconf 90' lang='lat' dir='ltr'><strong>enim</strong></span> <span class='ocrx_word' id='word_1_14' title='bbox 3032 422 3518 500; x_wconf 52' lang='lat' dir='ltr'><strong>continentiﬁ</strong></span> 
     </span>
    </p>
   </div>
   <div class='ocr_carea' id='block_1_3' title="bbox 527 525 2124 595">
    <p class='ocr_par' dir='ltr' id='par_1_3' title="bbox 527 525 2124 595">
     <span class='ocr_line' id='line_1_3' title="bbox 527 525 2124 595; baseline -0.005 -7"><span class='ocrx_word' id='word_1_15' title='bbox 527 533 631 589; x_wconf 89' lang='lat' dir='ltr'><strong>dus</strong></span> <span class='ocrx_word' id='word_1_16' title='bbox 660 530 884 586; x_wconf 90' lang='lat' dir='ltr'><strong>minime</strong></span> <span class='ocrx_word' id='word_1_17' title='bbox 918 527 1358 589; x_wconf 87' lang='lat' dir='ltr'><strong>transcendatur,</strong></span> <span class='ocrx_word' id='word_1_18' title='bbox 1387 525 1598 580; x_wconf 83' lang='lat' dir='ltr'><strong>sufficit</strong></span> <span class='ocrx_word' id='word_1_19' title='bbox 1631 532 1688 579; x_wconf 90' lang='lat' dir='ltr'><strong>ut</strong></span> <span class='ocrx_word' id='word_1_20' title='bbox 1725 525 2124 595; x_wconf 89' lang='lat' dir='ltr'><strong>indulgentiam</strong></span> 
     </span>
    </p>
   </div>
   <div class='ocr_carea' id='block_1_4' title="bbox 525 620 2127 694">
    <p class='ocr_par' dir='ltr' id='par_1_4' title="bbox 525 620 2127 694">
     <span class='ocr_line' id='line_1_4' title="bbox 525 620 2127 694; baseline -0.006 -10"><span class='ocrx_word' id='word_1_21' title='bbox 525 627 872 684; x_wconf 79' lang='lat' dir='ltr'><strong>remissionis</strong></span> <span class='ocrx_word' id='word_1_22' title='bbox 897 640 968 681; x_wconf 91' lang='lat' dir='ltr'><strong>eo</strong></span> <span class='ocrx_word' id='word_1_23' title='bbox 1007 638 1179 694; x_wconf 88' lang='lat' dir='ltr'><strong>usque</strong></span> <span class='ocrx_word' id='word_1_24' title='bbox 1223 622 1480 692; x_wconf 85' lang='lat' dir='ltr'><strong>progredi</strong></span> <span class='ocrx_word' id='word_1_25' title='bbox 1517 620 1787 690; x_wconf 89' lang='lat' dir='ltr'><strong>patiamur</strong></span> <span class='ocrx_word' id='word_1_26' title='bbox 1816 629 1842 656; x_wconf 68' lang='grc' dir='ltr'>α</span> <span class='ocrx_word' id='word_1_27' title='bbox 1873 627 1932 674; x_wconf 90' lang='lat' dir='ltr'><strong>ut</strong></span> <span class='ocrx_word' id='word_1_28' title='bbox 1973 620 2127 674; x_wconf 83' lang='lat' dir='ltr'><strong>cibus</strong></span> 
     </span>
    </p>
   </div>
   <div class='ocr_carea' id='block_1_5' title="bbox 525 710 2127 792">
    <p class='ocr_par' dir='ltr' id='par_1_5' title="bbox 525 710 2127 792">
     <span class='ocr_line' id='line_1_5' title="bbox 525 710 2127 792; baseline -0.006 -16"><span class='ocrx_word' id='word_1_29' title='bbox 525 724 620 792; x_wconf 90' lang='lat' dir='ltr'><strong>qui</strong></span> <span class='ocrx_word' id='word_1_30' title='bbox 655 720 794 775; x_wconf 89' lang='lat' dir='ltr'><strong>hora</strong></span> <span class='ocrx_word' id='word_1_31' title='bbox 818 718 927 774; x_wconf 91' lang='lat' dir='ltr'><strong>diei</strong></span> <span class='ocrx_word' id='word_1_32' title='bbox 959 731 1106 771; x_wconf 87' lang='lat' dir='ltr'><strong>nona</strong></span> <span class='ocrx_word' id='word_1_33' title='bbox 1140 715 1318 770; x_wconf 91' lang='lat' dir='ltr'><strong>fuerat</strong></span> <span class='ocrx_word' id='word_1_34' title='bbox 1345 713 1666 783; x_wconf 87' lang='lat' dir='ltr'><strong>capiendus,</strong></span> <span class='ocrx_word' id='word_1_35' title='bbox 1689 711 1853 783; x_wconf 90' lang='lat' dir='ltr'><strong>paulo</strong></span> <span class='ocrx_word' id='word_1_36' title='bbox 1874 712 2056 780; x_wconf 90' lang='lat' dir='ltr'><strong>citius,</strong></span> <span class='ocrx_word' id='word_1_37' title='bbox 2073 710 2127 766; x_wconf 93' lang='lat' dir='ltr'><strong>id</strong></span> 
     </span>
    </p>
   </div>
   <div class='ocr_carea' id='block_1_6' title="bbox 521 807 2126 881">
    <p class='ocr_par' dir='ltr' id='par_1_6' title="bbox 521 807 2126 881">
     <span class='ocr_line' id='line_1_6' title="bbox 521 807 2126 881; baseline -0.006 -11"><span class='ocrx_word' id='word_1_38' title='bbox 521 825 628 881; x_wconf 88' lang='lat' dir='ltr'><strong>est,</strong></span> <span class='ocrx_word' id='word_1_39' title='bbox 656 821 813 868; x_wconf 86' lang='lat' dir='ltr'><strong>sexta</strong></span> <span class='ocrx_word' id='word_1_40' title='bbox 844 813 976 866; x_wconf 87' lang='lat' dir='ltr'><strong>hora</strong></span> <span class='ocrx_word' id='word_1_41' title='bbox 1006 825 1104 880; x_wconf 91' lang='lat' dir='ltr'><strong>pro</strong></span> <span class='ocrx_word' id='word_1_42' title='bbox 1137 807 1448 865; x_wconf 75' lang='lat' dir='ltr'><strong>festivitatis</strong></span> <span class='ocrx_word' id='word_1_43' title='bbox 1475 815 1726 878; x_wconf 90' lang='lat' dir='ltr'><strong>tempore</strong></span> <span class='ocrx_word' id='word_1_44' title='bbox 1756 807 2026 876; x_wconf 82' lang='lat' dir='ltr'><strong>capiatur,</strong></span> <span class='ocrx_word' id='word_1_45' title='bbox 2061 821 2126 862; x_wconf 89' lang='lat' dir='ltr'><strong>ea</strong></span> 
     </span>
    </p>
   </div>
   <div class='ocr_carea' id='block_1_7' title="bbox 519 901 2126 971">
    <p class='ocr_par' dir='ltr' id='par_1_7' title="bbox 519 901 2126 971">
     <span class='ocr_line' id='line_1_7' title="bbox 519 901 2126 971; baseline -0.003 -10"><span class='ocrx_word' id='word_1_46' title='bbox 519 906 745 962; x_wconf 84' lang='lat' dir='ltr'><strong>ratione</strong></span> <span class='ocrx_word' id='word_1_47' title='bbox 798 906 1108 971; x_wconf 84' lang='lat' dir='ltr'><strong>dumtaxat,</strong></span> <span class='ocrx_word' id='word_1_48' title='bbox 1162 910 1220 958; x_wconf 93' lang='lat' dir='ltr'><strong>ut</strong></span> <span class='ocrx_word' id='word_1_49' title='bbox 1262 917 1511 959; x_wconf 84' lang='lat' dir='ltr'><strong>escarum</strong></span> <span class='ocrx_word' id='word_1_50' title='bbox 1559 902 1755 956; x_wconf 92' lang='lat' dir='ltr'><strong>solitus</strong></span> <span class='ocrx_word' id='word_1_51' title='bbox 1802 903 1996 956; x_wconf 89' lang='lat' dir='ltr'><strong>modus</strong></span> <span class='ocrx_word' id='word_1_52' title='bbox 2041 901 2126 957; x_wconf 86' lang='lat' dir='ltr'><strong>vel</strong></span> 
     </span>
    </p>
   </div>
   <div class='ocr_carea' id='block_1_8' title="bbox 522 994 2128 1069">
    <p class='ocr_par' dir='ltr' id='par_1_8' title="bbox 522 994 2128 1069">
     <span class='ocr_line' id='line_1_8' title="bbox 522 994 2128 1069; baseline -0.002 -17"><span class='ocrx_word' id='word_1_53' title='bbox 522 999 766 1069; x_wconf 86' lang='lat' dir='ltr'><strong>qualitas</strong></span> <span class='ocrx_word' id='word_1_54' title='bbox 800 1013 909 1052; x_wconf 91' lang='lat' dir='ltr'><strong>non</strong></span> <span class='ocrx_word' id='word_1_55' title='bbox 938 1004 1199 1060; x_wconf 86' lang='lat' dir='ltr'><strong>mutetur,</strong></span> <span class='ocrx_word' id='word_1_56' title='bbox 1232 1010 1300 1050; x_wconf 93' lang='lat' dir='ltr'><strong>ne</strong></span> <span class='ocrx_word' id='word_1_57' title='bbox 1332 994 1539 1064; x_wconf 87' lang='lat' dir='ltr'><strong>puritas</strong></span> <span class='ocrx_word' id='word_1_58' title='bbox 1565 994 1834 1063; x_wconf 92' lang='lat' dir='ltr'><strong>corporis,</strong></span> <span class='ocrx_word' id='word_1_59' title='bbox 1870 1000 1956 1047; x_wconf 88' lang='lat' dir='ltr'><strong>vel</strong></span> <span class='ocrx_word' id='word_1_60' title='bbox 1985 994 2128 1048; x_wconf 91' lang='lat' dir='ltr'><strong>inte-</strong></span> 
     </span>
    </p>
   </div>
   <div class='ocr_carea' id='block_1_9' title="bbox 523 1083 2128 1158">
    <p class='ocr_par' dir='ltr' id='par_1_9' title="bbox 523 1083 2128 1158">
     <span class='ocr_line' id='line_1_9' title="bbox 523 1083 2128 1158; baseline -0.003 -15"><span class='ocrx_word' id='word_1_61' title='bbox 523 1089 694 1158; x_wconf 87' lang='lat' dir='ltr'><strong>gritas</strong></span> <span class='ocrx_word' id='word_1_62' title='bbox 749 1089 967 1150; x_wconf 92' lang='lat' dir='ltr'><strong>mentis,</strong></span> <span class='ocrx_word' id='word_1_63' title='bbox 1018 1086 1346 1142; x_wconf 88' lang='lat' dir='ltr'><strong>abstinentia</strong></span> <span class='ocrx_word' id='word_1_64' title='bbox 1401 1085 1848 1154; x_wconf 83' lang='lat' dir='ltr'><strong>Quadragesimae</strong></span> <span class='ocrx_word' id='word_1_65' title='bbox 1894 1083 2128 1154; x_wconf 87' lang='lat' dir='ltr'><strong>diligen-</strong></span> 
     </span>
    </p>
   </div>
   <div class='ocr_carea' id='block_1_10' title="bbox 525 1177 2129 1251">
    <p class='ocr_par' dir='ltr' id='par_1_10' title="bbox 525 1177 2129 1251">
     <span class='ocr_line' id='line_1_10' title="bbox 525 1177 2129 1251; baseline -0.004 -15"><span class='ocrx_word' id='word_1_66' title='bbox 525 1182 636 1236; x_wconf 88' lang='lat' dir='ltr'><strong>tius</strong></span> <span class='ocrx_word' id='word_1_67' title='bbox 663 1181 955 1251; x_wconf 80' lang='lat' dir='ltr'><strong>acquisita,</strong></span> <span class='ocrx_word' id='word_1_68' title='bbox 986 1180 1463 1248; x_wconf 79' lang='lat' dir='ltr'><strong>Quinquagesimae</strong></span> <span class='ocrx_word' id='word_1_69' title='bbox 1496 1178 1818 1234; x_wconf 87' lang='lat' dir='ltr'><strong>remissione</strong></span> <span class='ocrx_word' id='word_1_70' title='bbox 1845 1177 2129 1246; x_wconf 88' lang='lat' dir='ltr'><strong>depereat,</strong></span> 
     </span>
    </p>
   </div>
   <div class='ocr_carea' id='block_1_11' title="bbox 525 1270 2128 1343">
    <p class='ocr_par' dir='ltr' id='par_1_11' title="bbox 525 1270 2128 1343">
     <span class='ocr_line' id='line_1_11' title="bbox 525 1270 2128 1343; baseline -0.002 -16"><span class='ocrx_word' id='word_1_71' title='bbox 525 1272 772 1343; x_wconf 85' lang='lat' dir='ltr'><strong>nihilque</strong></span> <span class='ocrx_word' id='word_1_72' title='bbox 816 1273 974 1326; x_wconf 90' lang='lat' dir='ltr'><strong>nobis</strong></span> <span class='ocrx_word' id='word_1_73' title='bbox 1019 1273 1192 1341; x_wconf 90' lang='lat' dir='ltr'><strong>prosit</strong></span> <span class='ocrx_word' id='word_1_74' title='bbox 1229 1272 1534 1327; x_wconf 84' lang='lat' dir='ltr'><strong>obtinuisse</strong></span> <span class='ocrx_word' id='word_1_75' title='bbox 1573 1270 1796 1340; x_wconf 88' lang='lat' dir='ltr'><strong>jejuniis</strong></span> <span class='ocrx_word' id='word_1_76' title='bbox 1827 1270 1972 1340; x_wconf 87' lang='lat' dir='ltr'><strong>quod</strong></span> <span class='ocrx_word' id='word_1_77' title='bbox 2004 1285 2128 1324; x_wconf 90' lang='lat' dir='ltr'><strong>mox</strong></span> 
     </span>
    </p>
   </div>
   <div class='ocr_carea' id='block_1_12' title="bbox 523 1363 2130 1436">
    <p class='ocr_par' dir='ltr' id='par_1_12' title="bbox 523 1363 2130 1436">
     <span class='ocr_line' id='line_1_12' title="bbox 523 1363 2130 1436; baseline -0.004 -13"><span class='ocrx_word' id='word_1_78' title='bbox 523 1367 703 1423; x_wconf 82' lang='lat' dir='ltr'><strong>amitti</strong></span> <span class='ocrx_word' id='word_1_79' title='bbox 724 1376 883 1436; x_wconf 86' lang='lat' dir='ltr'><strong>cogat</strong></span> <span class='ocrx_word' id='word_1_80' title='bbox 907 1367 1121 1420; x_wconf 89' lang='lat' dir='ltr'><strong>incitata</strong></span> <span class='ocrx_word' id='word_1_81' title='bbox 1146 1367 1407 1419; x_wconf 86' lang='lat' dir='ltr'><strong>saturitas</strong></span> <span class='ocrx_word' id='word_1_82' title='bbox 1433 1382 1444 1416; x_wconf 79' lang='grc' dir='ltr'><strong>ε</strong></span> <span class='ocrx_word' id='word_1_83' title='bbox 1478 1364 1786 1434; x_wconf 70' lang='lat' dir='ltr'><strong>praesertim</strong></span> <span class='ocrx_word' id='word_1_84' title='bbox 1807 1379 1934 1418; x_wconf 90' lang='lat' dir='ltr'><strong>cum</strong></span> <span class='ocrx_word' id='word_1_85' title='bbox 1963 1363 2130 1418; x_wconf 91' lang='lat' dir='ltr'><strong>etiam</strong></span> 
     </span>
    </p>
   </div>
   <div class='ocr_carea' id='block_1_13' title="bbox 523 1456 2132 1529">
    <p class='ocr_par' dir='ltr' id='par_1_13' title="bbox 523 1456 2132 1529">
     <span class='ocr_line' id='line_1_13' title="bbox 523 1456 2132 1529; baseline -0.004 -15"><span class='ocrx_word' id='word_1_86' title='bbox 523 1460 700 1515; x_wconf 85' lang='lat' dir='ltr'><strong>hostis</strong></span> <span class='ocrx_word' id='word_1_87' title='bbox 733 1460 908 1514; x_wconf 91' lang='lat' dir='ltr'><strong>nostri</strong></span> <span class='ocrx_word' id='word_1_88' title='bbox 934 1475 1040 1513; x_wconf 89' lang='lat' dir='ltr'><strong>non</strong></span> <span class='ocrx_word' id='word_1_89' title='bbox 1067 1459 1249 1529; x_wconf 88' lang='lat' dir='ltr'><strong>ignota</strong></span> <span class='ocrx_word' id='word_1_90' title='bbox 1274 1458 1541 1523; x_wconf 90' lang='lat' dir='ltr'><strong>versutia,</strong></span> <span class='ocrx_word' id='word_1_91' title='bbox 1570 1468 1699 1511; x_wconf 91' lang='lat' dir='ltr'><strong>tunc</strong></span> <span class='ocrx_word' id='word_1_92' title='bbox 1723 1456 1995 1526; x_wconf 66' lang='lat' dir='ltr'><strong>praecipue</strong></span> <span class='ocrx_word' id='word_1_93' title='bbox 2013 1470 2132 1508; x_wconf 91' lang='lat' dir='ltr'><strong>mu-</strong></span> 
     </span>
    </p>
   </div>
   <div class='ocr_carea' id='block_1_14' title="bbox 525 1547 2128 1619">
    <p class='ocr_par' dir='ltr' id='par_1_14' title="bbox 525 1547 2128 1619">
     <span class='ocr_line' id='line_1_14' title="bbox 525 1547 2128 1619; baseline -0.003 -13"><span class='ocrx_word' id='word_1_94' title='bbox 525 1553 796 1607; x_wconf 91' lang='lat' dir='ltr'><strong>nitionem</strong></span> <span class='ocrx_word' id='word_1_95' title='bbox 841 1561 1043 1606; x_wconf 69' lang='lat' dir='ltr'><strong>nostra:</strong></span> <span class='ocrx_word' id='word_1_96' title='bbox 1077 1551 1330 1619; x_wconf 88' lang='lat' dir='ltr'><strong>puritatis</strong></span> <span class='ocrx_word' id='word_1_97' title='bbox 1357 1550 1669 1619; x_wconf 81' lang='lat' dir='ltr'><strong>impugnet,</strong></span> <span class='ocrx_word' id='word_1_98' title='bbox 1707 1563 1831 1604; x_wconf 92' lang='lat' dir='ltr'><strong>cum</strong></span> <span class='ocrx_word' id='word_1_99' title='bbox 1871 1547 1988 1617; x_wconf 89' lang='lat' dir='ltr'><strong>ejus</strong></span> <span class='ocrx_word' id='word_1_100' title='bbox 2030 1561 2128 1601; x_wconf 90' lang='lat' dir='ltr'><strong>cn-</strong></span> 
     </span>
    </p>
   </div>
   <div class='ocr_carea' id='block_1_15' title="bbox 525 1642 2124 1702">
    <p class='ocr_par' dir='ltr' id='par_1_15' title="bbox 525 1642 2124 1702">
     <span class='ocr_line' id='line_1_15' title="bbox 525 1642 2124 1702; baseline -0.007 0"><span class='ocrx_word' id='word_1_101' title='bbox 525 1647 759 1702; x_wconf 87' lang='lat' dir='ltr'><strong>stodiam</strong></span> <span class='ocrx_word' id='word_1_102' title='bbox 809 1646 1044 1700; x_wconf 86' lang='lat' dir='ltr'><strong>senserit</strong></span> <span class='ocrx_word' id='word_1_103' title='bbox 1096 1644 1458 1698; x_wconf 89' lang='lat' dir='ltr'><strong>solemnitatis</strong></span> <span class='ocrx_word' id='word_1_104' title='bbox 1502 1643 1823 1697; x_wconf 87' lang='lat' dir='ltr'><strong>celebritate</strong></span> <span class='ocrx_word' id='word_1_105' title='bbox 1869 1642 2124 1694; x_wconf 75' lang='lat' dir='ltr'><strong>laxatam.</strong></span> 
     </span>
    </p>
   </div>
   <div class='ocr_carea' id='block_1_16' title="bbox 522 1734 2129 1808">
    <p class='ocr_par' dir='ltr' id='par_1_16' title="bbox 522 1734 2129 1808">
     <span class='ocr_line' id='line_1_16' title="bbox 522 1734 2129 1808; baseline -0.004 -15"><span class='ocrx_word' id='word_1_106' title='bbox 522 1739 944 1808; x_wconf 58' lang='lat' dir='ltr'><strong>l’Quamobrem</strong></span> <span class='ocrx_word' id='word_1_107' title='bbox 987 1737 1412 1808; x_wconf 88' lang='lat' dir='ltr'><strong>vigilantissime</strong></span> <span class='ocrx_word' id='word_1_108' title='bbox 1467 1734 1864 1807; x_wconf 90' lang='lat' dir='ltr'><strong>providendum</strong></span> <span class='ocrx_word' id='word_1_109' title='bbox 1921 1743 2025 1799; x_wconf 88' lang='lat' dir='ltr'><strong>est,</strong></span> <span class='ocrx_word' id='word_1_110' title='bbox 2061 1749 2129 1788; x_wconf 91' lang='lat' dir='ltr'><strong>ne</strong></span> 
     </span>
    </p>
   </div>
   <div class='ocr_carea' id='block_1_17' title="bbox 521 1818 2210 1901">
    <p class='ocr_par' dir='ltr' id='par_1_17' title="bbox 521 1818 2210 1901">
     <span class='ocr_line' id='line_1_17' title="bbox 521 1818 2210 1901; baseline -0.004 -15"><span class='ocrx_word' id='word_1_111' title='bbox 521 1846 782 1901; x_wconf 89' lang='lat' dir='ltr'><strong>umquam</strong></span> <span class='ocrx_word' id='word_1_112' title='bbox 814 1832 1013 1885; x_wconf 90' lang='lat' dir='ltr'><strong>mentis</strong></span> <span class='ocrx_word' id='word_1_113' title='bbox 1045 1837 1248 1884; x_wconf 60' lang='lat' dir='ltr'><strong>nostra:</strong></span> <span class='ocrx_word' id='word_1_114' title='bbox 1289 1829 1439 1898; x_wconf 82' lang='lat' dir='ltr'><strong>vigor</strong></span> <span class='ocrx_word' id='word_1_115' title='bbox 1470 1829 1686 1882; x_wconf 89' lang='lat' dir='ltr'><strong>blandis</strong></span> <span class='ocrx_word' id='word_1_116' title='bbox 1717 1827 2132 1882; x_wconf 88' lang='lat' dir='ltr'><strong>seductionibus</strong></span> <span class='ocrx_word' id='word_1_117' title='bbox 2161 1818 2210 1879; x_wconf 88' lang='lat' dir='ltr'><strong>B</strong></span> 
     </span>
    </p>
   </div>
   <div class='ocr_carea' id='block_1_18' title="bbox 520 1920 2125 1988">
    <p class='ocr_par' dir='ltr' id='par_1_18' title="bbox 520 1920 2125 1988">
     <span class='ocr_line' id='line_1_18' title="bbox 520 1920 2125 1988; baseline -0.005 -8"><span class='ocrx_word' id='word_1_118' title='bbox 520 1933 840 1988; x_wconf 86' lang='lat' dir='ltr'><strong>enervetur,</strong></span> <span class='ocrx_word' id='word_1_119' title='bbox 885 1937 984 1985; x_wconf 91' lang='lat' dir='ltr'><strong>ne,</strong></span> <span class='ocrx_word' id='word_1_120' title='bbox 1018 1921 1184 1976; x_wconf 85' lang='lat' dir='ltr'><strong>veluti</strong></span> <span class='ocrx_word' id='word_1_121' title='bbox 1231 1935 1394 1988; x_wconf 90' lang='lat' dir='ltr'><strong>supra</strong></span> <span class='ocrx_word' id='word_1_122' title='bbox 1423 1920 1534 1988; x_wconf 90' lang='lat' dir='ltr'><strong>jam</strong></span> <span class='ocrx_word' id='word_1_123' title='bbox 1578 1920 1784 1974; x_wconf 87' lang='lat' dir='ltr'><strong>dictum</strong></span> <span class='ocrx_word' id='word_1_124' title='bbox 1815 1929 1928 1982; x_wconf 89' lang='lat' dir='ltr'><strong>est,</strong></span> <span class='ocrx_word' id='word_1_125' title='bbox 1961 1921 2125 1973; x_wconf 88' lang='lat' dir='ltr'><strong>casti-</strong></span> 
     </span>
    </p>
   </div>
   <div class='ocr_carea' id='block_1_19' title="bbox 520 2013 2122 2086">
    <p class='ocr_par' dir='ltr' id='par_1_19' title="bbox 520 2013 2122 2086">
     <span class='ocr_line' id='line_1_19' title="bbox 520 2013 2122 2086; baseline -0.002 -14"><span class='ocrx_word' id='word_1_126' title='bbox 520 2016 727 2074; x_wconf 84' lang='lat' dir='ltr'><strong>moniae</strong></span> <span class='ocrx_word' id='word_1_127' title='bbox 775 2015 1070 2086; x_wconf 85' lang='lat' dir='ltr'><strong>puritatem</strong></span> <span class='ocrx_word' id='word_1_128' title='bbox 1112 2013 1555 2082; x_wconf 83' lang='lat' dir='ltr'><strong>Quadragesimae</strong></span> <span class='ocrx_word' id='word_1_129' title='bbox 1608 2015 1796 2069; x_wconf 90' lang='lat' dir='ltr'><strong>labore</strong></span> <span class='ocrx_word' id='word_1_130' title='bbox 1837 2015 2122 2083; x_wconf 62' lang='lat' dir='ltr'><strong>quaesitam</strong></span> 
     </span>
    </p>
   </div>
   <div class='ocr_carea' id='block_1_20' title="bbox 519 2107 2126 2180">
    <p class='ocr_par' dir='ltr' id='par_1_20' title="bbox 519 2107 2126 2180">
     <span class='ocr_line' id='line_1_20' title="bbox 519 2107 2126 2180; baseline 0 -18"><span class='ocrx_word' id='word_1_131' title='bbox 519 2109 995 2180; x_wconf 82' lang='lat' dir='ltr'><strong>Quinquagesimae</strong></span> <span class='ocrx_word' id='word_1_132' title='bbox 1038 2109 1231 2179; x_wconf 88' lang='lat' dir='ltr'><strong>requie</strong></span> <span class='ocrx_word' id='word_1_133' title='bbox 1270 2122 1334 2162; x_wconf 90' lang='lat' dir='ltr'><strong>ac</strong></span> <span class='ocrx_word' id='word_1_134' title='bbox 1374 2107 1672 2163; x_wconf 87' lang='lat' dir='ltr'><strong>securitate</strong></span> <span class='ocrx_word' id='word_1_135' title='bbox 1708 2108 2019 2176; x_wconf 90' lang='lat' dir='ltr'><strong>perdamus.</strong></span> <span class='ocrx_word' id='word_1_136' title='bbox 2057 2108 2126 2162; x_wconf 82' lang='lat' dir='ltr'><strong>Et</strong></span> 
     </span>
    </p>
   </div>
   <div class='ocr_carea' id='block_1_21' title="bbox 518 2200 2123 2271">
    <p class='ocr_par' dir='ltr' id='par_1_21' title="bbox 518 2200 2123 2271">
     <span class='ocr_line' id='line_1_21' title="bbox 518 2200 2123 2271; baseline -0.003 -11"><span class='ocrx_word' id='word_1_137' title='bbox 518 2204 730 2260; x_wconf 87' lang='lat' dir='ltr'><strong>idcirco</strong></span> <span class='ocrx_word' id='word_1_138' title='bbox 761 2202 904 2258; x_wconf 91' lang='lat' dir='ltr'><strong>nulla</strong></span> <span class='ocrx_word' id='word_1_139' title='bbox 943 2202 1159 2271; x_wconf 90' lang='lat' dir='ltr'><strong>penitus</strong></span> <span class='ocrx_word' id='word_1_140' title='bbox 1185 2201 1238 2256; x_wconf 93' lang='lat' dir='ltr'><strong>in</strong></span> <span class='ocrx_word' id='word_1_141' title='bbox 1268 2200 1514 2256; x_wconf 89' lang='lat' dir='ltr'><strong>ciborum</strong></span> <span class='ocrx_word' id='word_1_142' title='bbox 1547 2201 1814 2271; x_wconf 88' lang='lat' dir='ltr'><strong>qualitate</strong></span> <span class='ocrx_word' id='word_1_143' title='bbox 1842 2202 1930 2257; x_wconf 89' lang='lat' dir='ltr'><strong>vel</strong></span> <span class='ocrx_word' id='word_1_144' title='bbox 1964 2201 2123 2255; x_wconf 91' lang='lat' dir='ltr'><strong>modo</strong></span> 
     </span>
    </p>
   </div>
   <div class='ocr_carea' id='block_1_22' title="bbox 519 2294 2126 2365">
    <p class='ocr_par' dir='ltr' id='par_1_22' title="bbox 519 2294 2126 2365">
     <span class='ocr_line' id='line_1_22' title="bbox 519 2294 2126 2365; baseline -0.003 -12"><span class='ocrx_word' id='word_1_145' title='bbox 519 2298 838 2353; x_wconf 90' lang='lat' dir='ltr'><strong>admittatur</strong></span> <span class='ocrx_word' id='word_1_146' title='bbox 867 2295 1138 2365; x_wconf 89' lang='lat' dir='ltr'><strong>adjectio,</strong></span> <span class='ocrx_word' id='word_1_147' title='bbox 1171 2294 1267 2351; x_wconf 88' lang='lat' dir='ltr'><strong>sed</strong></span> <span class='ocrx_word' id='word_1_148' title='bbox 1292 2295 1361 2350; x_wconf 89' lang='lat' dir='ltr'><strong>ab</strong></span> <span class='ocrx_word' id='word_1_149' title='bbox 1391 2295 1534 2350; x_wconf 88' lang='lat' dir='ltr'><strong>escis</strong></span> <span class='ocrx_word' id='word_1_150' title='bbox 1565 2309 1792 2364; x_wconf 92' lang='lat' dir='ltr'><strong>quarum</strong></span> <span class='ocrx_word' id='word_1_151' title='bbox 1840 2295 2126 2349; x_wconf 87' lang='lat' dir='ltr'><strong>continen-</strong></span> 
     </span>
    </p>
   </div>
   <div class='ocr_carea' id='block_1_23' title="bbox 517 2387 2122 2458">
    <p class='ocr_par' dir='ltr' id='par_1_23' title="bbox 517 2387 2122 2458">
     <span class='ocr_line' id='line_1_23' title="bbox 517 2387 2122 2458; baseline -0.001 -14"><span class='ocrx_word' id='word_1_152' title='bbox 517 2392 591 2445; x_wconf 89' lang='lat' dir='ltr'><strong>tia</strong></span> <span class='ocrx_word' id='word_1_153' title='bbox 621 2388 1032 2458; x_wconf 90' lang='lat' dir='ltr'><strong>diebusjejunii</strong></span> <span class='ocrx_word' id='word_1_154' title='bbox 1059 2403 1160 2458; x_wconf 91' lang='lat' dir='ltr'><strong>pro</strong></span> <span class='ocrx_word' id='word_1_155' title='bbox 1184 2388 1497 2458; x_wconf 81' lang='lat' dir='ltr'><strong>integritate</strong></span> <span class='ocrx_word' id='word_1_156' title='bbox 1525 2387 1796 2456; x_wconf 58' lang='lat' dir='ltr'><strong>pudicitiae</strong></span> <span class='ocrx_word' id='word_1_157' title='bbox 1819 2387 2122 2454; x_wconf 87' lang='lat' dir='ltr'><strong>utebamur,</strong></span> 
     </span>
    </p>
   </div>
   <div class='ocr_carea' id='block_1_24' title="bbox 517 2479 2124 2548">
    <p class='ocr_par' dir='ltr' id='par_1_24' title="bbox 517 2479 2124 2548">
     <span class='ocr_line' id='line_1_24' title="bbox 517 2479 2124 2548; baseline -0.001 -11"><span class='ocrx_word' id='word_1_158' title='bbox 517 2483 682 2537; x_wconf 78' lang='lat' dir='ltr'><strong>etiam</strong></span> <span class='ocrx_word' id='word_1_159' title='bbox 711 2483 903 2536; x_wconf 92' lang='lat' dir='ltr'><strong>diebus</strong></span> <span class='ocrx_word' id='word_1_160' title='bbox 933 2480 1309 2535; x_wconf 89' lang='lat' dir='ltr'><strong>celeberrimis</strong></span> <span class='ocrx_word' id='word_1_161' title='bbox 1348 2479 1604 2534; x_wconf 86' lang='lat' dir='ltr'><strong>similiter</strong></span> <span class='ocrx_word' id='word_1_162' title='bbox 1641 2490 2025 2548; x_wconf 88' lang='lat' dir='ltr'><strong>temperemus,</strong></span> <span class='ocrx_word' id='word_1_163' title='bbox 2059 2496 2124 2535; x_wconf 88' lang='lat' dir='ltr'><strong>ne</strong></span> 
     </span>
    </p>
   </div>
   <div class='ocr_carea' id='block_1_25' title="bbox 516 2570 2120 2637">
    <p class='ocr_par' dir='ltr' id='par_1_25' title="bbox 516 2570 2120 2637">
     <span class='ocr_line' id='line_1_25' title="bbox 516 2570 2120 2637; baseline -0.002 -10"><span class='ocrx_word' id='word_1_164' title='bbox 516 2574 706 2628; x_wconf 60' lang='lat' dir='ltr'><strong>laetitia</strong></span> <span class='ocrx_word' id='word_1_165' title='bbox 735 2572 1047 2626; x_wconf 79' lang='lat' dir='ltr'><strong>festivitatis</strong></span> <span class='ocrx_word' id='word_1_166' title='bbox 1079 2570 1603 2637; x_wconf 84' lang='lat' dir='ltr'><strong>perniciosissimam</strong></span> <span class='ocrx_word' id='word_1_167' title='bbox 1635 2571 1793 2625; x_wconf 89' lang='lat' dir='ltr'><strong>nobis</strong></span> <span class='ocrx_word' id='word_1_168' title='bbox 1821 2572 2120 2624; x_wconf 87' lang='lat' dir='ltr'><strong>carnalium</strong></span> 
     </span>
    </p>
   </div>
   <div class='ocr_carea' id='block_1_26' title="bbox 516 2661 2120 2732">
    <p class='ocr_par' dir='ltr' id='par_1_26' title="bbox 516 2661 2120 2732">
     <span class='ocr_line' id='line_1_26' title="bbox 516 2661 2120 2732; baseline -0.001 -13"><span class='ocrx_word' id='word_1_169' title='bbox 516 2666 916 2719; x_wconf 87' lang='lat' dir='ltr'><strong>incentivorum</strong></span> <span class='ocrx_word' id='word_1_170' title='bbox 946 2661 1220 2717; x_wconf 82' lang='lat' dir='ltr'><strong>suscitans</strong></span> <span class='ocrx_word' id='word_1_171' title='bbox 1247 2677 1505 2732; x_wconf 85' lang='lat' dir='ltr'><strong>pugnam,</strong></span> <span class='ocrx_word' id='word_1_172' title='bbox 1535 2672 1779 2718; x_wconf 86' lang='lat' dir='ltr'><strong>vertatur</strong></span> <span class='ocrx_word' id='word_1_173' title='bbox 1813 2665 1863 2717; x_wconf 91' lang='lat' dir='ltr'><strong>in</strong></span> <span class='ocrx_word' id='word_1_174' title='bbox 1894 2664 2120 2729; x_wconf 90' lang='lat' dir='ltr'><strong>luctum,</strong></span> 
     </span>
    </p>
   </div>
   <div class='ocr_carea' id='block_1_27' title="bbox 516 2754 2121 2824">
    <p class='ocr_par' dir='ltr' id='par_1_27' title="bbox 516 2754 2121 2824">
     <span class='ocr_line' id='line_1_27' title="bbox 516 2754 2121 2824; baseline -0.001 -12"><span class='ocrx_word' id='word_1_175' title='bbox 516 2757 777 2824; x_wconf 89' lang='lat' dir='ltr'><strong>illamque</strong></span> <span class='ocrx_word' id='word_1_176' title='bbox 831 2754 991 2808; x_wconf 90' lang='lat' dir='ltr'><strong>nobis</strong></span> <span class='ocrx_word' id='word_1_177' title='bbox 1019 2754 1494 2821; x_wconf 85' lang='lat' dir='ltr'><strong>excellentiorem,</strong></span> <span class='ocrx_word' id='word_1_178' title='bbox 1523 2770 1644 2822; x_wconf 66' lang='lat' dir='ltr'><strong>quae</strong></span> <span class='ocrx_word' id='word_1_179' title='bbox 1694 2754 1894 2824; x_wconf 85' lang='lat' dir='ltr'><strong>gaudio</strong></span> <span class='ocrx_word' id='word_1_180' title='bbox 1941 2755 2121 2811; x_wconf 86' lang='lat' dir='ltr'><strong>incor-</strong></span> 
     </span>
    </p>
   </div>
   <div class='ocr_carea' id='block_1_28' title="bbox 515 2844 2122 2918">
    <p class='ocr_par' dir='ltr' id='par_1_28' title="bbox 515 2844 2122 2918">
     <span class='ocr_line' id='line_1_28' title="bbox 515 2844 2122 2918; baseline 0.002 -17"><span class='ocrx_word' id='word_1_181' title='bbox 515 2846 786 2914; x_wconf 85' lang='lat' dir='ltr'><strong>ruptionis</strong></span> <span class='ocrx_word' id='word_1_182' title='bbox 813 2845 1070 2909; x_wconf 86' lang='lat' dir='ltr'><strong>exsultat,</strong></span> <span class='ocrx_word' id='word_1_183' title='bbox 1087 2844 1440 2902; x_wconf 88' lang='lat' dir='ltr'><strong>festivitatem</strong></span> <span class='ocrx_word' id='word_1_184' title='bbox 1472 2847 1671 2902; x_wconf 88' lang='lat' dir='ltr'><strong>mentis</strong></span> <span class='ocrx_word' id='word_1_185' title='bbox 1703 2848 1922 2918; x_wconf 87' lang='lat' dir='ltr'><strong>eripiat,</strong></span> <span class='ocrx_word' id='word_1_186' title='bbox 1955 2859 2009 2904; x_wconf 90' lang='lat' dir='ltr'><strong>et</strong></span> <span class='ocrx_word' id='word_1_187' title='bbox 2037 2851 2122 2904; x_wconf 91' lang='lat' dir='ltr'><strong>in-</strong></span> 
     </span>
    </p>
   </div>
   <div class='ocr_carea' id='block_1_29' title="bbox 515 2938 2120 3009">
    <p class='ocr_par' dir='ltr' id='par_1_29' title="bbox 515 2938 2120 3009">
     <span class='ocr_line' id='line_1_29' title="bbox 515 2938 2120 3009; baseline 0.002 -16"><span class='ocrx_word' id='word_1_188' title='bbox 515 2939 782 3008; x_wconf 90' lang='lat' dir='ltr'><strong>cipiamus</strong></span> <span class='ocrx_word' id='word_1_189' title='bbox 831 2947 953 3008; x_wconf 91' lang='lat' dir='ltr'><strong>post</strong></span> <span class='ocrx_word' id='word_1_190' title='bbox 998 2938 1216 2994; x_wconf 84' lang='lat' dir='ltr'><strong>brevem</strong></span> <span class='ocrx_word' id='word_1_191' title='bbox 1266 2939 1502 2994; x_wconf 87' lang='lat' dir='ltr'><strong>carnalis</strong></span> <span class='ocrx_word' id='word_1_192' title='bbox 1552 2940 1756 2996; x_wconf 65' lang='lat' dir='ltr'><strong>laetitiae</strong></span> <span class='ocrx_word' id='word_1_193' title='bbox 1798 2943 2120 3009; x_wconf 88' lang='lat' dir='ltr'><strong>vanitatem,</strong></span> 
     </span>
    </p>
   </div>
   <div class='ocr_carea' id='block_1_30' title="bbox 515 3031 2123 3102">
    <p class='ocr_par' dir='ltr' id='par_1_30' title="bbox 515 3031 2123 3102">
     <span class='ocr_line' id='line_1_30' title="bbox 515 3031 2123 3102; baseline 0.005 -19"><span class='ocrx_word' id='word_1_194' title='bbox 515 3032 778 3086; x_wconf 88' lang='lat' dir='ltr'><strong>amissam</strong></span> <span class='ocrx_word' id='word_1_195' title='bbox 808 3031 989 3085; x_wconf 89' lang='lat' dir='ltr'><strong>cordis</strong></span> <span class='ocrx_word' id='word_1_196' title='bbox 1036 3031 1352 3099; x_wconf 88' lang='lat' dir='ltr'><strong>pudicitiam</strong></span> <span class='ocrx_word' id='word_1_197' title='bbox 1389 3033 1553 3102; x_wconf 87' lang='lat' dir='ltr'><strong>longo</strong></span> <span class='ocrx_word' id='word_1_198' title='bbox 1603 3036 1943 3102; x_wconf 59' lang='lat' dir='ltr'><strong>paenitentia:</strong></span> <span class='ocrx_word' id='word_1_199' title='bbox 1989 3051 2123 3091; x_wconf 69' lang='lat' dir='ltr'><strong>mte-</strong></span> 
     </span>
    </p>
   </div>
   <div class='ocr_carea' id='block_1_31' title="bbox 515 3121 2119 3192">
    <p class='ocr_par' dir='ltr' id='par_1_31' title="bbox 515 3121 2119 3192">
     <span class='ocr_line' id='line_1_31' title="bbox 515 3121 2119 3192; baseline 0.003 -16"><span class='ocrx_word' id='word_1_200' title='bbox 515 3138 641 3177; x_wconf 88' lang='lat' dir='ltr'><strong>rore</strong></span> <span class='ocrx_word' id='word_1_201' title='bbox 669 3121 1230 3178; x_wconf 82' lang='lat' dir='ltr'><strong>deﬂere.Studendum</strong></span> <span class='ocrx_word' id='word_1_202' title='bbox 1256 3124 1558 3192; x_wconf 89' lang='lat' dir='ltr'><strong>quinimmo</strong></span> <span class='ocrx_word' id='word_1_203' title='bbox 1587 3136 1672 3180; x_wconf 91' lang='lat' dir='ltr'><strong>est</strong></span> <span class='ocrx_word' id='word_1_204' title='bbox 1698 3136 1755 3180; x_wconf 90' lang='lat' dir='ltr'><strong>ut</strong></span> <span class='ocrx_word' id='word_1_205' title='bbox 1786 3143 1891 3181; x_wconf 93' lang='lat' dir='ltr'><strong>non</strong></span> <span class='ocrx_word' id='word_1_206' title='bbox 1923 3127 2119 3182; x_wconf 88' lang='lat' dir='ltr'><strong>frustra</strong></span> 
     </span>
    </p>
   </div>
   <div class='ocr_carea' id='block_1_32' title="bbox 1626 281 3490 400">
    <p class='ocr_par' dir='ltr' id='par_1_32' title="bbox 1626 281 3490 400">
     <span class='ocr_line' id='line_1_32' title="bbox 1626 281 3490 400; baseline 0.008 -29"><span class='ocrx_word' id='word_1_207' title='bbox 1626 311 1911 372; x_wconf 75' lang='lat' dir='ltr'><strong>JOANNIS</strong></span> <span class='ocrx_word' id='word_1_208' title='bbox 1947 310 2258 372; x_wconf 66' lang='lat' dir='ltr'><strong>cassum</strong></span> <span class='ocrx_word' id='word_1_209' title='bbox 2294 310 2791 371; x_wconf 82' lang='lat' dir='ltr'><strong>COLLATIONES.</strong></span> 
     </span>
    </p>
   </div>
   <div class='ocr_carea' id='block_1_33' title="bbox 3337 339 3519 576">
    <p class='ocr_par' dir='ltr' id='par_1_33' title="bbox 3337 343 3519 576">
     <span class='ocr_line' id='line_1_33' title="bbox 3367 369 3484 404; baseline 0 -4"><span class='ocrx_word' id='word_1_210' title='bbox 3367 369 3484 404; x_wconf 56' lang='grc'><strong>1³--</strong></span> 
     </span>
     <span class='ocr_line' id='line_1_34' title="bbox 3337 410 3518 481; baseline 0 0"><span class='ocrx_word' id='word_1_211' title='bbox 3337 427 3348 481; x_wconf 94' lang='lat' dir='ltr'><strong>i</strong></span> <span class='ocrx_word' id='word_1_212' title='bbox 3403 410 3454 432; x_wconf 79' lang='grc'><strong>·““</strong></span> <span class='ocrx_word' id='word_1_213' title='bbox 3497 422 3518 438; x_wconf 66' lang='grc'><strong>’³</strong></span> 
     </span>
     <span class='ocr_line' id='line_1_35' title="bbox 3353 343 3519 576; baseline 0 -80"><span class='ocrx_word' id='word_1_214' title='bbox 3500 492 3512 568; x_wconf 42' lang='grc' dir='ltr'><strong><em>ἰ</em></strong></span> 
     </span>
    </p>

    <p class='ocr_par' dir='ltr' id='par_1_34' title="bbox 3419 529 3508 576">
     <span class='ocr_line' id='line_1_36' title="bbox 3419 529 3508 576; baseline 0 0"><span class='ocrx_word' id='word_1_215' title='bbox 3419 529 3508 576; x_wconf 84' lang='grc' dir='ltr'><strong>ιι..</strong></span> 
     </span>
    </p>
   </div>
   <div class='ocr_carea' id='block_1_34' title="bbox 3325 576 3680 945">
    <p class='ocr_par' dir='ltr' id='par_1_35' title="bbox 3325 576 3680 945">
     <span class='ocr_line' id='line_1_37' title="bbox 3325 576 3680 696; baseline -0.003 -27"><span class='ocrx_word' id='word_1_216' title='bbox 3325 615 3364 669; x_wconf 83' lang='grc' dir='ltr'><strong>)ἱ</strong></span> <span class='ocrx_word' id='word_1_217' title='bbox 3436 580 3462 601; x_wconf 57' lang='grc'><strong>.</strong></span> 
     </span>
     <span class='ocr_line' id='line_1_38' title="bbox 3581 769 3680 878; baseline 0 -89"><span class='ocrx_word' id='word_1_218' title='bbox 3581 769 3680 878; x_wconf 30' lang='grc' dir='ltr'><strong>χχχ-</strong></span> 
     </span>
     <span class='ocr_line' id='line_1_39' title="bbox 3631 884 3680 945; baseline 0 0"><span class='ocrx_word' id='word_1_219' title='bbox 3631 884 3680 945; x_wconf 53' lang='lat' dir='ltr'><strong>ii</strong></span> 
     </span>
    </p>
   </div>
   <div class='ocr_carea' id='block_1_35' title="bbox 3657 283 3871 367">
    <p class='ocr_par' dir='ltr' id='par_1_36' title="bbox 3657 283 3871 367">
     <span class='ocr_line' id='line_1_40' title="bbox 3657 283 3871 367; baseline 0 0"><span class='ocrx_word' id='word_1_220' title='bbox 3657 339 3660 342; x_wconf 86' lang='grc'><strong>-</strong></span> <span class='ocrx_word' id='word_1_221' title='bbox 3749 283 3871 367; x_wconf 64' lang='lat' dir='ltr'><strong>es</strong></span> 
     </span>
    </p>
   </div>
   <div class='ocr_carea' id='block_1_36' title="bbox 3522 426 3868 496">
    <p class='ocr_par' dir='ltr' id='par_1_37' title="bbox 3522 426 3868 496">
     <span class='ocr_line' id='line_1_41' title="bbox 3522 426 3868 496; baseline 0.006 -18"><span class='ocrx_word' id='word_1_222' title='bbox 3522 426 3765 496; x_wconf 64' lang='lat' dir='ltr'><strong>gnatam</strong></span> <span class='ocrx_word' id='word_1_223' title='bbox 3805 427 3868 480; x_wconf 75' lang='lat' dir='ltr'><strong>ia-</strong></span> 
     </span>
    </p>
   </div>
   <div class='ocr_carea' id='block_1_37' title="bbox 2231 492 3864 604">
    <p class='ocr_par' dir='ltr' id='par_1_38' title="bbox 2231 492 3864 604">
     <span class='ocr_line' id='line_1_42' title="bbox 2231 492 3864 604; baseline -0.001 -27"><span class='ocrx_word' id='word_1_224' title='bbox 2231 521 2458 591; x_wconf 88' lang='lat' dir='ltr'><strong>terjecta</strong></span> <span class='ocrx_word' id='word_1_225' title='bbox 2487 521 2698 575; x_wconf 90' lang='lat' dir='ltr'><strong>dierum</strong></span> <span class='ocrx_word' id='word_1_226' title='bbox 2731 518 3052 574; x_wconf 91' lang='lat' dir='ltr'><strong>solemnitas</strong></span> <span class='ocrx_word' id='word_1_227' title='bbox 3079 535 3187 574; x_wconf 93' lang='lat' dir='ltr'><strong>non</strong></span> <span class='ocrx_word' id='word_1_228' title='bbox 3215 492 3864 604; x_wconf 41' lang='lat' dir='ltr'><strong>muti‘ii,l§:jiiriw</strong></span> 
     </span>
    </p>
   </div>
   <div class='ocr_carea' id='block_1_38' title="bbox 2227 571 3865 696">
    <p class='ocr_par' dir='ltr' id='par_1_39' title="bbox 2227 571 3865 696">
     <span class='ocr_line' id='line_1_43' title="bbox 2227 571 3865 696; baseline -0.002 -25"><span class='ocrx_word' id='word_1_229' title='bbox 2227 571 3192 685; x_wconf 45' lang='lat' dir='ltr'><strong>satis};issam,sit;</strong></span> <span class='ocrx_word' id='word_1_230' title='bbox 3215 571 3865 696; x_wconf 53' lang='grc' dir='ltr'><strong>ἰἶςῖιῴ</strong></span> 
     </span>
    </p>
   </div>
   <div class='ocr_carea' id='block_1_39' title="bbox 2229 704 3304 775">
    <p class='ocr_par' dir='ltr' id='par_1_40' title="bbox 2229 704 3304 775">
     <span class='ocr_line' id='line_1_44' title="bbox 2229 704 3304 775; baseline -0.002 -11"><span class='ocrx_word' id='word_1_231' title='bbox 2229 708 2445 764; x_wconf 90' lang='lat' dir='ltr'><strong>ratione</strong></span> <span class='ocrx_word' id='word_1_232' title='bbox 2474 706 2835 775; x_wconf 86' lang='lat' dir='ltr'><strong>cessantibus,</strong></span> <span class='ocrx_word' id='word_1_233' title='bbox 2867 704 2984 761; x_wconf 89' lang='lat' dir='ltr'><strong>Erit</strong></span> <span class='ocrx_word' id='word_1_234' title='bbox 3013 707 3205 761; x_wconf 78' lang='lat' dir='ltr'><strong>mensis</strong></span> <span class='ocrx_word' id='word_1_235' title='bbox 3235 722 3304 762; x_wconf 76' lang='lat' dir='ltr'><strong>ea:</strong></span> 
     </span>
    </p>
   </div>
   <div class='ocr_carea' id='block_1_40' title="bbox 2231 795 3077 868">
    <p class='ocr_par' dir='ltr' id='par_1_41' title="bbox 2231 795 3077 868">
     <span class='ocr_line' id='line_1_45' title="bbox 2231 795 3077 868; baseline -0.001 -16"><span class='ocrx_word' id='word_1_236' title='bbox 2231 805 2342 852; x_wconf 89' lang='lat' dir='ltr'><strong>tum</strong></span> <span class='ocrx_word' id='word_1_237' title='bbox 2369 813 2432 851; x_wconf 79' lang='lat' dir='ltr'><strong>ea:</strong></span> <span class='ocrx_word' id='word_1_238' title='bbox 2452 796 2664 852; x_wconf 86' lang='lat' dir='ltr'><strong>sabbato</strong></span> <span class='ocrx_word' id='word_1_239' title='bbox 2695 795 2880 868; x_wconf 73' lang='lat' dir='ltr'><strong>(Isaia:</strong></span> <span class='ocrx_word' id='word_1_240' title='bbox 2907 796 3077 867; x_wconf 78' lang='lat' dir='ltr'><strong>Lm).</strong></span> 
     </span>
    </p>
   </div>
   <div class='ocr_carea' id='block_1_41' title="bbox 2801 887 3260 946">
    <p class='ocr_par' dir='ltr' id='par_1_42' title="bbox 2801 887 3260 946">
     <span class='ocr_line' id='line_1_46' title="bbox 2801 887 3260 946; baseline -0.004 -1"><span class='ocrx_word' id='word_1_241' title='bbox 2801 887 3032 946; x_wconf 85' lang='lat' dir='ltr'><strong>CAPUT</strong></span> <span class='ocrx_word' id='word_1_242' title='bbox 3064 889 3260 945; x_wconf 77' lang='lat' dir='ltr'><strong>XXIV.</strong></span> 
     </span>
    </p>
   </div>
   <div class='ocr_carea' id='block_1_42' title="bbox 2269 981 3892 1054">
    <p class='ocr_par' dir='ltr' id='par_1_43' title="bbox 2269 981 3892 1054">
     <span class='ocr_line' id='line_1_47' title="bbox 2269 981 3892 1054; baseline 0.001 -18"><span class='ocrx_word' id='word_1_243' title='bbox 2269 981 2620 1054; x_wconf 81' lang='lat' dir='ltr'><strong>Interrogatio</strong></span> <span class='ocrx_word' id='word_1_244' title='bbox 2641 984 2705 1038; x_wconf 87' lang='lat' dir='ltr'><strong>de</strong></span> <span class='ocrx_word' id='word_1_245' title='bbox 2722 981 2927 1036; x_wconf 86' lang='lat' dir='ltr'><strong>diversa</strong></span> <span class='ocrx_word' id='word_1_246' title='bbox 2954 981 3307 1036; x_wconf 85' lang='lat' dir='ltr'><strong>observatione</strong></span> <span class='ocrx_word' id='word_1_247' title='bbox 3341 981 3828 1054; x_wconf 48' lang='lat' dir='ltr'><strong>Quadi-owe?</strong></span> <span class='ocrx_word' id='word_1_248' title='bbox 3889 1050 3892 1052; x_wconf 12' lang='grc' dir='ltr'>γ</span> 
     </span>
    </p>
   </div>
   <div class='ocr_carea' id='block_1_43' title="bbox 2302 1076 3860 1145">
    <p class='ocr_par' dir='ltr' id='par_1_44' title="bbox 2302 1076 3860 1145">
     <span class='ocr_line' id='line_1_48' title="bbox 2302 1076 3860 1145; baseline -0.001 -10"><span class='ocrx_word' id='word_1_249' title='bbox 2302 1078 2606 1135; x_wconf 86' lang='lat' dir='ltr'><strong>Germanus</strong></span> <span class='ocrx_word' id='word_1_250' title='bbox 2631 1096 2645 1131; x_wconf 87' lang='lat'><strong>:</strong></span> <span class='ocrx_word' id='word_1_251' title='bbox 2675 1076 2813 1145; x_wconf 84' lang='lat' dir='ltr'><strong>Quid</strong></span> <span class='ocrx_word' id='word_1_252' title='bbox 2853 1091 3034 1131; x_wconf 75' lang='lat' dir='ltr'><strong>causa:</strong></span> <span class='ocrx_word' id='word_1_253' title='bbox 3063 1085 3148 1132; x_wconf 88' lang='lat' dir='ltr'><strong>est</strong></span> <span class='ocrx_word' id='word_1_254' title='bbox 3178 1086 3235 1131; x_wconf 90' lang='lat' dir='ltr'><strong>ut</strong></span> <span class='ocrx_word' id='word_1_255' title='bbox 3264 1091 3362 1130; x_wconf 89' lang='lat' dir='ltr'><strong>sex</strong></span> <span class='ocrx_word' id='word_1_256' title='bbox 3402 1076 3860 1134; x_wconf 65' lang='lat' dir='ltr'><strong>hebdomadibus</strong></span> 
     </span>
    </p>
   </div>
   <div class='ocr_carea' id='block_1_44' title="bbox 2231 1167 3855 1240">
    <p class='ocr_par' dir='ltr' id='par_1_45' title="bbox 2231 1167 3855 1240">
     <span class='ocr_line' id='line_1_49' title="bbox 2231 1167 3855 1240; baseline 0 -15"><span class='ocrx_word' id='word_1_257' title='bbox 2231 1169 2657 1240; x_wconf 78' lang='lat' dir='ltr'><strong>Quadragesima</strong></span> <span class='ocrx_word' id='word_1_258' title='bbox 2703 1167 3048 1234; x_wconf 87' lang='lat' dir='ltr'><strong>celebretur,</strong></span> <span class='ocrx_word' id='word_1_259' title='bbox 3085 1167 3212 1222; x_wconf 92' lang='lat' dir='ltr'><strong>licet</strong></span> <span class='ocrx_word' id='word_1_260' title='bbox 3254 1168 3705 1236; x_wconf 81' lang='lat' dir='ltr'><strong>inquibusdam</strong></span> <span class='ocrx_word' id='word_1_261' title='bbox 3751 1185 3855 1238; x_wconf 83' lang='lat' dir='ltr'><strong>pro-</strong></span> 
     </span>
    </p>
   </div>
   <div class='ocr_carea' id='block_1_45' title="bbox 2231 1258 3852 1331">
    <p class='ocr_par' dir='ltr' id='par_1_46' title="bbox 2231 1258 3852 1331">
     <span class='ocr_line' id='line_1_50' title="bbox 2231 1258 3852 1331; baseline 0.002 -17"><span class='ocrx_word' id='word_1_262' title='bbox 2231 1261 2423 1316; x_wconf 87' lang='lat' dir='ltr'><strong>vinciis</strong></span> <span class='ocrx_word' id='word_1_263' title='bbox 2459 1260 2744 1330; x_wconf 81' lang='lat' dir='ltr'><strong>religionis</strong></span> <span class='ocrx_word' id='word_1_264' title='bbox 2785 1258 3017 1313; x_wconf 84' lang='lat' dir='ltr'><strong>forsitan</strong></span> <span class='ocrx_word' id='word_1_265' title='bbox 3048 1261 3386 1330; x_wconf 89' lang='lat' dir='ltr'><strong>propensior</strong></span> <span class='ocrx_word' id='word_1_266' title='bbox 3416 1277 3563 1315; x_wconf 88' lang='lat' dir='ltr'><strong>cura</strong></span> <span class='ocrx_word' id='word_1_267' title='bbox 3598 1262 3852 1331; x_wconf 71' lang='lat' dir='ltr'><strong>adjecisse</strong></span> 
     </span>
    </p>
   </div>
   <div class='ocr_carea' id='block_1_46' title="bbox 2233 1353 3851 1423">
    <p class='ocr_par' dir='ltr' id='par_1_47' title="bbox 2233 1353 3851 1423">
     <span class='ocr_line' id='line_1_51' title="bbox 2233 1353 3851 1423; baseline -0.001 -13"><span class='ocrx_word' id='word_1_268' title='bbox 2233 1355 2628 1410; x_wconf 89' lang='lat' dir='ltr'><strong>hebdomadam</strong></span> <span class='ocrx_word' id='word_1_269' title='bbox 2659 1354 2822 1409; x_wconf 90' lang='lat' dir='ltr'><strong>etiam</strong></span> <span class='ocrx_word' id='word_1_270' title='bbox 2853 1354 3137 1423; x_wconf 89' lang='lat' dir='ltr'><strong>septimam</strong></span> <span class='ocrx_word' id='word_1_271' title='bbox 3172 1353 3453 1421; x_wconf 85' lang='lat' dir='ltr'><strong>videatur,</strong></span> <span class='ocrx_word' id='word_1_272' title='bbox 3492 1371 3631 1409; x_wconf 89' lang='lat' dir='ltr'><strong>cum</strong></span> <span class='ocrx_word' id='word_1_273' title='bbox 3678 1367 3851 1410; x_wconf 80' lang='lat' dir='ltr'><strong>neuter</strong></span> 
     </span>
    </p>
   </div>
   <div class='ocr_carea' id='block_1_47' title="bbox 2232 1448 3849 1518">
    <p class='ocr_par' dir='ltr' id='par_1_48' title="bbox 2232 1448 3849 1518">
     <span class='ocr_line' id='line_1_52' title="bbox 2232 1448 3849 1518; baseline -0.001 -14"><span class='ocrx_word' id='word_1_274' title='bbox 2232 1464 2513 1514; x_wconf 88' lang='lat' dir='ltr'><strong>numerus,</strong></span> <span class='ocrx_word' id='word_1_275' title='bbox 2551 1459 2574 1488; x_wconf 77' lang='grc' dir='ltr'><strong>ο</strong></span> <span class='ocrx_word' id='word_1_276' title='bbox 2600 1448 2690 1504; x_wconf 89' lang='lat' dir='ltr'><strong>die</strong></span> <span class='ocrx_word' id='word_1_277' title='bbox 2711 1448 2987 1503; x_wconf 90' lang='lat' dir='ltr'><strong>dominico</strong></span> <span class='ocrx_word' id='word_1_278' title='bbox 3010 1449 3348 1517; x_wconf 89' lang='lat' dir='ltr'><strong>sabbatoque</strong></span> <span class='ocrx_word' id='word_1_279' title='bbox 3379 1448 3708 1511; x_wconf 74' lang='lat' dir='ltr'><strong>subtracto,</strong></span> <span class='ocrx_word' id='word_1_280' title='bbox 3732 1465 3849 1518; x_wconf 79' lang='lat' dir='ltr'><strong>qua-</strong></span> 
     </span>
    </p>
   </div>
   <div class='ocr_carea' id='block_1_48' title="bbox 2229 1539 3848 1609">
    <p class='ocr_par' dir='ltr' id='par_1_49' title="bbox 2229 1539 3848 1609">
     <span class='ocr_line' id='line_1_53' title="bbox 2229 1539 3848 1609; baseline 0 -13"><span class='ocrx_word' id='word_1_281' title='bbox 2229 1539 2479 1609; x_wconf 86' lang='lat' dir='ltr'><strong>draginta</strong></span> <span class='ocrx_word' id='word_1_282' title='bbox 2503 1541 2714 1595; x_wconf 89' lang='lat' dir='ltr'><strong>dierum</strong></span> <span class='ocrx_word' id='word_1_283' title='bbox 2743 1540 2969 1608; x_wconf 85' lang='lat' dir='ltr'><strong>impleat</strong></span> <span class='ocrx_word' id='word_1_284' title='bbox 2997 1540 3313 1594; x_wconf 87' lang='lat' dir='ltr'><strong>summam?</strong></span> <span class='ocrx_word' id='word_1_285' title='bbox 3347 1541 3459 1596; x_wconf 91' lang='lat' dir='ltr'><strong>Sex</strong></span> <span class='ocrx_word' id='word_1_286' title='bbox 3502 1543 3662 1595; x_wconf 87' lang='lat' dir='ltr'><strong>enim</strong></span> <span class='ocrx_word' id='word_1_287' title='bbox 3696 1551 3746 1595; x_wconf 88' lang='lat' dir='ltr'><strong>et</strong></span> <span class='ocrx_word' id='word_1_288' title='bbox 3768 1543 3848 1596; x_wconf 55' lang='lat' dir='ltr'><strong>tri.</strong></span> 
     </span>
    </p>
   </div>
   <div class='ocr_carea' id='block_1_49' title="bbox 2231 1633 3836 1705">
    <p class='ocr_par' dir='ltr' id='par_1_50' title="bbox 2231 1633 3836 1705">
     <span class='ocr_line' id='line_1_54' title="bbox 2231 1633 3836 1705; baseline 0 -15"><span class='ocrx_word' id='word_1_289' title='bbox 2231 1636 2374 1705; x_wconf 80' lang='lat' dir='ltr'><strong>ginta</strong></span> <span class='ocrx_word' id='word_1_290' title='bbox 2407 1634 2522 1690; x_wconf 91' lang='lat' dir='ltr'><strong>dies</strong></span> <span class='ocrx_word' id='word_1_291' title='bbox 2573 1635 2626 1688; x_wconf 94' lang='lat' dir='ltr'><strong>in</strong></span> <span class='ocrx_word' id='word_1_292' title='bbox 2654 1634 2786 1704; x_wconf 86' lang='lat' dir='ltr'><strong>ipsis</strong></span> <span class='ocrx_word' id='word_1_293' title='bbox 2818 1633 3244 1690; x_wconf 88' lang='lat' dir='ltr'><strong>hebdomadibus</strong></span> <span class='ocrx_word' id='word_1_294' title='bbox 3292 1637 3702 1692; x_wconf 89' lang='lat' dir='ltr'><strong>tantummodo</strong></span> <span class='ocrx_word' id='word_1_295' title='bbox 3725 1652 3836 1690; x_wconf 39' lang='lat' dir='ltr'><strong>cia</strong></span> 
     </span>
    </p>
   </div>
   <div class='ocr_carea' id='block_1_50' title="bbox 2232 1727 2547 1784">
    <p class='ocr_par' dir='ltr' id='par_1_51' title="bbox 2232 1727 2547 1784">
     <span class='ocr_line' id='line_1_55' title="bbox 2232 1727 2547 1784; baseline -0.006 0"><span class='ocrx_word' id='word_1_296' title='bbox 2232 1727 2547 1784; x_wconf 89' lang='lat' dir='ltr'><strong>cluduntur.</strong></span> 
     </span>
    </p>
   </div>
   <div class='ocr_carea' id='block_1_51' title="bbox 2817 1817 3249 1876">
    <p class='ocr_par' dir='ltr' id='par_1_52' title="bbox 2817 1817 3249 1876">
     <span class='ocr_line' id='line_1_56' title="bbox 2817 1817 3249 1876; baseline 0 -3"><span class='ocrx_word' id='word_1_297' title='bbox 2817 1817 3042 1876; x_wconf 82' lang='lat' dir='ltr'><strong>CAPUT</strong></span> <span class='ocrx_word' id='word_1_298' title='bbox 3081 1819 3249 1875; x_wconf 74' lang='lat' dir='ltr'><strong>XXV.</strong></span> 
     </span>
    </p>
   </div>
   <div class='ocr_carea' id='block_1_52' title="bbox 2229 1913 3838 1987">
    <p class='ocr_par' dir='ltr' id='par_1_53' title="bbox 2229 1913 3838 1987">
     <span class='ocr_line' id='line_1_57' title="bbox 2229 1913 3838 1987; baseline 0 -19"><span class='ocrx_word' id='word_1_299' title='bbox 2229 1913 2533 1987; x_wconf 77' lang='lat' dir='ltr'><strong>Responsio</strong></span> <span class='ocrx_word' id='word_1_300' title='bbox 2562 1914 2630 1966; x_wconf 92' lang='lat' dir='ltr'><strong>ad</strong></span> <span class='ocrx_word' id='word_1_301' title='bbox 2657 1915 2972 1985; x_wconf 82' lang='lat' dir='ltr'><strong>propositam</strong></span> <span class='ocrx_word' id='word_1_302' title='bbox 3005 1915 3472 1984; x_wconf 74' lang='lat' dir='ltr'><strong>interrogationem</strong></span> <span class='ocrx_word' id='word_1_303' title='bbox 3491 1957 3509 1981; x_wconf 85' lang='lat'><strong>,</strong></span> <span class='ocrx_word' id='word_1_304' title='bbox 3555 1935 3663 1987; x_wconf 85' lang='lat' dir='ltr'><strong>qua</strong></span> <span class='ocrx_word' id='word_1_305' title='bbox 3702 1921 3838 1970; x_wconf 69' lang='lat' dir='ltr'><strong>etiam</strong></span> 
     </span>
    </p>
   </div>
   <div class='ocr_carea' id='block_1_53' title="bbox 2300 1985 3842 2058">
    <p class='ocr_par' dir='ltr' id='par_1_54' title="bbox 2300 1985 3842 2058">
     <span class='ocr_line' id='line_1_58' title="bbox 2300 1985 3842 2058; baseline 0.002 -21"><span class='ocrx_word' id='word_1_306' title='bbox 2300 1987 2448 2038; x_wconf 82' lang='lat' dir='ltr'><strong>docet</strong></span> <span class='ocrx_word' id='word_1_307' title='bbox 2499 1985 2920 2054; x_wconf 82' lang='lat' dir='ltr'><strong>Quadragesimte</strong></span> <span class='ocrx_word' id='word_1_308' title='bbox 2965 1988 3236 2058; x_wconf 76' lang='lat' dir='ltr'><strong>jejunium</strong></span> <span class='ocrx_word' id='word_1_309' title='bbox 3293 1988 3464 2040; x_wconf 83' lang='lat' dir='ltr'><strong>vicem</strong></span> <span class='ocrx_word' id='word_1_310' title='bbox 3529 1985 3842 2043; x_wconf 70' lang='lat' dir='ltr'><strong>decimarum</strong></span> 
     </span>
    </p>
   </div>
   <div class='ocr_carea' id='block_1_54' title="bbox 2299 2057 2927 2127">
    <p class='ocr_par' dir='ltr' id='par_1_55' title="bbox 2299 2057 2927 2127">
     <span class='ocr_line' id='line_1_59' title="bbox 2299 2057 2927 2127; baseline -0.002 -16"><span class='ocrx_word' id='word_1_311' title='bbox 2299 2059 2458 2111; x_wconf 79' lang='lat' dir='ltr'><strong>totius</strong></span> <span class='ocrx_word' id='word_1_312' title='bbox 2487 2058 2616 2111; x_wconf 88' lang='lat' dir='ltr'><strong>anni</strong></span> <span class='ocrx_word' id='word_1_313' title='bbox 2637 2057 2927 2127; x_wconf 84' lang='lat' dir='ltr'><strong>complecti.</strong></span> 
     </span>
    </p>
   </div>
   <div class='ocr_carea' id='block_1_55' title="bbox 2301 2193 3836 2265">
    <p class='ocr_par' dir='ltr' id='par_1_56' title="bbox 2301 2193 3836 2265">
     <span class='ocr_line' id='line_1_60' title="bbox 2301 2193 3836 2265; baseline -0.001 -15"><span class='ocrx_word' id='word_1_314' title='bbox 2301 2195 2585 2250; x_wconf 89' lang='lat' dir='ltr'><strong>Tbeonas:</strong></span> <span class='ocrx_word' id='word_1_315' title='bbox 2617 2193 2767 2250; x_wconf 91' lang='lat' dir='ltr'><strong>Licet</strong></span> <span class='ocrx_word' id='word_1_316' title='bbox 2791 2194 3152 2265; x_wconf 90' lang='lat' dir='ltr'><strong>quorumdam</strong></span> <span class='ocrx_word' id='word_1_317' title='bbox 3200 2195 3288 2264; x_wconf 90' lang='lat' dir='ltr'><strong>pia</strong></span> <span class='ocrx_word' id='word_1_318' title='bbox 3313 2195 3648 2265; x_wconf 73' lang='lat' dir='ltr'><strong>simplicitas</strong></span> <span class='ocrx_word' id='word_1_319' title='bbox 3689 2197 3836 2262; x_wconf 74' lang='lat' dir='ltr'><strong>hujus</strong></span> 
     </span>
    </p>
   </div>
   <div class='ocr_carea' id='block_1_56' title="bbox 2229 2289 3834 2360">
    <p class='ocr_par' dir='ltr' id='par_1_57' title="bbox 2229 2289 3834 2360">
     <span class='ocr_line' id='line_1_61' title="bbox 2229 2289 3834 2360; baseline -0.002 -15"><span class='ocrx_word' id='word_1_320' title='bbox 2229 2290 2312 2345; x_wconf 92' lang='lat' dir='ltr'><strong>rei</strong></span> <span class='ocrx_word' id='word_1_321' title='bbox 2345 2298 2590 2360; x_wconf 86' lang='lat' dir='ltr'><strong>amputet</strong></span> <span class='ocrx_word' id='word_1_322' title='bbox 2619 2290 2999 2358; x_wconf 72' lang='lat' dir='ltr'><strong>qumstionem,</strong></span> <span class='ocrx_word' id='word_1_323' title='bbox 3037 2298 3217 2342; x_wconf 89' lang='lat' dir='ltr'><strong>tamen</strong></span> <span class='ocrx_word' id='word_1_324' title='bbox 3253 2289 3377 2354; x_wconf 87' lang='lat' dir='ltr'><strong>quia</strong></span> <span class='ocrx_word' id='word_1_325' title='bbox 3415 2289 3582 2342; x_wconf 86' lang='lat' dir='ltr'><strong>etiam</strong></span> <span class='ocrx_word' id='word_1_326' title='bbox 3612 2290 3703 2343; x_wconf 82' lang='lat' dir='ltr'><strong>illa</strong></span> <span class='ocrx_word' id='word_1_327' title='bbox 3725 2305 3834 2359; x_wconf 60' lang='lat' dir='ltr'><strong>qua</strong></span> 
     </span>
    </p>
   </div>
   <div class='ocr_carea' id='block_1_57' title="bbox 2229 2380 3833 2453">
    <p class='ocr_par' dir='ltr' id='par_1_58' title="bbox 2229 2380 3833 2453">
     <span class='ocr_line' id='line_1_62' title="bbox 2229 2380 3833 2453; baseline -0.001 -15"><span class='ocrx_word' id='word_1_328' title='bbox 2229 2385 2371 2439; x_wconf 88' lang='lat' dir='ltr'><strong>alius</strong></span> <span class='ocrx_word' id='word_1_329' title='bbox 2409 2382 2834 2453; x_wconf 84' lang='lat' dir='ltr'><strong>interrogatione</strong></span> <span class='ocrx_word' id='word_1_330' title='bbox 2881 2381 3097 2450; x_wconf 88' lang='lat' dir='ltr'><strong>indigna</strong></span> <span class='ocrx_word' id='word_1_331' title='bbox 3138 2380 3390 2436; x_wconf 85' lang='lat' dir='ltr'><strong>duxisset</strong></span> <span class='ocrx_word' id='word_1_332' title='bbox 3416 2423 3428 2446; x_wconf 90' lang='lat'><strong>,</strong></span> <span class='ocrx_word' id='word_1_333' title='bbox 3460 2383 3833 2450; x_wconf 84' lang='lat' dir='ltr'><strong>scrupulosius</strong></span> 
     </span>
    </p>
   </div>
   <div class='ocr_carea' id='block_1_58' title="bbox 2229 2474 3828 2547">
    <p class='ocr_par' dir='ltr' id='par_1_59' title="bbox 2229 2474 3828 2547">
     <span class='ocr_line' id='line_1_63' title="bbox 2229 2474 3828 2547; baseline -0.004 -15"><span class='ocrx_word' id='word_1_334' title='bbox 2229 2485 2636 2547; x_wconf 87' lang='lat' dir='ltr'><strong>perscrutantes</strong></span> <span class='ocrx_word' id='word_1_335' title='bbox 2654 2516 2668 2540; x_wconf 95' lang='lat'><strong>,</strong></span> <span class='ocrx_word' id='word_1_336' title='bbox 2701 2474 2964 2544; x_wconf 88' lang='lat' dir='ltr'><strong>integram</strong></span> <span class='ocrx_word' id='word_1_337' title='bbox 2999 2474 3358 2529; x_wconf 78' lang='lat' dir='ltr'><strong>observantia:</strong></span> <span class='ocrx_word' id='word_1_338' title='bbox 3385 2485 3586 2530; x_wconf 64' lang='lat' dir='ltr'><strong>nostra?</strong></span> <span class='ocrx_word' id='word_1_339' title='bbox 3609 2490 3678 2529; x_wconf 84' lang='lat' dir='ltr'><strong>ac</strong></span> <span class='ocrx_word' id='word_1_340' title='bbox 3706 2492 3828 2546; x_wconf 79' lang='lat' dir='ltr'><strong>my-</strong></span> 
     </span>
    </p>
   </div>
   <div class='ocr_carea' id='block_1_59' title="bbox 2229 2565 3830 2636">
    <p class='ocr_par' dir='ltr' id='par_1_60' title="bbox 2229 2565 3830 2636">
     <span class='ocr_line' id='line_1_64' title="bbox 2229 2565 3830 2636; baseline -0.002 -12"><span class='ocrx_word' id='word_1_341' title='bbox 2229 2570 2383 2624; x_wconf 88' lang='lat' dir='ltr'><strong>sterii</strong></span> <span class='ocrx_word' id='word_1_342' title='bbox 2412 2569 2696 2624; x_wconf 88' lang='lat' dir='ltr'><strong>veritatem</strong></span> <span class='ocrx_word' id='word_1_343' title='bbox 2745 2566 3069 2622; x_wconf 74' lang='lat' dir='ltr'><strong>desideratis</strong></span> <span class='ocrx_word' id='word_1_344' title='bbox 3114 2581 3434 2636; x_wconf 87' lang='lat' dir='ltr'><strong>agnoscere:</strong></span> <span class='ocrx_word' id='word_1_345' title='bbox 3475 2565 3830 2622; x_wconf 64' lang='lat' dir='ltr'><strong>evidentissi-</strong></span> 
     </span>
    </p>
   </div>
   <div class='ocr_carea' id='block_1_60' title="bbox 2228 2660 3827 2732">
    <p class='ocr_par' dir='ltr' id='par_1_61' title="bbox 2228 2660 3827 2732">
     <span class='ocr_line' id='line_1_65' title="bbox 2228 2660 3827 2732; baseline -0.003 -13"><span class='ocrx_word' id='word_1_346' title='bbox 2228 2679 2371 2719; x_wconf 91' lang='lat' dir='ltr'><strong>mam</strong></span> <span class='ocrx_word' id='word_1_347' title='bbox 2403 2663 2561 2732; x_wconf 85' lang='lat' dir='ltr'><strong>hujus</strong></span> <span class='ocrx_word' id='word_1_348' title='bbox 2591 2663 2752 2716; x_wconf 90' lang='lat' dir='ltr'><strong>etiam</strong></span> <span class='ocrx_word' id='word_1_349' title='bbox 2784 2662 2860 2714; x_wconf 91' lang='lat' dir='ltr'><strong>rei</strong></span> <span class='ocrx_word' id='word_1_350' title='bbox 2890 2662 3155 2729; x_wconf 85' lang='lat' dir='ltr'><strong>percipite</strong></span> <span class='ocrx_word' id='word_1_351' title='bbox 3185 2661 3476 2726; x_wconf 86' lang='lat' dir='ltr'><strong>rationem,</strong></span> <span class='ocrx_word' id='word_1_352' title='bbox 3501 2670 3566 2713; x_wconf 85' lang='lat' dir='ltr'><strong>ut</strong></span> <span class='ocrx_word' id='word_1_353' title='bbox 3596 2660 3827 2715; x_wconf 78' lang='lat' dir='ltr'><strong>manife-</strong></span> 
     </span>
    </p>
   </div>
   <div class='ocr_carea' id='block_1_61' title="bbox 2226 2752 3825 2826">
    <p class='ocr_par' dir='ltr' id='par_1_62' title="bbox 2226 2752 3825 2826">
     <span class='ocr_line' id='line_1_66' title="bbox 2226 2752 3825 2826; baseline -0.004 -15"><span class='ocrx_word' id='word_1_354' title='bbox 2226 2758 2363 2811; x_wconf 87' lang='lat' dir='ltr'><strong>stius</strong></span> <span class='ocrx_word' id='word_1_355' title='bbox 2384 2755 2696 2826; x_wconf 89' lang='lat' dir='ltr'><strong>approbetis</strong></span> <span class='ocrx_word' id='word_1_356' title='bbox 2727 2753 2865 2807; x_wconf 89' lang='lat' dir='ltr'><strong>nihil</strong></span> <span class='ocrx_word' id='word_1_357' title='bbox 2889 2753 3264 2807; x_wconf 88' lang='lat' dir='ltr'><strong>irrationabile</strong></span> <span class='ocrx_word' id='word_1_358' title='bbox 3290 2761 3512 2806; x_wconf 88' lang='lat' dir='ltr'><strong>nostros</strong></span> <span class='ocrx_word' id='word_1_359' title='bbox 3541 2752 3825 2807; x_wconf 75' lang='lat' dir='ltr'><strong>tradidisse</strong></span> 
     </span>
    </p>
   </div>
   <div class='ocr_carea' id='block_1_62' title="bbox 2227 2845 3824 2919">
    <p class='ocr_par' dir='ltr' id='par_1_63' title="bbox 2227 2845 3824 2919">
     <span class='ocr_line' id='line_1_67' title="bbox 2227 2845 3824 2919; baseline -0.004 -14"><span class='ocrx_word' id='word_1_360' title='bbox 2227 2849 2485 2919; x_wconf 87' lang='lat' dir='ltr'><strong>majores.</strong></span> <span class='ocrx_word' id='word_1_361' title='bbox 2512 2848 2654 2917; x_wconf 86' lang='lat' dir='ltr'><strong>Lege</strong></span> <span class='ocrx_word' id='word_1_362' title='bbox 2683 2847 2919 2901; x_wconf 85' lang='lat' dir='ltr'><strong>Mosaica</strong></span> <span class='ocrx_word' id='word_1_363' title='bbox 2943 2845 3204 2902; x_wconf 87' lang='lat' dir='ltr'><strong>universo</strong></span> <span class='ocrx_word' id='word_1_364' title='bbox 3225 2846 3437 2919; x_wconf 88' lang='lat' dir='ltr'><strong>p0pulo</strong></span> <span class='ocrx_word' id='word_1_365' title='bbox 3455 2847 3722 2915; x_wconf 84' lang='lat' dir='ltr'><strong>generalis</strong></span> <span class='ocrx_word' id='word_1_366' title='bbox 3746 2857 3824 2900; x_wconf 86' lang='lat' dir='ltr'><strong>est</strong></span> 
     </span>
    </p>
   </div>
   <div class='ocr_carea' id='block_1_63' title="bbox 2227 2939 3821 3012">
    <p class='ocr_par' dir='ltr' id='par_1_64' title="bbox 2227 2939 3821 3012">
     <span class='ocr_line' id='line_1_68' title="bbox 2227 2939 3821 3012; baseline -0.003 -15"><span class='ocrx_word' id='word_1_367' title='bbox 2227 2943 2564 3012; x_wconf 87' lang='lat' dir='ltr'><strong>promulgata</strong></span> <span class='ocrx_word' id='word_1_368' title='bbox 2589 2939 2912 3010; x_wconf 72' lang='lat' dir='ltr'><strong>praéceptio:</strong></span> <span class='ocrx_word' id='word_1_369' title='bbox 2948 2939 3187 2994; x_wconf 81' lang='lat' dir='ltr'><strong>Decimus</strong></span> <span class='ocrx_word' id='word_1_370' title='bbox 3211 2951 3328 2994; x_wconf 88' lang='lat' dir='ltr'><strong>tuas</strong></span> <span class='ocrx_word' id='word_1_371' title='bbox 3345 2951 3392 2993; x_wconf 86' lang='lat' dir='ltr'><strong>et</strong></span> <span class='ocrx_word' id='word_1_372' title='bbox 3421 2942 3683 3009; x_wconf 78' lang='lat' dir='ltr'><strong>primitias</strong></span> <span class='ocrx_word' id='word_1_373' title='bbox 3706 2939 3821 3006; x_wconf 67' lang='lat' dir='ltr'><strong>olfe-</strong></span> 
     </span>
    </p>
   </div>
   <div class='ocr_carea' id='block_1_64' title="bbox 2225 3032 3819 3104">
    <p class='ocr_par' dir='ltr' id='par_1_65' title="bbox 2225 3032 3819 3104">
     <span class='ocr_line' id='line_1_69' title="bbox 2225 3032 3819 3104; baseline -0.001 -16"><span class='ocrx_word' id='word_1_374' title='bbox 2225 3052 2308 3091; x_wconf 87' lang='lat' dir='ltr'><strong>res</strong></span> <span class='ocrx_word' id='word_1_375' title='bbox 2339 3036 2564 3089; x_wconf 86' lang='lat' dir='ltr'><strong>Domino</strong></span> <span class='ocrx_word' id='word_1_376' title='bbox 2588 3034 2696 3088; x_wconf 89' lang='lat' dir='ltr'><strong>Deo</strong></span> <span class='ocrx_word' id='word_1_377' title='bbox 2717 3042 2806 3087; x_wconf 88' lang='lat' dir='ltr'><strong>tuo</strong></span> <span class='ocrx_word' id='word_1_378' title='bbox 2831 3032 3032 3103; x_wconf 73' lang='lat' dir='ltr'><strong>(Exod.</strong></span> <span class='ocrx_word' id='word_1_379' title='bbox 3055 3033 3214 3103; x_wconf 87' lang='lat' dir='ltr'><strong>xxn).</strong></span> <span class='ocrx_word' id='word_1_380' title='bbox 3247 3034 3437 3103; x_wconf 88' lang='lat' dir='ltr'><strong>Itaque</strong></span> <span class='ocrx_word' id='word_1_381' title='bbox 3464 3035 3560 3104; x_wconf 90' lang='lat' dir='ltr'><strong>qui</strong></span> <span class='ocrx_word' id='word_1_382' title='bbox 3589 3035 3819 3088; x_wconf 60' lang='lat' dir='ltr'><strong>substanc</strong></span> 
     </span>
    </p>
   </div>
   <div class='ocr_carea' id='block_1_65' title="bbox 2226 3128 3814 3197">
    <p class='ocr_par' dir='ltr' id='par_1_66' title="bbox 2226 3128 3814 3197">
     <span class='ocr_line' id='line_1_70' title="bbox 2226 3128 3814 3197; baseline -0.003 -11"><span class='ocrx_word' id='word_1_383' title='bbox 2226 3131 2422 3186; x_wconf 83' lang='lat' dir='ltr'><strong>tiarnm</strong></span> <span class='ocrx_word' id='word_1_384' title='bbox 2475 3139 2782 3185; x_wconf 88' lang='lat' dir='ltr'><strong>nostrarum</strong></span> <span class='ocrx_word' id='word_1_385' title='bbox 2838 3129 3196 3197; x_wconf 87' lang='lat' dir='ltr'><strong>omniumque</strong></span> <span class='ocrx_word' id='word_1_386' title='bbox 3249 3128 3529 3182; x_wconf 86' lang='lat' dir='ltr'><strong>fructuum</strong></span> <span class='ocrx_word' id='word_1_387' title='bbox 3597 3129 3814 3184; x_wconf 80' lang='lat' dir='ltr'><strong>decimas</strong></span> 
     </span>
    </p>
   </div>
   <div class='ocr_carea' id='block_1_66' title="bbox 516 3206 3813 3294">
    <p class='ocr_par' dir='ltr' id='par_1_67' title="bbox 516 3206 3813 3294">
     <span class='ocr_line' id='line_1_71' title="bbox 516 3206 3813 3294; baseline 0.002 -25"><span class='ocrx_word' id='word_1_388' title='bbox 516 3217 585 3269; x_wconf 88' lang='lat' dir='ltr'><strong>ad</strong></span> <span class='ocrx_word' id='word_1_389' title='bbox 630 3230 730 3290; x_wconf 85' lang='lat' dir='ltr'><strong>nos</strong></span> <span class='ocrx_word' id='word_1_390' title='bbox 782 3216 877 3268; x_wconf 90' lang='lat' dir='ltr'><strong>illa</strong></span> <span class='ocrx_word' id='word_1_391' title='bbox 931 3215 1262 3284; x_wconf 79' lang='lat' dir='ltr'><strong>prepheticae</strong></span> <span class='ocrx_word' id='word_1_392' title='bbox 1313 3216 1714 3272; x_wconf 90' lang='lat' dir='ltr'><strong>adhortationis</strong></span> <span class='ocrx_word' id='word_1_393' title='bbox 1762 3221 2118 3276; x_wconf 90' lang='lat' dir='ltr'><strong>commonitio</strong></span> <span class='ocrx_word' id='word_1_394' title='bbox 2147 3206 2192 3269; x_wconf 72' lang='grc' dir='ltr'>Ο</span> <span class='ocrx_word' id='word_1_395' title='bbox 2224 3224 2420 3280; x_wconf 79' lang='lat' dir='ltr'><strong>offerre</strong></span> <span class='ocrx_word' id='word_1_396' title='bbox 2463 3224 2849 3294; x_wconf 73' lang='lat' dir='ltr'><strong>przecipimur,</strong></span> <span class='ocrx_word' id='word_1_397' title='bbox 2899 3221 3068 3277; x_wconf 91' lang='lat' dir='ltr'><strong>multo</strong></span> <span class='ocrx_word' id='word_1_398' title='bbox 3116 3221 3290 3290; x_wconf 87' lang='lat' dir='ltr'><strong>magis</strong></span> <span class='ocrx_word' id='word_1_399' title='bbox 3337 3236 3570 3276; x_wconf 84' lang='lat' dir='ltr'><strong>necesse</strong></span> <span class='ocrx_word' id='word_1_400' title='bbox 3608 3220 3737 3276; x_wconf 78' lang='lat' dir='ltr'><strong>estd</strong></span> <span class='ocrx_word' id='word_1_401' title='bbox 3765 3231 3813 3274; x_wconf 87' lang='lat' dir='ltr'><strong>ut</strong></span> 
     </span>
    </p>
   </div>
   <div class='ocr_carea' id='block_1_67' title="bbox 515 3308 2118 3381">
    <p class='ocr_par' dir='ltr' id='par_1_68' title="bbox 515 3308 2118 3381">
     <span class='ocr_line' id='line_1_72' title="bbox 515 3308 2118 3381; baseline 0.002 -15"><span class='ocrx_word' id='word_1_402' title='bbox 515 3308 1060 3381; x_wconf 85' lang='lat' dir='ltr'><strong>dirigatur:Celebra,</strong></span> <span class='ocrx_word' id='word_1_403' title='bbox 1078 3309 1246 3376; x_wconf 84' lang='lat' dir='ltr'><strong>Juda,</strong></span> <span class='ocrx_word' id='word_1_404' title='bbox 1267 3311 1719 3381; x_wconf 77' lang='lat' dir='ltr'><strong>festivitatestuas,</strong></span> <span class='ocrx_word' id='word_1_405' title='bbox 1747 3324 1792 3368; x_wconf 88' lang='lat' dir='ltr'><strong>et</strong></span> <span class='ocrx_word' id='word_1_406' title='bbox 1819 3316 1976 3370; x_wconf 84' lang='lat' dir='ltr'><strong>redde</strong></span> <span class='ocrx_word' id='word_1_407' title='bbox 2001 3325 2118 3370; x_wconf 78' lang='lat' dir='ltr'><strong>rota</strong></span> 
     </span>
    </p>
   </div>
   <div class='ocr_carea' id='block_1_68' title="bbox 2225 3313 3814 3388">
    <p class='ocr_par' dir='ltr' id='par_1_69' title="bbox 2225 3313 3814 3388">
     <span class='ocr_line' id='line_1_73' title="bbox 2225 3313 3814 3388; baseline -0.004 -17"><span class='ocrx_word' id='word_1_408' title='bbox 2225 3317 2398 3387; x_wconf 85' lang='lat' dir='ltr'><strong>ipsius</strong></span> <span class='ocrx_word' id='word_1_409' title='bbox 2419 3331 2635 3388; x_wconf 88' lang='lat' dir='ltr'><strong>quoque</strong></span> <span class='ocrx_word' id='word_1_410' title='bbox 2664 3313 3094 3371; x_wconf 89' lang='lat' dir='ltr'><strong>conversationis</strong></span> <span class='ocrx_word' id='word_1_411' title='bbox 3126 3323 3328 3369; x_wconf 69' lang='lat' dir='ltr'><strong>nostra:</strong></span> <span class='ocrx_word' id='word_1_412' title='bbox 3354 3322 3413 3369; x_wconf 87' lang='lat' dir='ltr'><strong>et</strong></span> <span class='ocrx_word' id='word_1_413' title='bbox 3445 3314 3667 3369; x_wconf 90' lang='lat' dir='ltr'><strong>humani</strong></span> <span class='ocrx_word' id='word_1_414' title='bbox 3698 3329 3814 3369; x_wconf 83' lang='lat' dir='ltr'><strong>usus</strong></span> 
     </span>
    </p>
   </div>
   <div class='ocr_carea' id='block_1_69' title="bbox 1594 3448 2740 3508">
    <p class='ocr_par' dir='ltr' id='par_1_70' title="bbox 1594 3448 2740 3508">
     <span class='ocr_line' id='line_1_74' title="bbox 1594 3448 2740 3508; baseline 0.001 -5"><span class='ocrx_word' id='word_1_415' title='bbox 1594 3448 1859 3504; x_wconf 76' lang='lat' dir='ltr'><strong>ADARDI</strong></span> <span class='ocrx_word' id='word_1_416' title='bbox 1897 3449 2132 3505; x_wconf 81' lang='lat' dir='ltr'><strong>GAZ/El</strong></span> <span class='ocrx_word' id='word_1_417' title='bbox 2173 3450 2740 3508; x_wconf 78' lang='lat' dir='ltr'><strong>COMMENTARIUS.</strong></span> 
     </span>
    </p>
   </div>
   <div class='ocr_carea' id='block_1_70' title="bbox 589 3539 2120 3611">
    <p class='ocr_par' dir='ltr' id='par_1_71' title="bbox 589 3539 2120 3611">
     <span class='ocr_line' id='line_1_75' title="bbox 589 3539 2120 3611; baseline 0.001 -15"><span class='ocrx_word' id='word_1_418' title='bbox 589 3551 616 3579; x_wconf 72' lang='grc'>⁸</span> <span class='ocrx_word' id='word_1_419' title='bbox 642 3540 846 3596; x_wconf 87' lang='lat' dir='ltr'><strong>Eodem</strong></span> <span class='ocrx_word' id='word_1_420' title='bbox 881 3539 1042 3595; x_wconf 89' lang='lat' dir='ltr'><strong>modo</strong></span> <span class='ocrx_word' id='word_1_421' title='bbox 1061 3539 1230 3594; x_wconf 90' lang='lat' dir='ltr'><strong>abbas</strong></span> <span class='ocrx_word' id='word_1_422' title='bbox 1264 3539 1478 3611; x_wconf 83' lang='lat' dir='ltr'><strong>Moyses</strong></span> <span class='ocrx_word' id='word_1_423' title='bbox 1500 3539 1683 3594; x_wconf 88' lang='lat' dir='ltr'><strong>collat.</strong></span> <span class='ocrx_word' id='word_1_424' title='bbox 1715 3539 1751 3592; x_wconf 76' lang='lat'><strong>‘2</strong></span> <span class='ocrx_word' id='word_1_425' title='bbox 1779 3556 1898 3608; x_wconf 86' lang='lat' dir='ltr'><strong>cap.</strong></span> <span class='ocrx_word' id='word_1_426' title='bbox 1928 3542 2001 3596; x_wconf 68' lang='lat'><strong>26</strong></span> <span class='ocrx_word' id='word_1_427' title='bbox 2021 3543 2120 3597; x_wconf 85' lang='lat' dir='ltr'><strong>do-</strong></span> 
     </span>
    </p>
   </div>
   <div class='ocr_carea' id='block_1_71' title="bbox 517 3611 2122 3683">
    <p class='ocr_par' dir='ltr' id='par_1_72' title="bbox 517 3611 2122 3683">
     <span class='ocr_line' id='line_1_76' title="bbox 517 3611 2122 3683; baseline -0.002 -13"><span class='ocrx_word' id='word_1_428' title='bbox 517 3624 604 3670; x_wconf 86' lang='lat' dir='ltr'><strong>cet</strong></span> <span class='ocrx_word' id='word_1_429' title='bbox 633 3612 906 3683; x_wconf 89' lang='lat' dir='ltr'><strong>quomodo</strong></span> <span class='ocrx_word' id='word_1_430' title='bbox 948 3613 1281 3675; x_wconf 89' lang='lat' dir='ltr'><strong>humanitas,</strong></span> <span class='ocrx_word' id='word_1_431' title='bbox 1314 3613 1366 3665; x_wconf 88' lang='lat' dir='ltr'><strong>id</strong></span> <span class='ocrx_word' id='word_1_432' title='bbox 1398 3619 1502 3673; x_wconf 88' lang='lat' dir='ltr'><strong>est,</strong></span> <span class='ocrx_word' id='word_1_433' title='bbox 1535 3611 1900 3677; x_wconf 79' lang='lat' dir='ltr'><strong>hOSpitalitas,</strong></span> <span class='ocrx_word' id='word_1_434' title='bbox 1940 3612 2122 3667; x_wconf 86' lang='lat' dir='ltr'><strong>fratri-</strong></span> 
     </span>
    </p>
   </div>
   <div class='ocr_carea' id='block_1_72' title="bbox 514 3684 2121 3752">
    <p class='ocr_par' dir='ltr' id='par_1_73' title="bbox 514 3684 2121 3752">
     <span class='ocr_line' id='line_1_77' title="bbox 514 3684 2121 3752; baseline -0.001 -12"><span class='ocrx_word' id='word_1_435' title='bbox 514 3688 616 3740; x_wconf 86' lang='lat' dir='ltr'><strong>bus</strong></span> <span class='ocrx_word' id='word_1_436' title='bbox 647 3684 1063 3739; x_wconf 88' lang='lat' dir='ltr'><strong>advenientibns</strong></span> <span class='ocrx_word' id='word_1_437' title='bbox 1099 3684 1347 3738; x_wconf 80' lang='lat' dir='ltr'><strong>exhiberi</strong></span> <span class='ocrx_word' id='word_1_438' title='bbox 1378 3685 1573 3752; x_wconf 78' lang='lat' dir='ltr'><strong>possit,</strong></span> <span class='ocrx_word' id='word_1_439' title='bbox 1601 3684 1806 3752; x_wconf 91' lang='lat' dir='ltr'><strong>absque</strong></span> <span class='ocrx_word' id='word_1_440' title='bbox 1837 3684 2121 3752; x_wconf 79' lang='lat' dir='ltr'><strong>dispendio</strong></span> 
     </span>
    </p>
   </div>
   <div class='ocr_carea' id='block_1_73' title="bbox 516 3755 2123 3810">
    <p class='ocr_par' dir='ltr' id='par_1_74' title="bbox 516 3755 2123 3810">
     <span class='ocr_line' id='line_1_78' title="bbox 516 3755 2123 3810; baseline 0 0"><span class='ocrx_word' id='word_1_441' title='bbox 516 3767 791 3810; x_wconf 62' lang='lat' dir='ltr'><strong>consuetae</strong></span> <span class='ocrx_word' id='word_1_442' title='bbox 821 3755 1180 3810; x_wconf 87' lang='lat' dir='ltr'><strong>districtionis</strong></span> <span class='ocrx_word' id='word_1_443' title='bbox 1204 3765 1257 3810; x_wconf 91' lang='lat' dir='ltr'><strong>et</strong></span> <span class='ocrx_word' id='word_1_444' title='bbox 1288 3756 1636 3809; x_wconf 66' lang='lat' dir='ltr'><strong>abstinentiae</strong></span> <span class='ocrx_word' id='word_1_445' title='bbox 1671 3771 1683 3807; x_wconf 95' lang='lat'>:</span> <span class='ocrx_word' id='word_1_446' title='bbox 1728 3755 1796 3808; x_wconf 87' lang='lat' dir='ltr'><strong>Ut</strong></span> <span class='ocrx_word' id='word_1_447' title='bbox 1842 3756 1895 3808; x_wconf 91' lang='lat' dir='ltr'><strong>in</strong></span> <span class='ocrx_word' id='word_1_448' title='bbox 1938 3768 2123 3810; x_wconf 85' lang='lat' dir='ltr'><strong>neutra</strong></span> 
     </span>
    </p>
   </div>
   <div class='ocr_carea' id='block_1_74' title="bbox 514 3825 2123 3899">
    <p class='ocr_par' dir='ltr' id='par_1_75' title="bbox 514 3825 2123 3899">
     <span class='ocr_line' id='line_1_79' title="bbox 514 3825 2123 3899; baseline 0.001 -20"><span class='ocrx_word' id='word_1_449' title='bbox 514 3841 662 3899; x_wconf 85' lang='lat' dir='ltr'><strong>parte</strong></span> <span class='ocrx_word' id='word_1_450' title='bbox 705 3827 1137 3899; x_wconf 82' lang='lat' dir='ltr'><strong>reprehensibiles</strong></span> <span class='ocrx_word' id='word_1_451' title='bbox 1184 3827 1534 3899; x_wconf 83' lang='lat' dir='ltr'><strong>inveniamur,</strong></span> <span class='ocrx_word' id='word_1_452' title='bbox 1586 3827 1631 3880; x_wconf 92' lang='lat' dir='ltr'><strong>si</strong></span> <span class='ocrx_word' id='word_1_453' title='bbox 1677 3825 2059 3899; x_wconf 5' lang='lat' dir='ltr'><strong>hwc,ginquit,</strong></span> <span class='ocrx_word' id='word_1_454' title='bbox 2091 3844 2123 3881; x_wconf 93' lang='lat' dir='ltr'><strong>a</strong></span> 
     </span>
    </p>
   </div>
   <div class='ocr_carea' id='block_1_75' title="bbox 513 3897 2120 3959">
    <p class='ocr_par' dir='ltr' id='par_1_76' title="bbox 513 3897 2120 3959">
     <span class='ocr_line' id='line_1_80' title="bbox 513 3897 2120 3959; baseline 0.001 -8"><span class='ocrx_word' id='word_1_455' title='bbox 513 3897 663 3952; x_wconf 81' lang='lat' dir='ltr'><strong>nobis</strong></span> <span class='ocrx_word' id='word_1_456' title='bbox 691 3897 1016 3951; x_wconf 89' lang='lat' dir='ltr'><strong>consuetudo</strong></span> <span class='ocrx_word' id='word_1_457' title='bbox 1058 3899 1374 3959; x_wconf 83' lang='lat' dir='ltr'><strong>retineatur,</strong></span> <span class='ocrx_word' id='word_1_458' title='bbox 1397 3907 1450 3950; x_wconf 90' lang='lat' dir='ltr'><strong>ut</strong></span> <span class='ocrx_word' id='word_1_459' title='bbox 1480 3897 1610 3951; x_wconf 83' lang='lat' dir='ltr'><strong>hora</strong></span> <span class='ocrx_word' id='word_1_460' title='bbox 1634 3913 1771 3950; x_wconf 90' lang='lat' dir='ltr'><strong>nona</strong></span> <span class='ocrx_word' id='word_1_461' title='bbox 1813 3897 1876 3951; x_wconf 88' lang='lat' dir='ltr'><strong>de</strong></span> <span class='ocrx_word' id='word_1_462' title='bbox 1919 3899 2120 3952; x_wconf 87' lang='lat' dir='ltr'><strong>duobus</strong></span> 
     </span>
    </p>
   </div>
   <div class='ocr_carea' id='block_1_76' title="bbox 513 3969 2117 4039">
    <p class='ocr_par' dir='ltr' id='par_1_77' title="bbox 513 3969 2117 4039">
     <span class='ocr_line' id='line_1_81' title="bbox 513 3969 2117 4039; baseline 0 -17"><span class='ocrx_word' id='word_1_463' title='bbox 513 3971 829 4039; x_wconf 66' lang='lat' dir='ltr'><strong>paximaciis</strong></span> <span class='ocrx_word' id='word_1_464' title='bbox 847 3983 962 4038; x_wconf 66' lang='lat' dir='ltr'><strong>qua</strong></span> <span class='ocrx_word' id='word_1_465' title='bbox 984 3969 1131 4022; x_wconf 85' lang='lat' dir='ltr'><strong>nobis</strong></span> <span class='ocrx_word' id='word_1_466' title='bbox 1153 3969 1404 4022; x_wconf 88' lang='lat' dir='ltr'><strong>canonica</strong></span> <span class='ocrx_word' id='word_1_467' title='bbox 1427 3984 1672 4021; x_wconf 87' lang='lat' dir='ltr'><strong>mensura</strong></span> <span class='ocrx_word' id='word_1_468' title='bbox 1689 3971 1812 4038; x_wconf 86' lang='lat' dir='ltr'><strong>jure</strong></span> <span class='ocrx_word' id='word_1_469' title='bbox 1847 3969 2117 4033; x_wconf 73' lang='lat' dir='ltr'><strong>debentur,</strong></span> 
     </span>
    </p>
   </div>
   <div class='ocr_carea' id='block_1_77' title="bbox 512 4039 2121 4110">
    <p class='ocr_par' dir='ltr' id='par_1_78' title="bbox 512 4039 2121 4110">
     <span class='ocr_line' id='line_1_82' title="bbox 512 4039 2121 4110; baseline 0.002 -18"><span class='ocrx_word' id='word_1_470' title='bbox 512 4057 618 4093; x_wconf 87' lang='lat' dir='ltr'><strong>uno</strong></span> <span class='ocrx_word' id='word_1_471' title='bbox 651 4041 948 4105; x_wconf 75' lang='lat' dir='ltr'><strong>pamimacio</strong></span> <span class='ocrx_word' id='word_1_472' title='bbox 979 4040 1280 4106; x_wconf 76' lang='lat' dir='ltr'><strong>prtelibato,</strong></span> <span class='ocrx_word' id='word_1_473' title='bbox 1317 4039 1495 4102; x_wconf 83' lang='lat' dir='ltr'><strong>aliud,</strong></span> <span class='ocrx_word' id='word_1_474' title='bbox 1527 4040 1680 4109; x_wconf 85' lang='lat' dir='ltr'><strong>hujus</strong></span> <span class='ocrx_word' id='word_1_475' title='bbox 1722 4042 2121 4110; x_wconf 74' lang='lat' dir='ltr'><strong>exspectationis</strong></span> 
     </span>
    </p>
   </div>
   <div class='ocr_carea' id='block_1_78' title="bbox 512 4110 2121 4180">
    <p class='ocr_par' dir='ltr' id='par_1_79' title="bbox 512 4110 2121 4180">
     <span class='ocr_line' id='line_1_83' title="bbox 512 4110 2121 4180; baseline 0.002 -19"><span class='ocrx_word' id='word_1_476' title='bbox 512 4112 718 4177; x_wconf 82' lang='lat' dir='ltr'><strong>gratia,</strong></span> <span class='ocrx_word' id='word_1_477' title='bbox 743 4112 800 4161; x_wconf 89' lang='lat' dir='ltr'><strong>in</strong></span> <span class='ocrx_word' id='word_1_478' title='bbox 819 4125 1098 4180; x_wconf 65' lang='lat' dir='ltr'><strong>uesperam</strong></span> <span class='ocrx_word' id='word_1_479' title='bbox 1119 4126 1471 4173; x_wconf 84' lang='lat' dir='ltr'><strong>reservemus;</strong></span> <span class='ocrx_word' id='word_1_480' title='bbox 1503 4112 1642 4179; x_wconf 88' lang='lat' dir='ltr'><strong>quod</strong></span> <span class='ocrx_word' id='word_1_481' title='bbox 1684 4110 1730 4160; x_wconf 87' lang='lat' dir='ltr'><strong>si</strong></span> <span class='ocrx_word' id='word_1_482' title='bbox 1773 4113 2121 4177; x_wconf 82' lang='lat' dir='ltr'><strong>supervenerit</strong></span> 
     </span>
    </p>
   </div>
   <div class='ocr_carea' id='block_1_79' title="bbox 513 4179 2124 4250">
    <p class='ocr_par' dir='ltr' id='par_1_80' title="bbox 513 4179 2124 4250">
     <span class='ocr_line' id='line_1_84' title="bbox 513 4179 2124 4250; baseline 0.002 -19"><span class='ocrx_word' id='word_1_483' title='bbox 513 4180 776 4247; x_wconf 84' lang='lat' dir='ltr'><strong>quispiam</strong></span> <span class='ocrx_word' id='word_1_484' title='bbox 796 4179 1046 4250; x_wconf 77' lang='lat' dir='ltr'><strong>fratrum,</strong></span> <span class='ocrx_word' id='word_1_485' title='bbox 1079 4196 1194 4232; x_wconf 89' lang='lat' dir='ltr'><strong>cum</strong></span> <span class='ocrx_word' id='word_1_486' title='bbox 1225 4182 1337 4250; x_wconf 88' lang='lat' dir='ltr'><strong>ipso</strong></span> <span class='ocrx_word' id='word_1_487' title='bbox 1382 4181 1573 4248; x_wconf 86' lang='lat' dir='ltr'><strong>pariter</strong></span> <span class='ocrx_word' id='word_1_488' title='bbox 1603 4181 1945 4250; x_wconf 83' lang='lat' dir='ltr'><strong>insumamus,</strong></span> <span class='ocrx_word' id='word_1_489' title='bbox 1989 4181 2124 4235; x_wconf 83' lang='lat' dir='ltr'><strong>nihil</strong></span> 
     </span>
    </p>
   </div>
   <div class='ocr_carea' id='block_1_80' title="bbox 513 4249 2120 4320">
    <p class='ocr_par' dir='ltr' id='par_1_81' title="bbox 513 4249 2120 4320">
     <span class='ocr_line' id='line_1_85' title="bbox 513 4249 2120 4320; baseline 0.002 -19"><span class='ocrx_word' id='word_1_490' title='bbox 513 4249 887 4320; x_wconf 83' lang='lat' dir='ltr'><strong>consuetudini</strong></span> <span class='ocrx_word' id='word_1_491' title='bbox 931 4249 1097 4301; x_wconf 79' lang='lat' dir='ltr'><strong>solitce</strong></span> <span class='ocrx_word' id='word_1_492' title='bbox 1127 4249 1351 4315; x_wconf 81' lang='lat' dir='ltr'><strong>amplius</strong></span> <span class='ocrx_word' id='word_1_493' title='bbox 1381 4251 1762 4320; x_wconf 84' lang='lat' dir='ltr'><strong>adjungentes;</strong></span> <span class='ocrx_word' id='word_1_494' title='bbox 1795 4260 1840 4302; x_wconf 91' lang='lat' dir='ltr'><strong>et</strong></span> <span class='ocrx_word' id='word_1_495' title='bbox 1869 4249 1965 4303; x_wconf 82' lang='lat' dir='ltr'><strong>hac</strong></span> <span class='ocrx_word' id='word_1_496' title='bbox 2006 4253 2120 4305; x_wconf 87' lang='lat' dir='ltr'><strong>dis-</strong></span> 
     </span>
    </p>
   </div>
   <div class='ocr_carea' id='block_1_81' title="bbox 514 4319 2121 4388">
    <p class='ocr_par' dir='ltr' id='par_1_82' title="bbox 514 4319 2121 4388">
     <span class='ocr_line' id='line_1_86' title="bbox 514 4319 2121 4388; baseline 0.001 -14"><span class='ocrx_word' id='word_1_497' title='bbox 514 4319 826 4388; x_wconf 75' lang='lat' dir='ltr'><strong>pensatione</strong></span> <span class='ocrx_word' id='word_1_498' title='bbox 867 4333 1194 4388; x_wconf 81' lang='lat' dir='ltr'><strong>nequaquam</strong></span> <span class='ocrx_word' id='word_1_499' title='bbox 1226 4320 1400 4388; x_wconf 77' lang='lat' dir='ltr'><strong>fratris</strong></span> <span class='ocrx_word' id='word_1_500' title='bbox 1433 4319 1525 4371; x_wconf 85' lang='lat' dir='ltr'><strong>nos</strong></span> <span class='ocrx_word' id='word_1_501' title='bbox 1574 4321 1897 4373; x_wconf 83' lang='lat' dir='ltr'><strong>contristabit</strong></span> <span class='ocrx_word' id='word_1_502' title='bbox 1931 4323 2121 4377; x_wconf 85' lang='lat' dir='ltr'><strong>adven-</strong></span> 
     </span>
    </p>
   </div>
   <div class='ocr_carea' id='block_1_82' title="bbox 516 4387 2120 4458">
    <p class='ocr_par' dir='ltr' id='par_1_83' title="bbox 516 4387 2120 4458">
     <span class='ocr_line' id='line_1_87' title="bbox 516 4387 2120 4458; baseline 0.001 -14"><span class='ocrx_word' id='word_1_503' title='bbox 516 4387 618 4452; x_wconf 82' lang='lat' dir='ltr'><strong>tus,</strong></span> <span class='ocrx_word' id='word_1_504' title='bbox 648 4390 739 4458; x_wconf 89' lang='lat' dir='ltr'><strong>qui</strong></span> <span class='ocrx_word' id='word_1_505' title='bbox 763 4388 908 4442; x_wconf 90' lang='lat' dir='ltr'><strong>nobis</strong></span> <span class='ocrx_word' id='word_1_506' title='bbox 938 4387 1084 4442; x_wconf 88' lang='lat' dir='ltr'><strong>debet</strong></span> <span class='ocrx_word' id='word_1_507' title='bbox 1115 4387 1231 4442; x_wconf 88' lang='lat' dir='ltr'><strong>esse</strong></span> <span class='ocrx_word' id='word_1_508' title='bbox 1257 4391 1600 4457; x_wconf 85' lang='lat' dir='ltr'><strong>gratissimus,</strong></span> <span class='ocrx_word' id='word_1_509' title='bbox 1628 4391 1879 4457; x_wconf 84' lang='lat' dir='ltr'><strong>siquidem</strong></span> <span class='ocrx_word' id='word_1_510' title='bbox 1916 4395 1988 4445; x_wconf 90' lang='lat' dir='ltr'><strong>ita</strong></span> <span class='ocrx_word' id='word_1_511' title='bbox 2023 4393 2120 4445; x_wconf 89' lang='lat' dir='ltr'><strong>hu-</strong></span> 
     </span>
    </p>
   </div>
   <div class='ocr_carea' id='block_1_83' title="bbox 514 4458 2122 4533">
    <p class='ocr_par' dir='ltr' id='par_1_84' title="bbox 514 4458 2122 4533">
     <span class='ocr_line' id='line_1_88' title="bbox 514 4458 2122 4533; baseline 0.003 -19"><span class='ocrx_word' id='word_1_512' title='bbox 514 4458 1122 4533; x_wconf 71' lang='lat' dir='ltr'><strong>manitatisexhibemus</strong></span> <span class='ocrx_word' id='word_1_513' title='bbox 1156 4460 1426 4528; x_wconf 85' lang='lat' dir='ltr'><strong>obsequia,</strong></span> <span class='ocrx_word' id='word_1_514' title='bbox 1474 4471 1530 4513; x_wconf 87' lang='lat' dir='ltr'><strong>ut</strong></span> <span class='ocrx_word' id='word_1_515' title='bbox 1561 4462 1691 4514; x_wconf 83' lang='lat' dir='ltr'><strong>nihil</strong></span> <span class='ocrx_word' id='word_1_516' title='bbox 1721 4479 1751 4515; x_wconf 90' lang='lat' dir='ltr'><strong>a</strong></span> <span class='ocrx_word' id='word_1_517' title='bbox 1771 4464 1943 4533; x_wconf 88' lang='lat' dir='ltr'><strong>rigore</strong></span> <span class='ocrx_word' id='word_1_518' title='bbox 1964 4466 2122 4518; x_wconf 88' lang='lat' dir='ltr'><strong>conti-</strong></span> 
     </span>
    </p>
   </div>
   <div class='ocr_carea' id='block_1_84' title="bbox 511 4531 1052 4587">
    <p class='ocr_par' dir='ltr' id='par_1_85' title="bbox 511 4531 1052 4587">
     <span class='ocr_line' id='line_1_89' title="bbox 511 4531 1052 4587; baseline -0.006 0"><span class='ocrx_word' id='word_1_519' title='bbox 511 4535 706 4587; x_wconf 67' lang='lat' dir='ltr'><strong>nentiae</strong></span> <span class='ocrx_word' id='word_1_520' title='bbox 733 4531 1052 4585; x_wconf 72' lang='lat' dir='ltr'><strong>relaxemus.</strong></span> 
     </span>
    </p>
   </div>
   <div class='ocr_carea' id='block_1_85' title="bbox 585 4601 2119 4673">
    <p class='ocr_par' dir='ltr' id='par_1_86' title="bbox 585 4601 2119 4673">
     <span class='ocr_line' id='line_1_90' title="bbox 585 4601 2119 4673; baseline 0.001 -14"><span class='ocrx_word' id='word_1_521' title='bbox 585 4605 610 4642; x_wconf 66' lang='grc' dir='ltr'>δ</span> <span class='ocrx_word' id='word_1_522' title='bbox 644 4605 890 4658; x_wconf 86' lang='lat' dir='ltr'><strong>Observa</strong></span> <span class='ocrx_word' id='word_1_523' title='bbox 921 4602 1030 4665; x_wconf 92' lang='lat' dir='ltr'><strong>hic,</strong></span> <span class='ocrx_word' id='word_1_524' title='bbox 1060 4601 1318 4673; x_wconf 86' lang='lat' dir='ltr'><strong>religiose</strong></span> <span class='ocrx_word' id='word_1_525' title='bbox 1347 4601 1545 4667; x_wconf 88' lang='lat' dir='ltr'><strong>lector,</strong></span> <span class='ocrx_word' id='word_1_526' title='bbox 1578 4620 1681 4672; x_wconf 89' lang='lat' dir='ltr'><strong>qua</strong></span> <span class='ocrx_word' id='word_1_527' title='bbox 1723 4603 2032 4673; x_wconf 87' lang='lat' dir='ltr'><strong>frugalitate</strong></span> <span class='ocrx_word' id='word_1_528' title='bbox 2063 4618 2119 4660; x_wconf 89' lang='lat' dir='ltr'><strong>et</strong></span> 
     </span>
    </p>
   </div>
   <div class='ocr_carea' id='block_1_86' title="bbox 510 4672 2118 4745">
    <p class='ocr_par' dir='ltr' id='par_1_87' title="bbox 510 4672 2118 4745">
     <span class='ocr_line' id='line_1_91' title="bbox 510 4672 2118 4745; baseline 0.001 -16"><span class='ocrx_word' id='word_1_529' title='bbox 510 4672 1166 4745; x_wconf 82' lang='lat' dir='ltr'><strong>temperantiautendum</strong></span> <span class='ocrx_word' id='word_1_530' title='bbox 1191 4684 1434 4742; x_wconf 85' lang='lat' dir='ltr'><strong>tempore</strong></span> <span class='ocrx_word' id='word_1_531' title='bbox 1460 4677 1721 4742; x_wconf 88' lang='lat' dir='ltr'><strong>paschali,</strong></span> <span class='ocrx_word' id='word_1_532' title='bbox 1750 4672 1863 4730; x_wconf 81' lang='lat' dir='ltr'><strong>sive</strong></span> <span class='ocrx_word' id='word_1_533' title='bbox 1891 4685 2010 4744; x_wconf 91' lang='lat' dir='ltr'><strong>post</strong></span> <span class='ocrx_word' id='word_1_534' title='bbox 2036 4677 2118 4745; x_wconf 89' lang='lat' dir='ltr'><strong>je-</strong></span> 
     </span>
    </p>
   </div>
   <div class='ocr_carea' id='block_1_87' title="bbox 475 4743 2112 4819">
    <p class='ocr_par' dir='ltr' id='par_1_88' title="bbox 475 4743 2112 4819">
     <span class='ocr_line' id='line_1_92' title="bbox 475 4743 2112 4819; baseline 0.001 -21"><span class='ocrx_word' id='word_1_535' title='bbox 475 4777 478 4815; x_wconf 70' lang='grc' dir='ltr'><em>ς</em></span> <span class='ocrx_word' id='word_1_536' title='bbox 510 4748 725 4819; x_wconf 82' lang='lat' dir='ltr'><strong>jnnium</strong></span> <span class='ocrx_word' id='word_1_537' title='bbox 755 4743 1230 4819; x_wconf 68' lang='lat' dir='ltr'><strong>Quadragesimte,</strong></span> <span class='ocrx_word' id='word_1_538' title='bbox 1264 4755 1320 4819; x_wconf 83' lang='lat' dir='ltr'><strong>et</strong></span> <span class='ocrx_word' id='word_1_539' title='bbox 1369 4749 1418 4819; x_wconf 84' lang='lat' dir='ltr'><strong>in</strong></span> <span class='ocrx_word' id='word_1_540' title='bbox 1452 4747 1645 4819; x_wconf 84' lang='lat' dir='ltr'><strong>diebus</strong></span> <span class='ocrx_word' id='word_1_541' title='bbox 1673 4743 2112 4811; x_wconf 81' lang='lat' dir='ltr'><strong>solemnioribus,</strong></span> 
     </span>
    </p>
   </div>
   <div class='ocr_carea' id='block_1_88' title="bbox 2224 3539 3806 3611">
    <p class='ocr_par' dir='ltr' id='par_1_89' title="bbox 2224 3539 3806 3611">
     <span class='ocr_line' id='line_1_93' title="bbox 2224 3539 3806 3611; baseline -0.001 -15"><span class='ocrx_word' id='word_1_542' title='bbox 2224 3552 2406 3596; x_wconf 87' lang='lat' dir='ltr'><strong>vatum</strong></span> <span class='ocrx_word' id='word_1_543' title='bbox 2437 3543 2669 3611; x_wconf 87' lang='lat' dir='ltr'><strong>ipsemet</strong></span> <span class='ocrx_word' id='word_1_544' title='bbox 2691 3551 2917 3596; x_wconf 88' lang='lat' dir='ltr'><strong>testatur</strong></span> <span class='ocrx_word' id='word_1_545' title='bbox 2939 3541 3031 3595; x_wconf 91' lang='lat' dir='ltr'><strong>lib.</strong></span> <span class='ocrx_word' id='word_1_546' title='bbox 3055 3539 3123 3594; x_wconf 90' lang='lat' dir='ltr'><strong>de</strong></span> <span class='ocrx_word' id='word_1_547' title='bbox 3153 3540 3268 3595; x_wconf 85' lang='lat' dir='ltr'><strong>Elia</strong></span> <span class='ocrx_word' id='word_1_548' title='bbox 3287 3550 3344 3596; x_wconf 90' lang='lat' dir='ltr'><strong>et</strong></span> <span class='ocrx_word' id='word_1_549' title='bbox 3367 3540 3594 3610; x_wconf 85' lang='lat' dir='ltr'><strong>Jejunio</strong></span> <span class='ocrx_word' id='word_1_550' title='bbox 3612 3542 3806 3596; x_wconf 82' lang='lat' dir='ltr'><strong>dicens:</strong></span> 
     </span>
    </p>
   </div>
   <div class='ocr_carea' id='block_1_89' title="bbox 2228 3611 3803 3684">
    <p class='ocr_par' dir='ltr' id='par_1_90' title="bbox 2228 3611 3803 3684">
     <span class='ocr_line' id='line_1_94' title="bbox 2228 3611 3803 3684; baseline 0 -18"><span class='ocrx_word' id='word_1_551' title='bbox 2228 3615 2641 3684; x_wconf 84' lang='lat' dir='ltr'><strong>Quadragesima</strong></span> <span class='ocrx_word' id='word_1_552' title='bbox 2669 3614 2788 3666; x_wconf 76' lang='lat' dir='ltr'><strong>totis</strong></span> <span class='ocrx_word' id='word_1_553' title='bbox 2809 3657 2822 3677; x_wconf 90' lang='lat'><strong>,</strong></span> <span class='ocrx_word' id='word_1_554' title='bbox 2873 3623 3056 3682; x_wconf 74' lang='lat' dir='ltr'><strong>prwter</strong></span> <span class='ocrx_word' id='word_1_555' title='bbox 3083 3611 3355 3684; x_wconf 78' lang='lat' dir='ltr'><strong>sabbatum</strong></span> <span class='ocrx_word' id='word_1_556' title='bbox 3382 3624 3447 3684; x_wconf 20' lang='lat' dir='ltr'><strong>eti</strong></span> <span class='ocrx_word' id='word_1_557' title='bbox 3471 3615 3775 3666; x_wconf 75' lang='lat' dir='ltr'><strong>dominirum</strong></span> <span class='ocrx_word' id='word_1_558' title='bbox 3792 3655 3803 3677; x_wconf 82' lang='lat'><strong>,</strong></span> 
     </span>
    </p>
   </div>
   <div class='ocr_carea' id='block_1_90' title="bbox 2217 3683 3810 3756">
    <p class='ocr_par' dir='ltr' id='par_1_91' title="bbox 2217 3683 3810 3756">
     <span class='ocr_line' id='line_1_95' title="bbox 2217 3683 3810 3756; baseline 0 -18"><span class='ocrx_word' id='word_1_559' title='bbox 2217 3683 2491 3756; x_wconf 79' lang='lat' dir='ltr'><strong>jejunatur</strong></span> <span class='ocrx_word' id='word_1_560' title='bbox 2515 3686 2712 3738; x_wconf 87' lang='lat' dir='ltr'><strong>diebus.</strong></span> <span class='ocrx_word' id='word_1_561' title='bbox 2744 3683 2861 3737; x_wconf 83' lang='lat' dir='ltr'><strong>Hoc</strong></span> <span class='ocrx_word' id='word_1_562' title='bbox 2882 3684 3142 3756; x_wconf 80' lang='lat' dir='ltr'><strong>jejunium</strong></span> <span class='ocrx_word' id='word_1_563' title='bbox 3177 3683 3390 3736; x_wconf 85' lang='lat' dir='ltr'><strong>Domini</strong></span> <span class='ocrx_word' id='word_1_564' title='bbox 3422 3683 3635 3738; x_wconf 75' lang='lat' dir='ltr'><strong>Pascha</strong></span> <span class='ocrx_word' id='word_1_565' title='bbox 3657 3687 3810 3738; x_wconf 82' lang='lat' dir='ltr'><strong>inclu-</strong></span> 
     </span>
    </p>
   </div>
   <div class='ocr_carea' id='block_1_91' title="bbox 2227 3754 3808 3825">
    <p class='ocr_par' dir='ltr' id='par_1_92' title="bbox 2227 3754 3808 3825">
     <span class='ocr_line' id='line_1_96' title="bbox 2227 3754 3808 3825; baseline -0.001 -16"><span class='ocrx_word' id='word_1_566' title='bbox 2227 3754 2320 3810; x_wconf 88' lang='lat' dir='ltr'><strong>dit.</strong></span> <span class='ocrx_word' id='word_1_567' title='bbox 2358 3757 2488 3811; x_wconf 89' lang='lat' dir='ltr'><strong>Cum</strong></span> <span class='ocrx_word' id='word_1_568' title='bbox 2519 3757 2679 3825; x_wconf 89' lang='lat' dir='ltr'><strong>igitur</strong></span> <span class='ocrx_word' id='word_1_569' title='bbox 2710 3756 2850 3816; x_wconf 85' lang='lat' dir='ltr'><strong>apud</strong></span> <span class='ocrx_word' id='word_1_570' title='bbox 2882 3754 3184 3809; x_wconf 80' lang='lat' dir='ltr'><strong>Orientales</strong></span> <span class='ocrx_word' id='word_1_571' title='bbox 3214 3755 3443 3809; x_wconf 82' lang='lat' dir='ltr'><strong>sabbata</strong></span> <span class='ocrx_word' id='word_1_572' title='bbox 3491 3772 3617 3809; x_wconf 84' lang='lat' dir='ltr'><strong>cum</strong></span> <span class='ocrx_word' id='word_1_573' title='bbox 3649 3756 3808 3810; x_wconf 84' lang='lat' dir='ltr'><strong>domi-</strong></span> 
     </span>
    </p>
   </div>
   <div class='ocr_carea' id='block_1_92' title="bbox 2226 3825 3806 3897">
    <p class='ocr_par' dir='ltr' id='par_1_93' title="bbox 2226 3825 3806 3897">
     <span class='ocr_line' id='line_1_97' title="bbox 2226 3825 3806 3897; baseline -0.001 -15"><span class='ocrx_word' id='word_1_574' title='bbox 2226 3828 2400 3895; x_wconf 91' lang='lat' dir='ltr'><strong>nicis,</strong></span> <span class='ocrx_word' id='word_1_575' title='bbox 2449 3827 2587 3897; x_wconf 88' lang='lat' dir='ltr'><strong>apud</strong></span> <span class='ocrx_word' id='word_1_576' title='bbox 2640 3825 2862 3881; x_wconf 90' lang='lat' dir='ltr'><strong>Latinos</strong></span> <span class='ocrx_word' id='word_1_577' title='bbox 2891 3840 3020 3878; x_wconf 90' lang='lat' dir='ltr'><strong>vero</strong></span> <span class='ocrx_word' id='word_1_578' title='bbox 3065 3840 3171 3879; x_wconf 93' lang='lat' dir='ltr'><strong>non</strong></span> <span class='ocrx_word' id='word_1_579' title='bbox 3209 3827 3313 3880; x_wconf 88' lang='lat' dir='ltr'><strong>nisi</strong></span> <span class='ocrx_word' id='word_1_580' title='bbox 3346 3825 3467 3897; x_wconf 85' lang='lat' dir='ltr'><strong>dies</strong></span> <span class='ocrx_word' id='word_1_581' title='bbox 3509 3827 3806 3882; x_wconf 76' lang='lat' dir='ltr'><strong>dominicis</strong></span> 
     </span>
    </p>
   </div>
   <div class='ocr_carea' id='block_1_93' title="bbox 2221 3896 3804 3968">
    <p class='ocr_par' dir='ltr' id='par_1_94' title="bbox 2221 3896 3804 3968">
     <span class='ocr_line' id='line_1_98' title="bbox 2221 3896 3804 3968; baseline -0.001 -15"><span class='ocrx_word' id='word_1_582' title='bbox 2221 3899 2430 3968; x_wconf 85' lang='lat' dir='ltr'><strong>jejunio</strong></span> <span class='ocrx_word' id='word_1_583' title='bbox 2475 3896 2854 3965; x_wconf 85' lang='lat' dir='ltr'><strong>exciperentur</strong></span> <span class='ocrx_word' id='word_1_584' title='bbox 2877 3938 2893 3961; x_wconf 89' lang='lat'><strong>,</strong></span> <span class='ocrx_word' id='word_1_585' title='bbox 2926 3911 3151 3968; x_wconf 74' lang='lat' dir='ltr'><strong>necesse</strong></span> <span class='ocrx_word' id='word_1_586' title='bbox 3178 3907 3296 3951; x_wconf 90' lang='lat' dir='ltr'><strong>erat</strong></span> <span class='ocrx_word' id='word_1_587' title='bbox 3325 3896 3396 3950; x_wconf 90' lang='lat' dir='ltr'><strong>ab</strong></span> <span class='ocrx_word' id='word_1_588' title='bbox 3429 3897 3544 3952; x_wconf 79' lang='lat' dir='ltr'><strong>illis</strong></span> <span class='ocrx_word' id='word_1_589' title='bbox 3574 3909 3804 3964; x_wconf 81' lang='lat' dir='ltr'><strong>septem,</strong></span> 
     </span>
    </p>
   </div>
   <div class='ocr_carea' id='block_1_94' title="bbox 2225 3967 3809 4038">
    <p class='ocr_par' dir='ltr' id='par_1_95' title="bbox 2225 3967 3809 4038">
     <span class='ocr_line' id='line_1_99' title="bbox 2225 3967 3809 4038; baseline 0 -15"><span class='ocrx_word' id='word_1_590' title='bbox 2225 3967 2293 4024; x_wconf 87' lang='lat' dir='ltr'><strong>ab</strong></span> <span class='ocrx_word' id='word_1_591' title='bbox 2326 3969 2406 4024; x_wconf 89' lang='lat' dir='ltr'><strong>ltis</strong></span> <span class='ocrx_word' id='word_1_592' title='bbox 2437 3969 2809 4023; x_wconf 85' lang='lat' dir='ltr'><strong>tantummodo</strong></span> <span class='ocrx_word' id='word_1_593' title='bbox 2835 3983 2927 4022; x_wconf 86' lang='lat' dir='ltr'><strong>sex</strong></span> <span class='ocrx_word' id='word_1_594' title='bbox 2959 3967 3327 4022; x_wconf 85' lang='lat' dir='ltr'><strong>hebdomadas</strong></span> <span class='ocrx_word' id='word_1_595' title='bbox 3349 3969 3544 4038; x_wconf 80' lang='lat' dir='ltr'><strong>jejunii</strong></span> <span class='ocrx_word' id='word_1_596' title='bbox 3591 3971 3809 4036; x_wconf 76' lang='lat' dir='ltr'><strong>quadra-</strong></span> 
     </span>
    </p>
   </div>
   <div class='ocr_carea' id='block_1_95' title="bbox 2225 4040 3804 4110">
    <p class='ocr_par' dir='ltr' id='par_1_96' title="bbox 2225 4040 3804 4110">
     <span class='ocr_line' id='line_1_100' title="bbox 2225 4040 3804 4110; baseline 0 -16"><span class='ocrx_word' id='word_1_597' title='bbox 2225 4041 2502 4110; x_wconf 84' lang='lat' dir='ltr'><strong>gesimalis</strong></span> <span class='ocrx_word' id='word_1_598' title='bbox 2527 4040 2841 4103; x_wconf 69' lang='lat' dir='ltr'><strong>observari,</strong></span> <span class='ocrx_word' id='word_1_599' title='bbox 2892 4048 2950 4092; x_wconf 92' lang='lat' dir='ltr'><strong>ut</strong></span> <span class='ocrx_word' id='word_1_600' title='bbox 2995 4055 3278 4110; x_wconf 81' lang='lat' dir='ltr'><strong>numerum</strong></span> <span class='ocrx_word' id='word_1_601' title='bbox 3317 4041 3540 4109; x_wconf 86' lang='lat' dir='ltr'><strong>triginta</strong></span> <span class='ocrx_word' id='word_1_602' title='bbox 3572 4056 3663 4094; x_wconf 89' lang='lat' dir='ltr'><strong>sex</strong></span> <span class='ocrx_word' id='word_1_603' title='bbox 3696 4042 3804 4094; x_wconf 84' lang='lat' dir='ltr'><strong>die-</strong></span> 
     </span>
    </p>
   </div>
   <div class='ocr_carea' id='block_1_96' title="bbox 2225 4109 3804 4179">
    <p class='ocr_par' dir='ltr' id='par_1_97' title="bbox 2225 4109 3804 4179">
     <span class='ocr_line' id='line_1_101' title="bbox 2225 4109 3804 4179; baseline -0.002 -13"><span class='ocrx_word' id='word_1_604' title='bbox 2225 4109 2344 4166; x_wconf 79' lang='lat' dir='ltr'><strong>rum</strong></span> <span class='ocrx_word' id='word_1_605' title='bbox 2373 4113 2572 4176; x_wconf 87' lang='lat' dir='ltr'><strong>pariter</strong></span> <span class='ocrx_word' id='word_1_606' title='bbox 2609 4119 2972 4179; x_wconf 56' lang='lat' dir='ltr'><strong>ex:‘rqnarent.</strong></span> <span class='ocrx_word' id='word_1_607' title='bbox 3021 4109 3152 4164; x_wconf 86' lang='lat' dir='ltr'><strong>Nam</strong></span> <span class='ocrx_word' id='word_1_608' title='bbox 3195 4111 3430 4179; x_wconf 89' lang='lat' dir='ltr'><strong>septima</strong></span> <span class='ocrx_word' id='word_1_609' title='bbox 3481 4110 3804 4166; x_wconf 82' lang='lat' dir='ltr'><strong>hebdomada</strong></span> 
     </span>
    </p>
   </div>
   <div class='ocr_carea' id='block_1_97' title="bbox 2225 4182 3804 4250">
    <p class='ocr_par' dir='ltr' id='par_1_98' title="bbox 2225 4182 3804 4250">
     <span class='ocr_line' id='line_1_102' title="bbox 2225 4182 3804 4250; baseline 0.003 -16"><span class='ocrx_word' id='word_1_610' title='bbox 2225 4183 2364 4250; x_wconf 90' lang='lat' dir='ltr'><strong>apud</strong></span> <span class='ocrx_word' id='word_1_611' title='bbox 2382 4183 2501 4236; x_wconf 87' lang='lat' dir='ltr'><strong>illos</strong></span> <span class='ocrx_word' id='word_1_612' title='bbox 2529 4182 2814 4250; x_wconf 73' lang='lat' dir='ltr'><strong>supplebat</strong></span> <span class='ocrx_word' id='word_1_613' title='bbox 2829 4183 2999 4234; x_wconf 86' lang='lat' dir='ltr'><strong>vicem</strong></span> <span class='ocrx_word' id='word_1_614' title='bbox 3015 4182 3390 4244; x_wconf 85' lang='lat' dir='ltr'><strong>sabbatorum.</strong></span> <span class='ocrx_word' id='word_1_615' title='bbox 3407 4182 3664 4250; x_wconf 86' lang='lat' dir='ltr'><strong>adjuncto</strong></span> <span class='ocrx_word' id='word_1_616' title='bbox 3683 4183 3804 4238; x_wconf 84' lang='lat' dir='ltr'><strong>sab-</strong></span> 
     </span>
    </p>
   </div>
   <div class='ocr_carea' id='block_1_98' title="bbox 2225 4251 3644 4322">
    <p class='ocr_par' dir='ltr' id='par_1_99' title="bbox 2225 4251 3644 4322">
     <span class='ocr_line' id='line_1_103' title="bbox 2225 4251 3644 4322; baseline 0.002 -16"><span class='ocrx_word' id='word_1_617' title='bbox 2225 4253 2350 4322; x_wconf 86' lang='lat' dir='ltr'><strong>bato</strong></span> <span class='ocrx_word' id='word_1_618' title='bbox 2381 4254 2618 4306; x_wconf 70' lang='lat' dir='ltr'><strong>l‘aschte.</strong></span> <span class='ocrx_word' id='word_1_619' title='bbox 2655 4252 2759 4306; x_wconf 87' lang='lat' dir='ltr'><strong>Sed</strong></span> <span class='ocrx_word' id='word_1_620' title='bbox 2789 4251 2856 4306; x_wconf 86' lang='lat' dir='ltr'><strong>de</strong></span> <span class='ocrx_word' id='word_1_621' title='bbox 2883 4251 2965 4306; x_wconf 91' lang='lat' dir='ltr'><strong>bis</strong></span> <span class='ocrx_word' id='word_1_622' title='bbox 3000 4253 3152 4321; x_wconf 88' lang='lat' dir='ltr'><strong>plura</strong></span> <span class='ocrx_word' id='word_1_623' title='bbox 3182 4253 3234 4306; x_wconf 90' lang='lat' dir='ltr'><strong>in</strong></span> <span class='ocrx_word' id='word_1_624' title='bbox 3265 4256 3644 4322; x_wconf 84' lang='lat' dir='ltr'><strong>sequentibus.</strong></span> 
     </span>
    </p>
   </div>
   <div class='ocr_carea' id='block_1_99' title="bbox 2295 4321 3814 4391">
    <p class='ocr_par' dir='ltr' id='par_1_100' title="bbox 2295 4321 3814 4391">
     <span class='ocr_line' id='line_1_104' title="bbox 2295 4321 3814 4391; baseline 0.002 -14"><span class='ocrx_word' id='word_1_625' title='bbox 2295 4321 2322 4360; x_wconf 73' lang='grc' dir='ltr'><strong>ἀ</strong></span> <span class='ocrx_word' id='word_1_626' title='bbox 2355 4324 2482 4378; x_wconf 63' lang='lat' dir='ltr'><strong>Haec</strong></span> <span class='ocrx_word' id='word_1_627' title='bbox 2512 4339 2613 4376; x_wconf 92' lang='lat' dir='ltr'><strong>una</strong></span> <span class='ocrx_word' id='word_1_628' title='bbox 2643 4324 2801 4386; x_wconf 88' lang='lat' dir='ltr'><strong>ratio,</strong></span> <span class='ocrx_word' id='word_1_629' title='bbox 2837 4333 3034 4391; x_wconf 68' lang='lat' dir='ltr'><strong>prteter</strong></span> <span class='ocrx_word' id='word_1_630' title='bbox 3065 4325 3197 4378; x_wconf 89' lang='lat' dir='ltr'><strong>alias</strong></span> <span class='ocrx_word' id='word_1_631' title='bbox 3227 4321 3540 4387; x_wconf 79' lang='lat' dir='ltr'><strong>complures</strong></span> <span class='ocrx_word' id='word_1_632' title='bbox 3561 4371 3573 4390; x_wconf 91' lang='lat'><strong>,</strong></span> <span class='ocrx_word' id='word_1_633' title='bbox 3607 4343 3707 4380; x_wconf 89' lang='lat' dir='ltr'><strong>cur</strong></span> <span class='ocrx_word' id='word_1_634' title='bbox 3736 4327 3814 4380; x_wconf 59' lang='lat' dir='ltr'><strong>in.</strong></span> 
     </span>
    </p>
   </div>
   <div class='ocr_carea' id='block_1_100' title="bbox 2223 4393 3814 4465">
    <p class='ocr_par' dir='ltr' id='par_1_101' title="bbox 2223 4393 3814 4465">
     <span class='ocr_line' id='line_1_105' title="bbox 2223 4393 3814 4465; baseline 0.002 -17"><span class='ocrx_word' id='word_1_635' title='bbox 2223 4393 2407 4448; x_wconf 89' lang='lat' dir='ltr'><strong>stitnta</strong></span> <span class='ocrx_word' id='word_1_636' title='bbox 2439 4395 2600 4448; x_wconf 88' lang='lat' dir='ltr'><strong>fuerit</strong></span> <span class='ocrx_word' id='word_1_637' title='bbox 2621 4394 3040 4460; x_wconf 73' lang='lat' dir='ltr'><strong>Quadragesima</strong></span> <span class='ocrx_word' id='word_1_638' title='bbox 3065 4435 3079 4454; x_wconf 83' lang='lat'><strong>.</strong></span> <span class='ocrx_word' id='word_1_639' title='bbox 3105 4411 3199 4450; x_wconf 88' lang='lat' dir='ltr'><strong>seu</strong></span> <span class='ocrx_word' id='word_1_640' title='bbox 3230 4396 3700 4464; x_wconf 77' lang='lat' dir='ltr'><strong>quadragesimale</strong></span> <span class='ocrx_word' id='word_1_641' title='bbox 3723 4398 3814 4465; x_wconf 88' lang='lat' dir='ltr'><strong>je-</strong></span> 
     </span>
    </p>
   </div>
   <div class='ocr_carea' id='block_1_101' title="bbox 2217 4465 3816 4535">
    <p class='ocr_par' dir='ltr' id='par_1_102' title="bbox 2217 4465 3816 4535">
     <span class='ocr_line' id='line_1_106' title="bbox 2217 4465 3816 4535; baseline 0.003 -19"><span class='ocrx_word' id='word_1_642' title='bbox 2217 4465 2430 4533; x_wconf 88' lang='lat' dir='ltr'><strong>junium</strong></span> <span class='ocrx_word' id='word_1_643' title='bbox 2455 4505 2468 4527; x_wconf 86' lang='lat'><strong>,</strong></span> <span class='ocrx_word' id='word_1_644' title='bbox 2496 4465 2748 4518; x_wconf 90' lang='lat' dir='ltr'><strong>nimirum</strong></span> <span class='ocrx_word' id='word_1_645' title='bbox 2777 4474 2829 4518; x_wconf 92' lang='lat' dir='ltr'><strong>ut</strong></span> <span class='ocrx_word' id='word_1_646' title='bbox 2860 4466 3011 4530; x_wconf 83' lang='lat' dir='ltr'><strong>quasi</strong></span> <span class='ocrx_word' id='word_1_647' title='bbox 3037 4465 3275 4528; x_wconf 80' lang='lat' dir='ltr'><strong>decimas</strong></span> <span class='ocrx_word' id='word_1_648' title='bbox 3306 4469 3424 4518; x_wconf 72' lang='lat' dir='ltr'><strong>vita:</strong></span> <span class='ocrx_word' id='word_1_649' title='bbox 3447 4476 3645 4518; x_wconf 68' lang='lat' dir='ltr'><strong>nostrae</strong></span> <span class='ocrx_word' id='word_1_650' title='bbox 3676 4481 3816 4535; x_wconf 79' lang='lat' dir='ltr'><strong>ape-</strong></span> 
     </span>
    </p>
   </div>
   <div class='ocr_carea' id='block_1_102' title="bbox 2221 4535 3806 4604">
    <p class='ocr_par' dir='ltr' id='par_1_103' title="bbox 2221 4535 3806 4604">
     <span class='ocr_line' id='line_1_107' title="bbox 2221 4535 3806 4604; baseline 0.002 -16"><span class='ocrx_word' id='word_1_651' title='bbox 2221 4551 2450 4604; x_wconf 88' lang='lat' dir='ltr'><strong>rumque</strong></span> <span class='ocrx_word' id='word_1_652' title='bbox 2475 4545 2783 4589; x_wconf 83' lang='lat' dir='ltr'><strong>nostrorum</strong></span> <span class='ocrx_word' id='word_1_653' title='bbox 2817 4550 2912 4602; x_wconf 90' lang='lat' dir='ltr'><strong>per</strong></span> <span class='ocrx_word' id='word_1_654' title='bbox 2943 4536 3312 4591; x_wconf 83' lang='lat' dir='ltr'><strong>abstinentiam</strong></span> <span class='ocrx_word' id='word_1_655' title='bbox 3349 4535 3806 4604; x_wconf 83' lang='lat' dir='ltr'><strong>quadragesima-</strong></span> 
     </span>
    </p>
   </div>
   <div class='ocr_carea' id='block_1_103' title="bbox 2221 4606 3809 4670">
    <p class='ocr_par' dir='ltr' id='par_1_104' title="bbox 2221 4606 3809 4670">
     <span class='ocr_line' id='line_1_108' title="bbox 2221 4606 3809 4670; baseline 0.003 -13"><span class='ocrx_word' id='word_1_656' title='bbox 2221 4606 2327 4659; x_wconf 88' lang='lat' dir='ltr'><strong>lem</strong></span> <span class='ocrx_word' id='word_1_657' title='bbox 2358 4607 2583 4660; x_wconf 82' lang='lat' dir='ltr'><strong>Domino</strong></span> <span class='ocrx_word' id='word_1_658' title='bbox 2615 4606 2906 4660; x_wconf 58' lang='lat' dir='ltr'><strong>offeramus</strong></span> <span class='ocrx_word' id='word_1_659' title='bbox 2929 4606 3092 4670; x_wconf 80' lang='lat' dir='ltr'><strong>(Vide</strong></span> <span class='ocrx_word' id='word_1_660' title='bbox 3121 4607 3367 4662; x_wconf 85' lang='lat' dir='ltr'><strong>Bcllarm.</strong></span> <span class='ocrx_word' id='word_1_661' title='bbox 3390 4607 3478 4659; x_wconf 86' lang='lat' dir='ltr'><strong>lib.</strong></span> <span class='ocrx_word' id='word_1_662' title='bbox 3499 4621 3540 4660; x_wconf 85' lang='grc' dir='ltr'>ιι</span> <span class='ocrx_word' id='word_1_663' title='bbox 3571 4608 3635 4660; x_wconf 87' lang='lat' dir='ltr'><strong>de</strong></span> <span class='ocrx_word' id='word_1_664' title='bbox 3672 4607 3809 4662; x_wconf 81' lang='lat' dir='ltr'><strong>Bon.</strong></span> 
     </span>
    </p>
   </div>
   <div class='ocr_carea' id='block_1_104' title="bbox 2225 4675 3810 4747">
    <p class='ocr_par' dir='ltr' id='par_1_105' title="bbox 2225 4675 3810 4747">
     <span class='ocr_line' id='line_1_109' title="bbox 2225 4675 3810 4747; baseline 0.002 -18"><span class='ocrx_word' id='word_1_665' title='bbox 2225 4675 2381 4747; x_wconf 80' lang='lat' dir='ltr'><strong>Oper.</strong></span> <span class='ocrx_word' id='word_1_666' title='bbox 2415 4678 2468 4731; x_wconf 90' lang='lat' dir='ltr'><strong>in</strong></span> <span class='ocrx_word' id='word_1_667' title='bbox 2497 4680 2680 4747; x_wconf 81' lang='lat' dir='ltr'><strong>partic.</strong></span> <span class='ocrx_word' id='word_1_668' title='bbox 2736 4694 2782 4730; x_wconf 89' lang='lat' dir='ltr'><strong>c.</strong></span> <span class='ocrx_word' id='word_1_669' title='bbox 2820 4677 2910 4739; x_wconf 77' lang='lat'><strong>16;</strong></span> <span class='ocrx_word' id='word_1_670' title='bbox 2943 4679 3085 4732; x_wconf 88' lang='lat' dir='ltr'><strong>hom.</strong></span> <span class='ocrx_word' id='word_1_671' title='bbox 3122 4681 3187 4733; x_wconf 78' lang='grc'><strong>16</strong></span> <span class='ocrx_word' id='word_1_672' title='bbox 3213 4680 3267 4732; x_wconf 86' lang='lat' dir='ltr'><strong>in</strong></span> <span class='ocrx_word' id='word_1_673' title='bbox 3317 4677 3520 4747; x_wconf 80' lang='lat' dir='ltr'><strong>Evaug.</strong></span> <span class='ocrx_word' id='word_1_674' title='bbox 3567 4677 3810 4734; x_wconf 81' lang='lat' dir='ltr'><strong>Gratian.</strong></span> 
     </span>
    </p>
   </div>
   <div class='ocr_carea' id='block_1_105' title="bbox 2221 4746 3808 4820">
    <p class='ocr_par' dir='ltr' id='par_1_106' title="bbox 2221 4746 3808 4820">
     <span class='ocr_line' id='line_1_110' title="bbox 2221 4746 3808 4820; baseline 0.004 -21"><span class='ocrx_word' id='word_1_675' title='bbox 2221 4746 2343 4820; x_wconf 85' lang='lat' dir='ltr'><strong>dist.</strong></span> <span class='ocrx_word' id='word_1_676' title='bbox 2377 4749 2409 4803; x_wconf 82' lang='grc'>5</span> <span class='ocrx_word' id='word_1_677' title='bbox 2433 4748 2497 4802; x_wconf 87' lang='lat' dir='ltr'><strong>de</strong></span> <span class='ocrx_word' id='word_1_678' title='bbox 2520 4746 2757 4820; x_wconf 76' lang='lat' dir='ltr'><strong>C_onsecr.</strong></span> <span class='ocrx_word' id='word_1_679' title='bbox 2783 4765 2828 4801; x_wconf 92' lang='lat' dir='ltr'><strong>c.</strong></span> <span class='ocrx_word' id='word_1_680' title='bbox 2864 4747 3322 4820; x_wconf 84' lang='lat' dir='ltr'><strong>Quadragesima).</strong></span> <span class='ocrx_word' id='word_1_681' title='bbox 3348 4746 3521 4815; x_wconf 79' lang='lat' dir='ltr'><strong>Quam</strong></span> <span class='ocrx_word' id='word_1_682' title='bbox 3544 4753 3808 4806; x_wconf 82' lang='lat' dir='ltr'><strong>rationem</strong></span> 
     </span>
    </p>
   </div>
   <div class='ocr_carea' id='block_1_106' title="bbox 474 4813 3811 4898">
    <p class='ocr_par' dir='ltr' id='par_1_107' title="bbox 474 4813 3811 4898">
     <span class='ocr_line' id='line_1_111' title="bbox 474 4813 3811 4898; baseline 0.001 -27"><span class='ocrx_word' id='word_1_683' title='bbox 510 4813 704 4898; x_wconf 52' lang='lat' dir='ltr'><strong>inultis:</strong></span> <span class='ocrx_word' id='word_1_684' title='bbox 751 4816 974 4898; x_wconf 77' lang='lat' dir='ltr'><strong>dicitur.</strong></span> <span class='ocrx_word' id='word_1_685' title='bbox 999 4813 1165 4898; x_wconf 68' lang='lat' dir='ltr'><strong>Cujus</strong></span> <span class='ocrx_word' id='word_1_686' title='bbox 1217 4817 1800 4898; x_wconf 54' lang='lat' dir='ltr'><strong>insignisntlocumenti</strong></span> <span class='ocrx_word' id='word_1_687' title='bbox 1837 4819 2114 4898; x_wconf 81' lang='lat' dir='ltr'><strong>_rati0_nem</strong></span> <span class='ocrx_word' id='word_1_688' title='bbox 2142 4838 2196 4898; x_wconf 70' lang='grc' dir='ltr'><strong>Ι)</strong></span> <span class='ocrx_word' id='word_1_689' title='bbox 2221 4819 2383 4898; x_wconf 77' lang='lat' dir='ltr'><strong>etiam</strong></span> <span class='ocrx_word' id='word_1_690' title='bbox 2422 4820 2479 4872; x_wconf 91' lang='grc' dir='ltr'><strong>υ.</strong></span> <span class='ocrx_word' id='word_1_691' title='bbox 2535 4818 2826 4898; x_wconf 78' lang='lat' dir='ltr'><strong>Gregorius</strong></span> <span class='ocrx_word' id='word_1_692' title='bbox 2869 4836 2966 4886; x_wconf 87' lang='lat' dir='ltr'><strong>pro</strong></span> <span class='ocrx_word' id='word_1_693' title='bbox 3014 4813 3288 4898; x_wconf 70' lang='lat' dir='ltr'><strong>concione</strong></span> <span class='ocrx_word' id='word_1_694' title='bbox 3321 4813 3413 4898; x_wconf 44' lang='lat' dir='ltr'><strong>ad“</strong></span> <span class='ocrx_word' id='word_1_695' title='bbox 3439 4823 3698 4898; x_wconf 71' lang='lat' dir='ltr'><strong>populum</strong></span> <span class='ocrx_word' id='word_1_696' title='bbox 3734 4824 3811 4877; x_wconf 84' lang='lat' dir='ltr'><strong>his</strong></span> 
     </span>
    </p>
   </div>
   <div class='ocr_carea' id='block_1_107' title="bbox 511 4887 2115 4958">
    <p class='ocr_par' dir='ltr' id='par_1_108' title="bbox 511 4887 2115 4958">
     <span class='ocr_line' id='line_1_112' title="bbox 511 4887 2115 4958; baseline 0.001 -15"><span class='ocrx_word' id='word_1_697' title='bbox 511 4888 784 4944; x_wconf 85' lang='lat' dir='ltr'><strong>habuisse</strong></span> <span class='ocrx_word' id='word_1_698' title='bbox 810 4887 1024 4941; x_wconf 88' lang='lat' dir='ltr'><strong>videtur</strong></span> <span class='ocrx_word' id='word_1_699' title='bbox 1053 4887 1398 4943; x_wconf 88' lang='lat' dir='ltr'><strong>Innocentius</strong></span> <span class='ocrx_word' id='word_1_700' title='bbox 1433 4887 1498 4944; x_wconf 90' lang='lat' dir='ltr'><strong>Ill</strong></span> <span class='ocrx_word' id='word_1_701' title='bbox 1528 4889 1786 4958; x_wconf 85' lang='lat' dir='ltr'><strong>pontifex.</strong></span> <span class='ocrx_word' id='word_1_702' title='bbox 1819 4890 1946 4943; x_wconf 89' lang='lat' dir='ltr'><strong>dum</strong></span> <span class='ocrx_word' id='word_1_703' title='bbox 1976 4890 2115 4944; x_wconf 90' lang='lat' dir='ltr'><strong>inter</strong></span> 
     </span>
    </p>
   </div>
   <div class='ocr_carea' id='block_1_108' title="bbox 515 4959 2114 5016">
    <p class='ocr_par' dir='ltr' id='par_1_109' title="bbox 515 4959 2114 5016">
     <span class='ocr_line' id='line_1_113' title="bbox 515 4959 2114 5016; baseline 0.002 -3"><span class='ocrx_word' id='word_1_704' title='bbox 515 4963 620 5014; x_wconf 87' lang='lat' dir='ltr'><strong>alia</strong></span> <span class='ocrx_word' id='word_1_705' title='bbox 673 4960 991 5014; x_wconf 74' lang='lat' dir='ltr'><strong>monasticae</strong></span> <span class='ocrx_word' id='word_1_706' title='bbox 1043 4959 1448 5014; x_wconf 88' lang='lat' dir='ltr'><strong>reformationis</strong></span> <span class='ocrx_word' id='word_1_707' title='bbox 1491 4962 1728 5015; x_wconf 88' lang='lat' dir='ltr'><strong>instituta</strong></span> <span class='ocrx_word' id='word_1_708' title='bbox 1769 4961 1842 5016; x_wconf 90' lang='lat' dir='ltr'><strong>ita</strong></span> <span class='ocrx_word' id='word_1_709' title='bbox 1875 4960 2114 5016; x_wconf 88' lang='lat' dir='ltr'><strong>decernit</strong></span> 
     </span>
    </p>
   </div>
   <div class='ocr_carea' id='block_1_109' title="bbox 521 5029 2115 5101">
    <p class='ocr_par' dir='ltr' id='par_1_110' title="bbox 521 5029 2115 5101">
     <span class='ocr_line' id='line_1_114' title="bbox 521 5029 2115 5101; baseline 0.001 -16"><span class='ocrx_word' id='word_1_710' title='bbox 521 5031 676 5100; x_wconf 82' lang='lat' dir='ltr'><strong>(Cap.</strong></span> <span class='ocrx_word' id='word_1_711' title='bbox 706 5029 837 5083; x_wconf 82' lang='lat' dir='ltr'><strong>Cum</strong></span> <span class='ocrx_word' id='word_1_712' title='bbox 864 5030 930 5082; x_wconf 92' lang='lat' dir='ltr'><strong>ad</strong></span> <span class='ocrx_word' id='word_1_713' title='bbox 964 5033 1366 5101; x_wconf 83' lang='lat' dir='ltr'><strong>monasterium,</strong></span> <span class='ocrx_word' id='word_1_714' title='bbox 1395 5031 1459 5084; x_wconf 87' lang='lat' dir='ltr'><strong>de</strong></span> <span class='ocrx_word' id='word_1_715' title='bbox 1490 5041 1628 5085; x_wconf 86' lang='lat' dir='ltr'><strong>statu</strong></span> <span class='ocrx_word' id='word_1_716' title='bbox 1661 5029 1926 5101; x_wconf 90' lang='lat' dir='ltr'><strong>monach.)</strong></span> <span class='ocrx_word' id='word_1_717' title='bbox 1956 5049 1968 5084; x_wconf 93' lang='lat'>:</span> <span class='ocrx_word' id='word_1_718' title='bbox 2003 5031 2115 5086; x_wconf 83' lang='lat' dir='ltr'><strong>Nec</strong></span> 
     </span>
    </p>
   </div>
   <div class='ocr_carea' id='block_1_110' title="bbox 511 5099 2115 5173">
    <p class='ocr_par' dir='ltr' id='par_1_111' title="bbox 511 5099 2115 5173">
     <span class='ocr_line' id='line_1_115' title="bbox 511 5099 2115 5173; baseline 0.001 -18"><span class='ocrx_word' id='word_1_719' title='bbox 511 5105 567 5156; x_wconf 87' lang='lat' dir='ltr'><strong>in</strong></span> <span class='ocrx_word' id='word_1_720' title='bbox 593 5099 913 5173; x_wconf 84' lang='lat' dir='ltr'><strong>quibusdam</strong></span> <span class='ocrx_word' id='word_1_721' title='bbox 937 5099 1345 5155; x_wconf 86' lang='lat' dir='ltr'><strong>solemnitatibus</strong></span> <span class='ocrx_word' id='word_1_722' title='bbox 1372 5100 1522 5173; x_wconf 81' lang='lat' dir='ltr'><strong>(sicut</strong></span> <span class='ocrx_word' id='word_1_723' title='bbox 1547 5104 1829 5173; x_wconf 88' lang='lat' dir='ltr'><strong>aliquando</strong></span> <span class='ocrx_word' id='word_1_724' title='bbox 1857 5099 1972 5171; x_wconf 81' lang='lat' dir='ltr'><strong>ﬁeri</strong></span> <span class='ocrx_word' id='word_1_725' title='bbox 1993 5119 2115 5157; x_wconf 82' lang='lat' dir='ltr'><strong>con-</strong></span> 
     </span>
    </p>
   </div>
   <div class='ocr_carea' id='block_1_111' title="bbox 511 5172 2106 5245">
    <p class='ocr_par' dir='ltr' id='par_1_112' title="bbox 511 5172 2106 5245">
     <span class='ocr_line' id='line_1_116' title="bbox 511 5172 2106 5245; baseline 0.001 -19"><span class='ocrx_word' id='word_1_726' title='bbox 511 5172 695 5240; x_wconf 71' lang='lat' dir='ltr'><strong>sueuit)</strong></span> <span class='ocrx_word' id='word_1_727' title='bbox 722 5182 999 5226; x_wconf 81' lang='lat' dir='ltr'><strong>conventus</strong></span> <span class='ocrx_word' id='word_1_728' title='bbox 1021 5183 1165 5225; x_wconf 75' lang='lat' dir='ltr'><strong>exeat</strong></span> <span class='ocrx_word' id='word_1_729' title='bbox 1199 5189 1314 5225; x_wconf 88' lang='lat' dir='ltr'><strong>cum</strong></span> <span class='ocrx_word' id='word_1_730' title='bbox 1347 5172 1553 5240; x_wconf 88' lang='lat' dir='ltr'><strong>abbate,</strong></span> <span class='ocrx_word' id='word_1_731' title='bbox 1581 5172 1762 5245; x_wconf 86' lang='lat' dir='ltr'><strong>paucis</strong></span> <span class='ocrx_word' id='word_1_732' title='bbox 1785 5175 1856 5227; x_wconf 85' lang='lat' dir='ltr'><strong>ibi</strong></span> <span class='ocrx_word' id='word_1_733' title='bbox 1888 5174 2106 5242; x_wconf 87' lang='lat' dir='ltr'><strong>relictis,</strong></span> 
     </span>
    </p>
   </div>
   <div class='ocr_carea' id='block_1_112' title="bbox 511 5245 2112 5313">
    <p class='ocr_par' dir='ltr' id='par_1_113' title="bbox 511 5245 2112 5313">
     <span class='ocr_line' id='line_1_117' title="bbox 511 5245 2112 5313; baseline 0.004 -18"><span class='ocrx_word' id='word_1_734' title='bbox 511 5254 566 5298; x_wconf 82' lang='lat' dir='ltr'><strong>ut</strong></span> <span class='ocrx_word' id='word_1_735' title='bbox 611 5253 764 5298; x_wconf 75' lang='lat' dir='ltr'><strong>extra</strong></span> <span class='ocrx_word' id='word_1_736' title='bbox 811 5245 1142 5313; x_wconf 76' lang='lat' dir='ltr'><strong>refectormm</strong></span> <span class='ocrx_word' id='word_1_737' title='bbox 1185 5245 1343 5296; x_wconf 81' lang='lat' dir='ltr'><strong>edant</strong></span> <span class='ocrx_word' id='word_1_738' title='bbox 1381 5260 1560 5298; x_wconf 86' lang='lat' dir='ltr'><strong>carnes</strong></span> <span class='ocrx_word' id='word_1_739' title='bbox 1586 5287 1599 5308; x_wconf 90' lang='lat'><strong>,</strong></span> <span class='ocrx_word' id='word_1_740' title='bbox 1641 5262 1756 5298; x_wconf 88' lang='lat' dir='ltr'><strong>cum</strong></span> <span class='ocrx_word' id='word_1_741' title='bbox 1795 5246 1899 5299; x_wconf 86' lang='lat' dir='ltr'><strong>illis</strong></span> <span class='ocrx_word' id='word_1_742' title='bbox 1930 5248 2112 5301; x_wconf 86' lang='lat' dir='ltr'><strong>diebus</strong></span> 
     </span>
    </p>
   </div>
   <div class='ocr_carea' id='block_1_113' title="bbox 506 5314 2104 5386">
    <p class='ocr_par' dir='ltr' id='par_1_114' title="bbox 506 5314 2104 5386">
     <span class='ocr_line' id='line_1_118' title="bbox 506 5314 2104 5386; baseline 0.003 -19"><span class='ocrx_word' id='word_1_743' title='bbox 506 5318 775 5386; x_wconf 77' lang='lat' dir='ltr'><strong>prwcipue</strong></span> <span class='ocrx_word' id='word_1_744' title='bbox 799 5314 1053 5386; x_wconf 82' lang='lat' dir='ltr'><strong>regularis</strong></span> <span class='ocrx_word' id='word_1_745' title='bbox 1079 5314 1433 5384; x_wconf 87' lang='lat' dir='ltr'><strong>disciplinasit</strong></span> <span class='ocrx_word' id='word_1_746' title='bbox 1453 5318 1737 5370; x_wconf 76' lang='lat' dir='ltr'><strong>studiosius</strong></span> <span class='ocrx_word' id='word_1_747' title='bbox 1765 5319 2104 5372; x_wconf 86' lang='lat' dir='ltr'><strong>observanda.</strong></span> 
     </span>
    </p>
   </div>
   <div class='ocr_carea' id='block_1_114' title="bbox 590 5385 2102 5459">
    <p class='ocr_par' dir='ltr' id='par_1_115' title="bbox 590 5385 2102 5459">
     <span class='ocr_line' id='line_1_119' title="bbox 590 5385 2102 5459; baseline 0.002 -20"><span class='ocrx_word' id='word_1_748' title='bbox 590 5398 611 5426; x_wconf 74' lang='grc' dir='ltr'><strong>ο</strong></span> <span class='ocrx_word' id='word_1_749' title='bbox 643 5387 808 5450; x_wconf 88' lang='lat' dir='ltr'><strong>Nam,</strong></span> <span class='ocrx_word' id='word_1_750' title='bbox 838 5396 898 5459; x_wconf 85' lang='lat' dir='ltr'><strong>ut</strong></span> <span class='ocrx_word' id='word_1_751' title='bbox 929 5385 1056 5438; x_wconf 88' lang='lat' dir='ltr'><strong>alibi</strong></span> <span class='ocrx_word' id='word_1_752' title='bbox 1083 5395 1360 5459; x_wconf 70' lang='lat' dir='ltr'><strong>ostensum</strong></span> <span class='ocrx_word' id='word_1_753' title='bbox 1403 5397 1486 5459; x_wconf 87' lang='lat' dir='ltr'><strong>est</strong></span> <span class='ocrx_word' id='word_1_754' title='bbox 1516 5387 1656 5456; x_wconf 87' lang='lat' dir='ltr'><strong>(Lib.</strong></span> <span class='ocrx_word' id='word_1_755' title='bbox 1691 5403 1748 5441; x_wconf 80' lang='grc' dir='ltr'><strong>ιιι</strong></span> <span class='ocrx_word' id='word_1_756' title='bbox 1779 5387 1954 5442; x_wconf 85' lang='lat' dir='ltr'><strong>Iustit.</strong></span> <span class='ocrx_word' id='word_1_757' title='bbox 1985 5405 2102 5459; x_wconf 88' lang='lat' dir='ltr'><strong>cap.</strong></span> 
     </span>
    </p>
   </div>
   <div class='ocr_carea' id='block_1_115' title="bbox 507 5457 2105 5528">
    <p class='ocr_par' dir='ltr' id='par_1_116' title="bbox 507 5457 2105 5528">
     <span class='ocr_line' id='line_1_120' title="bbox 507 5457 2105 5528; baseline 0.003 -16"><span class='ocrx_word' id='word_1_758' title='bbox 507 5459 604 5528; x_wconf 84' lang='lat'><strong>9),</strong></span> <span class='ocrx_word' id='word_1_759' title='bbox 639 5458 956 5512; x_wconf 88' lang='lat' dir='ltr'><strong>Orientales</strong></span> <span class='ocrx_word' id='word_1_760' title='bbox 982 5497 997 5519; x_wconf 90' lang='lat'><strong>,</strong></span> <span class='ocrx_word' id='word_1_761' title='bbox 1046 5471 1139 5528; x_wconf 88' lang='lat' dir='ltr'><strong>seu</strong></span> <span class='ocrx_word' id='word_1_762' title='bbox 1187 5457 1359 5511; x_wconf 66' lang='lat' dir='ltr'><strong>Graeci</strong></span> <span class='ocrx_word' id='word_1_763' title='bbox 1409 5458 1552 5513; x_wconf 90' lang='lat' dir='ltr'><strong>diem</strong></span> <span class='ocrx_word' id='word_1_764' title='bbox 1609 5461 1817 5514; x_wconf 82' lang='lat' dir='ltr'><strong>sabbati</strong></span> <span class='ocrx_word' id='word_1_765' title='bbox 1845 5475 1873 5512; x_wconf 90' lang='lat' dir='ltr'><strong>a</strong></span> <span class='ocrx_word' id='word_1_766' title='bbox 1895 5457 2105 5528; x_wconf 70' lang='lat' dir='ltr'><strong>jejunio</strong></span> 
     </span>
    </p>
   </div>
   <div class='ocr_carea' id='block_1_116' title="bbox 506 5527 2104 5599">
    <p class='ocr_par' dir='ltr' id='par_1_117' title="bbox 506 5527 2104 5599">
     <span class='ocr_line' id='line_1_121' title="bbox 506 5527 2104 5599; baseline 0.001 -16"><span class='ocrx_word' id='word_1_767' title='bbox 506 5527 956 5597; x_wconf 77' lang='lat' dir='ltr'><strong>Quadragesimte</strong></span> <span class='ocrx_word' id='word_1_768' title='bbox 982 5527 1332 5599; x_wconf 82' lang='lat' dir='ltr'><strong>excipiebant</strong></span> <span class='ocrx_word' id='word_1_769' title='bbox 1355 5537 1408 5584; x_wconf 89' lang='lat' dir='ltr'><strong>et</strong></span> <span class='ocrx_word' id='word_1_770' title='bbox 1429 5530 1844 5592; x_wconf 88' lang='lat' dir='ltr'><strong>subtrahebant,</strong></span> <span class='ocrx_word' id='word_1_771' title='bbox 1878 5527 2104 5599; x_wconf 83' lang='lat' dir='ltr'><strong>excepto</strong></span> 
     </span>
    </p>
   </div>
   <div class='ocr_carea' id='block_1_117' title="bbox 505 5598 2106 5669">
    <p class='ocr_par' dir='ltr' id='par_1_118' title="bbox 505 5598 2106 5669">
     <span class='ocr_line' id='line_1_122' title="bbox 505 5598 2106 5669; baseline 0.003 -17"><span class='ocrx_word' id='word_1_772' title='bbox 505 5601 738 5652; x_wconf 85' lang='lat' dir='ltr'><strong>sabbato</strong></span> <span class='ocrx_word' id='word_1_773' title='bbox 770 5598 1036 5669; x_wconf 86' lang='lat' dir='ltr'><strong>paschali,</strong></span> <span class='ocrx_word' id='word_1_774' title='bbox 1067 5607 1292 5653; x_wconf 87' lang='lat' dir='ltr'><strong>eatenus</strong></span> <span class='ocrx_word' id='word_1_775' title='bbox 1323 5602 1566 5669; x_wconf 90' lang='lat' dir='ltr'><strong>quidem,</strong></span> <span class='ocrx_word' id='word_1_776' title='bbox 1608 5613 1663 5654; x_wconf 92' lang='lat' dir='ltr'><strong>ut</strong></span> <span class='ocrx_word' id='word_1_777' title='bbox 1689 5602 1884 5655; x_wconf 89' lang='lat' dir='ltr'><strong>diebus</strong></span> <span class='ocrx_word' id='word_1_778' title='bbox 1913 5598 2106 5657; x_wconf 85' lang='lat' dir='ltr'><strong>sabba-</strong></span> 
     </span>
    </p>
   </div>
   <div class='ocr_carea' id='block_1_118' title="bbox 506 5668 2104 5735">
    <p class='ocr_par' dir='ltr' id='par_1_119' title="bbox 506 5668 2104 5735">
     <span class='ocr_line' id='line_1_123' title="bbox 506 5668 2104 5735; baseline 0.005 -15"><span class='ocrx_word' id='word_1_779' title='bbox 506 5669 640 5720; x_wconf 90' lang='lat' dir='ltr'><strong>tinis</strong></span> <span class='ocrx_word' id='word_1_780' title='bbox 673 5685 779 5721; x_wconf 90' lang='lat' dir='ltr'><strong>non</strong></span> <span class='ocrx_word' id='word_1_781' title='bbox 810 5668 1154 5735; x_wconf 84' lang='lat' dir='ltr'><strong>jejunarent,</strong></span> <span class='ocrx_word' id='word_1_782' title='bbox 1202 5670 1296 5723; x_wconf 91' lang='lat' dir='ltr'><strong>sed</strong></span> <span class='ocrx_word' id='word_1_783' title='bbox 1331 5679 1506 5725; x_wconf 88' lang='lat' dir='ltr'><strong>tamen</strong></span> <span class='ocrx_word' id='word_1_784' title='bbox 1547 5689 1577 5726; x_wconf 91' lang='lat' dir='ltr'><strong>a</strong></span> <span class='ocrx_word' id='word_1_785' title='bbox 1620 5673 1875 5727; x_wconf 88' lang='lat' dir='ltr'><strong>carnibus</strong></span> <span class='ocrx_word' id='word_1_786' title='bbox 1909 5683 1965 5727; x_wconf 88' lang='lat' dir='ltr'><strong>et</strong></span> <span class='ocrx_word' id='word_1_787' title='bbox 1989 5674 2104 5728; x_wconf 90' lang='lat' dir='ltr'><strong>ovis</strong></span> 
     </span>
    </p>
   </div>
   <div class='ocr_carea' id='block_1_119' title="bbox 507 5735 2102 5808">
    <p class='ocr_par' dir='ltr' id='par_1_120' title="bbox 507 5735 2102 5808">
     <span class='ocr_line' id='line_1_124' title="bbox 507 5735 2102 5808; baseline 0.008 -22"><span class='ocrx_word' id='word_1_788' title='bbox 507 5735 849 5808; x_wconf 58' lang='lat' dir='ltr'><strong>abstinerent</strong></span> <span class='ocrx_word' id='word_1_789' title='bbox 871 5746 982 5808; x_wconf 88' lang='lat' dir='ltr'><strong>,__ut_</strong></span> <span class='ocrx_word' id='word_1_790' title='bbox 1017 5747 1073 5790; x_wconf 91' lang='lat' dir='ltr'><strong>et</strong></span> <span class='ocrx_word' id='word_1_791' title='bbox 1109 5738 1417 5794; x_wconf 89' lang='lat' dir='ltr'><strong>dominicis.</strong></span> <span class='ocrx_word' id='word_1_792' title='bbox 1449 5742 1603 5808; x_wconf 87' lang='lat' dir='ltr'><strong>Quod</strong></span> <span class='ocrx_word' id='word_1_793' title='bbox 1635 5744 1684 5796; x_wconf 90' lang='lat' dir='ltr'><strong>in</strong></span> <span class='ocrx_word' id='word_1_794' title='bbox 1724 5743 2020 5799; x_wconf 87' lang='lat' dir='ltr'><strong>Occidente</strong></span> <span class='ocrx_word' id='word_1_795' title='bbox 2049 5746 2102 5799; x_wconf 92' lang='lat' dir='ltr'><strong>in</strong></span> 
     </span>
    </p>
   </div>
   <div class='ocr_carea' id='block_1_120' title="bbox 508 5803 2107 5878">
    <p class='ocr_par' dir='ltr' id='par_1_121' title="bbox 508 5803 2107 5878">
     <span class='ocr_line' id='line_1_125' title="bbox 508 5803 2107 5878; baseline 0.008 -18"><span class='ocrx_word' id='word_1_796' title='bbox 508 5803 759 5860; x_wconf 77' lang='lat' dir='ltr'><strong>Ecclesia</strong></span> <span class='ocrx_word' id='word_1_797' title='bbox 789 5803 1180 5861; x_wconf 80' lang='lat' dir='ltr'><strong>Mediolanensi</strong></span> <span class='ocrx_word' id='word_1_798' title='bbox 1231 5803 1567 5878; x_wconf 59' lang='lat' dir='ltr'><strong>temporc&#39;D.</strong></span> <span class='ocrx_word' id='word_1_799' title='bbox 1600 5812 1878 5872; x_wconf 84' lang='lat' dir='ltr'><strong>Ambrosii</strong></span> <span class='ocrx_word' id='word_1_800' title='bbox 1915 5815 2107 5873; x_wconf 83' lang='lat' dir='ltr'><strong>obser-</strong></span> 
     </span>
    </p>
   </div>
   <div class='ocr_carea' id='block_1_121' title="bbox 2200 4890 3808 4961">
    <p class='ocr_par' dir='ltr' id='par_1_122' title="bbox 2200 4890 3808 4961">
     <span class='ocr_line' id='line_1_126' title="bbox 2200 4890 3808 4961; baseline 0.002 -17"><span class='ocrx_word' id='word_1_801' title='bbox 2200 4890 2402 4944; x_wconf 79' lang='lat' dir='ltr'><strong>-verbis</strong></span> <span class='ocrx_word' id='word_1_802' title='bbox 2434 4893 2740 4961; x_wconf 83' lang='lat' dir='ltr'><strong>expressit:</strong></span> <span class='ocrx_word' id='word_1_803' title='bbox 2776 4890 2818 4942; x_wconf 83' lang='lat' dir='ltr'><strong><em>A</em></strong></span> <span class='ocrx_word' id='word_1_804' title='bbox 2849 4893 3092 4956; x_wconf 69' lang='lat' dir='ltr'><strong>prtesenti</strong></span> <span class='ocrx_word' id='word_1_805' title='bbox 3135 4893 3322 4944; x_wconf 88' lang='lat' dir='ltr'><strong>etenim</strong></span> <span class='ocrx_word' id='word_1_806' title='bbox 3358 4892 3442 4943; x_wconf 78' lang='lat' dir='ltr'><strong>die</strong></span> <span class='ocrx_word' id='word_1_807' title='bbox 3473 4891 3601 4961; x_wconf 89' lang='lat' dir='ltr'><strong>(hoc</strong></span> <span class='ocrx_word' id='word_1_808' title='bbox 3653 4906 3755 4955; x_wconf 82' lang='lat' dir='ltr'><strong>est,</strong></span> <span class='ocrx_word' id='word_1_809' title='bbox 3782 4909 3808 4948; x_wconf 70' lang='grc' dir='ltr'><strong>ει</strong></span> 
     </span>
    </p>
   </div>
   <div class='ocr_carea' id='block_1_122' title="bbox 2220 4959 3807 5032">
    <p class='ocr_par' dir='ltr' id='par_1_123' title="bbox 2220 4959 3807 5032">
     <span class='ocr_line' id='line_1_127' title="bbox 2220 4959 3807 5032; baseline 0.001 -18"><span class='ocrx_word' id='word_1_810' title='bbox 2220 4961 2394 5030; x_wconf 89' lang='lat' dir='ltr'><strong>prima</strong></span> <span class='ocrx_word' id='word_1_811' title='bbox 2423 4959 3178 5032; x_wconf 12' lang='lat' dir='ltr'><strong>dominicaiQuadragesimte,</strong></span> <span class='ocrx_word' id='word_1_812' title='bbox 3209 4971 3267 5015; x_wconf 91' lang='lat' dir='ltr'><strong>nt</strong></span> <span class='ocrx_word' id='word_1_813' title='bbox 3291 4959 3582 5015; x_wconf 83' lang='lat' dir='ltr'><strong>Gratianus</strong></span> <span class='ocrx_word' id='word_1_814' title='bbox 3605 4967 3807 5032; x_wconf 88' lang='lat' dir='ltr'><strong>retulit)</strong></span> 
     </span>
    </p>
   </div>
   <div class='ocr_carea' id='block_1_123' title="bbox 2220 5031 3811 5103">
    <p class='ocr_par' dir='ltr' id='par_1_124' title="bbox 2220 5031 3811 5103">
     <span class='ocr_line' id='line_1_128' title="bbox 2220 5031 3811 5103; baseline 0.003 -18"><span class='ocrx_word' id='word_1_815' title='bbox 2220 5049 2380 5103; x_wconf 82' lang='lat' dir='ltr'><strong>usque</strong></span> <span class='ocrx_word' id='word_1_816' title='bbox 2407 5034 2474 5084; x_wconf 92' lang='lat' dir='ltr'><strong>ad</strong></span> <span class='ocrx_word' id='word_1_817' title='bbox 2496 5031 2758 5103; x_wconf 82' lang='lat' dir='ltr'><strong>paschalis</strong></span> <span class='ocrx_word' id='word_1_818' title='bbox 2783 5032 3118 5086; x_wconf 82' lang='lat' dir='ltr'><strong>solemnitatis</strong></span> <span class='ocrx_word' id='word_1_819' title='bbox 3146 5033 3341 5102; x_wconf 84' lang='lat' dir='ltr'><strong>gaudia</strong></span> <span class='ocrx_word' id='word_1_820' title='bbox 3357 5048 3451 5086; x_wconf 66' lang='lat' dir='ltr'><strong>ser</strong></span> <span class='ocrx_word' id='word_1_821' title='bbox 3477 5035 3811 5089; x_wconf 69' lang='lat' dir='ltr'><strong>hebdomadis</strong></span> 
     </span>
    </p>
   </div>
   <div class='ocr_carea' id='block_1_124' title="bbox 2217 5103 3809 5174">
    <p class='ocr_par' dir='ltr' id='par_1_125' title="bbox 2217 5103 3809 5174">
     <span class='ocr_line' id='line_1_129' title="bbox 2217 5103 3809 5174; baseline 0.002 -18"><span class='ocrx_word' id='word_1_822' title='bbox 2217 5105 2456 5157; x_wconf 82' lang='lat' dir='ltr'><strong>veniunt:</strong></span> <span class='ocrx_word' id='word_1_823' title='bbox 2485 5120 2703 5172; x_wconf 89' lang='lat' dir='ltr'><strong>quarum</strong></span> <span class='ocrx_word' id='word_1_824' title='bbox 2731 5104 2960 5156; x_wconf 87' lang='lat' dir='ltr'><strong>videlicet</strong></span> <span class='ocrx_word' id='word_1_825' title='bbox 2989 5103 3096 5156; x_wconf 83' lang='lat' dir='ltr'><strong>dies</strong></span> <span class='ocrx_word' id='word_1_826' title='bbox 3123 5104 3470 5172; x_wconf 85' lang='lat' dir='ltr'><strong>quadraginta</strong></span> <span class='ocrx_word' id='word_1_827' title='bbox 3499 5107 3606 5158; x_wconf 87' lang='lat' dir='ltr'><strong>duo</strong></span> <span class='ocrx_word' id='word_1_828' title='bbox 3640 5107 3768 5174; x_wconf 75' lang='lat' dir='ltr'><strong>ﬁunt</strong></span> <span class='ocrx_word' id='word_1_829' title='bbox 3792 5123 3809 5159; x_wconf 89' lang='lat'><strong><em>:</em></strong></span> 
     </span>
    </p>
   </div>
   <div class='ocr_carea' id='block_1_125' title="bbox 2217 5174 3809 5243">
    <p class='ocr_par' dir='ltr' id='par_1_126' title="bbox 2217 5174 3809 5243">
     <span class='ocr_line' id='line_1_130' title="bbox 2217 5174 3809 5243; baseline 0 -15"><span class='ocrx_word' id='word_1_830' title='bbox 2217 5191 2280 5228; x_wconf 77' lang='lat' dir='ltr'><strong>ea:</strong></span> <span class='ocrx_word' id='word_1_831' title='bbox 2318 5174 2499 5242; x_wconf 89' lang='lat' dir='ltr'><strong>quibus</strong></span> <span class='ocrx_word' id='word_1_832' title='bbox 2551 5175 2675 5228; x_wconf 87' lang='lat' dir='ltr'><strong>dum</strong></span> <span class='ocrx_word' id='word_1_833' title='bbox 2713 5191 2802 5229; x_wconf 77' lang='lat' dir='ltr'><strong>sea:</strong></span> <span class='ocrx_word' id='word_1_834' title='bbox 2830 5176 2936 5228; x_wconf 88' lang='lat' dir='ltr'><strong>dies</strong></span> <span class='ocrx_word' id='word_1_835' title='bbox 2981 5176 3225 5228; x_wconf 85' lang='lat' dir='ltr'><strong>dominici</strong></span> <span class='ocrx_word' id='word_1_836' title='bbox 3254 5175 3672 5243; x_wconf 79' lang='lat' dir='ltr'><strong>subtrahuntur,</strong></span> <span class='ocrx_word' id='word_1_837' title='bbox 3718 5196 3809 5230; x_wconf 80' lang='lat' dir='ltr'><strong>non</strong></span> 
     </span>
    </p>
   </div>
   <div class='ocr_carea' id='block_1_126' title="bbox 2216 5245 3807 5316">
    <p class='ocr_par' dir='ltr' id='par_1_127' title="bbox 2216 5245 3807 5316">
     <span class='ocr_line' id='line_1_131' title="bbox 2216 5245 3807 5316; baseline 0.001 -18"><span class='ocrx_word' id='word_1_838' title='bbox 2216 5247 2333 5314; x_wconf 86' lang='lat' dir='ltr'><strong>plus</strong></span> <span class='ocrx_word' id='word_1_839' title='bbox 2360 5248 2416 5300; x_wconf 88' lang='lat' dir='ltr'><strong>in</strong></span> <span class='ocrx_word' id='word_1_840' title='bbox 2437 5245 2745 5300; x_wconf 85' lang='lat' dir='ltr'><strong>abstinentia</strong></span> <span class='ocrx_word' id='word_1_841' title='bbox 2765 5263 2920 5316; x_wconf 84' lang='lat' dir='ltr'><strong>quant</strong></span> <span class='ocrx_word' id='word_1_842' title='bbox 2951 5247 3162 5316; x_wconf 87' lang='lat' dir='ltr'><strong>triginta</strong></span> <span class='ocrx_word' id='word_1_843' title='bbox 3189 5255 3236 5298; x_wconf 85' lang='lat' dir='ltr'><strong>et</strong></span> <span class='ocrx_word' id='word_1_844' title='bbox 3264 5263 3354 5300; x_wconf 77' lang='lat' dir='ltr'><strong>sea:</strong></span> <span class='ocrx_word' id='word_1_845' title='bbox 3380 5248 3491 5299; x_wconf 86' lang='lat' dir='ltr'><strong>dies</strong></span> <span class='ocrx_word' id='word_1_846' title='bbox 3516 5260 3807 5312; x_wconf 69' lang='lat' dir='ltr'><strong>remanent;</strong></span> 
     </span>
    </p>
   </div>
   <div class='ocr_carea' id='block_1_127' title="bbox 2215 5317 3805 5387">
    <p class='ocr_par' dir='ltr' id='par_1_128' title="bbox 2215 5317 3805 5387">
     <span class='ocr_line' id='line_1_132' title="bbox 2215 5317 3805 5387; baseline 0.002 -18"><span class='ocrx_word' id='word_1_847' title='bbox 2215 5317 2338 5370; x_wconf 86' lang='lat' dir='ltr'><strong>dum</strong></span> <span class='ocrx_word' id='word_1_848' title='bbox 2366 5333 2483 5370; x_wconf 85' lang='lat' dir='ltr'><strong>vero</strong></span> <span class='ocrx_word' id='word_1_849' title='bbox 2505 5333 2595 5386; x_wconf 88' lang='lat' dir='ltr'><strong>per</strong></span> <span class='ocrx_word' id='word_1_850' title='bbox 2621 5325 2867 5370; x_wconf 87' lang='lat' dir='ltr'><strong>trecentos</strong></span> <span class='ocrx_word' id='word_1_851' title='bbox 2883 5327 2929 5370; x_wconf 88' lang='lat' dir='ltr'><strong>et</strong></span> <span class='ocrx_word' id='word_1_852' title='bbox 2959 5318 3224 5387; x_wconf 68' lang='lat' dir='ltr'><strong>sexaginta</strong></span> <span class='ocrx_word' id='word_1_853' title='bbox 3253 5319 3484 5387; x_wconf 85' lang='lat' dir='ltr'><strong>quinque</strong></span> <span class='ocrx_word' id='word_1_854' title='bbox 3505 5319 3618 5372; x_wconf 89' lang='lat' dir='ltr'><strong>dies</strong></span> <span class='ocrx_word' id='word_1_855' title='bbox 3648 5338 3805 5372; x_wconf 71' lang='lat' dir='ltr'><strong>anites</strong></span> 
     </span>
    </p>
   </div>
   <div class='ocr_carea' id='block_1_128' title="bbox 2211 5389 3803 5460">
    <p class='ocr_par' dir='ltr' id='par_1_129' title="bbox 2211 5389 3803 5460">
     <span class='ocr_line' id='line_1_133' title="bbox 2211 5389 3803 5460; baseline 0.001 -20"><span class='ocrx_word' id='word_1_856' title='bbox 2211 5389 2439 5452; x_wconf 89' lang='lat' dir='ltr'><strong>ducitur,</strong></span> <span class='ocrx_word' id='word_1_857' title='bbox 2471 5405 2561 5441; x_wconf 87' lang='lat' dir='ltr'><strong>nos</strong></span> <span class='ocrx_word' id='word_1_858' title='bbox 2588 5399 2755 5460; x_wconf 83' lang='lat' dir='ltr'><strong>autem</strong></span> <span class='ocrx_word' id='word_1_859' title='bbox 2788 5406 2875 5456; x_wconf 85' lang='lat' dir='ltr'><strong>per</strong></span> <span class='ocrx_word' id='word_1_860' title='bbox 2903 5389 3119 5460; x_wconf 85' lang='lat' dir='ltr'><strong>triginta</strong></span> <span class='ocrx_word' id='word_1_861' title='bbox 3141 5398 3186 5441; x_wconf 85' lang='lat' dir='ltr'><strong>et</strong></span> <span class='ocrx_word' id='word_1_862' title='bbox 3219 5404 3313 5442; x_wconf 77' lang='lat' dir='ltr'><strong>sex</strong></span> <span class='ocrx_word' id='word_1_863' title='bbox 3355 5390 3466 5443; x_wconf 88' lang='lat' dir='ltr'><strong>dies</strong></span> <span class='ocrx_word' id='word_1_864' title='bbox 3511 5391 3803 5460; x_wconf 66' lang='lat' dir='ltr'><strong>aﬁligimur,</strong></span> 
     </span>
    </p>
   </div>
   <div class='ocr_carea' id='block_1_129' title="bbox 2207 5458 3804 5531">
    <p class='ocr_par' dir='ltr' id='par_1_130' title="bbox 2207 5458 3804 5531">
     <span class='ocr_line' id='line_1_134' title="bbox 2207 5458 3804 5531; baseline 0 -20"><span class='ocrx_word' id='word_1_865' title='bbox 2207 5462 2355 5531; x_wconf 87' lang='lat' dir='ltr'><strong>quasi</strong></span> <span class='ocrx_word' id='word_1_866' title='bbox 2375 5461 2501 5513; x_wconf 86' lang='lat' dir='ltr'><strong>anni</strong></span> <span class='ocrx_word' id='word_1_867' title='bbox 2528 5460 2694 5513; x_wconf 86' lang='lat' dir='ltr'><strong>nostri</strong></span> <span class='ocrx_word' id='word_1_868' title='bbox 2720 5458 2942 5514; x_wconf 87' lang='lat' dir='ltr'><strong>decimas</strong></span> <span class='ocrx_word' id='word_1_869' title='bbox 2975 5459 3077 5512; x_wconf 83' lang='lat' dir='ltr'><strong>Deo</strong></span> <span class='ocrx_word' id='word_1_870' title='bbox 3100 5462 3283 5513; x_wconf 84' lang='lat' dir='ltr'><strong>damus</strong></span> <span class='ocrx_word' id='word_1_871' title='bbox 3304 5475 3324 5522; x_wconf 85' lang='lat'><strong>,&#39;</strong></span> <span class='ocrx_word' id='word_1_872' title='bbox 3357 5461 3513 5529; x_wconf 85' lang='lat' dir='ltr'><strong>utqui</strong></span> <span class='ocrx_word' id='word_1_873' title='bbox 3535 5458 3804 5514; x_wconf 72' lang='lat' dir='ltr'><strong>nobismet-</strong></span> 
     </span>
    </p>
   </div>
   <div class='ocr_carea' id='block_1_130' title="bbox 2208 5532 3804 5602">
    <p class='ocr_par' dir='ltr' id='par_1_131' title="bbox 2208 5532 3804 5602">
     <span class='ocr_line' id='line_1_135' title="bbox 2208 5532 3804 5602; baseline 0 -18"><span class='ocrx_word' id='word_1_874' title='bbox 2208 5534 2336 5599; x_wconf 88' lang='lat' dir='ltr'><strong>ipsis</strong></span> <span class='ocrx_word' id='word_1_875' title='bbox 2368 5547 2454 5599; x_wconf 87' lang='lat' dir='ltr'><strong>per</strong></span> <span class='ocrx_word' id='word_1_876' title='bbox 2485 5541 2744 5602; x_wconf 86' lang='lat' dir='ltr'><strong>acceptum</strong></span> <span class='ocrx_word' id='word_1_877' title='bbox 2775 5546 2968 5584; x_wconf 86' lang='lat' dir='ltr'><strong>annum</strong></span> <span class='ocrx_word' id='word_1_878' title='bbox 2993 5532 3243 5596; x_wconf 75' lang='lat' dir='ltr'><strong>viximus,</strong></span> <span class='ocrx_word' id='word_1_879' title='bbox 3270 5533 3475 5584; x_wconf 87' lang='lat' dir='ltr'><strong>auctori</strong></span> <span class='ocrx_word' id='word_1_880' title='bbox 3517 5542 3699 5584; x_wconf 81' lang='lat' dir='ltr'><strong>nostra</strong></span> <span class='ocrx_word' id='word_1_881' title='bbox 3721 5549 3804 5584; x_wconf 77' lang='lat' dir='ltr'><strong>nos</strong></span> 
     </span>
    </p>
   </div>
   <div class='ocr_carea' id='block_1_131' title="bbox 2207 5603 3798 5674">
    <p class='ocr_par' dir='ltr' id='par_1_132' title="bbox 2207 5603 3798 5674">
     <span class='ocr_line' id='line_1_136' title="bbox 2207 5603 3798 5674; baseline -0.001 -18"><span class='ocrx_word' id='word_1_882' title='bbox 2207 5604 2263 5656; x_wconf 88' lang='lat' dir='ltr'><strong>in</strong></span> <span class='ocrx_word' id='word_1_883' title='bbox 2303 5607 2411 5674; x_wconf 80' lang='lat' dir='ltr'><strong>ejus</strong></span> <span class='ocrx_word' id='word_1_884' title='bbox 2444 5603 2652 5657; x_wconf 87' lang='lat' dir='ltr'><strong>decimis</strong></span> <span class='ocrx_word' id='word_1_885' title='bbox 2680 5617 2770 5672; x_wconf 84' lang='lat' dir='ltr'><strong>per</strong></span> <span class='ocrx_word' id='word_1_886' title='bbox 2801 5603 3159 5655; x_wconf 85' lang='lat' dir='ltr'><strong>abstinentiam</strong></span> <span class='ocrx_word' id='word_1_887' title='bbox 3189 5603 3585 5674; x_wconf 72' lang='lat' dir='ltr'><strong>mortiﬁremus.</strong></span> <span class='ocrx_word' id='word_1_888' title='bbox 3632 5603 3798 5664; x_wconf 77' lang='lat' dir='ltr'><strong>Unde,</strong></span> 
     </span>
    </p>
   </div>
   <div class='ocr_carea' id='block_1_132' title="bbox 2206 5673 3800 5744">
    <p class='ocr_par' dir='ltr' id='par_1_133' title="bbox 2206 5673 3800 5744">
     <span class='ocr_line' id='line_1_137' title="bbox 2206 5673 3800 5744; baseline 0.001 -19"><span class='ocrx_word' id='word_1_889' title='bbox 2206 5673 2397 5744; x_wconf 78' lang='lat' dir='ltr'><strong>fratres</strong></span> <span class='ocrx_word' id='word_1_890' title='bbox 2421 5674 2710 5728; x_wconf 86' lang='lat' dir='ltr'><strong>charissimi</strong></span> <span class='ocrx_word' id='word_1_891' title='bbox 2732 5713 2747 5738; x_wconf 94' lang='lat'><strong>,</strong></span> <span class='ocrx_word' id='word_1_892' title='bbox 2780 5675 2910 5728; x_wconf 80' lang='lat' dir='ltr'><strong>sicut</strong></span> <span class='ocrx_word' id='word_1_893' title='bbox 2939 5674 3122 5740; x_wconf 74' lang='lat' dir='ltr'><strong>olferre</strong></span> <span class='ocrx_word' id='word_1_894' title='bbox 3163 5675 3216 5726; x_wconf 90' lang='lat' dir='ltr'><strong>in</strong></span> <span class='ocrx_word' id='word_1_895' title='bbox 3247 5675 3356 5741; x_wconf 79' lang='lat' dir='ltr'><strong>lege</strong></span> <span class='ocrx_word' id='word_1_896' title='bbox 3390 5673 3649 5743; x_wconf 77' lang='lat' dir='ltr'><strong>jubemini</strong></span> <span class='ocrx_word' id='word_1_897' title='bbox 3679 5676 3800 5726; x_wconf 63' lang='grc' dir='ltr'><strong>ἐπὶ·</strong></span> 
     </span>
    </p>
   </div>
   <div class='ocr_carea' id='block_1_133' title="bbox 2208 5744 3796 5811">
    <p class='ocr_par' dir='ltr' id='par_1_134' title="bbox 2208 5744 3796 5811">
     <span class='ocr_line' id='line_1_138' title="bbox 2208 5744 3796 5811; baseline -0.001 -13"><span class='ocrx_word' id='word_1_898' title='bbox 2208 5762 2322 5798; x_wconf 87' lang='lat' dir='ltr'><strong>mus</strong></span> <span class='ocrx_word' id='word_1_899' title='bbox 2351 5761 2555 5809; x_wconf 86' lang='lat' dir='ltr'><strong>rerum,</strong></span> <span class='ocrx_word' id='word_1_900' title='bbox 2597 5747 2672 5798; x_wconf 86' lang='lat' dir='ltr'><strong>ita</strong></span> <span class='ocrx_word' id='word_1_901' title='bbox 2698 5753 2745 5798; x_wconf 89' lang='lat' dir='ltr'><strong>et</strong></span> <span class='ocrx_word' id='word_1_902' title='bbox 2787 5745 2973 5811; x_wconf 73' lang='lat' dir='ltr'><strong>oﬁ&#39;erre</strong></span> <span class='ocrx_word' id='word_1_903' title='bbox 2998 5744 3289 5799; x_wconf 87' lang='lat' dir='ltr'><strong>contendite</strong></span> <span class='ocrx_word' id='word_1_904' title='bbox 3316 5744 3546 5798; x_wconf 84' lang='lat' dir='ltr'><strong>decimas</strong></span> <span class='ocrx_word' id='word_1_905' title='bbox 3585 5744 3796 5798; x_wconf 68' lang='lat' dir='ltr'><strong>dierum.</strong></span> 
     </span>
    </p>
   </div>
   <div class='ocr_carea' id='block_1_134' title="bbox 2153 5813 3790 5891">
    <p class='ocr_par' dir='ltr' id='par_1_135' title="bbox 2153 5813 3790 5891">
     <span class='ocr_line' id='line_1_139' title="bbox 2153 5813 3790 5891; baseline 0 -16"><span class='ocrx_word' id='word_1_906' title='bbox 2153 5884 2159 5891; x_wconf 90' lang='lat'><strong>_</strong></span> <span class='ocrx_word' id='word_1_907' title='bbox 2205 5816 2282 5875; x_wconf 84' lang='lat' dir='ltr'><strong>Ita</strong></span> <span class='ocrx_word' id='word_1_908' title='bbox 2315 5815 2632 5889; x_wconf 80' lang='lat' dir='ltr'><strong>Gregorius.</strong></span> <span class='ocrx_word' id='word_1_909' title='bbox 2685 5816 2954 5875; x_wconf 86' lang='lat' dir='ltr'><strong>Similiter</strong></span> <span class='ocrx_word' id='word_1_910' title='bbox 2999 5825 3055 5874; x_wconf 87' lang='lat' dir='ltr'><strong>et</strong></span> <span class='ocrx_word' id='word_1_911' title='bbox 3092 5814 3335 5876; x_wconf 86' lang='lat' dir='ltr'><strong>lsidorus</strong></span> <span class='ocrx_word' id='word_1_912' title='bbox 3372 5814 3473 5873; x_wconf 88' lang='lat' dir='ltr'><strong>lib.</strong></span> <span class='ocrx_word' id='word_1_913' title='bbox 3503 5829 3524 5871; x_wconf 85' lang='lat' dir='ltr'><strong>t</strong></span> <span class='ocrx_word' id='word_1_914' title='bbox 3550 5814 3620 5875; x_wconf 83' lang='lat' dir='ltr'><strong>de</strong></span> <span class='ocrx_word' id='word_1_915' title='bbox 3650 5813 3790 5875; x_wconf 69' lang='lat' dir='ltr'><strong>Ofbc.</strong></span> 
     </span>
    </p>
   </div>
  </div>
