  <div class='ocr_page' id='page_1' title='image "/cluster/home/n/w/nwhite01/storage/ocr_20150623/49/uva.x000827093/608.png"; bbox 0 0 3986 6188; ppageno 0'>
   <div class='ocr_carea' id='block_1_1' title="bbox 169 163 315 223">
    <p class='ocr_par' dir='ltr' id='par_1_1' title="bbox 169 163 315 223">
     <span class='ocr_line' id='line_1_1' title="bbox 169 163 315 223; baseline 0.014 -2"><span class='ocrx_word' id='word_1_1' title='bbox 169 163 315 223; x_wconf 70' lang='grc'><strong>1201</strong></span> 
     </span>
    </p>
   </div>
   <div class='ocr_carea' id='block_1_2' title="bbox 894 160 2766 238">
    <p class='ocr_par' dir='ltr' id='par_1_2' title="bbox 894 160 2766 238">
     <span class='ocr_line' id='line_1_2' title="bbox 894 160 2766 238; baseline 0.001 -21"><span class='ocrx_word' id='word_1_2' title='bbox 894 160 1235 218; x_wconf 80' lang='lat' dir='ltr'><strong>COLLATIO</strong></span> <span class='ocrx_word' id='word_1_3' title='bbox 1272 161 1419 219; x_wconf 77' lang='lat' dir='ltr'><strong>XXI.</strong></span> <span class='ocrx_word' id='word_1_4' title='bbox 1447 194 1521 207; x_wconf 92' lang='lat'><em>—</em></span> <span class='ocrx_word' id='word_1_5' title='bbox 1555 164 1649 220; x_wconf 90' lang='lat' dir='ltr'><strong>DE</strong></span> <span class='ocrx_word' id='word_1_6' title='bbox 1692 161 2111 224; x_wconf 77' lang='lat' dir='ltr'><strong>REMISSIONE</strong></span> <span class='ocrx_word' id='word_1_7' title='bbox 2150 162 2766 238; x_wconf 66' lang='lat' dir='ltr'><strong>QUINQUAGESIME.</strong></span> 
     </span>
    </p>
   </div>
   <div class='ocr_carea' id='block_1_3' title="bbox 3336 167 3479 226">
    <p class='ocr_par' dir='ltr' id='par_1_3' title="bbox 3336 167 3479 226">
     <span class='ocr_line' id='line_1_3' title="bbox 3336 167 3479 226; baseline 0.014 -3"><span class='ocrx_word' id='word_1_8' title='bbox 3336 167 3479 226; x_wconf 66' lang='lat'><strong>{203</strong></span> 
     </span>
    </p>
   </div>
   <div class='ocr_carea' id='block_1_4' title="bbox 159 274 3477 356">
    <p class='ocr_par' dir='ltr' id='par_1_4' title="bbox 159 274 3477 356">
     <span class='ocr_line' id='line_1_4' title="bbox 159 274 3477 356; baseline 0.003 -23"><span class='ocrx_word' id='word_1_9' title='bbox 159 290 513 349; x_wconf 86' lang='lat' dir='ltr'><strong>operumque</strong></span> <span class='ocrx_word' id='word_1_10' title='bbox 541 281 858 331; x_wconf 88' lang='lat' dir='ltr'><strong>nostrorum</strong></span> <span class='ocrx_word' id='word_1_11' title='bbox 883 275 1121 331; x_wconf 80' lang='lat' dir='ltr'><strong>decimas</strong></span> <span class='ocrx_word' id='word_1_12' title='bbox 1152 274 1463 342; x_wconf 79' lang='lat' dir='ltr'><strong>offeramus,</strong></span> <span class='ocrx_word' id='word_1_13' title='bbox 1494 294 1615 349; x_wconf 83' lang='lat' dir='ltr'><strong>quae</strong></span> <span class='ocrx_word' id='word_1_14' title='bbox 1643 293 1768 349; x_wconf 84' lang='lat' dir='ltr'><strong>pro-</strong></span> <span class='ocrx_word' id='word_1_15' title='bbox 1797 284 1853 342; x_wconf 74' lang='grc' dir='ltr'><strong>Δ</strong></span> <span class='ocrx_word' id='word_1_16' title='bbox 1879 283 2087 340; x_wconf 88' lang='lat' dir='ltr'><strong>nendos</strong></span> <span class='ocrx_word' id='word_1_17' title='bbox 2115 285 2165 339; x_wconf 91' lang='lat' dir='ltr'><strong>ei</strong></span> <span class='ocrx_word' id='word_1_18' title='bbox 2198 286 2425 356; x_wconf 84' lang='lat' dir='ltr'><strong>hymnos</strong></span> <span class='ocrx_word' id='word_1_19' title='bbox 2447 282 2626 353; x_wconf 90' lang='lat' dir='ltr'><strong>primo</strong></span> <span class='ocrx_word' id='word_1_20' title='bbox 2658 281 2923 336; x_wconf 86' lang='lat' dir='ltr'><strong>labiorum</strong></span> <span class='ocrx_word' id='word_1_21' title='bbox 2951 290 3187 338; x_wconf 83' lang='lat' dir='ltr'><strong>claustra</strong></span> <span class='ocrx_word' id='word_1_22' title='bbox 3220 300 3477 342; x_wconf 85' lang='lat' dir='ltr'><strong>reseran-</strong></span> 
     </span>
    </p>
   </div>
   <div class='ocr_carea' id='block_1_5' title="bbox 157 368 1780 439">
    <p class='ocr_par' dir='ltr' id='par_1_5' title="bbox 157 368 1780 439">
     <span class='ocr_line' id='line_1_5' title="bbox 157 368 1780 439; baseline 0 -13"><span class='ocrx_word' id='word_1_23' title='bbox 157 371 317 427; x_wconf 82' lang='lat' dir='ltr'><strong>l’ecto</strong></span> <span class='ocrx_word' id='word_1_24' title='bbox 344 371 400 425; x_wconf 90' lang='lat' dir='ltr'><strong>in</strong></span> <span class='ocrx_word' id='word_1_25' title='bbox 431 368 815 439; x_wconf 79' lang='lat' dir='ltr'><strong>supputatione</strong></span> <span class='ocrx_word' id='word_1_26' title='bbox 854 368 1299 439; x_wconf 65' lang='lat' dir='ltr'><strong>Quadragesima</strong></span> <span class='ocrx_word' id='word_1_27' title='bbox 1348 371 1631 427; x_wconf 76' lang='lat' dir='ltr'><strong>evidenter</strong></span> <span class='ocrx_word' id='word_1_28' title='bbox 1677 373 1780 426; x_wconf 85' lang='lat' dir='ltr'><strong>im-</strong></span> 
     </span>
    </p>
   </div>
   <div class='ocr_carea' id='block_1_6' title="bbox 158 462 1780 537">
    <p class='ocr_par' dir='ltr' id='par_1_6' title="bbox 158 462 1780 537">
     <span class='ocr_line' id='line_1_6' title="bbox 158 462 1780 537; baseline 0.001 -16"><span class='ocrx_word' id='word_1_29' title='bbox 158 468 417 537; x_wconf 91' lang='lat' dir='ltr'><strong>plentur.</strong></span> <span class='ocrx_word' id='word_1_30' title='bbox 445 464 699 519; x_wconf 89' lang='lat' dir='ltr'><strong>Omnium</strong></span> <span class='ocrx_word' id='word_1_31' title='bbox 731 462 880 517; x_wconf 89' lang='lat' dir='ltr'><strong>enim</strong></span> <span class='ocrx_word' id='word_1_32' title='bbox 924 463 1134 517; x_wconf 92' lang='lat' dir='ltr'><strong>dierum</strong></span> <span class='ocrx_word' id='word_1_33' title='bbox 1185 479 1444 519; x_wconf 89' lang='lat' dir='ltr'><strong>numerus</strong></span> <span class='ocrx_word' id='word_1_34' title='bbox 1469 465 1663 535; x_wconf 88' lang='lat' dir='ltr'><strong>quibus</strong></span> <span class='ocrx_word' id='word_1_35' title='bbox 1692 482 1780 523; x_wconf 89' lang='lat' dir='ltr'><strong>re-</strong></span> 
     </span>
    </p>
   </div>
   <div class='ocr_carea' id='block_1_7' title="bbox 160 555 1781 627">
    <p class='ocr_par' dir='ltr' id='par_1_7' title="bbox 160 555 1781 627">
     <span class='ocr_line' id='line_1_7' title="bbox 160 555 1781 627; baseline 0 -14"><span class='ocrx_word' id='word_1_36' title='bbox 160 560 395 613; x_wconf 60' lang='lat' dir='ltr'><strong>viilutus</strong></span> <span class='ocrx_word' id='word_1_37' title='bbox 446 560 504 612; x_wconf 91' lang='lat' dir='ltr'><strong>in</strong></span> <span class='ocrx_word' id='word_1_38' title='bbox 554 557 741 612; x_wconf 90' lang='lat' dir='ltr'><strong>orbem</strong></span> <span class='ocrx_word' id='word_1_39' title='bbox 789 570 962 610; x_wconf 89' lang='lat' dir='ltr'><strong>annus</strong></span> <span class='ocrx_word' id='word_1_40' title='bbox 1011 555 1338 625; x_wconf 75' lang='lat' dir='ltr'><strong>includitur,</strong></span> <span class='ocrx_word' id='word_1_41' title='bbox 1376 565 1400 593; x_wconf 72' lang='grc'>⁸</span> <span class='ocrx_word' id='word_1_42' title='bbox 1433 557 1653 627; x_wconf 80' lang='lat' dir='ltr'><strong>triginta</strong></span> <span class='ocrx_word' id='word_1_43' title='bbox 1684 572 1781 613; x_wconf 90' lang='lat' dir='ltr'><strong>sex</strong></span> 
     </span>
    </p>
   </div>
   <div class='ocr_carea' id='block_1_8' title="bbox 159 650 1782 721">
    <p class='ocr_par' dir='ltr' id='par_1_8' title="bbox 159 650 1782 721">
     <span class='ocr_line' id='line_1_8' title="bbox 159 650 1782 721; baseline 0 -13"><span class='ocrx_word' id='word_1_44' title='bbox 159 656 346 709; x_wconf 84' lang='lat' dir='ltr'><strong>semis</strong></span> <span class='ocrx_word' id='word_1_45' title='bbox 397 654 611 709; x_wconf 90' lang='lat' dir='ltr'><strong>dierum</strong></span> <span class='ocrx_word' id='word_1_46' title='bbox 658 666 889 707; x_wconf 90' lang='lat' dir='ltr'><strong>numero</strong></span> <span class='ocrx_word' id='word_1_47' title='bbox 938 650 1260 706; x_wconf 84' lang='lat' dir='ltr'><strong>decimatur.</strong></span> <span class='ocrx_word' id='word_1_48' title='bbox 1308 652 1367 707; x_wconf 92' lang='lat' dir='ltr'><strong>ln</strong></span> <span class='ocrx_word' id='word_1_49' title='bbox 1414 662 1620 721; x_wconf 79' lang='lat' dir='ltr'><strong>septem</strong></span> <span class='ocrx_word' id='word_1_50' title='bbox 1651 667 1782 708; x_wconf 91' lang='lat' dir='ltr'><strong>vero</strong></span> 
     </span>
    </p>
   </div>
   <div class='ocr_carea' id='block_1_9' title="bbox 162 744 1780 816">
    <p class='ocr_par' dir='ltr' id='par_1_9' title="bbox 162 744 1780 816">
     <span class='ocr_line' id='line_1_9' title="bbox 162 744 1780 816; baseline 0 -13"><span class='ocrx_word' id='word_1_51' title='bbox 162 748 619 803; x_wconf 79' lang='lat' dir='ltr'><strong>hebdomadibus</strong></span> <span class='ocrx_word' id='word_1_52' title='bbox 646 791 660 816; x_wconf 93' lang='lat'><strong>,</strong></span> <span class='ocrx_word' id='word_1_53' title='bbox 697 749 741 801; x_wconf 91' lang='lat' dir='ltr'><strong>si</strong></span> <span class='ocrx_word' id='word_1_54' title='bbox 774 746 889 801; x_wconf 91' lang='lat' dir='ltr'><strong>dies</strong></span> <span class='ocrx_word' id='word_1_55' title='bbox 921 744 1181 801; x_wconf 86' lang='lat' dir='ltr'><strong>dominici</strong></span> <span class='ocrx_word' id='word_1_56' title='bbox 1226 755 1282 802; x_wconf 91' lang='lat' dir='ltr'><strong>et</strong></span> <span class='ocrx_word' id='word_1_57' title='bbox 1311 748 1535 802; x_wconf 87' lang='lat' dir='ltr'><strong>sabbata</strong></span> <span class='ocrx_word' id='word_1_58' title='bbox 1564 749 1780 803; x_wconf 88' lang='lat' dir='ltr'><strong>subtra-</strong></span> 
     </span>
    </p>
   </div>
   <div class='ocr_carea' id='block_1_10' title="bbox 161 838 1783 912">
    <p class='ocr_par' dir='ltr' id='par_1_10' title="bbox 161 838 1783 912">
     <span class='ocr_line' id='line_1_10' title="bbox 161 838 1783 912; baseline 0.003 -19"><span class='ocrx_word' id='word_1_59' title='bbox 161 841 375 895; x_wconf 86' lang='lat' dir='ltr'><strong>hantur</strong></span> <span class='ocrx_word' id='word_1_60' title='bbox 400 881 414 905; x_wconf 90' lang='lat'><strong>,</strong></span> <span class='ocrx_word' id='word_1_61' title='bbox 446 841 693 910; x_wconf 89' lang='lat' dir='ltr'><strong>quinque</strong></span> <span class='ocrx_word' id='word_1_62' title='bbox 740 848 796 894; x_wconf 91' lang='lat' dir='ltr'><strong>et</strong></span> <span class='ocrx_word' id='word_1_63' title='bbox 840 838 1060 908; x_wconf 81' lang='lat' dir='ltr'><strong>triginta</strong></span> <span class='ocrx_word' id='word_1_64' title='bbox 1090 851 1380 909; x_wconf 88' lang='lat' dir='ltr'><strong>supersunt</strong></span> <span class='ocrx_word' id='word_1_65' title='bbox 1422 840 1783 912; x_wconf 89' lang='lat' dir='ltr'><strong>diesjejuniis</strong></span> 
     </span>
    </p>
   </div>
   <div class='ocr_carea' id='block_1_11' title="bbox 164 931 1781 1008">
    <p class='ocr_par' dir='ltr' id='par_1_11' title="bbox 164 931 1781 1008">
     <span class='ocr_line' id='line_1_11' title="bbox 164 931 1781 1008; baseline 0.004 -19"><span class='ocrx_word' id='word_1_66' title='bbox 164 933 448 1001; x_wconf 87' lang='lat' dir='ltr'><strong>deputati;</strong></span> <span class='ocrx_word' id='word_1_67' title='bbox 478 931 622 988; x_wconf 74' lang='lat' dir='ltr'><strong>sedb</strong></span> <span class='ocrx_word' id='word_1_68' title='bbox 650 932 862 1003; x_wconf 91' lang='lat' dir='ltr'><strong>adjecta</strong></span> <span class='ocrx_word' id='word_1_69' title='bbox 887 933 979 987; x_wconf 89' lang='lat' dir='ltr'><strong>illa</strong></span> <span class='ocrx_word' id='word_1_70' title='bbox 1003 933 1314 1003; x_wconf 80' lang='lat' dir='ltr'><strong>vigiliarum</strong></span> <span class='ocrx_word' id='word_1_71' title='bbox 1344 935 1453 1002; x_wconf 91' lang='lat' dir='ltr'><strong>die,</strong></span> <span class='ocrx_word' id='word_1_72' title='bbox 1478 952 1582 1006; x_wconf 91' lang='lat' dir='ltr'><strong>qua</strong></span> <span class='ocrx_word' id='word_1_73' title='bbox 1609 953 1781 1008; x_wconf 68' lang='lat' dir='ltr'><strong>usque</strong></span> 
     </span>
    </p>
   </div>
   <div class='ocr_carea' id='block_1_12' title="bbox 165 1025 1782 1098">
    <p class='ocr_par' dir='ltr' id='par_1_12' title="bbox 165 1025 1782 1098">
     <span class='ocr_line' id='line_1_12' title="bbox 165 1025 1782 1098; baseline 0.002 -17"><span class='ocrx_word' id='word_1_74' title='bbox 165 1027 228 1081; x_wconf 87' lang='lat' dir='ltr'><strong>in</strong></span> <span class='ocrx_word' id='word_1_75' title='bbox 258 1027 524 1097; x_wconf 79' lang='lat' dir='ltr'><strong>gallorum</strong></span> <span class='ocrx_word' id='word_1_76' title='bbox 550 1035 792 1093; x_wconf 90' lang='lat' dir='ltr'><strong>cantum,</strong></span> <span class='ocrx_word' id='word_1_77' title='bbox 822 1025 1173 1081; x_wconf 88' lang='lat' dir='ltr'><strong>illucescente</strong></span> <span class='ocrx_word' id='word_1_78' title='bbox 1196 1027 1486 1093; x_wconf 90' lang='lat' dir='ltr'><strong>dominica,</strong></span> <span class='ocrx_word' id='word_1_79' title='bbox 1513 1028 1782 1098; x_wconf 86' lang='lat' dir='ltr'><strong>jejunium</strong></span> 
     </span>
    </p>
   </div>
   <div class='ocr_carea' id='block_1_13' title="bbox 169 1119 1780 1191">
    <p class='ocr_par' dir='ltr' id='par_1_13' title="bbox 169 1119 1780 1191">
     <span class='ocr_line' id='line_1_13' title="bbox 169 1119 1780 1191; baseline 0.002 -17"><span class='ocrx_word' id='word_1_80' title='bbox 169 1119 387 1174; x_wconf 78' lang='lat' dir='ltr'><strong>sabbati</strong></span> <span class='ocrx_word' id='word_1_81' title='bbox 421 1119 741 1187; x_wconf 83' lang='lat' dir='ltr'><strong>protelatur,</strong></span> <span class='ocrx_word' id='word_1_82' title='bbox 775 1133 881 1174; x_wconf 90' lang='lat' dir='ltr'><strong>non</strong></span> <span class='ocrx_word' id='word_1_83' title='bbox 906 1119 1081 1173; x_wconf 92' lang='lat' dir='ltr'><strong>solum</strong></span> <span class='ocrx_word' id='word_1_84' title='bbox 1116 1134 1209 1175; x_wconf 92' lang='lat' dir='ltr'><strong>sex</strong></span> <span class='ocrx_word' id='word_1_85' title='bbox 1236 1129 1292 1174; x_wconf 91' lang='lat' dir='ltr'><strong>et</strong></span> <span class='ocrx_word' id='word_1_86' title='bbox 1324 1120 1544 1191; x_wconf 77' lang='lat' dir='ltr'><strong>triginta</strong></span> <span class='ocrx_word' id='word_1_87' title='bbox 1571 1123 1780 1177; x_wconf 89' lang='lat' dir='ltr'><strong>dierum</strong></span> 
     </span>
    </p>
   </div>
   <div class='ocr_carea' id='block_1_14' title="bbox 171 1210 1783 1285">
    <p class='ocr_par' dir='ltr' id='par_1_14' title="bbox 171 1210 1783 1285">
     <span class='ocr_line' id='line_1_14' title="bbox 171 1210 1783 1285; baseline 0.001 -19"><span class='ocrx_word' id='word_1_88' title='bbox 171 1226 443 1266; x_wconf 89' lang='lat' dir='ltr'><strong>numerus</strong></span> <span class='ocrx_word' id='word_1_89' title='bbox 472 1210 818 1282; x_wconf 90' lang='lat' dir='ltr'><strong>adimpletur,</strong></span> <span class='ocrx_word' id='word_1_90' title='bbox 842 1226 1030 1266; x_wconf 90' lang='lat' dir='ltr'><strong>verum</strong></span> <span class='ocrx_word' id='word_1_91' title='bbox 1055 1212 1217 1267; x_wconf 89' lang='lat' dir='ltr'><strong>etiam</strong></span> <span class='ocrx_word' id='word_1_92' title='bbox 1252 1229 1348 1282; x_wconf 91' lang='lat' dir='ltr'><strong>pro</strong></span> <span class='ocrx_word' id='word_1_93' title='bbox 1376 1213 1602 1268; x_wconf 82' lang='lat' dir='ltr'><strong>decimis</strong></span> <span class='ocrx_word' id='word_1_94' title='bbox 1626 1215 1783 1285; x_wconf 89' lang='lat' dir='ltr'><strong>quin-</strong></span> 
     </span>
    </p>
   </div>
   <div class='ocr_carea' id='block_1_15' title="bbox 174 1303 1782 1377">
    <p class='ocr_par' dir='ltr' id='par_1_15' title="bbox 174 1303 1782 1377">
     <span class='ocr_line' id='line_1_15' title="bbox 174 1303 1782 1377; baseline 0.003 -20"><span class='ocrx_word' id='word_1_95' title='bbox 174 1319 290 1375; x_wconf 84' lang='lat' dir='ltr'><strong>que</strong></span> <span class='ocrx_word' id='word_1_96' title='bbox 312 1304 521 1358; x_wconf 92' lang='lat' dir='ltr'><strong>dierum</strong></span> <span class='ocrx_word' id='word_1_97' title='bbox 552 1305 639 1373; x_wconf 87' lang='lat' dir='ltr'><strong>qui</strong></span> <span class='ocrx_word' id='word_1_98' title='bbox 669 1303 871 1359; x_wconf 91' lang='lat' dir='ltr'><strong>residui</strong></span> <span class='ocrx_word' id='word_1_99' title='bbox 903 1304 1256 1373; x_wconf 77' lang='lat' dir='ltr'><strong>videbantur,</strong></span> <span class='ocrx_word' id='word_1_100' title='bbox 1283 1306 1326 1360; x_wconf 93' lang='lat' dir='ltr'><strong>si</strong></span> <span class='ocrx_word' id='word_1_101' title='bbox 1368 1306 1497 1361; x_wconf 92' lang='lat' dir='ltr'><strong>illud</strong></span> <span class='ocrx_word' id='word_1_102' title='bbox 1529 1307 1671 1377; x_wconf 91' lang='lat' dir='ltr'><strong>quod</strong></span> <span class='ocrx_word' id='word_1_103' title='bbox 1694 1324 1782 1362; x_wconf 83' lang='lat' dir='ltr'><strong>su-</strong></span> 
     </span>
    </p>
   </div>
   <div class='ocr_carea' id='block_1_16' title="bbox 174 1398 1783 1472">
    <p class='ocr_par' dir='ltr' id='par_1_16' title="bbox 174 1398 1783 1472">
     <span class='ocr_line' id='line_1_16' title="bbox 174 1398 1783 1472; baseline 0.002 -19"><span class='ocrx_word' id='word_1_104' title='bbox 174 1407 387 1467; x_wconf 90' lang='lat' dir='ltr'><strong>perest,</strong></span> <span class='ocrx_word' id='word_1_105' title='bbox 422 1398 695 1467; x_wconf 88' lang='lat' dir='ltr'><strong>adjectum</strong></span> <span class='ocrx_word' id='word_1_106' title='bbox 726 1399 899 1453; x_wconf 91' lang='lat' dir='ltr'><strong>noctis</strong></span> <span class='ocrx_word' id='word_1_107' title='bbox 944 1400 1175 1468; x_wconf 88' lang='lat' dir='ltr'><strong>spatium</strong></span> <span class='ocrx_word' id='word_1_108' title='bbox 1202 1410 1568 1471; x_wconf 83' lang='lat' dir='ltr'><strong>computetur,</strong></span> <span class='ocrx_word' id='word_1_109' title='bbox 1606 1401 1783 1472; x_wconf 90' lang='lat' dir='ltr'><strong>pleni-</strong></span> 
     </span>
    </p>
   </div>
   <div class='ocr_carea' id='block_1_17' title="bbox 176 1491 1434 1549">
    <p class='ocr_par' dir='ltr' id='par_1_17' title="bbox 176 1491 1434 1549">
     <span class='ocr_line' id='line_1_17' title="bbox 176 1491 1434 1549; baseline 0.002 -4"><span class='ocrx_word' id='word_1_110' title='bbox 176 1491 356 1546; x_wconf 90' lang='lat' dir='ltr'><strong>tudini</strong></span> <span class='ocrx_word' id='word_1_111' title='bbox 390 1491 553 1546; x_wconf 91' lang='lat' dir='ltr'><strong>totius</strong></span> <span class='ocrx_word' id='word_1_112' title='bbox 576 1506 802 1547; x_wconf 83' lang='lat' dir='ltr'><strong>summae</strong></span> <span class='ocrx_word' id='word_1_113' title='bbox 830 1492 1053 1548; x_wconf 91' lang='lat' dir='ltr'><strong>omnino</strong></span> <span class='ocrx_word' id='word_1_114' title='bbox 1076 1493 1213 1547; x_wconf 88' lang='lat' dir='ltr'><strong>nihil</strong></span> <span class='ocrx_word' id='word_1_115' title='bbox 1239 1494 1434 1549; x_wconf 88' lang='lat' dir='ltr'><strong>deerit.</strong></span> 
     </span>
    </p>
   </div>
   <div class='ocr_carea' id='block_1_18' title="bbox 742 1624 1200 1723">
    <p class='ocr_par' dir='ltr' id='par_1_18' title="bbox 742 1624 1200 1723">
     <span class='ocr_line' id='line_1_18' title="bbox 742 1624 1200 1723; baseline 0.002 -43"><span class='ocrx_word' id='word_1_116' title='bbox 742 1624 970 1723; x_wconf 60' lang='lat' dir='ltr'><strong>C.APUT</strong></span> <span class='ocrx_word' id='word_1_117' title='bbox 1010 1626 1200 1682; x_wconf 80' lang='lat' dir='ltr'><strong>XXVI.</strong></span> 
     </span>
    </p>
   </div>
   <div class='ocr_carea' id='block_1_19' title="bbox 179 1738 1777 1883">
    <p class='ocr_par' dir='ltr' id='par_1_19' title="bbox 179 1738 1777 1883">
     <span class='ocr_line' id='line_1_19' title="bbox 179 1738 1777 1883; baseline 0.004 -90"><span class='ocrx_word' id='word_1_118' title='bbox 179 1738 457 1806; x_wconf 85' lang='lat' dir='ltr'><strong>Quomodo</strong></span> <span class='ocrx_word' id='word_1_119' title='bbox 494 1741 649 1795; x_wconf 89' lang='lat' dir='ltr'><strong>etiam</strong></span> <span class='ocrx_word' id='word_1_120' title='bbox 688 1742 952 1883; x_wconf 61' lang='lat' dir='ltr'><strong>printi&#39;tia’;r</strong></span> <span class='ocrx_word' id='word_1_121' title='bbox 979 1754 1188 1798; x_wconf 88' lang='lat' dir='ltr'><strong>nostras</strong></span> <span class='ocrx_word' id='word_1_122' title='bbox 1239 1743 1465 1800; x_wconf 88' lang='lat' dir='ltr'><strong>Domino</strong></span> <span class='ocrx_word' id='word_1_123' title='bbox 1505 1746 1777 1801; x_wconf 78' lang='lat' dir='ltr'><strong>debeamus</strong></span> 
     </span>
     <span class='ocr_line' id='line_1_20' title="bbox 873 1830 1082 1870; baseline 0.014 -3"><span class='ocrx_word' id='word_1_124' title='bbox 873 1830 900 1867; x_wconf 92' lang='grc' dir='ltr'><strong><em>ο</em></strong></span> <span class='ocrx_word' id='word_1_125' title='bbox 947 1831 1082 1870; x_wconf 86' lang='lat' dir='ltr'><strong>erre.</strong></span> 
     </span>
    </p>
   </div>
   <div class='ocr_carea' id='block_1_20' title="bbox 873 1830 1082 1870">
    <p class='ocr_par' dir='ltr' id='par_1_20' title="bbox 873 1830 1082 1870">
     <span class='ocr_line' id='line_1_21' title="bbox 873 1830 1082 1870; baseline 0.014 -3"><span class='ocrx_word' id='word_1_126' title='bbox 873 1830 1082 1870; x_wconf 77' lang='grc' dir='ltr'><strong>οΙΙεντε.</strong></span> 
     </span>
    </p>
   </div>
   <div class='ocr_carea' id='block_1_21' title="bbox 254 1948 1779 2022">
    <p class='ocr_par' dir='ltr' id='par_1_21' title="bbox 254 1948 1779 2022">
     <span class='ocr_line' id='line_1_22' title="bbox 254 1948 1779 2022; baseline 0.007 -21"><span class='ocrx_word' id='word_1_127' title='bbox 254 1948 394 2016; x_wconf 87' lang='lat' dir='ltr'><strong>Quid</strong></span> <span class='ocrx_word' id='word_1_128' title='bbox 431 1960 451 1987; x_wconf 80' lang='grc' dir='ltr'><strong>ο</strong></span> <span class='ocrx_word' id='word_1_129' title='bbox 480 1962 611 2003; x_wconf 90' lang='lat' dir='ltr'><strong>vero</strong></span> <span class='ocrx_word' id='word_1_130' title='bbox 639 1948 706 2003; x_wconf 94' lang='lat' dir='ltr'><strong>de</strong></span> <span class='ocrx_word' id='word_1_131' title='bbox 737 1949 989 2018; x_wconf 88' lang='lat' dir='ltr'><strong>primitiis</strong></span> <span class='ocrx_word' id='word_1_132' title='bbox 1019 1950 1192 2007; x_wconf 88' lang='lat' dir='ltr'><strong>dicam</strong></span> <span class='ocrx_word' id='word_1_133' title='bbox 1218 1996 1233 2019; x_wconf 92' lang='lat'><strong>,</strong></span> <span class='ocrx_word' id='word_1_134' title='bbox 1264 1968 1400 2022; x_wconf 88' lang='lat' dir='ltr'><strong>quas</strong></span> <span class='ocrx_word' id='word_1_135' title='bbox 1430 1954 1498 2009; x_wconf 91' lang='lat' dir='ltr'><strong>ab</strong></span> <span class='ocrx_word' id='word_1_136' title='bbox 1528 1955 1779 2011; x_wconf 91' lang='lat' dir='ltr'><strong>omnibus</strong></span> 
     </span>
    </p>
   </div>
   <div class='ocr_carea' id='block_1_22' title="bbox 180 2040 1781 2115">
    <p class='ocr_par' dir='ltr' id='par_1_22' title="bbox 180 2040 1781 2115">
     <span class='ocr_line' id='line_1_23' title="bbox 180 2040 1781 2115; baseline 0.006 -22"><span class='ocrx_word' id='word_1_137' title='bbox 180 2042 274 2112; x_wconf 90' lang='lat' dir='ltr'><strong>qui</strong></span> <span class='ocrx_word' id='word_1_138' title='bbox 306 2041 522 2096; x_wconf 90' lang='lat' dir='ltr'><strong>Christo</strong></span> <span class='ocrx_word' id='word_1_139' title='bbox 545 2040 780 2096; x_wconf 92' lang='lat' dir='ltr'><strong>ﬁdeliter</strong></span> <span class='ocrx_word' id='word_1_140' title='bbox 802 2041 1154 2112; x_wconf 79' lang='lat' dir='ltr'><strong>famulantur,</strong></span> <span class='ocrx_word' id='word_1_141' title='bbox 1189 2046 1430 2115; x_wconf 87' lang='lat' dir='ltr'><strong>quotidie</strong></span> <span class='ocrx_word' id='word_1_142' title='bbox 1456 2058 1668 2103; x_wconf 89' lang='lat' dir='ltr'><strong>certum</strong></span> <span class='ocrx_word' id='word_1_143' title='bbox 1696 2057 1781 2103; x_wconf 90' lang='lat' dir='ltr'><strong>est</strong></span> 
     </span>
    </p>
   </div>
   <div class='ocr_carea' id='block_1_23' title="bbox 182 2132 1779 2209">
    <p class='ocr_par' dir='ltr' id='par_1_23' title="bbox 182 2132 1779 2209">
     <span class='ocr_line' id='line_1_24' title="bbox 182 2132 1779 2209; baseline 0.005 -22"><span class='ocrx_word' id='word_1_144' title='bbox 182 2132 431 2187; x_wconf 78' lang='lat' dir='ltr'><strong>exhiberi</strong></span> <span class='ocrx_word' id='word_1_145' title='bbox 454 2134 476 2185; x_wconf 89' lang='lat'><strong>?</strong></span> <span class='ocrx_word' id='word_1_146' title='bbox 501 2132 634 2186; x_wconf 84' lang='lat' dir='ltr'><strong>Nam</strong></span> <span class='ocrx_word' id='word_1_147' title='bbox 666 2148 787 2187; x_wconf 91' lang='lat' dir='ltr'><strong>cum</strong></span> <span class='ocrx_word' id='word_1_148' title='bbox 820 2134 1184 2205; x_wconf 86' lang='lat' dir='ltr'><strong>expergefacti</strong></span> <span class='ocrx_word' id='word_1_149' title='bbox 1213 2152 1241 2190; x_wconf 88' lang='lat' dir='ltr'><strong>a</strong></span> <span class='ocrx_word' id='word_1_150' title='bbox 1271 2153 1462 2193; x_wconf 91' lang='lat' dir='ltr'><strong>somno</strong></span> <span class='ocrx_word' id='word_1_151' title='bbox 1486 2181 1500 2205; x_wconf 93' lang='lat'><strong>,</strong></span> <span class='ocrx_word' id='word_1_152' title='bbox 1543 2148 1598 2195; x_wconf 90' lang='lat' dir='ltr'><strong>et</strong></span> <span class='ocrx_word' id='word_1_153' title='bbox 1628 2141 1779 2209; x_wconf 88' lang='lat' dir='ltr'><strong>quasi</strong></span> 
     </span>
    </p>
   </div>
   <div class='ocr_carea' id='block_1_24' title="bbox 183 2224 1776 2302">
    <p class='ocr_par' dir='ltr' id='par_1_24' title="bbox 183 2224 1776 2302">
     <span class='ocr_line' id='line_1_25' title="bbox 183 2224 1776 2302; baseline 0.005 -22"><span class='ocrx_word' id='word_1_154' title='bbox 183 2224 429 2280; x_wconf 86' lang='lat' dir='ltr'><strong>rediviva</strong></span> <span class='ocrx_word' id='word_1_155' title='bbox 463 2233 584 2295; x_wconf 89' lang='lat' dir='ltr'><strong>post</strong></span> <span class='ocrx_word' id='word_1_156' title='bbox 614 2241 867 2295; x_wconf 88' lang='lat' dir='ltr'><strong>soporem</strong></span> <span class='ocrx_word' id='word_1_157' title='bbox 918 2228 1199 2284; x_wconf 81' lang='lat' dir='ltr'><strong>alacritate</strong></span> <span class='ocrx_word' id='word_1_158' title='bbox 1245 2242 1563 2300; x_wconf 84' lang='lat' dir='ltr'><strong>surgentes,</strong></span> <span class='ocrx_word' id='word_1_159' title='bbox 1597 2233 1776 2302; x_wconf 84' lang='lat' dir='ltr'><strong>prius-</strong></span> 
     </span>
    </p>
   </div>
   <div class='ocr_carea' id='block_1_25' title="bbox 185 2321 1780 2395">
    <p class='ocr_par' dir='ltr' id='par_1_25' title="bbox 185 2321 1780 2395">
     <span class='ocr_line' id='line_1_26' title="bbox 185 2321 1780 2395; baseline 0.008 -25"><span class='ocrx_word' id='word_1_160' title='bbox 185 2333 345 2388; x_wconf 90' lang='lat' dir='ltr'><strong>quam</strong></span> <span class='ocrx_word' id='word_1_161' title='bbox 400 2326 603 2372; x_wconf 79' lang='lat' dir='ltr'><strong>motuin</strong></span> <span class='ocrx_word' id='word_1_162' title='bbox 651 2335 845 2375; x_wconf 89' lang='lat' dir='ltr'><strong>sensus</strong></span> <span class='ocrx_word' id='word_1_163' title='bbox 895 2321 1058 2375; x_wconf 91' lang='lat' dir='ltr'><strong>ullius</strong></span> <span class='ocrx_word' id='word_1_164' title='bbox 1104 2323 1269 2378; x_wconf 88' lang='lat' dir='ltr'><strong>corde</strong></span> <span class='ocrx_word' id='word_1_165' title='bbox 1303 2327 1645 2395; x_wconf 87' lang='lat' dir='ltr'><strong>concipiant,</strong></span> <span class='ocrx_word' id='word_1_166' title='bbox 1696 2328 1780 2382; x_wconf 89' lang='lat' dir='ltr'><strong>vel</strong></span> 
     </span>
    </p>
   </div>
   <div class='ocr_carea' id='block_1_26' title="bbox 186 2413 1783 2487">
    <p class='ocr_par' dir='ltr' id='par_1_26' title="bbox 186 2413 1783 2487">
     <span class='ocr_line' id='line_1_27' title="bbox 186 2413 1783 2487; baseline 0.006 -22"><span class='ocrx_word' id='word_1_167' title='bbox 186 2413 505 2467; x_wconf 88' lang='lat' dir='ltr'><strong>memoriam</strong></span> <span class='ocrx_word' id='word_1_168' title='bbox 557 2423 651 2467; x_wconf 92' lang='lat' dir='ltr'><strong>aut</strong></span> <span class='ocrx_word' id='word_1_169' title='bbox 696 2429 880 2468; x_wconf 88' lang='lat' dir='ltr'><strong>curam</strong></span> <span class='ocrx_word' id='word_1_170' title='bbox 914 2416 989 2469; x_wconf 87' lang='lat' dir='ltr'><strong>rei</strong></span> <span class='ocrx_word' id='word_1_171' title='bbox 1022 2415 1303 2472; x_wconf 78' lang='lat' dir='ltr'><strong>familiaris</strong></span> <span class='ocrx_word' id='word_1_172' title='bbox 1330 2420 1650 2487; x_wconf 87' lang='lat' dir='ltr'><strong>admittant,</strong></span> <span class='ocrx_word' id='word_1_173' title='bbox 1689 2434 1783 2476; x_wconf 88' lang='lat' dir='ltr'><strong>co-</strong></span> 
     </span>
    </p>
   </div>
   <div class='ocr_carea' id='block_1_27' title="bbox 186 2506 1779 2579">
    <p class='ocr_par' dir='ltr' id='par_1_27' title="bbox 186 2506 1779 2579">
     <span class='ocr_line' id='line_1_28' title="bbox 186 2506 1779 2579; baseline 0.004 -20"><span class='ocrx_word' id='word_1_174' title='bbox 186 2506 504 2576; x_wconf 90' lang='lat' dir='ltr'><strong>gitationum</strong></span> <span class='ocrx_word' id='word_1_175' title='bbox 576 2521 795 2560; x_wconf 84' lang='lat' dir='ltr'><strong>suarum</strong></span> <span class='ocrx_word' id='word_1_176' title='bbox 849 2515 999 2561; x_wconf 90' lang='lat' dir='ltr'><strong>ortus</strong></span> <span class='ocrx_word' id='word_1_177' title='bbox 1063 2518 1223 2579; x_wconf 88' lang='lat' dir='ltr'><strong>atque</strong></span> <span class='ocrx_word' id='word_1_178' title='bbox 1271 2510 1532 2579; x_wconf 84' lang='lat' dir='ltr'><strong>principia</strong></span> <span class='ocrx_word' id='word_1_179' title='bbox 1579 2512 1779 2566; x_wconf 87' lang='lat' dir='ltr'><strong>divinis</strong></span> 
     </span>
    </p>
   </div>
   <div class='ocr_carea' id='block_1_28' title="bbox 189 2588 1783 2670">
    <p class='ocr_par' dir='ltr' id='par_1_28' title="bbox 189 2588 1783 2670">
     <span class='ocr_line' id='line_1_29' title="bbox 189 2588 1783 2670; baseline 0.004 -18"><span class='ocrx_word' id='word_1_180' title='bbox 189 2588 881 2663; x_wconf 82' lang='lat' dir='ltr'><strong>consecrantholocaustis,</strong></span> <span class='ocrx_word' id='word_1_181' title='bbox 915 2598 1046 2669; x_wconf 90' lang='lat' dir='ltr'><strong>quid</strong></span> <span class='ocrx_word' id='word_1_182' title='bbox 1076 2600 1178 2654; x_wconf 91' lang='lat' dir='ltr'><strong>nisi</strong></span> <span class='ocrx_word' id='word_1_183' title='bbox 1211 2602 1476 2670; x_wconf 87' lang='lat' dir='ltr'><strong>primitias</strong></span> <span class='ocrx_word' id='word_1_184' title='bbox 1508 2619 1635 2657; x_wconf 91' lang='lat' dir='ltr'><strong>vere</strong></span> <span class='ocrx_word' id='word_1_185' title='bbox 1657 2618 1783 2659; x_wconf 91' lang='lat' dir='ltr'><strong>suo-</strong></span> 
     </span>
    </p>
   </div>
   <div class='ocr_carea' id='block_1_29' title="bbox 189 2690 1780 2759">
    <p class='ocr_par' dir='ltr' id='par_1_29' title="bbox 189 2690 1780 2759">
     <span class='ocr_line' id='line_1_30' title="bbox 189 2690 1780 2759; baseline 0.006 -15"><span class='ocrx_word' id='word_1_186' title='bbox 189 2706 311 2744; x_wconf 89' lang='lat' dir='ltr'><strong>rum</strong></span> <span class='ocrx_word' id='word_1_187' title='bbox 364 2690 675 2757; x_wconf 80' lang='lat' dir='ltr'><strong>fructuum,</strong></span> <span class='ocrx_word' id='word_1_188' title='bbox 730 2705 826 2759; x_wconf 89' lang='lat' dir='ltr'><strong>per</strong></span> <span class='ocrx_word' id='word_1_189' title='bbox 879 2706 1151 2746; x_wconf 87' lang='lat' dir='ltr'><strong>summum</strong></span> <span class='ocrx_word' id='word_1_190' title='bbox 1210 2694 1548 2749; x_wconf 86' lang='lat' dir='ltr'><strong>sacerdotem</strong></span> <span class='ocrx_word' id='word_1_191' title='bbox 1594 2698 1780 2753; x_wconf 90' lang='lat' dir='ltr'><strong>Jesum</strong></span> 
     </span>
    </p>
   </div>
   <div class='ocr_carea' id='block_1_30' title="bbox 189 2783 1783 2859">
    <p class='ocr_par' dir='ltr' id='par_1_30' title="bbox 189 2783 1783 2859">
     <span class='ocr_line' id='line_1_31' title="bbox 189 2783 1783 2859; baseline 0.005 -21"><span class='ocrx_word' id='word_1_192' title='bbox 189 2783 482 2848; x_wconf 86' lang='lat' dir='ltr'><strong>Christum,</strong></span> <span class='ocrx_word' id='word_1_193' title='bbox 516 2797 614 2852; x_wconf 91' lang='lat' dir='ltr'><strong>pro</strong></span> <span class='ocrx_word' id='word_1_194' title='bbox 644 2797 745 2837; x_wconf 90' lang='lat' dir='ltr'><strong>usu</strong></span> <span class='ocrx_word' id='word_1_195' title='bbox 774 2784 896 2836; x_wconf 62' lang='lat' dir='ltr'><strong>vitae</strong></span> <span class='ocrx_word' id='word_1_196' title='bbox 924 2786 1081 2854; x_wconf 88' lang='lat' dir='ltr'><strong>hujus</strong></span> <span class='ocrx_word' id='word_1_197' title='bbox 1109 2795 1162 2841; x_wconf 89' lang='lat' dir='ltr'><strong>et</strong></span> <span class='ocrx_word' id='word_1_198' title='bbox 1194 2787 1424 2857; x_wconf 87' lang='lat' dir='ltr'><strong>imagine</strong></span> <span class='ocrx_word' id='word_1_199' title='bbox 1452 2789 1783 2859; x_wconf 66' lang='lat' dir='ltr'><strong>quotidiana:</strong></span> 
     </span>
    </p>
   </div>
   <div class='ocr_carea' id='block_1_31' title="bbox 188 2877 1783 2949">
    <p class='ocr_par' dir='ltr' id='par_1_31' title="bbox 188 2877 1783 2949">
     <span class='ocr_line' id='line_1_32' title="bbox 188 2877 1783 2949; baseline 0.005 -18"><span class='ocrx_word' id='word_1_200' title='bbox 188 2877 608 2933; x_wconf 85' lang='lat' dir='ltr'><strong>resurrectionis</strong></span> <span class='ocrx_word' id='word_1_201' title='bbox 664 2877 998 2933; x_wconf 82' lang='lat' dir='ltr'><strong>exsolvunt?</strong></span> <span class='ocrx_word' id='word_1_202' title='bbox 1051 2879 1260 2949; x_wconf 84' lang='lat' dir='ltr'><strong>Quique</strong></span> <span class='ocrx_word' id='word_1_203' title='bbox 1311 2883 1476 2936; x_wconf 88' lang='lat' dir='ltr'><strong>etiam</strong></span> <span class='ocrx_word' id='word_1_204' title='bbox 1520 2899 1547 2936; x_wconf 88' lang='lat' dir='ltr'><strong>a</strong></span> <span class='ocrx_word' id='word_1_205' title='bbox 1590 2898 1783 2939; x_wconf 84' lang='lat' dir='ltr'><strong>somno</strong></span> 
     </span>
    </p>
   </div>
   <div class='ocr_carea' id='block_1_32' title="bbox 188 2972 1784 3041">
    <p class='ocr_par' dir='ltr' id='par_1_32' title="bbox 188 2972 1784 3041">
     <span class='ocr_line' id='line_1_33' title="bbox 188 2972 1784 3041; baseline 0.004 -14"><span class='ocrx_word' id='word_1_206' title='bbox 188 2972 429 3040; x_wconf 85' lang='lat' dir='ltr'><strong>excitati,</strong></span> <span class='ocrx_word' id='word_1_207' title='bbox 456 2973 689 3027; x_wconf 87' lang='lat' dir='ltr'><strong>hostiam</strong></span> <span class='ocrx_word' id='word_1_208' title='bbox 722 2972 1063 3041; x_wconf 90' lang='lat' dir='ltr'><strong>jubilationis</strong></span> <span class='ocrx_word' id='word_1_209' title='bbox 1090 2990 1202 3028; x_wconf 82' lang='lat' dir='ltr'><strong>suae</strong></span> <span class='ocrx_word' id='word_1_210' title='bbox 1235 2975 1348 3030; x_wconf 90' lang='lat' dir='ltr'><strong>Deo</strong></span> <span class='ocrx_word' id='word_1_211' title='bbox 1377 2976 1626 3031; x_wconf 91' lang='lat' dir='ltr'><strong>similiter</strong></span> <span class='ocrx_word' id='word_1_212' title='bbox 1653 2977 1784 3033; x_wconf 74' lang='lat' dir='ltr'><strong>olle-</strong></span> 
     </span>
    </p>
   </div>
   <div class='ocr_carea' id='block_1_33' title="bbox 1883 372 3479 445">
    <p class='ocr_par' dir='ltr' id='par_1_33' title="bbox 1883 372 3479 445">
     <span class='ocr_line' id='line_1_34' title="bbox 1883 372 3479 445; baseline 0.001 -14"><span class='ocrx_word' id='word_1_213' title='bbox 1883 384 1997 444; x_wconf 87' lang='lat' dir='ltr'><strong>tes,</strong></span> <span class='ocrx_word' id='word_1_214' title='bbox 2034 378 2317 433; x_wconf 90' lang='lat' dir='ltr'><strong>immolant</strong></span> <span class='ocrx_word' id='word_1_215' title='bbox 2348 377 2463 431; x_wconf 92' lang='lat' dir='ltr'><strong>Deo</strong></span> <span class='ocrx_word' id='word_1_216' title='bbox 2505 376 2588 429; x_wconf 89' lang='lat' dir='ltr'><strong>sui</strong></span> <span class='ocrx_word' id='word_1_217' title='bbox 2621 375 2734 428; x_wconf 91' lang='lat' dir='ltr'><strong>oris</strong></span> <span class='ocrx_word' id='word_1_218' title='bbox 2791 372 2991 427; x_wconf 86' lang='lat' dir='ltr'><strong>ofﬁcia.</strong></span> <span class='ocrx_word' id='word_1_219' title='bbox 3044 374 3140 427; x_wconf 85' lang='lat' dir='ltr'><strong>Cui</strong></span> <span class='ocrx_word' id='word_1_220' title='bbox 3171 376 3333 429; x_wconf 88' lang='lat' dir='ltr'><strong>etiam</strong></span> <span class='ocrx_word' id='word_1_221' title='bbox 3360 379 3479 445; x_wconf 89' lang='lat' dir='ltr'><strong>pari</strong></span> 
     </span>
    </p>
   </div>
   <div class='ocr_carea' id='block_1_34' title="bbox 1884 469 3481 539">
    <p class='ocr_par' dir='ltr' id='par_1_34' title="bbox 1884 469 3481 539">
     <span class='ocr_line' id='line_1_35' title="bbox 1884 469 3481 539; baseline -0.001 -15"><span class='ocrx_word' id='word_1_222' title='bbox 1884 470 2141 525; x_wconf 88' lang='lat' dir='ltr'><strong>deferunt</strong></span> <span class='ocrx_word' id='word_1_223' title='bbox 2171 470 2332 524; x_wconf 91' lang='lat' dir='ltr'><strong>modo</strong></span> <span class='ocrx_word' id='word_1_224' title='bbox 2358 469 2528 539; x_wconf 90' lang='lat' dir='ltr'><strong>prima</strong></span> <span class='ocrx_word' id='word_1_225' title='bbox 2560 481 2817 520; x_wconf 92' lang='lat' dir='ltr'><strong>manuum</strong></span> <span class='ocrx_word' id='word_1_226' title='bbox 2843 480 3060 519; x_wconf 89' lang='lat' dir='ltr'><strong>suarum</strong></span> <span class='ocrx_word' id='word_1_227' title='bbox 3087 479 3481 534; x_wconf 81' lang='lat' dir='ltr'><strong>gressuumque</strong></span> 
     </span>
    </p>
   </div>
   <div class='ocr_carea' id='block_1_35' title="bbox 1882 560 3480 631">
    <p class='ocr_par' dir='ltr' id='par_1_35' title="bbox 1882 560 3480 631">
     <span class='ocr_line' id='line_1_36' title="bbox 1882 560 3480 631; baseline -0.002 -12"><span class='ocrx_word' id='word_1_228' title='bbox 1882 564 2167 631; x_wconf 88' lang='lat' dir='ltr'><strong>libamina,</strong></span> <span class='ocrx_word' id='word_1_229' title='bbox 2194 580 2315 619; x_wconf 90' lang='lat' dir='ltr'><strong>cum</strong></span> <span class='ocrx_word' id='word_1_230' title='bbox 2348 581 2379 619; x_wconf 90' lang='lat' dir='ltr'><strong>e</strong></span> <span class='ocrx_word' id='word_1_231' title='bbox 2405 562 2673 618; x_wconf 92' lang='lat' dir='ltr'><strong>cubilibus</strong></span> <span class='ocrx_word' id='word_1_232' title='bbox 2721 569 3113 629; x_wconf 75' lang='lat' dir='ltr'><strong>consurgentes</strong></span> <span class='ocrx_word' id='word_1_233' title='bbox 3148 560 3203 613; x_wconf 91' lang='lat' dir='ltr'><strong>in</strong></span> <span class='ocrx_word' id='word_1_234' title='bbox 3234 562 3480 616; x_wconf 87' lang='lat' dir='ltr'><strong>oratione</strong></span> 
     </span>
    </p>
   </div>
   <div class='ocr_carea' id='block_1_36' title="bbox 1884 652 3483 726">
    <p class='ocr_par' dir='ltr' id='par_1_36' title="bbox 1884 652 3483 726">
     <span class='ocr_line' id='line_1_37' title="bbox 1884 652 3483 726; baseline -0.004 -14"><span class='ocrx_word' id='word_1_235' title='bbox 1884 662 2213 725; x_wconf 90' lang='lat' dir='ltr'><strong>consistunt,</strong></span> <span class='ocrx_word' id='word_1_236' title='bbox 2244 666 2297 713; x_wconf 92' lang='lat' dir='ltr'><strong>et</strong></span> <span class='ocrx_word' id='word_1_237' title='bbox 2329 657 2642 726; x_wconf 89' lang='lat' dir='ltr'><strong>priusquam</strong></span> <span class='ocrx_word' id='word_1_238' title='bbox 2678 655 2726 707; x_wconf 93' lang='lat' dir='ltr'><strong>in</strong></span> <span class='ocrx_word' id='word_1_239' title='bbox 2756 654 2985 722; x_wconf 90' lang='lat' dir='ltr'><strong>propriis</strong></span> <span class='ocrx_word' id='word_1_240' title='bbox 3006 652 3183 707; x_wconf 90' lang='lat' dir='ltr'><strong>causis</strong></span> <span class='ocrx_word' id='word_1_241' title='bbox 3210 652 3483 706; x_wconf 88' lang='lat' dir='ltr'><strong>membro-</strong></span> 
     </span>
    </p>
   </div>
   <div class='ocr_carea' id='block_1_37' title="bbox 1885 743 3483 818">
    <p class='ocr_par' dir='ltr' id='par_1_37' title="bbox 1885 743 3483 818">
     <span class='ocr_line' id='line_1_38' title="bbox 1885 743 3483 818; baseline -0.003 -14"><span class='ocrx_word' id='word_1_242' title='bbox 1885 766 2005 805; x_wconf 92' lang='lat' dir='ltr'><strong>rum</strong></span> <span class='ocrx_word' id='word_1_243' title='bbox 2034 764 2257 804; x_wconf 92' lang='lat' dir='ltr'><strong>suorum</strong></span> <span class='ocrx_word' id='word_1_244' title='bbox 2290 748 2586 818; x_wconf 79' lang='lat' dir='ltr'><strong>iungantur</strong></span> <span class='ocrx_word' id='word_1_245' title='bbox 2614 745 2815 813; x_wconf 89' lang='lat' dir='ltr'><strong>ofﬁcio,</strong></span> <span class='ocrx_word' id='word_1_246' title='bbox 2842 744 2974 799; x_wconf 92' lang='lat' dir='ltr'><strong>nihil</strong></span> <span class='ocrx_word' id='word_1_247' title='bbox 3004 744 3106 799; x_wconf 87' lang='lat' dir='ltr'><strong>sibi</strong></span> <span class='ocrx_word' id='word_1_248' title='bbox 3139 744 3206 798; x_wconf 92' lang='lat' dir='ltr'><strong>de</strong></span> <span class='ocrx_word' id='word_1_249' title='bbox 3237 743 3483 800; x_wconf 83' lang='lat' dir='ltr'><strong>ministe-</strong></span> 
     </span>
    </p>
   </div>
   <div class='ocr_carea' id='block_1_38' title="bbox 1885 834 3482 910">
    <p class='ocr_par' dir='ltr' id='par_1_38' title="bbox 1885 834 3482 910">
     <span class='ocr_line' id='line_1_39' title="bbox 1885 834 3482 910; baseline -0.003 -15"><span class='ocrx_word' id='word_1_250' title='bbox 1885 843 1970 897; x_wconf 87' lang='lat' dir='ltr'><strong>rio</strong></span> <span class='ocrx_word' id='word_1_251' title='bbox 1998 858 2189 896; x_wconf 89' lang='lat' dir='ltr'><strong>eorum</strong></span> <span class='ocrx_word' id='word_1_252' title='bbox 2240 851 2365 896; x_wconf 89' lang='lat' dir='ltr'><strong>ante</strong></span> <span class='ocrx_word' id='word_1_253' title='bbox 2395 841 2728 910; x_wconf 87' lang='lat' dir='ltr'><strong>decerpunt,</strong></span> <span class='ocrx_word' id='word_1_254' title='bbox 2759 838 2853 893; x_wconf 90' lang='lat' dir='ltr'><strong>sed</strong></span> <span class='ocrx_word' id='word_1_255' title='bbox 2901 836 2969 891; x_wconf 92' lang='lat' dir='ltr'><strong>ad</strong></span> <span class='ocrx_word' id='word_1_256' title='bbox 3020 836 3183 906; x_wconf 88' lang='lat' dir='ltr'><strong>ipsius</strong></span> <span class='ocrx_word' id='word_1_257' title='bbox 3214 834 3482 890; x_wconf 89' lang='lat' dir='ltr'><strong>honorem</strong></span> 
     </span>
    </p>
   </div>
   <div class='ocr_carea' id='block_1_39' title="bbox 1886 926 3480 1004">
    <p class='ocr_par' dir='ltr' id='par_1_39' title="bbox 1886 926 3480 1004">
     <span class='ocr_line' id='line_1_40' title="bbox 1886 926 3480 1004; baseline -0.005 -15"><span class='ocrx_word' id='word_1_258' title='bbox 1886 944 2211 1004; x_wconf 87' lang='lat' dir='ltr'><strong>promovent</strong></span> <span class='ocrx_word' id='word_1_259' title='bbox 2250 950 2521 1004; x_wconf 86' lang='lat' dir='ltr'><strong>gressum,</strong></span> <span class='ocrx_word' id='word_1_260' title='bbox 2573 942 2735 1002; x_wconf 89' lang='lat' dir='ltr'><strong>atque</strong></span> <span class='ocrx_word' id='word_1_261' title='bbox 2767 932 2818 986; x_wconf 92' lang='lat' dir='ltr'><strong>in</strong></span> <span class='ocrx_word' id='word_1_262' title='bbox 2861 931 2978 998; x_wconf 86' lang='lat' dir='ltr'><strong>ejus</strong></span> <span class='ocrx_word' id='word_1_263' title='bbox 3009 928 3317 983; x_wconf 89' lang='lat' dir='ltr'><strong>laudatione</strong></span> <span class='ocrx_word' id='word_1_264' title='bbox 3346 926 3480 982; x_wconf 80' lang='lat' dir='ltr'><strong>deﬁ-</strong></span> 
     </span>
    </p>
   </div>
   <div class='ocr_carea' id='block_1_40' title="bbox 1883 1022 3481 1102">
    <p class='ocr_par' dir='ltr' id='par_1_40' title="bbox 1883 1022 3481 1102">
     <span class='ocr_line' id='line_1_41' title="bbox 1883 1022 3481 1102; baseline -0.006 -17"><span class='ocrx_word' id='word_1_265' title='bbox 1883 1039 2052 1102; x_wconf 90' lang='lat' dir='ltr'><strong>gunt,</strong></span> <span class='ocrx_word' id='word_1_266' title='bbox 2100 1040 2155 1085; x_wconf 92' lang='lat' dir='ltr'><strong>et</strong></span> <span class='ocrx_word' id='word_1_267' title='bbox 2185 1031 2254 1084; x_wconf 92' lang='lat' dir='ltr'><strong>ita</strong></span> <span class='ocrx_word' id='word_1_268' title='bbox 2284 1037 2602 1083; x_wconf 89' lang='lat' dir='ltr'><strong>cunctorum</strong></span> <span class='ocrx_word' id='word_1_269' title='bbox 2664 1033 2906 1080; x_wconf 89' lang='lat' dir='ltr'><strong>motuum</strong></span> <span class='ocrx_word' id='word_1_270' title='bbox 2956 1038 3174 1077; x_wconf 91' lang='lat' dir='ltr'><strong>suorum</strong></span> <span class='ocrx_word' id='word_1_271' title='bbox 3214 1022 3481 1091; x_wconf 80' lang='lat' dir='ltr'><strong>primitias</strong></span> 
     </span>
    </p>
   </div>
   <div class='ocr_carea' id='block_1_41' title="bbox 1883 1114 3481 1193">
    <p class='ocr_par' dir='ltr' id='par_1_41' title="bbox 1883 1114 3481 1193">
     <span class='ocr_line' id='line_1_42' title="bbox 1883 1114 3481 1193; baseline -0.006 -16"><span class='ocrx_word' id='word_1_272' title='bbox 1883 1124 2232 1193; x_wconf 89' lang='lat' dir='ltr'><strong>protensione</strong></span> <span class='ocrx_word' id='word_1_273' title='bbox 2259 1135 2539 1184; x_wconf 89' lang='lat' dir='ltr'><strong>manuum,</strong></span> <span class='ocrx_word' id='word_1_274' title='bbox 2572 1118 2953 1173; x_wconf 86' lang='lat' dir='ltr'><strong>iucurvatione</strong></span> <span class='ocrx_word' id='word_1_275' title='bbox 2969 1130 3202 1185; x_wconf 88' lang='lat' dir='ltr'><strong>genuum</strong></span> <span class='ocrx_word' id='word_1_276' title='bbox 3235 1121 3290 1167; x_wconf 92' lang='lat' dir='ltr'><strong>et</strong></span> <span class='ocrx_word' id='word_1_277' title='bbox 3317 1114 3481 1168; x_wconf 84' lang='lat' dir='ltr'><strong>totius</strong></span> 
     </span>
    </p>
   </div>
   <div class='ocr_carea' id='block_1_42' title="bbox 1884 1206 3483 1287">
    <p class='ocr_par' dir='ltr' id='par_1_42' title="bbox 1884 1206 3483 1287">
     <span class='ocr_line' id='line_1_43' title="bbox 1884 1206 3483 1287; baseline -0.006 -16"><span class='ocrx_word' id='word_1_278' title='bbox 1884 1217 2130 1287; x_wconf 90' lang='lat' dir='ltr'><strong>corporis</strong></span> <span class='ocrx_word' id='word_1_279' title='bbox 2161 1213 2533 1285; x_wconf 88' lang='lat' dir='ltr'><strong>prostratione</strong></span> <span class='ocrx_word' id='word_1_280' title='bbox 2564 1211 2901 1282; x_wconf 85' lang='lat' dir='ltr'><strong>persolvunt.</strong></span> <span class='ocrx_word' id='word_1_281' title='bbox 2954 1208 3090 1263; x_wconf 89' lang='lat' dir='ltr'><strong>lllud</strong></span> <span class='ocrx_word' id='word_1_282' title='bbox 3138 1207 3282 1262; x_wconf 89' lang='lat' dir='ltr'><strong>enim</strong></span> <span class='ocrx_word' id='word_1_283' title='bbox 3334 1206 3483 1277; x_wconf 91' lang='lat' dir='ltr'><strong>quod</strong></span> 
     </span>
    </p>
   </div>
   <div class='ocr_carea' id='block_1_43' title="bbox 1884 1305 3481 1377">
    <p class='ocr_par' dir='ltr' id='par_1_43' title="bbox 1884 1305 3481 1377">
     <span class='ocr_line' id='line_1_44' title="bbox 1884 1305 3481 1377; baseline -0.004 -15"><span class='ocrx_word' id='word_1_284' title='bbox 1884 1308 2200 1363; x_wconf 86' lang='lat' dir='ltr'><strong>decantatur</strong></span> <span class='ocrx_word' id='word_1_285' title='bbox 2228 1310 2281 1362; x_wconf 93' lang='lat' dir='ltr'><strong>in</strong></span> <span class='ocrx_word' id='word_1_286' title='bbox 2317 1308 2555 1377; x_wconf 89' lang='lat' dir='ltr'><strong>psalmo,</strong></span> <span class='ocrx_word' id='word_1_287' title='bbox 2588 1306 2724 1360; x_wconf 87' lang='lat' dir='ltr'><strong>alias</strong></span> <span class='ocrx_word' id='word_1_288' title='bbox 2772 1305 3001 1374; x_wconf 91' lang='lat' dir='ltr'><strong>implere</strong></span> <span class='ocrx_word' id='word_1_289' title='bbox 3032 1317 3139 1356; x_wconf 93' lang='lat' dir='ltr'><strong>non</strong></span> <span class='ocrx_word' id='word_1_290' title='bbox 3169 1316 3481 1371; x_wconf 88' lang='lat' dir='ltr'><strong>possumus,</strong></span> 
     </span>
    </p>
   </div>
   <div class='ocr_carea' id='block_1_44' title="bbox 1882 1392 3479 1465">
    <p class='ocr_par' dir='ltr' id='par_1_44' title="bbox 1882 1392 3479 1465">
     <span class='ocr_line' id='line_1_45' title="bbox 1882 1392 3479 1465; baseline -0.006 -10"><span class='ocrx_word' id='word_1_291' title='bbox 1882 1400 2123 1455; x_wconf 71' lang='lat' dir='ltr'><strong>Prwveni</strong></span> <span class='ocrx_word' id='word_1_292' title='bbox 2144 1402 2196 1454; x_wconf 89' lang='lat' dir='ltr'><strong>in</strong></span> <span class='ocrx_word' id='word_1_293' title='bbox 2243 1401 2539 1454; x_wconf 84' lang='lat' dir='ltr'><strong>maturitate</strong></span> <span class='ocrx_word' id='word_1_294' title='bbox 2570 1408 2617 1452; x_wconf 89' lang='lat' dir='ltr'><strong>et</strong></span> <span class='ocrx_word' id='word_1_295' title='bbox 2648 1398 2866 1451; x_wconf 81' lang='lat' dir='ltr'><strong>clamavi</strong></span> <span class='ocrx_word' id='word_1_296' title='bbox 2917 1396 3087 1465; x_wconf 84' lang='lat' dir='ltr'><strong>(Psal.</strong></span> <span class='ocrx_word' id='word_1_297' title='bbox 3123 1392 3339 1464; x_wconf 84' lang='lat' dir='ltr'><strong>cxvnt);</strong></span> <span class='ocrx_word' id='word_1_298' title='bbox 3390 1400 3479 1461; x_wconf 85' lang='lat' dir='ltr'><strong>et,</strong></span> 
     </span>
    </p>
   </div>
   <div class='ocr_carea' id='block_1_45' title="bbox 1883 1489 3481 1553">
    <p class='ocr_par' dir='ltr' id='par_1_45' title="bbox 1883 1489 3481 1553">
     <span class='ocr_line' id='line_1_46' title="bbox 1883 1489 3481 1553; baseline -0.006 -3"><span class='ocrx_word' id='word_1_299' title='bbox 1883 1496 2254 1551; x_wconf 73' lang='lat' dir='ltr'><strong>Prwveuerunt</strong></span> <span class='ocrx_word' id='word_1_300' title='bbox 2290 1497 2425 1549; x_wconf 87' lang='lat' dir='ltr'><strong>oculi</strong></span> <span class='ocrx_word' id='word_1_301' title='bbox 2464 1495 2565 1548; x_wconf 86' lang='lat' dir='ltr'><strong>mei</strong></span> <span class='ocrx_word' id='word_1_302' title='bbox 2589 1496 2657 1547; x_wconf 85' lang='lat' dir='ltr'><strong>ad</strong></span> <span class='ocrx_word' id='word_1_303' title='bbox 2703 1502 2751 1546; x_wconf 83' lang='lat' dir='ltr'><strong>te</strong></span> <span class='ocrx_word' id='word_1_304' title='bbox 2795 1491 3060 1553; x_wconf 77' lang='lat' dir='ltr'><strong>diluculo,</strong></span> <span class='ocrx_word' id='word_1_305' title='bbox 3104 1499 3160 1543; x_wconf 87' lang='lat' dir='ltr'><strong>ut</strong></span> <span class='ocrx_word' id='word_1_306' title='bbox 3206 1489 3481 1542; x_wconf 82' lang='lat' dir='ltr'><strong>meditarer</strong></span> 
     </span>
    </p>
   </div>
   <div class='ocr_carea' id='block_1_46' title="bbox 1881 1581 3483 1661">
    <p class='ocr_par' dir='ltr' id='par_1_46' title="bbox 1881 1581 3483 1661">
     <span class='ocr_line' id='line_1_47' title="bbox 1881 1581 3483 1661; baseline -0.007 -16"><span class='ocrx_word' id='word_1_307' title='bbox 1881 1591 2089 1661; x_wconf 85' lang='lat' dir='ltr'><strong>eloquia</strong></span> <span class='ocrx_word' id='word_1_308' title='bbox 2111 1600 2199 1643; x_wconf 87' lang='lat' dir='ltr'><strong>tua</strong></span> <span class='ocrx_word' id='word_1_309' title='bbox 2226 1588 2480 1657; x_wconf 80' lang='lat' dir='ltr'><strong>(Ibidem)</strong></span> <span class='ocrx_word' id='word_1_310' title='bbox 2506 1631 2520 1654; x_wconf 94' lang='lat'><strong>,</strong></span> <span class='ocrx_word' id='word_1_311' title='bbox 2547 1596 2623 1653; x_wconf 89' lang='lat' dir='ltr'><strong>et,</strong></span> <span class='ocrx_word' id='word_1_312' title='bbox 2650 1586 2806 1640; x_wconf 81' lang='lat' dir='ltr'><strong>Mane</strong></span> <span class='ocrx_word' id='word_1_313' title='bbox 2847 1584 3011 1639; x_wconf 81' lang='lat' dir='ltr'><strong>oratio</strong></span> <span class='ocrx_word' id='word_1_314' title='bbox 3042 1599 3156 1636; x_wconf 89' lang='lat' dir='ltr'><strong>mea</strong></span> <span class='ocrx_word' id='word_1_315' title='bbox 3208 1581 3483 1653; x_wconf 62' lang='lat' dir='ltr'><strong>praeveniet</strong></span> 
     </span>
    </p>
   </div>
   <div class='ocr_carea' id='block_1_47' title="bbox 1805 1666 3481 1755">
    <p class='ocr_par' dir='ltr' id='par_1_47' title="bbox 1805 1666 3481 1755">
     <span class='ocr_line' id='line_1_48' title="bbox 1805 1666 3481 1755; baseline -0.007 -17"><span class='ocrx_word' id='word_1_316' title='bbox 1805 1666 1930 1739; x_wconf 85' lang='lat' dir='ltr'><strong>Bte</strong></span> <span class='ocrx_word' id='word_1_317' title='bbox 1974 1684 2149 1755; x_wconf 83' lang='lat' dir='ltr'><strong>(Psal.</strong></span> <span class='ocrx_word' id='word_1_318' title='bbox 2204 1680 2483 1752; x_wconf 68' lang='lat' dir='ltr'><strong>LXXlVll);</strong></span> <span class='ocrx_word' id='word_1_319' title='bbox 2518 1683 2624 1735; x_wconf 90' lang='lat' dir='ltr'><strong>nisi</strong></span> <span class='ocrx_word' id='word_1_320' title='bbox 2657 1689 2716 1734; x_wconf 91' lang='lat' dir='ltr'><strong>ut</strong></span> <span class='ocrx_word' id='word_1_321' title='bbox 2743 1689 2865 1749; x_wconf 84' lang='lat' dir='ltr'><strong>post</strong></span> <span class='ocrx_word' id='word_1_322' title='bbox 2917 1679 3152 1748; x_wconf 89' lang='lat' dir='ltr'><strong>quietem</strong></span> <span class='ocrx_word' id='word_1_323' title='bbox 3204 1676 3379 1730; x_wconf 90' lang='lat' dir='ltr'><strong>somni</strong></span> <span class='ocrx_word' id='word_1_324' title='bbox 3425 1674 3481 1728; x_wconf 92' lang='lat' dir='ltr'><strong>in</strong></span> 
     </span>
    </p>
   </div>
   <div class='ocr_carea' id='block_1_48' title="bbox 1883 1767 3483 1843">
    <p class='ocr_par' dir='ltr' id='par_1_48' title="bbox 1883 1767 3483 1843">
     <span class='ocr_line' id='line_1_49' title="bbox 1883 1767 3483 1843; baseline -0.008 -11"><span class='ocrx_word' id='word_1_325' title='bbox 1883 1779 2023 1832; x_wconf 85' lang='lat' dir='ltr'><strong>hanc</strong></span> <span class='ocrx_word' id='word_1_326' title='bbox 2056 1777 2234 1831; x_wconf 90' lang='lat' dir='ltr'><strong>lucem</strong></span> <span class='ocrx_word' id='word_1_327' title='bbox 2265 1820 2279 1842; x_wconf 90' lang='lat'><strong>,</strong></span> <span class='ocrx_word' id='word_1_328' title='bbox 2330 1786 2389 1829; x_wconf 90' lang='lat' dir='ltr'><strong>ut</strong></span> <span class='ocrx_word' id='word_1_329' title='bbox 2419 1790 2581 1843; x_wconf 88' lang='lat' dir='ltr'><strong>supra</strong></span> <span class='ocrx_word' id='word_1_330' title='bbox 2612 1773 2881 1839; x_wconf 82' lang='lat' dir='ltr'><strong>diximus,</strong></span> <span class='ocrx_word' id='word_1_331' title='bbox 2912 1771 3061 1825; x_wconf 91' lang='lat' dir='ltr'><strong>velut</strong></span> <span class='ocrx_word' id='word_1_332' title='bbox 3090 1784 3121 1823; x_wconf 92' lang='lat' dir='ltr'><strong>e</strong></span> <span class='ocrx_word' id='word_1_333' title='bbox 3148 1767 3388 1822; x_wconf 88' lang='lat' dir='ltr'><strong>tenebris</strong></span> <span class='ocrx_word' id='word_1_334' title='bbox 3427 1773 3483 1820; x_wconf 91' lang='lat' dir='ltr'><strong>et</strong></span> 
     </span>
    </p>
   </div>
   <div class='ocr_carea' id='block_1_49' title="bbox 1883 1859 3481 1943">
    <p class='ocr_par' dir='ltr' id='par_1_49' title="bbox 1883 1859 3481 1943">
     <span class='ocr_line' id='line_1_50' title="bbox 1883 1859 3481 1943; baseline -0.01 -15"><span class='ocrx_word' id='word_1_335' title='bbox 1883 1873 2205 1943; x_wconf 83' lang='lat' dir='ltr'><strong>imaginaria</strong></span> <span class='ocrx_word' id='word_1_336' title='bbox 2235 1868 2258 1906; x_wconf 75' lang='grc' dir='ltr'>ἀ</span> <span class='ocrx_word' id='word_1_337' title='bbox 2294 1880 2471 1925; x_wconf 88' lang='lat' dir='ltr'><strong>morte</strong></span> <span class='ocrx_word' id='word_1_338' title='bbox 2517 1868 2800 1932; x_wconf 87' lang='lat' dir='ltr'><strong>revocati,</strong></span> <span class='ocrx_word' id='word_1_339' title='bbox 2852 1866 2919 1919; x_wconf 91' lang='lat' dir='ltr'><strong>de</strong></span> <span class='ocrx_word' id='word_1_340' title='bbox 2961 1862 3234 1917; x_wconf 77' lang='lat' dir='ltr'><strong>universis</strong></span> <span class='ocrx_word' id='word_1_341' title='bbox 3286 1859 3481 1914; x_wconf 88' lang='lat' dir='ltr'><strong>ofﬁciis</strong></span> 
     </span>
    </p>
   </div>
   <div class='ocr_carea' id='block_1_50' title="bbox 1883 1954 3483 2031">
    <p class='ocr_par' dir='ltr' id='par_1_50' title="bbox 1883 1954 3483 2031">
     <span class='ocr_line' id='line_1_51' title="bbox 1883 1954 3483 2031; baseline -0.011 -9"><span class='ocrx_word' id='word_1_342' title='bbox 1883 1968 2085 2022; x_wconf 92' lang='lat' dir='ltr'><strong>mcntis</strong></span> <span class='ocrx_word' id='word_1_343' title='bbox 2111 1974 2165 2019; x_wconf 89' lang='lat' dir='ltr'><strong>et</strong></span> <span class='ocrx_word' id='word_1_344' title='bbox 2198 1964 2446 2031; x_wconf 89' lang='lat' dir='ltr'><strong>corporis</strong></span> <span class='ocrx_word' id='word_1_345' title='bbox 2492 1961 2627 2015; x_wconf 92' lang='lat' dir='ltr'><strong>nihil</strong></span> <span class='ocrx_word' id='word_1_346' title='bbox 2670 1959 2891 2013; x_wconf 88' lang='lat' dir='ltr'><strong>omnino</strong></span> <span class='ocrx_word' id='word_1_347' title='bbox 2927 1958 2981 2010; x_wconf 92' lang='lat' dir='ltr'><strong>in</strong></span> <span class='ocrx_word' id='word_1_348' title='bbox 3024 1954 3224 2010; x_wconf 90' lang='lat' dir='ltr'><strong>nostris</strong></span> <span class='ocrx_word' id='word_1_349' title='bbox 3274 1967 3483 2021; x_wconf 72' lang='lat' dir='ltr'><strong>prazsu-</strong></span> 
     </span>
    </p>
   </div>
   <div class='ocr_carea' id='block_1_51' title="bbox 1883 2050 3484 2117">
    <p class='ocr_par' dir='ltr' id='par_1_51' title="bbox 1883 2050 3484 2117">
     <span class='ocr_line' id='line_1_52' title="bbox 1883 2050 3484 2117; baseline -0.009 -4"><span class='ocrx_word' id='word_1_350' title='bbox 1883 2074 2033 2113; x_wconf 89' lang='lat' dir='ltr'><strong>mere</strong></span> <span class='ocrx_word' id='word_1_351' title='bbox 2080 2055 2493 2112; x_wconf 83' lang='lat' dir='ltr'><strong>necessitatibus</strong></span> <span class='ocrx_word' id='word_1_352' title='bbox 2543 2053 2857 2108; x_wconf 88' lang='lat' dir='ltr'><strong>audeamus.</strong></span> <span class='ocrx_word' id='word_1_353' title='bbox 2910 2050 3104 2104; x_wconf 87' lang='lat' dir='ltr'><strong>Nullus</strong></span> <span class='ocrx_word' id='word_1_354' title='bbox 3143 2062 3372 2117; x_wconf 88' lang='lat' dir='ltr'><strong>namque</strong></span> <span class='ocrx_word' id='word_1_355' title='bbox 3398 2054 3484 2100; x_wconf 91' lang='lat' dir='ltr'><strong>est</strong></span> 
     </span>
    </p>
   </div>
   <div class='ocr_carea' id='block_1_52' title="bbox 1884 2145 3483 2219">
    <p class='ocr_par' dir='ltr' id='par_1_52' title="bbox 1884 2145 3483 2219">
     <span class='ocr_line' id='line_1_53' title="bbox 1884 2145 3483 2219; baseline -0.007 -15"><span class='ocrx_word' id='word_1_356' title='bbox 1884 2151 2021 2205; x_wconf 86' lang='lat' dir='ltr'><strong>alius</strong></span> <span class='ocrx_word' id='word_1_357' title='bbox 2060 2164 2218 2219; x_wconf 93' lang='lat' dir='ltr'><strong>quem</strong></span> <span class='ocrx_word' id='word_1_358' title='bbox 2253 2156 2343 2201; x_wconf 90' lang='lat' dir='ltr'><strong>aut</strong></span> <span class='ocrx_word' id='word_1_359' title='bbox 2374 2147 2637 2215; x_wconf 89' lang='lat' dir='ltr'><strong>propheta</strong></span> <span class='ocrx_word' id='word_1_360' title='bbox 2672 2145 2995 2214; x_wconf 63' lang='lat' dir='ltr'><strong>prmvcnerit</strong></span> <span class='ocrx_word' id='word_1_361' title='bbox 3030 2145 3354 2207; x_wconf 90' lang='lat' dir='ltr'><strong>matutinus,</strong></span> <span class='ocrx_word' id='word_1_362' title='bbox 3390 2148 3483 2193; x_wconf 90' lang='lat' dir='ltr'><strong>aut</strong></span> 
     </span>
    </p>
   </div>
   <div class='ocr_carea' id='block_1_53' title="bbox 1884 2235 3569 2310">
    <p class='ocr_par' dir='ltr' id='par_1_53' title="bbox 1884 2235 3569 2310">
     <span class='ocr_line' id='line_1_54' title="bbox 1884 2235 3569 2310; baseline -0.011 -13"><span class='ocrx_word' id='word_1_363' title='bbox 1884 2257 1983 2297; x_wconf 91' lang='lat' dir='ltr'><strong>nos</strong></span> <span class='ocrx_word' id='word_1_364' title='bbox 2014 2239 2317 2310; x_wconf 75' lang='lat' dir='ltr'><strong>przevenire</strong></span> <span class='ocrx_word' id='word_1_365' title='bbox 2345 2238 2594 2292; x_wconf 84' lang='lat' dir='ltr'><strong>similiter</strong></span> <span class='ocrx_word' id='word_1_366' title='bbox 2640 2236 2960 2303; x_wconf 87' lang='lat' dir='ltr'><strong>debeamus,</strong></span> <span class='ocrx_word' id='word_1_367' title='bbox 2994 2235 3098 2289; x_wconf 90' lang='lat' dir='ltr'><strong>nisi</strong></span> <span class='ocrx_word' id='word_1_368' title='bbox 3122 2243 3215 2287; x_wconf 90' lang='lat' dir='ltr'><strong>aut</strong></span> <span class='ocrx_word' id='word_1_369' title='bbox 3237 2239 3480 2286; x_wconf 84' lang='lat' dir='ltr'><strong>nosmet-</strong></span> <span class='ocrx_word' id='word_1_370' title='bbox 3564 2276 3569 2279; x_wconf 83' lang='lat'><strong>.</strong></span> 
     </span>
    </p>
   </div>
   <div class='ocr_carea' id='block_1_54' title="bbox 1883 2325 3483 2405">
    <p class='ocr_par' dir='ltr' id='par_1_54' title="bbox 1883 2325 3483 2405">
     <span class='ocr_line' id='line_1_55' title="bbox 1883 2325 3483 2405; baseline -0.01 -15"><span class='ocrx_word' id='word_1_371' title='bbox 1883 2336 2055 2405; x_wconf 85' lang='lat' dir='ltr'><strong>ipsos,</strong></span> <span class='ocrx_word' id='word_1_372' title='bbox 2087 2333 2142 2387; x_wconf 90' lang='lat' dir='ltr'><strong>id</strong></span> <span class='ocrx_word' id='word_1_373' title='bbox 2164 2342 2271 2397; x_wconf 88' lang='lat' dir='ltr'><strong>est,</strong></span> <span class='ocrx_word' id='word_1_374' title='bbox 2300 2330 2685 2400; x_wconf 89' lang='lat' dir='ltr'><strong>occupationes</strong></span> <span class='ocrx_word' id='word_1_375' title='bbox 2718 2337 2929 2383; x_wconf 87' lang='lat' dir='ltr'><strong>nostras</strong></span> <span class='ocrx_word' id='word_1_376' title='bbox 2963 2338 3015 2382; x_wconf 92' lang='lat' dir='ltr'><strong>et</strong></span> <span class='ocrx_word' id='word_1_377' title='bbox 3041 2325 3265 2379; x_wconf 71' lang='lat' dir='ltr'><strong>allectus</strong></span> <span class='ocrx_word' id='word_1_378' title='bbox 3294 2337 3483 2377; x_wconf 90' lang='lat' dir='ltr'><strong>curas-</strong></span> 
     </span>
    </p>
   </div>
   <div class='ocr_carea' id='block_1_55' title="bbox 1884 2425 3483 2499">
    <p class='ocr_par' dir='ltr' id='par_1_55' title="bbox 1884 2425 3483 2499">
     <span class='ocr_line' id='line_1_56' title="bbox 1884 2425 3483 2499; baseline -0.008 -17"><span class='ocrx_word' id='word_1_379' title='bbox 1884 2444 1992 2499; x_wconf 92' lang='lat' dir='ltr'><strong>que</strong></span> <span class='ocrx_word' id='word_1_380' title='bbox 2022 2427 2311 2493; x_wconf 90' lang='lat' dir='ltr'><strong>mortales,</strong></span> <span class='ocrx_word' id='word_1_381' title='bbox 2346 2426 2463 2480; x_wconf 92' lang='lat' dir='ltr'><strong>sine</strong></span> <span class='ocrx_word' id='word_1_382' title='bbox 2489 2425 2689 2495; x_wconf 89' lang='lat' dir='ltr'><strong>quibus</strong></span> <span class='ocrx_word' id='word_1_383' title='bbox 2720 2438 2842 2479; x_wconf 91' lang='lat' dir='ltr'><strong>esse</strong></span> <span class='ocrx_word' id='word_1_384' title='bbox 2889 2438 2994 2476; x_wconf 90' lang='lat' dir='ltr'><strong>non</strong></span> <span class='ocrx_word' id='word_1_385' title='bbox 3027 2432 3315 2490; x_wconf 79' lang='lat' dir='ltr'><strong>possumus</strong></span> <span class='ocrx_word' id='word_1_386' title='bbox 3341 2458 3355 2482; x_wconf 91' lang='lat'><strong>,</strong></span> <span class='ocrx_word' id='word_1_387' title='bbox 3389 2426 3483 2470; x_wconf 90' lang='lat' dir='ltr'><strong>aut</strong></span> 
     </span>
    </p>
   </div>
   <div class='ocr_carea' id='block_1_56' title="bbox 1884 2509 3483 2591">
    <p class='ocr_par' dir='ltr' id='par_1_56' title="bbox 1884 2509 3483 2591">
     <span class='ocr_line' id='line_1_57' title="bbox 1884 2509 3483 2591; baseline -0.007 -16"><span class='ocrx_word' id='word_1_388' title='bbox 1884 2521 2260 2591; x_wconf 86' lang='lat' dir='ltr'><strong>suggestiones</strong></span> <span class='ocrx_word' id='word_1_389' title='bbox 2288 2518 2675 2573; x_wconf 88' lang='lat' dir='ltr'><strong>subtilissimas</strong></span> <span class='ocrx_word' id='word_1_390' title='bbox 2700 2515 2932 2579; x_wconf 91' lang='lat' dir='ltr'><strong>inimici,</strong></span> <span class='ocrx_word' id='word_1_391' title='bbox 2957 2528 3090 2583; x_wconf 91' lang='lat' dir='ltr'><strong>quas</strong></span> <span class='ocrx_word' id='word_1_392' title='bbox 3118 2511 3273 2571; x_wconf 79' lang='lat' dir='ltr'><strong>nobis</strong></span> <span class='ocrx_word' id='word_1_393' title='bbox 3305 2509 3483 2564; x_wconf 89' lang='lat' dir='ltr'><strong>adhuc</strong></span> 
     </span>
    </p>
   </div>
   <div class='ocr_carea' id='block_1_57' title="bbox 1884 2601 3483 2684">
    <p class='ocr_par' dir='ltr' id='par_1_57' title="bbox 1884 2601 3483 2684">
     <span class='ocr_line' id='line_1_58' title="bbox 1884 2601 3483 2684; baseline -0.009 -16"><span class='ocrx_word' id='word_1_394' title='bbox 1884 2613 2295 2684; x_wconf 86' lang='lat' dir='ltr'><strong>quiescentibus</strong></span> <span class='ocrx_word' id='word_1_395' title='bbox 2327 2627 2390 2666; x_wconf 91' lang='lat' dir='ltr'><strong>ac</strong></span> <span class='ocrx_word' id='word_1_396' title='bbox 2428 2624 2624 2680; x_wconf 91' lang='lat' dir='ltr'><strong>sopore</strong></span> <span class='ocrx_word' id='word_1_397' title='bbox 2674 2608 2938 2664; x_wconf 86' lang='lat' dir='ltr'><strong>demersis</strong></span> <span class='ocrx_word' id='word_1_398' title='bbox 2963 2648 2978 2672; x_wconf 89' lang='lat'><strong>,</strong></span> <span class='ocrx_word' id='word_1_399' title='bbox 3033 2620 3129 2674; x_wconf 90' lang='lat' dir='ltr'><strong>per</strong></span> <span class='ocrx_word' id='word_1_400' title='bbox 3174 2601 3483 2671; x_wconf 89' lang='lat' dir='ltr'><strong>phantasias</strong></span> 
     </span>
    </p>
   </div>
   <div class='ocr_carea' id='block_1_58' title="bbox 1885 2694 3482 2766">
    <p class='ocr_par' dir='ltr' id='par_1_58' title="bbox 1885 2694 3482 2766">
     <span class='ocr_line' id='line_1_59' title="bbox 1885 2694 3482 2766; baseline -0.006 -7"><span class='ocrx_word' id='word_1_401' title='bbox 1885 2704 2124 2759; x_wconf 88' lang='lat' dir='ltr'><strong>inanium</strong></span> <span class='ocrx_word' id='word_1_402' title='bbox 2182 2703 2521 2757; x_wconf 90' lang='lat' dir='ltr'><strong>somniorum</strong></span> <span class='ocrx_word' id='word_1_403' title='bbox 2574 2699 2773 2755; x_wconf 80' lang='lat' dir='ltr'><strong>inferre</strong></span> <span class='ocrx_word' id='word_1_404' title='bbox 2822 2707 3083 2761; x_wconf 89' lang='lat' dir='ltr'><strong>conatur,</strong></span> <span class='ocrx_word' id='word_1_405' title='bbox 3138 2694 3333 2766; x_wconf 89' lang='lat' dir='ltr'><strong>quibus</strong></span> <span class='ocrx_word' id='word_1_406' title='bbox 3383 2707 3482 2749; x_wconf 92' lang='lat' dir='ltr'><strong>nos</strong></span> 
     </span>
    </p>
   </div>
   <div class='ocr_carea' id='block_1_59' title="bbox 1888 2789 3483 2867">
    <p class='ocr_par' dir='ltr' id='par_1_59' title="bbox 1888 2789 3483 2867">
     <span class='ocr_line' id='line_1_60' title="bbox 1888 2789 3483 2867; baseline -0.006 -15"><span class='ocrx_word' id='word_1_407' title='bbox 1888 2814 2011 2852; x_wconf 84' lang='lat' dir='ltr'><strong>mox</strong></span> <span class='ocrx_word' id='word_1_408' title='bbox 2042 2797 2390 2867; x_wconf 86' lang='lat' dir='ltr'><strong>evigilaturos</strong></span> <span class='ocrx_word' id='word_1_409' title='bbox 2410 2804 2638 2865; x_wconf 90' lang='lat' dir='ltr'><strong>occupet</strong></span> <span class='ocrx_word' id='word_1_410' title='bbox 2667 2804 2721 2850; x_wconf 90' lang='lat' dir='ltr'><strong>et</strong></span> <span class='ocrx_word' id='word_1_411' title='bbox 2752 2793 3015 2858; x_wconf 87' lang='lat' dir='ltr'><strong>involvat,</strong></span> <span class='ocrx_word' id='word_1_412' title='bbox 3044 2800 3101 2845; x_wconf 92' lang='lat' dir='ltr'><strong>ut</strong></span> <span class='ocrx_word' id='word_1_413' title='bbox 3123 2789 3483 2859; x_wconf 90' lang='lat' dir='ltr'><strong>primitiarum</strong></span> 
     </span>
    </p>
   </div>
   <div class='ocr_carea' id='block_1_60' title="bbox 1888 2882 3481 2958">
    <p class='ocr_par' dir='ltr' id='par_1_60' title="bbox 1888 2882 3481 2958">
     <span class='ocr_line' id='line_1_61' title="bbox 1888 2882 3481 2958; baseline -0.006 -16"><span class='ocrx_word' id='word_1_414' title='bbox 1888 2899 2197 2943; x_wconf 86' lang='lat' dir='ltr'><strong>nostrarum</strong></span> <span class='ocrx_word' id='word_1_415' title='bbox 2242 2890 2422 2958; x_wconf 90' lang='lat' dir='ltr'><strong>opima</strong></span> <span class='ocrx_word' id='word_1_416' title='bbox 2461 2886 2734 2942; x_wconf 84' lang='lat' dir='ltr'><strong>deﬂorans</strong></span> <span class='ocrx_word' id='word_1_417' title='bbox 2782 2885 2986 2954; x_wconf 90' lang='lat' dir='ltr'><strong>primus</strong></span> <span class='ocrx_word' id='word_1_418' title='bbox 3038 2884 3156 2951; x_wconf 87' lang='lat' dir='ltr'><strong>ipse</strong></span> <span class='ocrx_word' id='word_1_419' title='bbox 3203 2882 3481 2946; x_wconf 89' lang='lat' dir='ltr'><strong>decerpat.</strong></span> 
     </span>
    </p>
   </div>
   <div class='ocr_carea' id='block_1_61' title="bbox 1888 2971 3483 3049">
    <p class='ocr_par' dir='ltr' id='par_1_61' title="bbox 1888 2971 3483 3049">
     <span class='ocr_line' id='line_1_62' title="bbox 1888 2971 3483 3049; baseline -0.007 -14"><span class='ocrx_word' id='word_1_420' title='bbox 1888 2981 2252 3049; x_wconf 86' lang='lat' dir='ltr'><strong>Quamobrem</strong></span> <span class='ocrx_word' id='word_1_421' title='bbox 2282 2982 2426 3036; x_wconf 93' lang='lat' dir='ltr'><strong>omni</strong></span> <span class='ocrx_word' id='word_1_422' title='bbox 2459 2980 2613 3035; x_wconf 83' lang='lat' dir='ltr'><strong>nobis</strong></span> <span class='ocrx_word' id='word_1_423' title='bbox 2667 2978 2917 3034; x_wconf 89' lang='lat' dir='ltr'><strong>cautione</strong></span> <span class='ocrx_word' id='word_1_424' title='bbox 2970 2974 3268 3031; x_wconf 88' lang='lat' dir='ltr'><strong>curandum</strong></span> <span class='ocrx_word' id='word_1_425' title='bbox 3306 2982 3387 3027; x_wconf 91' lang='lat' dir='ltr'><strong>est</strong></span> <span class='ocrx_word' id='word_1_426' title='bbox 3415 2971 3483 3040; x_wconf 88' lang='lat' dir='ltr'><strong>(si</strong></span> 
     </span>
    </p>
   </div>
   <div class='ocr_carea' id='block_1_62' title="bbox 188 3056 3487 3144">
    <p class='ocr_par' dir='ltr' id='par_1_62' title="bbox 188 3056 3487 3144">
     <span class='ocr_line' id='line_1_63' title="bbox 188 3056 3487 3144; baseline -0.002 -22"><span class='ocrx_word' id='word_1_427' title='bbox 188 3075 409 3134; x_wconf 86' lang='lat' dir='ltr'><strong>rentes,</strong></span> <span class='ocrx_word' id='word_1_428' title='bbox 458 3069 638 3137; x_wconf 88' lang='lat' dir='ltr'><strong>primo</strong></span> <span class='ocrx_word' id='word_1_429' title='bbox 669 3067 868 3136; x_wconf 77' lang='lat' dir='ltr'><strong>linguze</strong></span> <span class='ocrx_word' id='word_1_430' title='bbox 913 3082 1027 3121; x_wconf 81' lang='lat' dir='ltr'><strong>suae</strong></span> <span class='ocrx_word' id='word_1_431' title='bbox 1078 3079 1225 3122; x_wconf 90' lang='lat' dir='ltr'><strong>motu</strong></span> <span class='ocrx_word' id='word_1_432' title='bbox 1275 3068 1449 3138; x_wconf 75' lang='lat' dir='ltr'><strong>ipsUm</strong></span> <span class='ocrx_word' id='word_1_433' title='bbox 1494 3070 1780 3138; x_wconf 90' lang='lat' dir='ltr'><strong>invocant,</strong></span> <span class='ocrx_word' id='word_1_434' title='bbox 1812 3056 1857 3118; x_wconf 64' lang='grc' dir='ltr'><strong>(ἶ</strong></span> <span class='ocrx_word' id='word_1_435' title='bbox 1892 3084 2071 3129; x_wconf 90' lang='lat' dir='ltr'><strong>tamen</strong></span> <span class='ocrx_word' id='word_1_436' title='bbox 2098 3075 2204 3128; x_wconf 89' lang='lat' dir='ltr'><strong>vim</strong></span> <span class='ocrx_word' id='word_1_437' title='bbox 2237 3073 2479 3144; x_wconf 80' lang='lat' dir='ltr'><strong>praedicti</strong></span> <span class='ocrx_word' id='word_1_438' title='bbox 2512 3072 2772 3129; x_wconf 84' lang='lat' dir='ltr'><strong>versiculi</strong></span> <span class='ocrx_word' id='word_1_439' title='bbox 2815 3084 2981 3140; x_wconf 90' lang='lat' dir='ltr'><strong>opere</strong></span> <span class='ocrx_word' id='word_1_440' title='bbox 3013 3067 3264 3123; x_wconf 90' lang='lat' dir='ltr'><strong>volumus</strong></span> <span class='ocrx_word' id='word_1_441' title='bbox 3314 3063 3487 3117; x_wconf 87' lang='lat' dir='ltr'><strong>adim-</strong></span> 
     </span>
    </p>
   </div>
   <div class='ocr_carea' id='block_1_63' title="bbox 191 3161 1779 3232">
    <p class='ocr_par' dir='ltr' id='par_1_63' title="bbox 191 3161 1779 3232">
     <span class='ocr_line' id='line_1_64' title="bbox 191 3161 1779 3232; baseline -0.001 -14"><span class='ocrx_word' id='word_1_442' title='bbox 191 3162 357 3231; x_wconf 74' lang='lat' dir='ltr'><strong>ipsius</strong></span> <span class='ocrx_word' id='word_1_443' title='bbox 386 3178 584 3218; x_wconf 87' lang='lat' dir='ltr'><strong>nomen</strong></span> <span class='ocrx_word' id='word_1_444' title='bbox 614 3161 908 3232; x_wconf 90' lang='lat' dir='ltr'><strong>laudesque</strong></span> <span class='ocrx_word' id='word_1_445' title='bbox 937 3162 1354 3223; x_wconf 88' lang='lat' dir='ltr'><strong>concelebrant;</strong></span> <span class='ocrx_word' id='word_1_446' title='bbox 1399 3172 1560 3232; x_wconf 90' lang='lat' dir='ltr'><strong>atque</strong></span> <span class='ocrx_word' id='word_1_447' title='bbox 1588 3163 1656 3217; x_wconf 90' lang='lat' dir='ltr'><strong>ad</strong></span> <span class='ocrx_word' id='word_1_448' title='bbox 1684 3177 1779 3218; x_wconf 89' lang='lat' dir='ltr'><strong>ca-</strong></span> 
     </span>
    </p>
   </div>
   <div class='ocr_carea' id='block_1_64' title="bbox 1886 3160 3487 3238">
    <p class='ocr_par' dir='ltr' id='par_1_64' title="bbox 1886 3160 3487 3238">
     <span class='ocr_line' id='line_1_65' title="bbox 1886 3160 3487 3238; baseline -0.007 -17"><span class='ocrx_word' id='word_1_449' title='bbox 1886 3165 2083 3237; x_wconf 90' lang='lat' dir='ltr'><strong>plere),</strong></span> <span class='ocrx_word' id='word_1_450' title='bbox 2112 3176 2171 3221; x_wconf 92' lang='lat' dir='ltr'><strong>ut</strong></span> <span class='ocrx_word' id='word_1_451' title='bbox 2198 3166 2270 3221; x_wconf 91' lang='lat' dir='ltr'><strong>ita</strong></span> <span class='ocrx_word' id='word_1_452' title='bbox 2291 3168 2495 3238; x_wconf 88' lang='lat' dir='ltr'><strong>primos</strong></span> <span class='ocrx_word' id='word_1_453' title='bbox 2519 3165 2903 3221; x_wconf 90' lang='lat' dir='ltr'><strong>matutinarum</strong></span> <span class='ocrx_word' id='word_1_454' title='bbox 2927 3160 3315 3231; x_wconf 79' lang='lat' dir='ltr'><strong>cogitationum</strong></span> <span class='ocrx_word' id='word_1_455' title='bbox 3332 3168 3487 3212; x_wconf 92' lang='lat' dir='ltr'><strong>ortus</strong></span> 
     </span>
    </p>
   </div>
   <div class='ocr_carea' id='block_1_65' title="bbox 1278 3344 2426 3411">
    <p class='ocr_par' dir='ltr' id='par_1_65' title="bbox 1278 3344 2426 3411">
     <span class='ocr_line' id='line_1_66' title="bbox 1278 3344 2426 3411; baseline 0.007 -11"><span class='ocrx_word' id='word_1_456' title='bbox 1278 3345 1538 3403; x_wconf 78' lang='lat' dir='ltr'><strong>ALARDI</strong></span> <span class='ocrx_word' id='word_1_457' title='bbox 1576 3344 1815 3405; x_wconf 69' lang='lat' dir='ltr'><strong>GAZAEI</strong></span> <span class='ocrx_word' id='word_1_458' title='bbox 1852 3348 2426 3411; x_wconf 82' lang='lat' dir='ltr'><strong>COMMENTARIUS.</strong></span> 
     </span>
    </p>
   </div>
   <div class='ocr_carea' id='block_1_66' title="bbox 192 3483 1776 3557">
    <p class='ocr_par' dir='ltr' id='par_1_66' title="bbox 192 3483 1776 3557">
     <span class='ocr_line' id='line_1_67' title="bbox 192 3483 1776 3557; baseline -0.002 -14"><span class='ocrx_word' id='word_1_459' title='bbox 192 3502 314 3556; x_wconf 87' lang='lat' dir='ltr'><strong>cap.</strong></span> <span class='ocrx_word' id='word_1_460' title='bbox 345 3484 435 3552; x_wconf 76' lang='lat'><strong>36,</strong></span> <span class='ocrx_word' id='word_1_461' title='bbox 462 3486 608 3539; x_wconf 87' lang='lat' dir='ltr'><strong>hunc</strong></span> <span class='ocrx_word' id='word_1_462' title='bbox 629 3483 872 3540; x_wconf 89' lang='lat' dir='ltr'><strong>Cassiani</strong></span> <span class='ocrx_word' id='word_1_463' title='bbox 902 3484 1080 3539; x_wconf 91' lang='lat' dir='ltr'><strong>locum</strong></span> <span class='ocrx_word' id='word_1_464' title='bbox 1113 3483 1776 3557; x_wconf 85' lang='lat' dir='ltr'><strong>imitatus:Lege,inquit,</strong></span> 
     </span>
    </p>
   </div>
   <div class='ocr_carea' id='block_1_67' title="bbox 194 3556 1782 3627">
    <p class='ocr_par' dir='ltr' id='par_1_67' title="bbox 194 3556 1782 3627">
     <span class='ocr_line' id='line_1_68' title="bbox 194 3556 1782 3627; baseline -0.001 -14"><span class='ocrx_word' id='word_1_465' title='bbox 194 3558 427 3613; x_wconf 83' lang='lat' dir='ltr'><strong>Mosaica</strong></span> <span class='ocrx_word' id='word_1_466' title='bbox 450 3559 686 3611; x_wconf 82' lang='lat' dir='ltr'><strong>universo</strong></span> <span class='ocrx_word' id='word_1_467' title='bbox 715 3557 905 3627; x_wconf 86' lang='lat' dir='ltr'><strong>populo</strong></span> <span class='ocrx_word' id='word_1_468' title='bbox 927 3556 1233 3627; x_wconf 71' lang='lat' dir='ltr'><strong>generaliter</strong></span> <span class='ocrx_word' id='word_1_469' title='bbox 1253 3563 1327 3609; x_wconf 80' lang='lat' dir='ltr'><strong>est</strong></span> <span class='ocrx_word' id='word_1_470' title='bbox 1358 3556 1667 3627; x_wconf 71' lang='lat' dir='ltr'><strong>praeceptum</strong></span> <span class='ocrx_word' id='word_1_471' title='bbox 1692 3558 1782 3611; x_wconf 85' lang='lat' dir='ltr'><strong>de-</strong></span> 
     </span>
    </p>
   </div>
   <div class='ocr_carea' id='block_1_68' title="bbox 193 3625 1781 3699">
    <p class='ocr_par' dir='ltr' id='par_1_68' title="bbox 193 3625 1781 3699">
     <span class='ocr_line' id='line_1_69' title="bbox 193 3625 1781 3699; baseline -0.002 -16"><span class='ocrx_word' id='word_1_472' title='bbox 193 3632 352 3684; x_wconf 76' lang='lat' dir='ltr'><strong>cimas</strong></span> <span class='ocrx_word' id='word_1_473' title='bbox 374 3641 420 3682; x_wconf 87' lang='lat' dir='ltr'><strong>et</strong></span> <span class='ocrx_word' id='word_1_474' title='bbox 449 3625 957 3699; x_wconf 20' lang='lat' dir='ltr'><strong>primitias‘DOmino</strong></span> <span class='ocrx_word' id='word_1_475' title='bbox 989 3626 1095 3681; x_wconf 86' lang='lat' dir='ltr'><strong>Deo</strong></span> <span class='ocrx_word' id='word_1_476' title='bbox 1122 3625 1327 3692; x_wconf 76' lang='lat' dir='ltr'><strong>offerre.</strong></span> <span class='ocrx_word' id='word_1_477' title='bbox 1360 3626 1555 3699; x_wconf 84' lang='lat' dir='ltr'><strong>Itaque</strong></span> <span class='ocrx_word' id='word_1_478' title='bbox 1578 3629 1699 3680; x_wconf 90' lang='lat' dir='ltr'><strong>dum</strong></span> <span class='ocrx_word' id='word_1_479' title='bbox 1727 3629 1781 3681; x_wconf 86' lang='lat' dir='ltr'><strong>in</strong></span> 
     </span>
    </p>
   </div>
   <div class='ocr_carea' id='block_1_69' title="bbox 192 3697 1784 3767">
    <p class='ocr_par' dir='ltr' id='par_1_69' title="bbox 192 3697 1784 3767">
     <span class='ocr_line' id='line_1_70' title="bbox 192 3697 1784 3767; baseline -0.003 -12"><span class='ocrx_word' id='word_1_480' title='bbox 192 3704 289 3755; x_wconf 84' lang='lat' dir='ltr'><strong>hac</strong></span> <span class='ocrx_word' id='word_1_481' title='bbox 316 3697 564 3754; x_wconf 77' lang='lat' dir='ltr'><strong>sententia</strong></span> <span class='ocrx_word' id='word_1_482' title='bbox 590 3699 845 3767; x_wconf 86' lang='lat' dir='ltr'><strong>principia</strong></span> <span class='ocrx_word' id='word_1_483' title='bbox 874 3697 1199 3751; x_wconf 84' lang='lat' dir='ltr'><strong>voluntatum</strong></span> <span class='ocrx_word' id='word_1_484' title='bbox 1217 3698 1784 3765; x_wconf 82' lang='lat' dir='ltr'><strong>consummationesque</strong></span> 
     </span>
    </p>
   </div>
   <div class='ocr_carea' id='block_1_70' title="bbox 193 3767 1781 3843">
    <p class='ocr_par' dir='ltr' id='par_1_70' title="bbox 193 3767 1781 3843">
     <span class='ocr_line' id='line_1_71' title="bbox 193 3767 1781 3843; baseline -0.005 -17"><span class='ocrx_word' id='word_1_485' title='bbox 193 3788 405 3843; x_wconf 85' lang='lat' dir='ltr'><strong>operum</strong></span> <span class='ocrx_word' id='word_1_486' title='bbox 430 3782 725 3826; x_wconf 88' lang='lat' dir='ltr'><strong>nostrorum</strong></span> <span class='ocrx_word' id='word_1_487' title='bbox 747 3771 937 3843; x_wconf 71' lang='lat' dir='ltr'><strong>referre</strong></span> <span class='ocrx_word' id='word_1_488' title='bbox 964 3769 1031 3843; x_wconf 80' lang='lat' dir='ltr'><strong>ad</strong></span> <span class='ocrx_word' id='word_1_489' title='bbox 1054 3768 1148 3821; x_wconf 85' lang='lat' dir='ltr'><strong>Dei</strong></span> <span class='ocrx_word' id='word_1_490' title='bbox 1177 3768 1391 3843; x_wconf 79' lang='lat' dir='ltr'><strong>gratiam</strong></span> <span class='ocrx_word' id='word_1_491' title='bbox 1422 3767 1781 3843; x_wconf 68' lang='lat' dir='ltr'><strong>admonemur,</strong></span> 
     </span>
    </p>
   </div>
   <div class='ocr_carea' id='block_1_71' title="bbox 194 3837 1782 3915">
    <p class='ocr_par' dir='ltr' id='par_1_71' title="bbox 194 3837 1782 3915">
     <span class='ocr_line' id='line_1_72' title="bbox 194 3837 1782 3915; baseline -0.004 -19"><span class='ocrx_word' id='word_1_492' title='bbox 194 3837 246 3897; x_wconf 75' lang='lat' dir='ltr'><strong>in</strong></span> <span class='ocrx_word' id='word_1_493' title='bbox 280 3844 643 3915; x_wconf 76' lang='lat' dir='ltr'><strong>supputatione</strong></span> <span class='ocrx_word' id='word_1_494' title='bbox 667 3851 835 3895; x_wconf 89' lang='lat' dir='ltr'><strong>tamen</strong></span> <span class='ocrx_word' id='word_1_495' title='bbox 857 3838 1299 3915; x_wconf 47' lang='grc' dir='ltr'><strong>Δριιιιιίζαςμεδὶηιαξ</strong></span> <span class='ocrx_word' id='word_1_496' title='bbox 1315 3854 1546 3915; x_wconf 82' lang='lat' dir='ltr'><strong>_summa_</strong></span> <span class='ocrx_word' id='word_1_497' title='bbox 1562 3838 1661 3891; x_wconf 87' lang='lat' dir='ltr'><strong>ista</strong></span> <span class='ocrx_word' id='word_1_498' title='bbox 1688 3837 1782 3890; x_wconf 85' lang='lat' dir='ltr'><strong>de-</strong></span> 
     </span>
    </p>
   </div>
   <div class='ocr_carea' id='block_1_72' title="bbox 194 3908 1786 3984">
    <p class='ocr_par' dir='ltr' id='par_1_72' title="bbox 194 3908 1786 3984">
     <span class='ocr_line' id='line_1_73' title="bbox 194 3908 1786 3984; baseline -0.004 -15"><span class='ocrx_word' id='word_1_499' title='bbox 194 3908 448 3969; x_wconf 78' lang='lat' dir='ltr'><strong>cimarum</strong></span> <span class='ocrx_word' id='word_1_500' title='bbox 476 3910 719 3984; x_wconf 76' lang='lat' dir='ltr'><strong>legalium</strong></span> <span class='ocrx_word' id='word_1_501' title='bbox 747 3911 998 3984; x_wconf 76' lang='lat' dir='ltr'><strong>expletur.</strong></span> <span class='ocrx_word' id='word_1_502' title='bbox 1028 3908 1217 3984; x_wconf 54' lang='lat' dir='ltr'><strong>Totum</strong></span> <span class='ocrx_word' id='word_1_503' title='bbox 1243 3909 1378 3984; x_wconf 83' lang='lat' dir='ltr'><strong>enim</strong></span> <span class='ocrx_word' id='word_1_504' title='bbox 1424 3908 1546 3984; x_wconf 83' lang='lat' dir='ltr'><strong>anni</strong></span> <span class='ocrx_word' id='word_1_505' title='bbox 1588 3917 1786 3984; x_wconf 73' lang='lat' dir='ltr'><strong>tempus</strong></span> 
     </span>
    </p>
   </div>
   <div class='ocr_carea' id='block_1_73' title="bbox 195 3979 1788 4043">
    <p class='ocr_par' dir='ltr' id='par_1_73' title="bbox 195 3979 1788 4043">
     <span class='ocr_line' id='line_1_74' title="bbox 195 3979 1788 4043; baseline -0.004 -5"><span class='ocrx_word' id='word_1_506' title='bbox 195 4002 409 4039; x_wconf 84' lang='lat' dir='ltr'><strong>numero</strong></span> <span class='ocrx_word' id='word_1_507' title='bbox 429 3985 497 4039; x_wconf 77' lang='grc'><strong>56</strong></span> <span class='ocrx_word' id='word_1_508' title='bbox 520 3979 721 4037; x_wconf 85' lang='lat' dir='ltr'><strong>dierum</strong></span> <span class='ocrx_word' id='word_1_509' title='bbox 743 3983 1050 4036; x_wconf 89' lang='lat' dir='ltr'><strong>decimatur.</strong></span> <span class='ocrx_word' id='word_1_510' title='bbox 1085 3979 1379 4035; x_wconf 86' lang='lat' dir='ltr'><strong>Subtractis</strong></span> <span class='ocrx_word' id='word_1_511' title='bbox 1419 3981 1555 4033; x_wconf 85' lang='lat' dir='ltr'><strong>enim</strong></span> <span class='ocrx_word' id='word_1_512' title='bbox 1582 3997 1613 4031; x_wconf 77' lang='grc' dir='ltr'><strong><em>(ι</em></strong></span> <span class='ocrx_word' id='word_1_513' title='bbox 1647 3979 1788 4043; x_wconf 83' lang='lat' dir='ltr'><strong>Qua-</strong></span> 
     </span>
    </p>
   </div>
   <div class='ocr_carea' id='block_1_74' title="bbox 195 4050 1787 4124">
    <p class='ocr_par' dir='ltr' id='par_1_74' title="bbox 195 4050 1787 4124">
     <span class='ocr_line' id='line_1_75' title="bbox 195 4050 1787 4124; baseline -0.003 -16"><span class='ocrx_word' id='word_1_514' title='bbox 195 4058 491 4124; x_wconf 82' lang='lat' dir='ltr'><strong>dragesima</strong></span> <span class='ocrx_word' id='word_1_515' title='bbox 528 4056 703 4108; x_wconf 85' lang='lat' dir='ltr'><strong>diebus</strong></span> <span class='ocrx_word' id='word_1_516' title='bbox 733 4054 1036 4118; x_wconf 76' lang='lat' dir='ltr'><strong>dominicis,</strong></span> <span class='ocrx_word' id='word_1_517' title='bbox 1065 4051 1266 4124; x_wconf 76' lang='lat' dir='ltr'><strong>quibus</strong></span> <span class='ocrx_word' id='word_1_518' title='bbox 1271 4052 1481 4124; x_wconf 79' lang='lat' dir='ltr'><strong>jejunia</strong></span> <span class='ocrx_word' id='word_1_519' title='bbox 1522 4050 1787 4124; x_wconf 63' lang='lat' dir='ltr'><strong>resolvuno</strong></span> 
     </span>
    </p>
   </div>
   <div class='ocr_carea' id='block_1_75' title="bbox 195 4122 1790 4195">
    <p class='ocr_par' dir='ltr' id='par_1_75' title="bbox 195 4122 1790 4195">
     <span class='ocr_line' id='line_1_76' title="bbox 195 4122 1790 4195; baseline -0.003 -16"><span class='ocrx_word' id='word_1_520' title='bbox 195 4122 315 4192; x_wconf 61' lang='lat' dir='ltr'><strong>tur,</strong></span> <span class='ocrx_word' id='word_1_521' title='bbox 334 4126 413 4181; x_wconf 75' lang='lat' dir='ltr'><strong>his</strong></span> <span class='ocrx_word' id='word_1_522' title='bbox 444 4127 639 4189; x_wconf 82' lang='lat' dir='ltr'><strong>diebus,</strong></span> <span class='ocrx_word' id='word_1_523' title='bbox 667 4128 817 4195; x_wconf 81' lang='lat' dir='ltr'><strong>quasi</strong></span> <span class='ocrx_word' id='word_1_524' title='bbox 849 4141 941 4195; x_wconf 87' lang='lat' dir='ltr'><strong>pro</strong></span> <span class='ocrx_word' id='word_1_525' title='bbox 966 4124 1120 4178; x_wconf 84' lang='lat' dir='ltr'><strong>totius</strong></span> <span class='ocrx_word' id='word_1_526' title='bbox 1144 4123 1267 4176; x_wconf 86' lang='lat' dir='ltr'><strong>anni</strong></span> <span class='ocrx_word' id='word_1_527' title='bbox 1294 4122 1506 4175; x_wconf 76' lang='lat' dir='ltr'><strong>decimis</strong></span> <span class='ocrx_word' id='word_1_528' title='bbox 1534 4124 1600 4175; x_wconf 87' lang='lat' dir='ltr'><strong>ad</strong></span> <span class='ocrx_word' id='word_1_529' title='bbox 1629 4123 1790 4177; x_wconf 85' lang='lat' dir='ltr'><strong>eccle-</strong></span> 
     </span>
    </p>
   </div>
   <div class='ocr_carea' id='block_1_76' title="bbox 195 4194 1790 4265">
    <p class='ocr_par' dir='ltr' id='par_1_76' title="bbox 195 4194 1790 4265">
     <span class='ocr_line' id='line_1_77' title="bbox 195 4194 1790 4265; baseline -0.003 -15"><span class='ocrx_word' id='word_1_530' title='bbox 195 4198 329 4250; x_wconf 86' lang='lat' dir='ltr'><strong>siam</strong></span> <span class='ocrx_word' id='word_1_531' title='bbox 356 4194 709 4251; x_wconf 79' lang='lat' dir='ltr'><strong>concurrimus</strong></span> <span class='ocrx_word' id='word_1_532' title='bbox 727 4237 741 4258; x_wconf 88' lang='lat'><strong>,</strong></span> <span class='ocrx_word' id='word_1_533' title='bbox 775 4194 1086 4265; x_wconf 83' lang='lat' dir='ltr'><strong>actuumque</strong></span> <span class='ocrx_word' id='word_1_534' title='bbox 1114 4203 1410 4248; x_wconf 84' lang='lat' dir='ltr'><strong>nostrorum</strong></span> <span class='ocrx_word' id='word_1_535' title='bbox 1438 4194 1790 4265; x_wconf 82' lang='lat' dir='ltr'><strong>operationem</strong></span> 
     </span>
    </p>
   </div>
   <div class='ocr_carea' id='block_1_77' title="bbox 196 4266 1295 4340">
    <p class='ocr_par' dir='ltr' id='par_1_77' title="bbox 196 4266 1295 4340">
     <span class='ocr_line' id='line_1_78' title="bbox 196 4266 1295 4340; baseline -0.004 -20"><span class='ocrx_word' id='word_1_536' title='bbox 196 4268 311 4320; x_wconf 88' lang='lat' dir='ltr'><strong>Deo</strong></span> <span class='ocrx_word' id='word_1_537' title='bbox 334 4269 385 4321; x_wconf 88' lang='lat' dir='ltr'><strong>in</strong></span> <span class='ocrx_word' id='word_1_538' title='bbox 410 4269 631 4340; x_wconf 80' lang='lat' dir='ltr'><strong>hostium</strong></span> <span class='ocrx_word' id='word_1_539' title='bbox 656 4266 984 4340; x_wconf 79' lang='lat' dir='ltr'><strong>jubilationis</strong></span> <span class='ocrx_word' id='word_1_540' title='bbox 1009 4267 1295 4332; x_wconf 78' lang='lat' dir='ltr'><strong>offerimus.</strong></span> 
     </span>
    </p>
   </div>
   <div class='ocr_carea' id='block_1_78' title="bbox 276 4337 1791 4404">
    <p class='ocr_par' dir='ltr' id='par_1_78' title="bbox 276 4337 1791 4404">
     <span class='ocr_line' id='line_1_79' title="bbox 276 4337 1791 4404; baseline -0.004 -11"><span class='ocrx_word' id='word_1_541' title='bbox 276 4348 299 4374; x_wconf 77' lang='grc'>⁸</span> <span class='ocrx_word' id='word_1_542' title='bbox 334 4340 520 4404; x_wconf 72' lang='lat' dir='ltr'><strong>Seruis,</strong></span> <span class='ocrx_word' id='word_1_543' title='bbox 558 4339 608 4393; x_wconf 91' lang='lat' dir='ltr'><strong>id</strong></span> <span class='ocrx_word' id='word_1_544' title='bbox 640 4337 742 4401; x_wconf 84' lang='lat' dir='ltr'><strong>est,</strong></span> <span class='ocrx_word' id='word_1_545' title='bbox 767 4353 888 4393; x_wconf 92' lang='lat' dir='ltr'><strong>cum</strong></span> <span class='ocrx_word' id='word_1_546' title='bbox 910 4337 1135 4391; x_wconf 89' lang='lat' dir='ltr'><strong>dimidio</strong></span> <span class='ocrx_word' id='word_1_547' title='bbox 1166 4354 1177 4388; x_wconf 90' lang='lat'>:</span> <span class='ocrx_word' id='word_1_548' title='bbox 1216 4352 1322 4390; x_wconf 92' lang='lat' dir='ltr'><strong>non</strong></span> <span class='ocrx_word' id='word_1_549' title='bbox 1369 4337 1524 4401; x_wconf 84' lang='lat' dir='ltr'><strong>senis,</strong></span> <span class='ocrx_word' id='word_1_550' title='bbox 1560 4345 1616 4390; x_wconf 94' lang='lat' dir='ltr'><strong>ut</strong></span> <span class='ocrx_word' id='word_1_551' title='bbox 1640 4349 1791 4390; x_wconf 89' lang='lat' dir='ltr'><strong>men-</strong></span> 
     </span>
    </p>
   </div>
   <div class='ocr_carea' id='block_1_79' title="bbox 198 4408 1791 4480">
    <p class='ocr_par' dir='ltr' id='par_1_79' title="bbox 198 4408 1791 4480">
     <span class='ocr_line' id='line_1_80' title="bbox 198 4408 1791 4480; baseline -0.003 -17"><span class='ocrx_word' id='word_1_552' title='bbox 198 4410 335 4464; x_wconf 81' lang='lat' dir='ltr'><strong>dose</strong></span> <span class='ocrx_word' id='word_1_553' title='bbox 361 4411 505 4479; x_wconf 92' lang='lat' dir='ltr'><strong>apud</strong></span> <span class='ocrx_word' id='word_1_554' title='bbox 539 4410 869 4480; x_wconf 83' lang='lat' dir='ltr'><strong>Dionysium.</strong></span> <span class='ocrx_word' id='word_1_555' title='bbox 899 4408 1033 4462; x_wconf 89' lang='lat' dir='ltr'><strong>Nam</strong></span> <span class='ocrx_word' id='word_1_556' title='bbox 1077 4408 1284 4461; x_wconf 90' lang='lat' dir='ltr'><strong>decima</strong></span> <span class='ocrx_word' id='word_1_557' title='bbox 1312 4423 1437 4477; x_wconf 87' lang='lat' dir='ltr'><strong>pars</strong></span> <span class='ocrx_word' id='word_1_558' title='bbox 1465 4408 1671 4460; x_wconf 89' lang='lat' dir='ltr'><strong>dierum</strong></span> <span class='ocrx_word' id='word_1_559' title='bbox 1705 4416 1791 4459; x_wconf 91' lang='lat' dir='ltr'><strong>to-</strong></span> 
     </span>
    </p>
   </div>
   <div class='ocr_carea' id='block_1_80' title="bbox 198 4480 1793 4545">
    <p class='ocr_par' dir='ltr' id='par_1_80' title="bbox 198 4480 1793 4545">
     <span class='ocr_line' id='line_1_81' title="bbox 198 4480 1793 4545; baseline -0.003 -11"><span class='ocrx_word' id='word_1_560' title='bbox 198 4481 311 4534; x_wconf 88' lang='lat' dir='ltr'><strong>tius</strong></span> <span class='ocrx_word' id='word_1_561' title='bbox 340 4483 467 4534; x_wconf 88' lang='lat' dir='ltr'><strong>anni</strong></span> <span class='ocrx_word' id='word_1_562' title='bbox 504 4482 803 4533; x_wconf 84' lang='lat' dir='ltr'><strong>secundum</strong></span> <span class='ocrx_word' id='word_1_563' title='bbox 847 4480 1175 4533; x_wconf 80' lang='lat' dir='ltr'><strong>exactiorem</strong></span> <span class='ocrx_word' id='word_1_564' title='bbox 1206 4481 1643 4545; x_wconf 85' lang='lat' dir='ltr'><strong>supputationem</strong></span> <span class='ocrx_word' id='word_1_565' title='bbox 1674 4491 1793 4530; x_wconf 91' lang='lat' dir='ltr'><strong>om-</strong></span> 
     </span>
    </p>
   </div>
   <div class='ocr_carea' id='block_1_81' title="bbox 202 4549 1792 4621">
    <p class='ocr_par' dir='ltr' id='par_1_81' title="bbox 202 4549 1792 4621">
     <span class='ocr_line' id='line_1_82' title="bbox 202 4549 1792 4621; baseline -0.004 -16"><span class='ocrx_word' id='word_1_566' title='bbox 202 4552 335 4605; x_wconf 87' lang='lat' dir='ltr'><strong>nino</strong></span> <span class='ocrx_word' id='word_1_567' title='bbox 360 4550 585 4621; x_wconf 85' lang='lat' dir='ltr'><strong>requirit</strong></span> <span class='ocrx_word' id='word_1_568' title='bbox 616 4559 670 4605; x_wconf 87' lang='lat' dir='ltr'><strong>et</strong></span> <span class='ocrx_word' id='word_1_569' title='bbox 696 4551 1077 4618; x_wconf 89' lang='lat' dir='ltr'><strong>complectitur</strong></span> <span class='ocrx_word' id='word_1_570' title='bbox 1122 4549 1239 4621; x_wconf 81' lang='lat' dir='ltr'><strong>dies</strong></span> <span class='ocrx_word' id='word_1_571' title='bbox 1286 4550 1505 4621; x_wconf 72' lang='lat' dir='ltr'><strong>triginta</strong></span> <span class='ocrx_word' id='word_1_572' title='bbox 1549 4563 1643 4621; x_wconf 72' lang='lat' dir='ltr'><strong>sex</strong></span> <span class='ocrx_word' id='word_1_573' title='bbox 1670 4560 1792 4621; x_wconf 85' lang='lat' dir='ltr'><strong>cum</strong></span> 
     </span>
    </p>
   </div>
   <div class='ocr_carea' id='block_1_82' title="bbox 199 4617 1795 4693">
    <p class='ocr_par' dir='ltr' id='par_1_82' title="bbox 199 4617 1795 4693">
     <span class='ocr_line' id='line_1_83' title="bbox 199 4617 1795 4693; baseline -0.003 -18"><span class='ocrx_word' id='word_1_574' title='bbox 199 4617 719 4693; x_wconf 43' lang='lat' dir='ltr'><strong>dimidio&#39;(Durand.</strong></span> <span class='ocrx_word' id='word_1_575' title='bbox 748 4624 782 4675; x_wconf 87' lang='grc' dir='ltr'><em>ι.</em></span> <span class='ocrx_word' id='word_1_576' title='bbox 817 4617 871 4674; x_wconf 84' lang='lat' dir='ltr'><strong>vt</strong></span> <span class='ocrx_word' id='word_1_577' title='bbox 894 4618 1160 4693; x_wconf 55' lang='lat' dir='ltr'><strong>ﬂatiortal.</strong></span> <span class='ocrx_word' id='word_1_578' title='bbox 1189 4619 1429 4693; x_wconf 49' lang='lat' dir='ltr'><strong>capis;</strong></span> <span class='ocrx_word' id='word_1_579' title='bbox 1460 4617 1795 4693; x_wconf 26' lang='lat' dir='ltr'><strong>_Gratiau.‘de</strong></span> 
     </span>
    </p>
   </div>
   <div class='ocr_carea' id='block_1_83' title="bbox 200 4688 1790 4762">
    <p class='ocr_par' dir='ltr' id='par_1_83' title="bbox 200 4688 1790 4762">
     <span class='ocr_line' id='line_1_84' title="bbox 200 4688 1790 4762; baseline -0.004 -17"><span class='ocrx_word' id='word_1_580' title='bbox 200 4688 480 4747; x_wconf 47' lang='lat' dir='ltr'><strong>Consecra&#39;.</strong></span> <span class='ocrx_word' id='word_1_581' title='bbox 515 4695 635 4747; x_wconf 82' lang='lat' dir='ltr'><strong>dist.</strong></span> <span class='ocrx_word' id='word_1_582' title='bbox 667 4695 701 4747; x_wconf 76' lang='grc'>5</span> <span class='ocrx_word' id='word_1_583' title='bbox 728 4710 842 4762; x_wconf 88' lang='lat' dir='ltr'><strong>cap.</strong></span> <span class='ocrx_word' id='word_1_584' title='bbox 889 4690 1134 4762; x_wconf 78' lang='lat' dir='ltr'><strong>sabbati;</strong></span> <span class='ocrx_word' id='word_1_585' title='bbox 1164 4690 1421 4762; x_wconf 67' lang='lat' dir='ltr'><strong>Alcuinus</strong></span> <span class='ocrx_word' id='word_1_586' title='bbox 1452 4690 1487 4742; x_wconf 81' lang='grc' dir='ltr'><strong>Ι.</strong></span> <span class='ocrx_word' id='word_1_587' title='bbox 1522 4690 1585 4762; x_wconf 86' lang='lat' dir='ltr'><strong>de</strong></span> <span class='ocrx_word' id='word_1_588' title='bbox 1616 4688 1790 4762; x_wconf 70' lang='lat' dir='ltr'><strong>_Divin.</strong></span> 
     </span>
    </p>
   </div>
   <div class='ocr_carea' id='block_1_84' title="bbox 202 4758 1793 4835">
    <p class='ocr_par' dir='ltr' id='par_1_84' title="bbox 202 4758 1793 4835">
     <span class='ocr_line' id='line_1_85' title="bbox 202 4758 1793 4835; baseline -0.004 -16"><span class='ocrx_word' id='word_1_589' title='bbox 202 4763 389 4835; x_wconf 74' lang='lat' dir='ltr'><strong>0/}5c.;</strong></span> <span class='ocrx_word' id='word_1_590' title='bbox 418 4766 648 4835; x_wconf 79' lang='lat' dir='ltr'><strong>Amalar.</strong></span> <span class='ocrx_word' id='word_1_591' title='bbox 677 4781 724 4818; x_wconf 89' lang='lat' dir='ltr'><strong>c.</strong></span> <span class='ocrx_word' id='word_1_592' title='bbox 757 4758 854 4827; x_wconf 59' lang='lat' dir='ltr'><strong>Q6;</strong></span> <span class='ocrx_word' id='word_1_593' title='bbox 902 4761 1105 4835; x_wconf 75' lang='lat' dir='ltr'><strong>Raban.</strong></span> <span class='ocrx_word' id='word_1_594' title='bbox 1152 4762 1261 4835; x_wconf 33' lang='lat' dir='ltr'><strong>[LII</strong></span> <span class='ocrx_word' id='word_1_595' title='bbox 1290 4762 1351 4835; x_wconf 78' lang='lat' dir='ltr'><strong>de</strong></span> <span class='ocrx_word' id='word_1_596' title='bbox 1398 4759 1572 4813; x_wconf 81' lang='lat' dir='ltr'><strong>lnstit.</strong></span> <span class='ocrx_word' id='word_1_597' title='bbox 1607 4758 1793 4835; x_wconf 73' lang='lat' dir='ltr'><strong>Cleric.</strong></span> 
     </span>
    </p>
   </div>
   <div class='ocr_carea' id='block_1_85' title="bbox 200 4830 1797 4904">
    <p class='ocr_par' dir='ltr' id='par_1_85' title="bbox 200 4830 1797 4904">
     <span class='ocr_line' id='line_1_86' title="bbox 200 4830 1797 4904; baseline -0.003 -14"><span class='ocrx_word' id='word_1_598' title='bbox 200 4830 320 4904; x_wconf 70' lang='lat' dir='ltr'><strong>cap.</strong></span> <span class='ocrx_word' id='word_1_599' title='bbox 350 4837 447 4901; x_wconf 76' lang='lat'><strong>58;</strong></span> <span class='ocrx_word' id='word_1_600' title='bbox 478 4834 721 4891; x_wconf 88' lang='lat' dir='ltr'><strong>Durand.</strong></span> <span class='ocrx_word' id='word_1_601' title='bbox 755 4850 914 4901; x_wconf 85' lang='lat' dir='ltr'><strong>supra</strong></span> <span class='ocrx_word' id='word_1_602' title='bbox 946 4850 991 4887; x_wconf 78' lang='grc' dir='ltr'><strong>ο.</strong></span> <span class='ocrx_word' id='word_1_603' title='bbox 1024 4832 1223 4904; x_wconf 77' lang='grc' dir='ltr'><strong>78).ὃί</strong></span> <span class='ocrx_word' id='word_1_604' title='bbox 1253 4833 1396 4886; x_wconf 89' lang='lat' dir='ltr'><strong>enim</strong></span> <span class='ocrx_word' id='word_1_605' title='bbox 1428 4830 1797 4904; x_wconf 65' lang='lat' dir='ltr'><strong>tantummodo</strong></span> 
     </span>
    </p>
   </div>
   <div class='ocr_carea' id='block_1_86' title="bbox 200 4901 1797 4975">
    <p class='ocr_par' dir='ltr' id='par_1_86' title="bbox 200 4901 1797 4975">
     <span class='ocr_line' id='line_1_87' title="bbox 200 4901 1797 4975; baseline -0.003 -14"><span class='ocrx_word' id='word_1_606' title='bbox 200 4901 422 4975; x_wconf 86' lang='lat' dir='ltr'><strong>triginta</strong></span> <span class='ocrx_word' id='word_1_607' title='bbox 454 4922 552 4961; x_wconf 83' lang='lat' dir='ltr'><strong>sex</strong></span> <span class='ocrx_word' id='word_1_608' title='bbox 582 4907 768 4961; x_wconf 91' lang='lat' dir='ltr'><strong>decies</strong></span> <span class='ocrx_word' id='word_1_609' title='bbox 797 4907 849 4959; x_wconf 93' lang='lat' dir='ltr'><strong>in</strong></span> <span class='ocrx_word' id='word_1_610' title='bbox 876 4920 933 4959; x_wconf 88' lang='lat' dir='ltr'><strong>se</strong></span> <span class='ocrx_word' id='word_1_611' title='bbox 958 4901 1483 4972; x_wconf 86' lang='lat' dir='ltr'><strong>multiplicentur,ut</strong></span> <span class='ocrx_word' id='word_1_612' title='bbox 1504 4901 1797 4975; x_wconf 79' lang='lat' dir='ltr'><strong>Gregorius</strong></span> 
     </span>
    </p>
   </div>
   <div class='ocr_carea' id='block_1_87' title="bbox 201 4971 1800 5044">
    <p class='ocr_par' dir='ltr' id='par_1_87' title="bbox 201 4971 1800 5044">
     <span class='ocr_line' id='line_1_88' title="bbox 201 4971 1800 5044; baseline -0.005 -10"><span class='ocrx_word' id='word_1_613' title='bbox 201 4986 263 5034; x_wconf 90' lang='lat' dir='ltr'><strong>et</strong></span> <span class='ocrx_word' id='word_1_614' title='bbox 283 4971 536 5031; x_wconf 73' lang='lat' dir='ltr'><strong>lsidorus</strong></span> <span class='ocrx_word' id='word_1_615' title='bbox 566 4979 742 5032; x_wconf 91' lang='lat' dir='ltr'><strong>minus</strong></span> <span class='ocrx_word' id='word_1_616' title='bbox 763 4984 951 5029; x_wconf 78' lang='lat' dir='ltr'><strong>exacte</strong></span> <span class='ocrx_word' id='word_1_617' title='bbox 987 4971 1281 5044; x_wconf 83' lang='lat' dir='ltr'><strong>supputant</strong></span> <span class='ocrx_word' id='word_1_618' title='bbox 1308 5014 1322 5037; x_wconf 89' lang='lat'><strong>,</strong></span> <span class='ocrx_word' id='word_1_619' title='bbox 1368 4988 1474 5026; x_wconf 92' lang='lat' dir='ltr'><strong>non</strong></span> <span class='ocrx_word' id='word_1_620' title='bbox 1537 4971 1800 5026; x_wconf 87' lang='lat' dir='ltr'><strong>resultant</strong></span> 
     </span>
    </p>
   </div>
   <div class='ocr_carea' id='block_1_88' title="bbox 204 5044 1798 5115">
    <p class='ocr_par' dir='ltr' id='par_1_88' title="bbox 204 5044 1798 5115">
     <span class='ocr_line' id='line_1_89' title="bbox 204 5044 1798 5115; baseline -0.004 -12"><span class='ocrx_word' id='word_1_621' title='bbox 204 5049 312 5103; x_wconf 88' lang='lat' dir='ltr'><strong>nisi</strong></span> <span class='ocrx_word' id='word_1_622' title='bbox 350 5049 571 5103; x_wconf 86' lang='lat' dir='ltr'><strong>trecenti</strong></span> <span class='ocrx_word' id='word_1_623' title='bbox 594 5049 874 5115; x_wconf 81' lang='lat' dir='ltr'><strong>sexaginta</strong></span> <span class='ocrx_word' id='word_1_624' title='bbox 904 5045 1053 5098; x_wconf 88' lang='lat' dir='ltr'><strong>dics:</strong></span> <span class='ocrx_word' id='word_1_625' title='bbox 1082 5047 1220 5098; x_wconf 87' lang='lat' dir='ltr'><strong>unde</strong></span> <span class='ocrx_word' id='word_1_626' title='bbox 1248 5054 1534 5113; x_wconf 83' lang='lat' dir='ltr'><strong>supersunt</strong></span> <span class='ocrx_word' id='word_1_627' title='bbox 1560 5044 1798 5112; x_wconf 88' lang='lat' dir='ltr'><strong>quinque</strong></span> 
     </span>
    </p>
   </div>
   <div class='ocr_carea' id='block_1_89' title="bbox 202 5114 1793 5188">
    <p class='ocr_par' dir='ltr' id='par_1_89' title="bbox 202 5114 1793 5188">
     <span class='ocr_line' id='line_1_90' title="bbox 202 5114 1793 5188; baseline -0.004 -14"><span class='ocrx_word' id='word_1_628' title='bbox 202 5120 345 5181; x_wconf 86' lang='lat' dir='ltr'><strong>dies.</strong></span> <span class='ocrx_word' id='word_1_629' title='bbox 372 5121 463 5188; x_wconf 89' lang='lat' dir='ltr'><strong>qui</strong></span> <span class='ocrx_word' id='word_1_630' title='bbox 495 5119 678 5173; x_wconf 91' lang='lat' dir='ltr'><strong>decem</strong></span> <span class='ocrx_word' id='word_1_631' title='bbox 722 5114 1016 5171; x_wconf 85' lang='lat' dir='ltr'><strong>dimidiatis</strong></span> <span class='ocrx_word' id='word_1_632' title='bbox 1062 5126 1363 5188; x_wconf 79' lang='lat' dir='ltr'><strong>aequantur.</strong></span> <span class='ocrx_word' id='word_1_633' title='bbox 1401 5114 1533 5169; x_wconf 82' lang='lat' dir='ltr'><strong>Vide</strong></span> <span class='ocrx_word' id='word_1_634' title='bbox 1557 5114 1793 5183; x_wconf 86' lang='lat' dir='ltr'><strong>glossam</strong></span> 
     </span>
    </p>
   </div>
   <div class='ocr_carea' id='block_1_90' title="bbox 204 5187 1327 5260">
    <p class='ocr_par' dir='ltr' id='par_1_90' title="bbox 204 5187 1327 5260">
     <span class='ocr_line' id='line_1_91' title="bbox 204 5187 1327 5260; baseline -0.006 -14"><span class='ocrx_word' id='word_1_635' title='bbox 204 5187 476 5260; x_wconf 86' lang='lat' dir='ltr'><strong>insignem</strong></span> <span class='ocrx_word' id='word_1_636' title='bbox 505 5190 647 5258; x_wconf 89' lang='lat' dir='ltr'><strong>apud</strong></span> <span class='ocrx_word' id='word_1_637' title='bbox 676 5187 1113 5260; x_wconf 81' lang='lat' dir='ltr'><strong>Gratianumubi</strong></span> <span class='ocrx_word' id='word_1_638' title='bbox 1141 5201 1327 5260; x_wconf 89' lang='lat' dir='ltr'><strong>supra.</strong></span> 
     </span>
    </p>
   </div>
   <div class='ocr_carea' id='block_1_91' title="bbox 282 5256 1792 5329">
    <p class='ocr_par' dir='ltr' id='par_1_91' title="bbox 282 5256 1792 5329">
     <span class='ocr_line' id='line_1_92' title="bbox 282 5256 1792 5329; baseline -0.004 -14"><span class='ocrx_word' id='word_1_639' title='bbox 282 5256 339 5299; x_wconf 66' lang='grc' dir='ltr'>δ’</span> <span class='ocrx_word' id='word_1_640' title='bbox 360 5261 414 5315; x_wconf 89' lang='lat' dir='ltr'><strong>ld</strong></span> <span class='ocrx_word' id='word_1_641' title='bbox 442 5256 560 5328; x_wconf 79' lang='lat' dir='ltr'><strong>est,</strong></span> <span class='ocrx_word' id='word_1_642' title='bbox 598 5276 628 5314; x_wconf 91' lang='lat' dir='ltr'><strong>a</strong></span> <span class='ocrx_word' id='word_1_643' title='bbox 654 5260 832 5329; x_wconf 84' lang='lat' dir='ltr'><strong>vigilia</strong></span> <span class='ocrx_word' id='word_1_644' title='bbox 864 5258 1085 5313; x_wconf 67' lang='lat' dir='ltr'><strong>Paschae</strong></span> <span class='ocrx_word' id='word_1_645' title='bbox 1106 5298 1121 5320; x_wconf 88' lang='lat'><strong>,</strong></span> <span class='ocrx_word' id='word_1_646' title='bbox 1154 5259 1269 5329; x_wconf 86' lang='lat' dir='ltr'><strong>sive</strong></span> <span class='ocrx_word' id='word_1_647' title='bbox 1314 5256 1538 5329; x_wconf 77' lang='lat' dir='ltr'><strong>sabbato</strong></span> <span class='ocrx_word' id='word_1_648' title='bbox 1564 5260 1752 5329; x_wconf 83' lang='lat' dir='ltr'><strong>sancto</strong></span> <span class='ocrx_word' id='word_1_649' title='bbox 1777 5270 1792 5309; x_wconf 89' lang='lat'><strong>:</strong></span> 
     </span>
    </p>
   </div>
   <div class='ocr_carea' id='block_1_92' title="bbox 204 5325 1796 5404">
    <p class='ocr_par' dir='ltr' id='par_1_92' title="bbox 204 5325 1796 5404">
     <span class='ocr_line' id='line_1_93' title="bbox 204 5325 1796 5404; baseline -0.003 -19"><span class='ocrx_word' id='word_1_650' title='bbox 204 5347 315 5404; x_wconf 84' lang='lat' dir='ltr'><strong>quo</strong></span> <span class='ocrx_word' id='word_1_651' title='bbox 346 5334 436 5387; x_wconf 89' lang='lat' dir='ltr'><strong>die</strong></span> <span class='ocrx_word' id='word_1_652' title='bbox 468 5325 573 5385; x_wconf 82' lang='lat' dir='ltr'><strong>non</strong></span> <span class='ocrx_word' id='word_1_653' title='bbox 605 5325 779 5385; x_wconf 73' lang='lat' dir='ltr'><strong>solum</strong></span> <span class='ocrx_word' id='word_1_654' title='bbox 810 5328 1061 5404; x_wconf 76' lang='lat' dir='ltr'><strong>Romani.</strong></span> <span class='ocrx_word' id='word_1_655' title='bbox 1108 5327 1202 5381; x_wconf 91' lang='lat' dir='ltr'><strong>sed</strong></span> <span class='ocrx_word' id='word_1_656' title='bbox 1218 5337 1286 5404; x_wconf 29' lang='lat' dir='ltr'><strong>‘ct</strong></span> <span class='ocrx_word' id='word_1_657' title='bbox 1328 5327 1500 5382; x_wconf 66' lang='lat' dir='ltr'><strong>Graeci</strong></span> <span class='ocrx_word' id='word_1_658' title='bbox 1528 5337 1580 5380; x_wconf 92' lang='lat' dir='ltr'><strong>et</strong></span> <span class='ocrx_word' id='word_1_659' title='bbox 1603 5325 1796 5404; x_wconf 76' lang='lat' dir='ltr'><strong>Qrien-</strong></span> 
     </span>
    </p>
   </div>
   <div class='ocr_carea' id='block_1_93' title="bbox 208 5396 1796 5471">
    <p class='ocr_par' dir='ltr' id='par_1_93' title="bbox 208 5396 1796 5471">
     <span class='ocr_line' id='line_1_94' title="bbox 208 5396 1796 5471; baseline -0.001 -17"><span class='ocrx_word' id='word_1_660' title='bbox 208 5396 345 5458; x_wconf 66' lang='lat' dir='ltr'><strong>t&#39;nles</strong></span> <span class='ocrx_word' id='word_1_661' title='bbox 379 5414 572 5471; x_wconf 79' lang='lat' dir='ltr'><strong>praeter</strong></span> <span class='ocrx_word' id='word_1_662' title='bbox 600 5417 805 5456; x_wconf 90' lang='lat' dir='ltr'><strong>morem</strong></span> <span class='ocrx_word' id='word_1_663' title='bbox 837 5401 1183 5455; x_wconf 85' lang='lat' dir='ltr'><strong>sabbatorum</strong></span> <span class='ocrx_word' id='word_1_664' title='bbox 1211 5398 1482 5471; x_wconf 78' lang='lat' dir='ltr'><strong>jejunare,</strong></span> <span class='ocrx_word' id='word_1_665' title='bbox 1505 5407 1557 5471; x_wconf 78' lang='lat' dir='ltr'><strong>et</strong></span> <span class='ocrx_word' id='word_1_666' title='bbox 1588 5396 1796 5471; x_wconf 78' lang='lat' dir='ltr'><strong>vigilias</strong></span> 
     </span>
    </p>
   </div>
   <div class='ocr_carea' id='block_1_94' title="bbox 208 5467 1798 5540">
    <p class='ocr_par' dir='ltr' id='par_1_94' title="bbox 208 5467 1798 5540">
     <span class='ocr_line' id='line_1_95' title="bbox 208 5467 1798 5540; baseline -0.005 -9"><span class='ocrx_word' id='word_1_667' title='bbox 208 5479 263 5531; x_wconf 91' lang='lat' dir='ltr'><strong>in</strong></span> <span class='ocrx_word' id='word_1_668' title='bbox 291 5467 519 5528; x_wconf 72' lang='lat' dir='ltr'><strong>ecclesia</strong></span> <span class='ocrx_word' id='word_1_669' title='bbox 547 5487 715 5540; x_wconf 82' lang='lat' dir='ltr'><strong>usque</strong></span> <span class='ocrx_word' id='word_1_670' title='bbox 744 5473 813 5529; x_wconf 85' lang='lat' dir='ltr'><strong>ad</strong></span> <span class='ocrx_word' id='word_1_671' title='bbox 841 5472 1071 5527; x_wconf 82' lang='lat' dir='ltr'><strong>mediam</strong></span> <span class='ocrx_word' id='word_1_672' title='bbox 1118 5479 1329 5522; x_wconf 86' lang='lat' dir='ltr'><strong>noctem</strong></span> <span class='ocrx_word' id='word_1_673' title='bbox 1350 5520 1353 5523; x_wconf 84' lang='lat'><strong>.</strong></span> <span class='ocrx_word' id='word_1_674' title='bbox 1376 5469 1482 5521; x_wconf 89' lang='lat' dir='ltr'><strong>diei</strong></span> <span class='ocrx_word' id='word_1_675' title='bbox 1514 5467 1798 5540; x_wconf 72' lang='lat' dir='ltr'><strong>dominica:</strong></span> 
     </span>
    </p>
   </div>
   <div class='ocr_carea' id='block_1_95' title="bbox 206 5539 1800 5608">
    <p class='ocr_par' dir='ltr' id='par_1_95' title="bbox 206 5539 1800 5608">
     <span class='ocr_line' id='line_1_96' title="bbox 206 5539 1800 5608; baseline -0.008 -10"><span class='ocrx_word' id='word_1_676' title='bbox 206 5548 493 5601; x_wconf 85' lang='lat' dir='ltr'><strong>celebrare</strong></span> <span class='ocrx_word' id='word_1_677' title='bbox 522 5539 789 5595; x_wconf 85' lang='lat' dir='ltr'><strong>solebant.</strong></span> <span class='ocrx_word' id='word_1_678' title='bbox 821 5543 975 5598; x_wconf 86' lang='lat' dir='ltr'><strong>Unde</strong></span> <span class='ocrx_word' id='word_1_679' title='bbox 1007 5541 1169 5594; x_wconf 83' lang='lat' dir='ltr'><strong>Missa</strong></span> <span class='ocrx_word' id='word_1_680' title='bbox 1201 5540 1313 5608; x_wconf 82' lang='lat' dir='ltr'><strong>cjus</strong></span> <span class='ocrx_word' id='word_1_681' title='bbox 1344 5539 1552 5593; x_wconf 79' lang='lat' dir='ltr'><strong>sabbati</strong></span> <span class='ocrx_word' id='word_1_682' title='bbox 1583 5553 1686 5591; x_wconf 91' lang='lat' dir='ltr'><strong>non</strong></span> <span class='ocrx_word' id='word_1_683' title='bbox 1717 5548 1800 5593; x_wconf 84' lang='lat' dir='ltr'><strong>est</strong></span> 
     </span>
    </p>
   </div>
   <div class='ocr_carea' id='block_1_96' title="bbox 209 5610 1799 5678">
    <p class='ocr_par' dir='ltr' id='par_1_96' title="bbox 209 5610 1799 5678">
     <span class='ocr_line' id='line_1_97' title="bbox 209 5610 1799 5678; baseline -0.007 -7"><span class='ocrx_word' id='word_1_684' title='bbox 209 5614 372 5672; x_wconf 85' lang='lat' dir='ltr'><strong>Missa</strong></span> <span class='ocrx_word' id='word_1_685' title='bbox 400 5614 546 5675; x_wconf 87' lang='lat' dir='ltr'><strong>diei,</strong></span> <span class='ocrx_word' id='word_1_686' title='bbox 581 5612 673 5665; x_wconf 83' lang='lat' dir='ltr'><strong>sed</strong></span> <span class='ocrx_word' id='word_1_687' title='bbox 707 5614 905 5673; x_wconf 80' lang='lat' dir='ltr'><strong>noctis,</strong></span> <span class='ocrx_word' id='word_1_688' title='bbox 956 5622 1011 5664; x_wconf 92' lang='lat' dir='ltr'><strong>ut</strong></span> <span class='ocrx_word' id='word_1_689' title='bbox 1043 5618 1233 5662; x_wconf 87' lang='lat' dir='ltr'><strong>nutant</strong></span> <span class='ocrx_word' id='word_1_690' title='bbox 1279 5612 1392 5665; x_wconf 88' lang='lat' dir='ltr'><strong>fere</strong></span> <span class='ocrx_word' id='word_1_691' title='bbox 1423 5617 1685 5678; x_wconf 63' lang='lat' dir='ltr'><strong>quotuILot</strong></span> <span class='ocrx_word' id='word_1_692' title='bbox 1732 5610 1799 5665; x_wconf 89' lang='lat' dir='ltr'><strong>de</strong></span> 
     </span>
    </p>
   </div>
   <div class='ocr_carea' id='block_1_97' title="bbox 210 5680 1802 5768">
    <p class='ocr_par' dir='ltr' id='par_1_97' title="bbox 210 5680 1802 5768">
     <span class='ocr_line' id='line_1_98' title="bbox 210 5680 1802 5768; baseline -0.001 -28"><span class='ocrx_word' id='word_1_693' title='bbox 210 5684 408 5746; x_wconf 75' lang='lat' dir='ltr'><strong>ofﬁciis</strong></span> <span class='ocrx_word' id='word_1_694' title='bbox 437 5690 491 5741; x_wconf 87' lang='lat' dir='ltr'><strong>et</strong></span> <span class='ocrx_word' id='word_1_695' title='bbox 521 5684 857 5741; x_wconf 81' lang='lat' dir='ltr'><strong>caeremoniis</strong></span> <span class='ocrx_word' id='word_1_696' title='bbox 885 5680 1268 5739; x_wconf 83' lang='lat' dir='ltr'><strong>ecclesiasticis</strong></span> <span class='ocrx_word' id='word_1_697' title='bbox 1316 5682 1648 5768; x_wconf 72' lang='lat' dir='ltr'><strong>scripserunt</strong></span> <span class='ocrx_word' id='word_1_698' title='bbox 1681 5694 1693 5710; x_wconf 77' lang='lat'><strong>&#39;</strong></span> <span class='ocrx_word' id='word_1_699' title='bbox 1747 5688 1802 5745; x_wconf 84' lang='lat' dir='ltr'><strong>et</strong></span> 
     </span>
    </p>
   </div>
   <div class='ocr_carea' id='block_1_98' title="bbox 1888 3484 3490 3559">
    <p class='ocr_par' dir='ltr' id='par_1_98' title="bbox 1888 3484 3490 3559">
     <span class='ocr_line' id='line_1_99' title="bbox 1888 3484 3490 3559; baseline -0.003 -16"><span class='ocrx_word' id='word_1_700' title='bbox 1888 3490 2019 3544; x_wconf 86' lang='lat' dir='ltr'><strong>satis</strong></span> <span class='ocrx_word' id='word_1_701' title='bbox 2042 3490 2095 3544; x_wconf 93' lang='lat' dir='ltr'><strong>id</strong></span> <span class='ocrx_word' id='word_1_702' title='bbox 2121 3491 2322 3547; x_wconf 91' lang='lat' dir='ltr'><strong>indicat</strong></span> <span class='ocrx_word' id='word_1_703' title='bbox 2343 3492 2571 3546; x_wconf 89' lang='lat' dir='ltr'><strong>collecta</strong></span> <span class='ocrx_word' id='word_1_704' title='bbox 2600 3498 2654 3545; x_wconf 93' lang='lat' dir='ltr'><strong>et</strong></span> <span class='ocrx_word' id='word_1_705' title='bbox 2685 3488 2934 3559; x_wconf 85' lang='lat' dir='ltr'><strong>praefatio</strong></span> <span class='ocrx_word' id='word_1_706' title='bbox 2967 3487 3243 3555; x_wconf 89' lang='lat' dir='ltr'><strong>ejusdem,</strong></span> <span class='ocrx_word' id='word_1_707' title='bbox 3269 3484 3361 3559; x_wconf 82' lang='lat' dir='ltr'><strong>ubi</strong></span> <span class='ocrx_word' id='word_1_708' title='bbox 3391 3497 3490 3538; x_wconf 89' lang='lat' dir='ltr'><strong>no-</strong></span> 
     </span>
    </p>
   </div>
   <div class='ocr_carea' id='block_1_99' title="bbox 1889 3557 3485 3626">
    <p class='ocr_par' dir='ltr' id='par_1_99' title="bbox 1889 3557 3485 3626">
     <span class='ocr_line' id='line_1_100' title="bbox 1889 3557 3485 3626; baseline -0.004 -13"><span class='ocrx_word' id='word_1_709' title='bbox 1889 3562 2013 3622; x_wconf 85' lang='lat' dir='ltr'><strong>ctis,</strong></span> <span class='ocrx_word' id='word_1_710' title='bbox 2035 3578 2140 3615; x_wconf 94' lang='lat' dir='ltr'><strong>non</strong></span> <span class='ocrx_word' id='word_1_711' title='bbox 2172 3565 2277 3616; x_wconf 90' lang='lat' dir='ltr'><strong>diei</strong></span> <span class='ocrx_word' id='word_1_712' title='bbox 2304 3564 2365 3615; x_wconf 89' lang='lat' dir='ltr'><strong>ﬁt</strong></span> <span class='ocrx_word' id='word_1_713' title='bbox 2386 3564 2610 3616; x_wconf 92' lang='lat' dir='ltr'><strong>mentio.</strong></span> <span class='ocrx_word' id='word_1_714' title='bbox 2637 3557 2771 3613; x_wconf 89' lang='lat' dir='ltr'><strong>llinc</strong></span> <span class='ocrx_word' id='word_1_715' title='bbox 2802 3560 2862 3611; x_wconf 85' lang='grc' dir='ltr'><strong>Ι).</strong></span> <span class='ocrx_word' id='word_1_716' title='bbox 2891 3560 3253 3626; x_wconf 85' lang='lat' dir='ltr'><strong>Hieronymus</strong></span> <span class='ocrx_word' id='word_1_717' title='bbox 3283 3557 3335 3607; x_wconf 92' lang='lat' dir='ltr'><strong>in</strong></span> <span class='ocrx_word' id='word_1_718' title='bbox 3364 3570 3485 3616; x_wconf 69' lang='lat' dir='ltr'><strong>Cap.</strong></span> 
     </span>
    </p>
   </div>
   <div class='ocr_carea' id='block_1_100' title="bbox 1886 3626 3489 3692">
    <p class='ocr_par' dir='ltr' id='par_1_100' title="bbox 1886 3626 3489 3692">
     <span class='ocr_line' id='line_1_101' title="bbox 1886 3626 3489 3692; baseline -0.005 -9"><span class='ocrx_word' id='word_1_719' title='bbox 1886 3630 1957 3686; x_wconf 76' lang='grc'>25</span> <span class='ocrx_word' id='word_1_720' title='bbox 1987 3632 2223 3685; x_wconf 73' lang='lat' dir='ltr'><strong>Matthzei</strong></span> <span class='ocrx_word' id='word_1_721' title='bbox 2257 3634 2415 3686; x_wconf 87' lang='lat' dir='ltr'><strong>docet</strong></span> <span class='ocrx_word' id='word_1_722' title='bbox 2460 3632 2805 3685; x_wconf 91' lang='lat' dir='ltr'><strong>traditionem</strong></span> <span class='ocrx_word' id='word_1_723' title='bbox 2839 3642 2959 3681; x_wconf 91' lang='lat' dir='ltr'><strong>esse</strong></span> <span class='ocrx_word' id='word_1_724' title='bbox 2990 3626 3343 3692; x_wconf 89' lang='lat' dir='ltr'><strong>apostolicam</strong></span> <span class='ocrx_word' id='word_1_725' title='bbox 3372 3662 3386 3686; x_wconf 93' lang='lat'><strong>,</strong></span> <span class='ocrx_word' id='word_1_726' title='bbox 3430 3632 3489 3675; x_wconf 84' lang='lat' dir='ltr'><strong>ut</strong></span> 
     </span>
    </p>
   </div>
   <div class='ocr_carea' id='block_1_101' title="bbox 1886 3695 3490 3769">
    <p class='ocr_par' dir='ltr' id='par_1_101' title="bbox 1886 3695 3490 3769">
     <span class='ocr_line' id='line_1_102' title="bbox 1886 3695 3490 3769; baseline -0.004 -16"><span class='ocrx_word' id='word_1_727' title='bbox 1886 3703 1939 3753; x_wconf 87' lang='lat' dir='ltr'><strong>in</strong></span> <span class='ocrx_word' id='word_1_728' title='bbox 1968 3702 2050 3753; x_wconf 85' lang='lat' dir='ltr'><strong>die</strong></span> <span class='ocrx_word' id='word_1_729' title='bbox 2073 3702 2364 3769; x_wconf 81' lang='lat' dir='ltr'><strong>vigiliarum</strong></span> <span class='ocrx_word' id='word_1_730' title='bbox 2398 3700 2619 3755; x_wconf 74' lang='lat' dir='ltr'><strong>Pascha:</strong></span> <span class='ocrx_word' id='word_1_731' title='bbox 2638 3711 2754 3752; x_wconf 88' lang='lat' dir='ltr'><strong>ante</strong></span> <span class='ocrx_word' id='word_1_732' title='bbox 2778 3699 2939 3752; x_wconf 84' lang='lat' dir='ltr'><strong>noctis</strong></span> <span class='ocrx_word' id='word_1_733' title='bbox 2971 3697 3241 3749; x_wconf 88' lang='lat' dir='ltr'><strong>dimidium</strong></span> <span class='ocrx_word' id='word_1_734' title='bbox 3268 3695 3490 3769; x_wconf 75' lang='lat' dir='ltr'><strong>populos</strong></span> 
     </span>
    </p>
   </div>
   <div class='ocr_carea' id='block_1_102' title="bbox 1889 3763 3490 3841">
    <p class='ocr_par' dir='ltr' id='par_1_102' title="bbox 1889 3763 3490 3841">
     <span class='ocr_line' id='line_1_103' title="bbox 1889 3763 3490 3841; baseline -0.006 -17"><span class='ocrx_word' id='word_1_735' title='bbox 1889 3763 2143 3824; x_wconf 68' lang='lat' dir='ltr'><strong>dimittere</strong></span> <span class='ocrx_word' id='word_1_736' title='bbox 2178 3789 2280 3825; x_wconf 89' lang='lat' dir='ltr'><strong>non</strong></span> <span class='ocrx_word' id='word_1_737' title='bbox 2328 3773 2507 3837; x_wconf 84' lang='lat' dir='ltr'><strong>liceat,</strong></span> <span class='ocrx_word' id='word_1_738' title='bbox 2558 3777 2903 3841; x_wconf 73' lang='lat' dir='ltr'><strong>exspectantes</strong></span> <span class='ocrx_word' id='word_1_739' title='bbox 2956 3769 3228 3819; x_wconf 79' lang='lat' dir='ltr'><strong>adventum</strong></span> <span class='ocrx_word' id='word_1_740' title='bbox 3257 3763 3490 3831; x_wconf 83' lang='lat' dir='ltr'><strong>Christi;</strong></span> 
     </span>
    </p>
   </div>
   <div class='ocr_carea' id='block_1_103' title="bbox 1888 3840 3494 3911">
    <p class='ocr_par' dir='ltr' id='par_1_103' title="bbox 1888 3840 3494 3911">
     <span class='ocr_line' id='line_1_104' title="bbox 1888 3840 3494 3911; baseline -0.006 -17"><span class='ocrx_word' id='word_1_741' title='bbox 1888 3848 1938 3894; x_wconf 91' lang='lat' dir='ltr'><strong>et</strong></span> <span class='ocrx_word' id='word_1_742' title='bbox 1960 3853 2229 3911; x_wconf 77' lang='lat' dir='ltr'><strong>postquam</strong></span> <span class='ocrx_word' id='word_1_743' title='bbox 2250 3843 2385 3896; x_wconf 88' lang='lat' dir='ltr'><strong>illud</strong></span> <span class='ocrx_word' id='word_1_744' title='bbox 2414 3852 2616 3911; x_wconf 85' lang='lat' dir='ltr'><strong>tempus</strong></span> <span class='ocrx_word' id='word_1_745' title='bbox 2640 3840 2919 3905; x_wconf 85' lang='lat' dir='ltr'><strong>transierit,</strong></span> <span class='ocrx_word' id='word_1_746' title='bbox 2951 3840 3221 3911; x_wconf 66' lang='lat' dir='ltr'><strong>securitate</strong></span> <span class='ocrx_word' id='word_1_747' title='bbox 3240 3850 3494 3911; x_wconf 67' lang='lat' dir='ltr'><strong>prmum-</strong></span> 
     </span>
    </p>
   </div>
   <div class='ocr_carea' id='block_1_104' title="bbox 1890 3906 3491 3984">
    <p class='ocr_par' dir='ltr' id='par_1_104' title="bbox 1890 3906 3491 3984">
     <span class='ocr_line' id='line_1_105' title="bbox 1890 3906 3491 3984; baseline -0.003 -20"><span class='ocrx_word' id='word_1_748' title='bbox 1890 3906 1979 3982; x_wconf 81' lang='lat' dir='ltr'><strong>pta</strong></span> <span class='ocrx_word' id='word_1_749' title='bbox 2027 3906 2210 3981; x_wconf 73' lang='lat' dir='ltr'><strong>festum</strong></span> <span class='ocrx_word' id='word_1_750' title='bbox 2238 3925 2444 3968; x_wconf 87' lang='lat' dir='ltr'><strong>cunctos</strong></span> <span class='ocrx_word' id='word_1_751' title='bbox 2493 3906 2645 3984; x_wconf 80' lang='lat' dir='ltr'><strong>agere</strong></span> <span class='ocrx_word' id='word_1_752' title='bbox 2690 3913 2848 3964; x_wconf 85' lang='lat' dir='ltr'><strong>diem.</strong></span> <span class='ocrx_word' id='word_1_753' title='bbox 2895 3908 3032 3976; x_wconf 87' lang='lat' dir='ltr'><strong>Quin</strong></span> <span class='ocrx_word' id='word_1_754' title='bbox 3076 3906 3491 3984; x_wconf 76' lang='lat' dir='ltr'><strong>ct__\’igila_tttius</strong></span> 
     </span>
    </p>
   </div>
   <div class='ocr_carea' id='block_1_105' title="bbox 1893 3977 3489 4050">
    <p class='ocr_par' dir='ltr' id='par_1_105' title="bbox 1893 3977 3489 4050">
     <span class='ocr_line' id='line_1_106' title="bbox 1893 3977 3489 4050; baseline -0.005 -13"><span class='ocrx_word' id='word_1_755' title='bbox 1893 3977 2256 4037; x_wconf 83' lang='lat' dir='ltr'><strong>lueresiarcha</strong></span> <span class='ocrx_word' id='word_1_756' title='bbox 2279 4028 2293 4050; x_wconf 89' lang='lat'><strong>,</strong></span> <span class='ocrx_word' id='word_1_757' title='bbox 2328 3995 2465 4040; x_wconf 85' lang='lat' dir='ltr'><strong>teste</strong></span> <span class='ocrx_word' id='word_1_758' title='bbox 2500 3977 2685 4041; x_wconf 68' lang='lat' dir='ltr'><strong>eodem</strong></span> <span class='ocrx_word' id='word_1_759' title='bbox 2716 3983 3046 4046; x_wconf 86' lang='lat' dir='ltr'><strong>Hieronymo</strong></span> <span class='ocrx_word' id='word_1_760' title='bbox 3078 3977 3214 4046; x_wconf 86' lang='lat' dir='ltr'><strong>(Lib.</strong></span> <span class='ocrx_word' id='word_1_761' title='bbox 3242 3993 3258 4030; x_wconf 90' lang='grc' dir='ltr'>ι</span> <span class='ocrx_word' id='word_1_762' title='bbox 3285 3977 3489 4050; x_wconf 76' lang='lat' dir='ltr'><strong>advers.</strong></span> 
     </span>
    </p>
   </div>
   <div class='ocr_carea' id='block_1_106' title="bbox 1900 4047 3490 4126">
    <p class='ocr_par' dir='ltr' id='par_1_106' title="bbox 1900 4047 3490 4126">
     <span class='ocr_line' id='line_1_107' title="bbox 1900 4047 3490 4126; baseline -0.006 -17"><span class='ocrx_word' id='word_1_763' title='bbox 1900 4054 2243 4125; x_wconf 83' lang='lat' dir='ltr'><strong>Vigilantium</strong></span> <span class='ocrx_word' id='word_1_764' title='bbox 2267 4047 2382 4126; x_wconf 71' lang='lat' dir='ltr'><strong>cap.</strong></span> <span class='ocrx_word' id='word_1_765' title='bbox 2418 4060 2471 4123; x_wconf 75' lang='grc'><strong>4)</strong></span> <span class='ocrx_word' id='word_1_766' title='bbox 2495 4098 2507 4119; x_wconf 87' lang='grc'><em>,</em></span> <span class='ocrx_word' id='word_1_767' title='bbox 2551 4054 2630 4109; x_wconf 70' lang='lat' dir='ltr'><strong>sic</strong></span> <span class='ocrx_word' id='word_1_768' title='bbox 2661 4054 2872 4121; x_wconf 86' lang='lat' dir='ltr'><strong>vigilias</strong></span> <span class='ocrx_word' id='word_1_769' title='bbox 2906 4061 3197 4126; x_wconf 82' lang='lat' dir='ltr'><strong>nocturnas</strong></span> <span class='ocrx_word' id='word_1_770' title='bbox 3227 4047 3490 4101; x_wconf 87' lang='lat' dir='ltr'><strong>ecclesia-</strong></span> 
     </span>
    </p>
   </div>
   <div class='ocr_carea' id='block_1_107' title="bbox 1893 4121 3494 4192">
    <p class='ocr_par' dir='ltr' id='par_1_107' title="bbox 1893 4121 3494 4192">
     <span class='ocr_line' id='line_1_108' title="bbox 1893 4121 3494 4192; baseline -0.006 -10"><span class='ocrx_word' id='word_1_771' title='bbox 1893 4121 2059 4182; x_wconf 76' lang='lat' dir='ltr'><strong>sticas</strong></span> <span class='ocrx_word' id='word_1_772' title='bbox 2086 4131 2167 4181; x_wconf 90' lang='lat' dir='ltr'><strong>sui</strong></span> <span class='ocrx_word' id='word_1_773' title='bbox 2200 4121 2434 4182; x_wconf 84' lang='lat' dir='ltr'><strong>nominis</strong></span> <span class='ocrx_word' id='word_1_774' title='bbox 2457 4121 2636 4181; x_wconf 2' lang='lat' dir='ltr'><strong>(hostis</strong></span> <span class='ocrx_word' id='word_1_775' title='bbox 2670 4122 3038 4192; x_wconf 84' lang='lat' dir='ltr'><strong>itnpugnabat,</strong></span> <span class='ocrx_word' id='word_1_776' title='bbox 3060 4131 3113 4174; x_wconf 90' lang='lat' dir='ltr'><strong>et</strong></span> <span class='ocrx_word' id='word_1_777' title='bbox 3131 4121 3378 4192; x_wconf 84' lang='lat' dir='ltr'><strong>minuere</strong></span> <span class='ocrx_word' id='word_1_778' title='bbox 3399 4133 3494 4173; x_wconf 89' lang='lat' dir='ltr'><strong>co-</strong></span> 
     </span>
    </p>
   </div>
   <div class='ocr_carea' id='block_1_108' title="bbox 1894 4190 3493 4264">
    <p class='ocr_par' dir='ltr' id='par_1_108' title="bbox 1894 4190 3493 4264">
     <span class='ocr_line' id='line_1_109' title="bbox 1894 4190 3493 4264; baseline -0.007 -11"><span class='ocrx_word' id='word_1_779' title='bbox 1894 4198 2143 4264; x_wconf 87' lang='lat' dir='ltr'><strong>nabatur,</strong></span> <span class='ocrx_word' id='word_1_780' title='bbox 2178 4209 2237 4254; x_wconf 90' lang='lat' dir='ltr'><strong>ut</strong></span> <span class='ocrx_word' id='word_1_781' title='bbox 2258 4208 2435 4254; x_wconf 88' lang='lat' dir='ltr'><strong>tamen</strong></span> <span class='ocrx_word' id='word_1_782' title='bbox 2466 4198 2634 4252; x_wconf 89' lang='lat' dir='ltr'><strong>semel</strong></span> <span class='ocrx_word' id='word_1_783' title='bbox 2666 4198 2718 4249; x_wconf 93' lang='lat' dir='ltr'><strong>in</strong></span> <span class='ocrx_word' id='word_1_784' title='bbox 2748 4190 2915 4257; x_wconf 85' lang='lat' dir='ltr'><strong>anno,</strong></span> <span class='ocrx_word' id='word_1_785' title='bbox 2949 4194 2999 4247; x_wconf 92' lang='lat' dir='ltr'><strong>in</strong></span> <span class='ocrx_word' id='word_1_786' title='bbox 3020 4190 3256 4259; x_wconf 85' lang='lat' dir='ltr'><strong>paschali</strong></span> <span class='ocrx_word' id='word_1_787' title='bbox 3289 4190 3493 4264; x_wconf 87' lang='lat' dir='ltr'><strong>solem-</strong></span> 
     </span>
    </p>
   </div>
   <div class='ocr_carea' id='block_1_109' title="bbox 1896 4262 3491 4339">
    <p class='ocr_par' dir='ltr' id='par_1_109' title="bbox 1896 4262 3491 4339">
     <span class='ocr_line' id='line_1_110' title="bbox 1896 4262 3491 4339; baseline -0.005 -15"><span class='ocrx_word' id='word_1_788' title='bbox 1896 4272 2063 4325; x_wconf 89' lang='lat' dir='ltr'><strong>nitate</strong></span> <span class='ocrx_word' id='word_1_789' title='bbox 2090 4262 2298 4339; x_wconf 88' lang='lat' dir='ltr'><strong>vigilias</strong></span> <span class='ocrx_word' id='word_1_790' title='bbox 2331 4268 2664 4339; x_wconf 87' lang='lat' dir='ltr'><strong>peragendas</strong></span> <span class='ocrx_word' id='word_1_791' title='bbox 2691 4280 2813 4339; x_wconf 83' lang='lat' dir='ltr'><strong>esse</strong></span> <span class='ocrx_word' id='word_1_792' title='bbox 2835 4267 3085 4339; x_wconf 70' lang='lat' dir='ltr'><strong>jactaret.</strong></span> <span class='ocrx_word' id='word_1_793' title='bbox 3120 4262 3491 4339; x_wconf 73' lang='lat' dir='ltr'><strong>Exstatetiam</strong></span> 
     </span>
    </p>
   </div>
   <div class='ocr_carea' id='block_1_110' title="bbox 1896 4334 3493 4409">
    <p class='ocr_par' dir='ltr' id='par_1_110' title="bbox 1896 4334 3493 4409">
     <span class='ocr_line' id='line_1_111' title="bbox 1896 4334 3493 4409; baseline -0.005 -14"><span class='ocrx_word' id='word_1_794' title='bbox 1896 4357 2076 4397; x_wconf 88' lang='lat' dir='ltr'><strong>sermo</strong></span> <span class='ocrx_word' id='word_1_795' title='bbox 2110 4334 2172 4394; x_wconf 56' lang='lat' dir='ltr'><strong>D:</strong></span> <span class='ocrx_word' id='word_1_796' title='bbox 2209 4334 2491 4409; x_wconf 78' lang='lat' dir='ltr'><strong>Augustini</strong></span> <span class='ocrx_word' id='word_1_797' title='bbox 2522 4340 2589 4393; x_wconf 92' lang='lat' dir='ltr'><strong>de</strong></span> <span class='ocrx_word' id='word_1_798' title='bbox 2620 4338 2828 4408; x_wconf 81' lang='lat' dir='ltr'><strong>Vigiliis</strong></span> <span class='ocrx_word' id='word_1_799' title='bbox 2856 4336 3079 4391; x_wconf 80' lang='lat' dir='ltr'><strong>Pascha:</strong></span> <span class='ocrx_word' id='word_1_800' title='bbox 3121 4336 3188 4389; x_wconf 90' lang='lat' dir='ltr'><strong>ab</strong></span> <span class='ocrx_word' id='word_1_801' title='bbox 3218 4334 3493 4389; x_wconf 84' lang='lat' dir='ltr'><strong>Amalario</strong></span> 
     </span>
    </p>
   </div>
   <div class='ocr_carea' id='block_1_111' title="bbox 1897 4409 3382 4483">
    <p class='ocr_par' dir='ltr' id='par_1_111' title="bbox 1897 4409 3382 4483">
     <span class='ocr_line' id='line_1_112' title="bbox 1897 4409 3382 4483; baseline -0.007 -18"><span class='ocrx_word' id='word_1_802' title='bbox 1897 4414 2152 4483; x_wconf 74' lang='lat' dir='ltr'><strong>(Amatur.</strong></span> <span class='ocrx_word' id='word_1_803' title='bbox 2187 4411 2277 4465; x_wconf 85' lang='lat' dir='ltr'><strong>lib.</strong></span> <span class='ocrx_word' id='word_1_804' title='bbox 2303 4428 2452 4481; x_wconf 85' lang='lat' dir='ltr'><strong>tcap.</strong></span> <span class='ocrx_word' id='word_1_805' title='bbox 2483 4409 2573 4481; x_wconf 75' lang='grc'><strong>16)</strong></span> <span class='ocrx_word' id='word_1_806' title='bbox 2603 4411 2800 4483; x_wconf 87' lang='lat' dir='ltr'><strong>citatus</strong></span> <span class='ocrx_word' id='word_1_807' title='bbox 2833 4410 3382 4483; x_wconf 65' lang='lat' dir='ltr'><strong>i_n_hoc§rgumento.</strong></span> 
     </span>
    </p>
   </div>
   <div class='ocr_carea' id='block_1_112' title="bbox 1974 4472 3487 4552">
    <p class='ocr_par' dir='ltr' id='par_1_112' title="bbox 1974 4472 3487 4552">
     <span class='ocr_line' id='line_1_113' title="bbox 1974 4472 3487 4552; baseline -0.009 -12"><span class='ocrx_word' id='word_1_808' title='bbox 1974 4495 1994 4523; x_wconf 75' lang='grc' dir='ltr'>ε</span> <span class='ocrx_word' id='word_1_809' title='bbox 2044 4483 2115 4539; x_wconf 90' lang='lat' dir='ltr'><strong>Ut</strong></span> <span class='ocrx_word' id='word_1_810' title='bbox 2144 4485 2217 4538; x_wconf 92' lang='lat' dir='ltr'><strong>illi</strong></span> <span class='ocrx_word' id='word_1_811' title='bbox 2258 4472 2530 4552; x_wconf 67' lang='lat' dir='ltr'><strong>praecepto</strong></span> <span class='ocrx_word' id='word_1_812' title='bbox 2555 4472 2810 4551; x_wconf 76' lang='lat' dir='ltr'><strong>superius</strong></span> <span class='ocrx_word' id='word_1_813' title='bbox 2840 4478 3003 4550; x_wconf 88' lang='lat' dir='ltr'><strong>(Cap.</strong></span> <span class='ocrx_word' id='word_1_814' title='bbox 3035 4472 3487 4552; x_wconf 72' lang='lat' dir='ltr'><strong>5_Itujus_collat.)</strong></span> 
     </span>
    </p>
   </div>
   <div class='ocr_carea' id='block_1_113' title="bbox 1900 4546 3496 4623">
    <p class='ocr_par' dir='ltr' id='par_1_113' title="bbox 1900 4546 3496 4623">
     <span class='ocr_line' id='line_1_114' title="bbox 1900 4546 3496 4623; baseline -0.006 -15"><span class='ocrx_word' id='word_1_815' title='bbox 1900 4555 2135 4623; x_wconf 79' lang='lat' dir='ltr'><strong>allegato</strong></span> <span class='ocrx_word' id='word_1_816' title='bbox 2155 4555 2223 4609; x_wconf 92' lang='lat' dir='ltr'><strong>de</strong></span> <span class='ocrx_word' id='word_1_817' title='bbox 2252 4546 2477 4609; x_wconf 83' lang='lat' dir='ltr'><strong>decimis</strong></span> <span class='ocrx_word' id='word_1_818' title='bbox 2508 4565 2561 4608; x_wconf 91' lang='lat' dir='ltr'><strong>et</strong></span> <span class='ocrx_word' id='word_1_819' title='bbox 2588 4546 2974 4623; x_wconf 52' lang='lat' dir='ltr'><strong>primitiis&#39;Deo</strong></span> <span class='ocrx_word' id='word_1_820' title='bbox 3013 4546 3496 4623; x_wconf 77' lang='lat' dir='ltr'><strong>oﬂereiidis,_qua-</strong></span> 
     </span>
    </p>
   </div>
   <div class='ocr_carea' id='block_1_114' title="bbox 1899 4616 3497 4691">
    <p class='ocr_par' dir='ltr' id='par_1_114' title="bbox 1899 4616 3497 4691">
     <span class='ocr_line' id='line_1_115' title="bbox 1899 4616 3497 4691; baseline -0.007 -12"><span class='ocrx_word' id='word_1_821' title='bbox 1899 4616 2058 4679; x_wconf 67' lang='lat' dir='ltr'><strong>tentis</strong></span> <span class='ocrx_word' id='word_1_822' title='bbox 2080 4626 2328 4680; x_wconf 88' lang='lat' dir='ltr'><strong>naturale</strong></span> <span class='ocrx_word' id='word_1_823' title='bbox 2353 4632 2457 4687; x_wconf 91' lang='lat' dir='ltr'><strong>est,</strong></span> <span class='ocrx_word' id='word_1_824' title='bbox 2486 4633 2539 4678; x_wconf 91' lang='lat' dir='ltr'><strong>et</strong></span> <span class='ocrx_word' id='word_1_825' title='bbox 2565 4616 2630 4678; x_wconf 57' lang='lat' dir='ltr'><strong>a&#39;d</strong></span> <span class='ocrx_word' id='word_1_826' title='bbox 2667 4637 2848 4679; x_wconf 89' lang='lat' dir='ltr'><strong>mores</strong></span> <span class='ocrx_word' id='word_1_827' title='bbox 2874 4631 3166 4691; x_wconf 84' lang='lat' dir='ltr'><strong>speetans,</strong></span> <span class='ocrx_word' id='word_1_828' title='bbox 3183 4616 3497 4691; x_wconf 72' lang='lat' dir='ltr'><strong>satisfacia-</strong></span> 
     </span>
    </p>
   </div>
   <div class='ocr_carea' id='block_1_115' title="bbox 1900 4687 3496 4764">
    <p class='ocr_par' dir='ltr' id='par_1_115' title="bbox 1900 4687 3496 4764">
     <span class='ocr_line' id='line_1_116' title="bbox 1900 4687 3496 4764; baseline -0.007 -15"><span class='ocrx_word' id='word_1_829' title='bbox 1900 4712 2059 4761; x_wconf 88' lang='lat' dir='ltr'><strong>mus;</strong></span> <span class='ocrx_word' id='word_1_830' title='bbox 2092 4706 2289 4764; x_wconf 69' lang='lat' dir='ltr'><strong>praeter</strong></span> <span class='ocrx_word' id='word_1_831' title='bbox 2318 4696 2556 4749; x_wconf 87' lang='lat' dir='ltr'><strong>decimas</strong></span> <span class='ocrx_word' id='word_1_832' title='bbox 2587 4697 2749 4750; x_wconf 83' lang='lat' dir='ltr'><strong>tOtius</strong></span> <span class='ocrx_word' id='word_1_833' title='bbox 2791 4687 2938 4759; x_wconf 82' lang='lat' dir='ltr'><strong>anui,</strong></span> <span class='ocrx_word' id='word_1_834' title='bbox 2964 4708 3095 4761; x_wconf 86' lang='lat' dir='ltr'><strong>quas</strong></span> <span class='ocrx_word' id='word_1_835' title='bbox 3123 4687 3329 4764; x_wconf 82' lang='lat' dir='ltr'><strong>jejunio</strong></span> <span class='ocrx_word' id='word_1_836' title='bbox 3360 4702 3496 4764; x_wconf 78' lang='lat' dir='ltr'><strong>qua-</strong></span> 
     </span>
    </p>
   </div>
   <div class='ocr_carea' id='block_1_116' title="bbox 1903 4760 3497 4836">
    <p class='ocr_par' dir='ltr' id='par_1_116' title="bbox 1903 4760 3497 4836">
     <span class='ocr_line' id='line_1_117' title="bbox 1903 4760 3497 4836; baseline -0.008 -13"><span class='ocrx_word' id='word_1_837' title='bbox 1903 4760 2245 4836; x_wconf 51' lang='lat' dir='ltr'><strong>drages&#39;imali</strong></span> <span class='ocrx_word' id='word_1_838' title='bbox 2276 4769 2507 4835; x_wconf 87' lang='lat' dir='ltr'><strong>persolvi</strong></span> <span class='ocrx_word' id='word_1_839' title='bbox 2541 4767 2796 4832; x_wconf 85' lang='lat' dir='ltr'><strong>diximus,</strong></span> <span class='ocrx_word' id='word_1_840' title='bbox 2827 4760 2987 4836; x_wconf 88' lang='lat' dir='ltr'><strong>docet</strong></span> <span class='ocrx_word' id='word_1_841' title='bbox 3016 4764 3102 4817; x_wconf 93' lang='lat' dir='ltr'><strong>hic</strong></span> <span class='ocrx_word' id='word_1_842' title='bbox 3133 4760 3497 4836; x_wconf 25' lang='lat' dir='ltr'><strong>abbas‘etiﬁam</strong></span> 
     </span>
    </p>
   </div>
   <div class='ocr_carea' id='block_1_117' title="bbox 1902 4828 3495 4909">
    <p class='ocr_par' dir='ltr' id='par_1_117' title="bbox 1902 4828 3495 4909">
     <span class='ocr_line' id='line_1_118' title="bbox 1902 4828 3495 4909; baseline -0.008 -16"><span class='ocrx_word' id='word_1_843' title='bbox 1902 4828 2466 4909; x_wconf 14' lang='lat' dir='ltr'><strong>primitiasgquasdam</strong></span> <span class='ocrx_word' id='word_1_844' title='bbox 2520 4852 2717 4909; x_wconf 83' lang='lat' dir='ltr'><strong>easque</strong></span> <span class='ocrx_word' id='word_1_845' title='bbox 2750 4828 3084 4909; x_wconf 81' lang='lat' dir='ltr'><strong>multiplices</strong></span> <span class='ocrx_word' id='word_1_846' title='bbox 3113 4831 3350 4909; x_wconf 77' lang='lat' dir='ltr'><strong>quotidie</strong></span> <span class='ocrx_word' id='word_1_847' title='bbox 3384 4828 3495 4909; x_wconf 84' lang='lat' dir='ltr'><strong>Deo</strong></span> 
     </span>
    </p>
   </div>
   <div class='ocr_carea' id='block_1_118' title="bbox 1901 4900 3494 4977">
    <p class='ocr_par' dir='ltr' id='par_1_118' title="bbox 1901 4900 3494 4977">
     <span class='ocr_line' id='line_1_119' title="bbox 1901 4900 3494 4977; baseline -0.009 -13"><span class='ocrx_word' id='word_1_848' title='bbox 1901 4900 1931 4964; x_wconf 67' lang='grc' dir='ltr'>ὃ</span> <span class='ocrx_word' id='word_1_849' title='bbox 1963 4910 2113 4962; x_wconf 83' lang='lat' dir='ltr'><strong>nobis</strong></span> <span class='ocrx_word' id='word_1_850' title='bbox 2137 4900 2443 4963; x_wconf 77' lang='lat' dir='ltr'><strong>oll‘érendas</strong></span> <span class='ocrx_word' id='word_1_851' title='bbox 2464 4949 2479 4974; x_wconf 92' lang='lat'><strong>,</strong></span> <span class='ocrx_word' id='word_1_852' title='bbox 2511 4900 2674 4977; x_wconf 78' lang='lat' dir='ltr'><strong>idque</strong></span> <span class='ocrx_word' id='word_1_853' title='bbox 2702 4906 2890 4977; x_wconf 89' lang='lat' dir='ltr'><strong>primis</strong></span> <span class='ocrx_word' id='word_1_854' title='bbox 2914 4900 3069 4977; x_wconf 83' lang='lat' dir='ltr'><strong>horis</strong></span> <span class='ocrx_word' id='word_1_855' title='bbox 3106 4903 3242 4962; x_wconf 87' lang='lat' dir='ltr'><strong>diei,</strong></span> <span class='ocrx_word' id='word_1_856' title='bbox 3285 4900 3338 4953; x_wconf 88' lang='lat' dir='ltr'><strong>id</strong></span> <span class='ocrx_word' id='word_1_857' title='bbox 3369 4906 3454 4952; x_wconf 91' lang='lat' dir='ltr'><strong>est</strong></span> <span class='ocrx_word' id='word_1_858' title='bbox 3477 4939 3494 4965; x_wconf 89' lang='lat'><strong>,</strong></span> 
     </span>
    </p>
   </div>
   <div class='ocr_carea' id='block_1_119' title="bbox 1901 4974 3279 5049">
    <p class='ocr_par' dir='ltr' id='par_1_119' title="bbox 1901 4974 3279 5049">
     <span class='ocr_line' id='line_1_120' title="bbox 1901 4974 3279 5049; baseline -0.011 -14"><span class='ocrx_word' id='word_1_859' title='bbox 1901 4981 2169 5049; x_wconf 84' lang='lat' dir='ltr'><strong>matutino</strong></span> <span class='ocrx_word' id='word_1_860' title='bbox 2191 4988 2458 5049; x_wconf 87' lang='lat' dir='ltr'><strong>tempore,</strong></span> <span class='ocrx_word' id='word_1_861' title='bbox 2490 4988 2551 5033; x_wconf 93' lang='lat' dir='ltr'><strong>ut</strong></span> <span class='ocrx_word' id='word_1_862' title='bbox 2576 4974 2825 5045; x_wconf 62' lang='lat' dir='ltr'><strong>primitiis:</strong></span> <span class='ocrx_word' id='word_1_863' title='bbox 2855 4989 2983 5029; x_wconf 84' lang='lat' dir='ltr'><strong>vere</strong></span> <span class='ocrx_word' id='word_1_864' title='bbox 3011 4974 3279 5027; x_wconf 89' lang='lat' dir='ltr'><strong>dicantur.</strong></span> 
     </span>
    </p>
   </div>
   <div class='ocr_carea' id='block_1_120' title="bbox 1971 5048 2743 5119">
    <p class='ocr_par' dir='ltr' id='par_1_120' title="bbox 1971 5048 2743 5119">
     <span class='ocr_line' id='line_1_121' title="bbox 1971 5048 2743 5119; baseline -0.001 -15"><span class='ocrx_word' id='word_1_865' title='bbox 1971 5048 1998 5087; x_wconf 68' lang='grc' dir='ltr'><em>ἀ</em></span> <span class='ocrx_word' id='word_1_866' title='bbox 2027 5050 2081 5106; x_wconf 91' lang='lat' dir='ltr'><strong>ld</strong></span> <span class='ocrx_word' id='word_1_867' title='bbox 2113 5060 2215 5115; x_wconf 91' lang='lat' dir='ltr'><strong>est,</strong></span> <span class='ocrx_word' id='word_1_868' title='bbox 2252 5054 2440 5106; x_wconf 88' lang='lat' dir='ltr'><strong>mortis</strong></span> <span class='ocrx_word' id='word_1_869' title='bbox 2468 5051 2701 5119; x_wconf 89' lang='lat' dir='ltr'><strong>imagine</strong></span> <span class='ocrx_word' id='word_1_870' title='bbox 2728 5064 2743 5103; x_wconf 89' lang='lat'><strong>:</strong></span> 
     </span>
    </p>
   </div>
   <div class='ocr_carea' id='block_1_121' title="bbox 1994 5173 3406 5253">
    <p class='ocr_par' dir='ltr' id='par_1_121' title="bbox 1994 5173 3406 5253">
     <span class='ocr_line' id='line_1_122' title="bbox 1994 5173 3406 5253; baseline -0.01 -16"><span class='ocrx_word' id='word_1_871' title='bbox 1994 5187 2180 5253; x_wconf 75' lang='lat' dir='ltr'><strong>Ecquid</strong></span> <span class='ocrx_word' id='word_1_872' title='bbox 2205 5187 2337 5235; x_wconf 92' lang='lat' dir='ltr'><strong>enim</strong></span> <span class='ocrx_word' id='word_1_873' title='bbox 2363 5192 2439 5237; x_wconf 91' lang='lat' dir='ltr'><strong>est</strong></span> <span class='ocrx_word' id='word_1_874' title='bbox 2460 5197 2681 5246; x_wconf 86' lang='lat' dir='ltr'><strong>somnus,</strong></span> <span class='ocrx_word' id='word_1_875' title='bbox 2703 5181 2883 5244; x_wconf 64' lang='lat' dir='ltr'><strong>gelidae</strong></span> <span class='ocrx_word' id='word_1_876' title='bbox 2903 5180 2995 5228; x_wconf 91' lang='lat' dir='ltr'><strong>nisi</strong></span> <span class='ocrx_word' id='word_1_877' title='bbox 3017 5178 3189 5227; x_wconf 87' lang='lat' dir='ltr'><strong>mortis</strong></span> <span class='ocrx_word' id='word_1_878' title='bbox 3208 5173 3406 5236; x_wconf 80' lang='lat' dir='ltr'><strong>imago?</strong></span> 
     </span>
    </p>
   </div>
   <div class='ocr_carea' id='block_1_122' title="bbox 1900 5302 3500 5391">
    <p class='ocr_par' dir='ltr' id='par_1_122' title="bbox 1900 5302 3500 5391">
     <span class='ocr_line' id='line_1_123' title="bbox 1900 5302 3500 5391; baseline -0.016 -13"><span class='ocrx_word' id='word_1_879' title='bbox 1900 5325 1976 5378; x_wconf 90' lang='lat' dir='ltr'><strong>ait</strong></span> <span class='ocrx_word' id='word_1_880' title='bbox 2008 5331 2163 5391; x_wconf 87' lang='lat' dir='ltr'><strong>poeta</strong></span> <span class='ocrx_word' id='word_1_881' title='bbox 2195 5319 2485 5390; x_wconf 85' lang='lat' dir='ltr'><strong>(Juvenal).</strong></span> <span class='ocrx_word' id='word_1_882' title='bbox 2522 5317 2659 5371; x_wconf 87' lang='lat' dir='ltr'><strong>llinc</strong></span> <span class='ocrx_word' id='word_1_883' title='bbox 2692 5318 2781 5391; x_wconf 77' lang='lat' dir='ltr'><strong>fit,</strong></span> <span class='ocrx_word' id='word_1_884' title='bbox 2817 5321 2876 5367; x_wconf 91' lang='lat' dir='ltr'><strong>ut</strong></span> <span class='ocrx_word' id='word_1_885' title='bbox 2903 5320 2956 5365; x_wconf 92' lang='lat' dir='ltr'><strong>et</strong></span> <span class='ocrx_word' id='word_1_886' title='bbox 2987 5324 3218 5391; x_wconf 79' lang='lat' dir='ltr'><strong>somnus</strong></span> <span class='ocrx_word' id='word_1_887' title='bbox 3256 5306 3309 5358; x_wconf 91' lang='lat' dir='ltr'><strong>in</strong></span> 
     </span>
    </p>
   </div>
   <div class='ocr_carea' id='block_1_123' title="bbox 1901 5374 3504 5466">
    <p class='ocr_par' dir='ltr' id='par_1_123' title="bbox 1901 5374 3504 5466">
     <span class='ocr_line' id='line_1_124' title="bbox 1901 5374 3504 5466; baseline -0.014 -18"><span class='ocrx_word' id='word_1_888' title='bbox 1901 5374 2255 5466; x_wconf 56' lang='lat' dir='ltr'><strong>iiiiiis&#39;smﬁe</strong></span> <span class='ocrx_word' id='word_1_889' title='bbox 2281 5408 2375 5466; x_wconf 70' lang='grc' dir='ltr'><strong>ι)Ῑο</strong></span> <span class='ocrx_word' id='word_1_890' title='bbox 2404 5374 2576 5445; x_wconf 71' lang='lat' dir='ltr'><strong>niorte</strong></span> <span class='ocrx_word' id='word_1_891' title='bbox 2608 5374 2939 5466; x_wconf 81' lang='lat' dir='ltr'><strong>accipiatur;</strong></span> <span class='ocrx_word' id='word_1_892' title='bbox 2968 5374 3504 5466; x_wconf 47' lang='lat' dir='ltr'><strong>et_dormireJdi_cna_n:</strong></span> 
     </span>
    </p>
   </div>
   <div class='ocr_carea' id='block_1_124' title="bbox 1902 5443 3506 5525">
    <p class='ocr_par' dir='ltr' id='par_1_124' title="bbox 1902 5443 3506 5525">
     <span class='ocr_line' id='line_1_125' title="bbox 1902 5443 3506 5525; baseline -0.016 -4"><span class='ocrx_word' id='word_1_893' title='bbox 1902 5443 1992 5521; x_wconf 57' lang='lat' dir='ltr'><strong>{ur</strong></span> <span class='ocrx_word' id='word_1_894' title='bbox 2021 5443 2258 5519; x_wconf 56' lang='lat' dir='ltr'><strong>mortui:</strong></span> <span class='ocrx_word' id='word_1_895' title='bbox 2281 5443 2523 5514; x_wconf 53' lang='lat' dir='ltr'><strong>&#39;Lazarus</strong></span> <span class='ocrx_word' id='word_1_896' title='bbox 2554 5443 2749 5510; x_wconf 69' lang='lat' dir='ltr'><strong>amicus</strong></span> <span class='ocrx_word' id='word_1_897' title='bbox 2796 5443 2967 5525; x_wconf 80' lang='lat' dir='ltr'><strong>noster</strong></span> <span class='ocrx_word' id='word_1_898' title='bbox 3015 5450 3201 5502; x_wconf 88' lang='lat' dir='ltr'><strong>dormit</strong></span> <span class='ocrx_word' id='word_1_899' title='bbox 3229 5463 3247 5507; x_wconf 78' lang='lat'><strong>,&#39;</strong></span> <span class='ocrx_word' id='word_1_900' title='bbox 3273 5443 3506 5525; x_wconf 42' lang='lat' dir='ltr'><strong>.dlxcrat</strong></span> 
     </span>
    </p>
   </div>
   <div class='ocr_carea' id='block_1_125' title="bbox 1902 5522 3511 5600">
    <p class='ocr_par' dir='ltr' id='par_1_125' title="bbox 1902 5522 3511 5600">
     <span class='ocr_line' id='line_1_126' title="bbox 1902 5522 3511 5600; baseline -0.012 -8"><span class='ocrx_word' id='word_1_901' title='bbox 1902 5547 2082 5591; x_wconf 90' lang='lat' dir='ltr'><strong>autem</strong></span> <span class='ocrx_word' id='word_1_902' title='bbox 2106 5535 2173 5588; x_wconf 89' lang='lat' dir='ltr'><strong>de</strong></span> <span class='ocrx_word' id='word_1_903' title='bbox 2206 5545 2382 5587; x_wconf 88' lang='lat' dir='ltr'><strong>morte</strong></span> <span class='ocrx_word' id='word_1_904' title='bbox 2405 5533 2520 5600; x_wconf 91' lang='lat' dir='ltr'><strong>ejus</strong></span> <span class='ocrx_word' id='word_1_905' title='bbox 2548 5530 2704 5583; x_wconf 84' lang='lat' dir='ltr'><strong>Joan.</strong></span> <span class='ocrx_word' id='word_1_906' title='bbox 2744 5544 2793 5580; x_wconf 79' lang='lat' dir='ltr'><strong>xi</strong></span> <span class='ocrx_word' id='word_1_907' title='bbox 2814 5544 2828 5600; x_wconf 89' lang='lat'><strong>:_</strong></span> <span class='ocrx_word' id='word_1_908' title='bbox 2852 5522 3115 5600; x_wconf 66' lang='lat' dir='ltr'><strong>Nolumus</strong></span> <span class='ocrx_word' id='word_1_909' title='bbox 3138 5534 3236 5600; x_wconf 36' lang='grc' dir='ltr'><strong>,ι’οξ</strong></span> <span class='ocrx_word' id='word_1_910' title='bbox 3269 5522 3511 5600; x_wconf 51' lang='grc' dir='ltr'><strong>ίᾳιξοζξιξξ</strong></span> 
     </span>
    </p>
   </div>
   <div class='ocr_carea' id='block_1_126' title="bbox 1905 5580 3514 5669">
    <p class='ocr_par' dir='ltr' id='par_1_126' title="bbox 1905 5580 3514 5669">
     <span class='ocr_line' id='line_1_127' title="bbox 1905 5580 3514 5669; baseline -0.012 -9"><span class='ocrx_word' id='word_1_911' title='bbox 1905 5610 1966 5662; x_wconf 90' lang='lat' dir='ltr'><strong>de</strong></span> <span class='ocrx_word' id='word_1_912' title='bbox 2009 5603 2373 5659; x_wconf 87' lang='lat' dir='ltr'><strong>dormientibus</strong></span> <span class='ocrx_word' id='word_1_913' title='bbox 2398 5646 2412 5669; x_wconf 90' lang='lat'><strong>,</strong></span> <span class='ocrx_word' id='word_1_914' title='bbox 2435 5580 2499 5655; x_wconf 43' lang='lat' dir='ltr'><strong>‘ut</strong></span> <span class='ocrx_word' id='word_1_915' title='bbox 2533 5616 2633 5669; x_wconf 78' lang='lat' dir='ltr'><strong>nou</strong></span> <span class='ocrx_word' id='word_1_916' title='bbox 2666 5594 3041 5669; x_wconf 83' lang='lat' dir='ltr'><strong>contristemini</strong></span> <span class='ocrx_word' id='word_1_917' title='bbox 3061 5633 3075 5657; x_wconf 95' lang='lat'><strong>,</strong></span> <span class='ocrx_word' id='word_1_918' title='bbox 3108 5592 3237 5644; x_wconf 80' lang='lat' dir='ltr'><strong>sicut</strong></span> <span class='ocrx_word' id='word_1_919' title='bbox 3269 5580 3312 5635; x_wconf 66' lang='grc' dir='ltr'><strong>εὶ</strong></span> <span class='ocrx_word' id='word_1_920' title='bbox 3344 5580 3514 5645; x_wconf 50' lang='lat' dir='ltr'><strong>“ﬁeri</strong></span> 
     </span>
    </p>
   </div>
   <div class='ocr_carea' id='block_1_127' title="bbox 1904 5665 2969 5757">
    <p class='ocr_par' dir='ltr' id='par_1_127' title="bbox 1904 5665 2969 5757">
     <span class='ocr_line' id='line_1_128' title="bbox 1904 5665 2969 5757; baseline -0.013 -24"><span class='ocrx_word' id='word_1_921' title='bbox 1904 5681 1990 5757; x_wconf 76' lang='lat' dir='ltr'><strong>qui</strong></span> <span class='ocrx_word' id='word_1_922' title='bbox 2010 5693 2151 5753; x_wconf 82' lang='lat' dir='ltr'><strong>spem</strong></span> <span class='ocrx_word' id='word_1_923' title='bbox 2176 5692 2278 5730; x_wconf 88' lang='lat' dir='ltr'><strong>non</strong></span> <span class='ocrx_word' id='word_1_924' title='bbox 2305 5665 2489 5731; x_wconf 78' lang='lat' dir='ltr'><strong>habent</strong></span> <span class='ocrx_word' id='word_1_925' title='bbox 2519 5671 2565 5745; x_wconf 87' lang='grc' dir='ltr'><strong>(Ι</strong></span> <span class='ocrx_word' id='word_1_926' title='bbox 2599 5668 2836 5727; x_wconf 74' lang='lat' dir='ltr'><strong>l‘hessal.</strong></span> <span class='ocrx_word' id='word_1_927' title='bbox 2866 5665 2969 5735; x_wconf 75' lang='grc' dir='ltr'><strong>ιν).</strong></span> 
     </span>
    </p>
   </div>
  </div>
