4022 6192
562 266 699 323 1207

1606 259 1886 317 JOANNIS
1927 257 2246 315 CASSIANI
2285 254 2780 313 COLLATIONES.

3743 248 3875 310 sxa

561 374 949 433 monachorum
974 390 1146 445 genus
1172 377 1391 445 antiqua
1442 374 1679 429 inimicae
1707 374 1887 443 gentis
1924 388 2159 431 consue-
2183 384 2238 446 Α
2260 373 2409 429 mino
2435 370 2775 427 dedicarent.
2805 368 3076 426 Cmterum
3100 368 3230 440 justi
3263 366 3456 437 quibus
3500 369 3595 422 lex
3637 381 3763 421 non
3795 378 3879 424 est

561 470 747 527 tudine
795 469 1131 523 testabantur
1157 510 1172 535 ,
1223 477 1277 523 et
1321 468 1387 521 ad
1418 466 1914 537 transmigrandum
1945 467 2013 523 de
2043 468 2156 522 suis

559 564 785 618 sedibus
835 564 1013 618 acrius
1045 562 1322 632 perurgeri
1348 600 1362 626 ,
1388 576 1455 616 eo
1479 559 1625 630 quod
1664 561 1962 617 secundum
2008 562 2156 616 illam

559 656 971 710 similitudinem
1004 670 1108 724 qua
1139 664 1267 708 tunc
1295 652 1541 725 Egyptii
1560 653 1697 709 ﬁlios
1715 653 1881 710 Israel
1907 654 2158 711 violentis

560 747 951 802 afﬂictionibus
1006 746 1423 813 opprimebant,
1490 761 1631 800 nunc
1696 760 1909 816 quoque
1971 761 2157 801 verum

560 837 767 903 Israel,
804 839 857 892 id
885 846 1004 903 est,
1056 838 1444 893 monachorum
1493 838 1709 908 plebem
1766 838 2158 894 intellectuales

562 930 805 999 Egyptii
838 927 1146 983 durissimis
1166 942 1227 982 ac
1261 928 1537 983 lutulentis
1583 929 1841 998 operibus
1872 930 2159 984 incurvare

506 1053 517 1064 ο
563 1030 851 1087 conentur,
877 1036 945 1075 ne
977 1035 1070 1090 per
1097 1022 1323 1075 amicam
1358 1022 1468 1076 Deo
1489 1022 1727 1090 quietem
1754 1030 1951 1075 terram
1986 1020 2158 1091 Egy-

482 1100 491 1105 ’
563 1114 731 1184 ptiam
779 1114 1134 1178 deserentes,
1167 1115 1234 1168 ad
1265 1130 1509 1171 eremum
1559 1117 1817 1169 virtutum
1868 1113 2161 1167 salubriter

565 1219 938 1261 transeamus:
981 1208 1051 1259 ita
1085 1216 1143 1260 ut
1169 1210 1456 1260 adversum
1486 1221 1585 1260 nos
1628 1205 1838 1260 Pharao
1868 1204 2162 1259 inlremens

566 1296 711 1351 dicat
734 1340 748 1363 ,
799 1297 968 1350 Otiosi
1012 1309 1165 1363 sunt,
1209 1309 1256 1353 et
1284 1300 1479 1351 idcirco
1510 1298 1859 1367 vociferantur
1893 1297 2119 1351 dicentes
2146 1337 2161 1362 ,

565 1390 760 1445 Eamus
792 1400 838 1443 et
859 1392 1204 1459 sacriﬁcemus
1225 1390 1447 1444 Domino
1476 1391 1581 1444 Deo
1610 1400 1825 1456 nostro;
1849 1390 2164 1459 Oppriman-

567 1493 653 1537 tur
685 1483 964 1546 laboribus,
990 1496 1037 1537 et
1069 1484 1279 1537 solliciti
1322 1486 1421 1537 sint
1452 1486 1505 1537 in
1537 1484 1774 1554 aperibus
1805 1485 1943 1549 suis,
1976 1493 2025 1537 et
2064 1501 2164 1539 non

566 1578 671 1630 sint
699 1578 909 1630 solliciti
931 1578 983 1629 in
1011 1578 1172 1630 verbis
1202 1578 1342 1630 vanis
1366 1575 1563 1647 (Exod.
1594 1575 1671 1646 v).
1703 1577 1837 1631 Nam
1871 1576 2054 1647 utique
2070 1592 2163 1632 va-

567 1669 709 1722 nitas
751 1669 1042 1737 impiorum
1074 1679 1320 1724 sanctum
1353 1670 1569 1725 Domini
1619 1670 1967 1734 sacriﬁcium,
2019 1670 2162 1741 quod

2260 466 2474 535 posita,
2530 464 2733 533 quiqtte
2783 462 3120 532 spiritalibus
3174 460 3367 514 ofﬁciis
3426 473 3537 513 non
3602 460 3877 529 exiguam

2260 558 2428 622 illam,
2463 556 2516 611 id
2546 565 2654 621 est,
2681 554 2948 609 decimam
2974 562 3203 623 partem,
3243 552 3340 607 sed
3370 558 3548 605 totum
3583 551 3727 606 vitae
3762 568 3875 608 sua:

2261 658 2473 721 tempus
2503 647 2856 718 impendunt,
2900 647 3024 716 quia
3073 643 3227 699 liberi
3269 651 3396 698 sunt
3436 658 3467 697 a
3514 643 3875 698 decimarum

2260 741 2513 811 legalium
2543 740 2840 805 iunctione,
2872 737 3079 792 idcirco
3108 738 3153 792 si
3193 751 3289 791 eos
3316 738 3733 805 superveniens
3780 737 3877 792 bo-

2263 842 2417 889 nesta
2464 842 2519 889 et
2561 842 2748 887 sancta
2788 830 3091 887 necessitas
3116 830 3427 894 coarctarit,
3458 829 3670 884 audent
3696 828 3729 867 δ
3766 840 3879 886 sta—

2264 924 2465 980 tionem
2486 924 2677 995 jejunii
2705 925 2907 989 absque
2934 924 3043 977 ulla
3077 923 3470 992 disceptatione
3498 924 3713 979 laxare.
3749 923 3873 979 Non

2264 1019 2409 1075 enim
2458 1018 2527 1071 ab
2575 1016 2653 1072 eis
2704 1016 3039 1071 decimarum
3084 1016 3350 1084 exiguitas
3400 1015 3711 1081 mutilatur,
3782 1018 3875 1086 qui

2266 1110 2431 1184 [Lips.
2464 1111 2518 1163 in
2548 1126 2715 1179 marg.
2754 1108 2902 1180 quia]
2932 1109 3114 1163 omnia
3147 1123 3243 1162 sua
3274 1108 3504 1161 Domino
3541 1124 3742 1163 secum
3779 1125 3875 1180 pa-

2264 1207 2404 1260 riter
2434 1204 2765 1259 obtulerunt.
2791 1202 2944 1269 Quod
2968 1202 3214 1272 profecto
3238 1202 3447 1271 absque
3472 1218 3689 1258 summo
3719 1202 3875 1257 trau-

2264 1297 2349 1352 dis
2376 1306 2527 1351 reatu
2560 1297 2738 1350 lacere
2766 1295 2858 1349 ille
2889 1310 2998 1348 non
3029 1296 3244 1363 poterit,
3279 1295 3370 1364 qui
3393 1296 3528 1348 nihil
3549 1297 3872 1350 voluntarie

2266 1390 2503 1445 oﬂerens
2533 1389 2668 1456 Deo,
2718 1388 3169 1443 inexcusabiliter
3200 1388 3418 1443 solvere
3456 1389 3701 1443 decimas
3736 1405 3869 1443 suas

2266 1482 2399 1552 legis
2454 1482 2783 1536 necessitate
2831 1480 3191 1550 compellitur.
3251 1480 3593 1549 Quapropter
3651 1482 3869 1551 liquido

2265 1576 2649 1644 comprobatur
2707 1575 3003 1644 perlectum
3056 1587 3178 1629 esse
3226 1590 3333 1627 non
3377 1588 3537 1643 posse
3589 1574 3868 1629 famulum

2265 1668 2422 1738 legis,
2457 1669 2549 1737 qui
2597 1668 2681 1723 vel
2713 1667 2805 1721 illa
2851 1682 2972 1737 qua:
3001 1666 3357 1736 prohibentur
3403 1678 3587 1735 cavet,
3634 1668 3721 1721 vel
3770 1670 3868 1723 illa

568 1776 678 1813 non
720 1761 823 1813 nisi
854 1760 906 1813 in
950 1776 1136 1815 eremo
1183 1761 1339 1815 liberi
1370 1762 1552 1816 cordis
1598 1762 1856 1830 otl'ertur,
1893 1778 2159 1817 summam
2192 1766 2240 1826 B
2267 1777 2386 1832 qua:
2433 1761 2820 1832 praecipiuntur
2865 1760 3203 1831 exsequitur,
3237 1760 3333 1814 sed
3383 1760 3505 1815 illos
3558 1776 3687 1816 vere
3735 1776 3864 1816 esse

568 1866 692 1905 esse
718 1851 909 1905 astruit
934 1852 1222 1907 vanitatem
1251 1898 1264 1922 ,
1298 1854 1629 1909 abominatio
1667 1864 1753 1909 est
1794 1854 1995 1911 etenim
2037 1870 2163 1926 pec-

570 1946 744 1999 catori
777 1944 985 2014 religio.

1144 2038 1371 2093 CAPUT
1393 2037 1587 2093 XXIX.

573 2127 725 2195 Quod
762 2128 974 2198 perfecti
1023 2132 1483 2200 supergrediantur
1527 2132 1687 2202 legem
1720 2130 2157 2203 Quadragesimat.

644 2219 757 2273 Hac
786 2229 811 2255 ⁸
840 2219 1003 2288 igitur
1032 2221 1469 2291 Quadragesimtc
1498 2222 1637 2291 lege,
1675 2225 1765 2291 qui
1795 2226 1973 2292 justus
2000 2234 2162 2293 atque

570 2311 846 2381 perlectus
872 2323 975 2379 est,
1005 2327 1110 2367 non
1141 2322 1387 2379 tenetur;
1421 2330 1523 2369 nec
1544 2316 1720 2384 exigui
1744 2315 1905 2384 hujus
1936 2318 2162 2372 canonis

574 2408 914 2476 subjectione
945 2416 1229 2463 contentus
1260 2417 1372 2473 est,
1424 2424 1583 2477 quem
1631 2407 1874 2478 profecto
1916 2409 2022 2463 illis
2070 2410 2166 2479 qui

573 2514 674 2569 per
705 2510 874 2555 totum
897 2502 1023 2555 anni
1049 2502 1280 2570 spatium
1318 2502 1525 2556 deliciis
1565 2502 1649 2556 vel
1682 2503 1911 2572 negotiis
1940 2503 2164 2557 saecula-

572 2591 725 2645 ribus
756 2592 1102 2659 implicantur
1129 2592 1178 2663 (I
1218 2592 1350 2644 Tim.
1385 2592 1447 2659 ι),
1482 2592 1846 2647 Ecclesiarum
1892 2594 2165 2664 principes

571 2692 911 2748 statuerunt;
943 2695 1001 2738 ut
1030 2685 1116 2739 vel
1147 2685 1246 2739 hac
1277 2686 1435 2755 legali
1483 2686 1886 2755 quodammodo
1926 2687 2166 2743 necessi-

570 2782 684 2830 tate
730 2772 1029 2839 constricti,
1079 2775 1160 2828 his
1210 2776 1401 2830 saltem
1449 2776 1644 2831 diebus
1693 2792 1889 2832 vacare
1936 2777 2165 2833 Domino

573 2873 919 2933 cogerentur,
963 2880 1025 2920 ac
1055 2867 1267 2920 dierum
1317 2869 1441 2922 vitae
1487 2883 1619 2933 suae,
1667 2884 1803 2939 quos
1834 2878 1978 2924 totos
2009 2870 2164 2938 quasi

571 2961 777 3015 fructus
807 2960 1071 3029 quosdam
1104 2960 1317 3015 fuerant
1348 2964 1610 3031 voraturi,
1643 2964 1729 3018 vel
1774 2964 2015 3019 decimas
2057 2964 2167 3020 Do-

2268 1856 2540 1925 perlectos
2562 1856 2652 1924 qui
2677 1855 2837 1909 etiam
2866 1854 2951 1908 his
2974 1869 3093 1923 quae
3116 1868 3144 1905 a
3170 1853 3289 1922 lege
3316 1867 3574 1908 concessa
3600 1862 3728 1907 sunt
3749 1869 3866 1908 non

2268 1957 2511 2003 utuntur.
2546 1947 2614 2001 Et
2645 1946 2746 2001 hac
2777 1946 2988 2000 ratione
3032 1959 3154 1999 cum
3184 1944 3253 1999 de
3282 1945 3514 1999 Mosaica
3558 1945 3677 2013 lege
3706 1945 3866 2000 dica-

2267 2048 2392 2094 tur:
2430 2049 2451 2077 °
2486 2038 2637 2092 Nihil
2667 2039 2801 2092 enim
2829 2037 2897 2089 ad
2927 2040 3208 2107 perfectum
3250 2038 3488 2105 perduxit
3528 2037 3611 2090 lea:
3654 2036 3862 2109 (Hebr.

2268 2131 2390 2203 vn),
2416 2131 2704 2185 nonnullos
2731 2140 3039 2183 sanctorum
3072 2128 3126 2181 in
3156 2129 3324 2181 veteri
3356 2128 3706 2182 Testamento
3738 2144 3865 2195 per-

2267 2225 2440 2282 fectos
2482 2225 2706 2294 legimus
2736 2224 3035 2287 exstitisse,
3068 2222 3192 2291 quia
3225 2223 3679 2276 transcendentes
3728 2223 3865 2292 legis

2268 2323 2553 2393 imperium
2579 2322 2681 2375 sub
2704 2319 3012 2389 evangelica
3036 2317 3366 2388 perfectione
3395 2319 3663 2380 vixerunt,
3685 2318 3866 2370 scien-

2267 2426 2343 2470 tes
2373 2417 2509 2486 quod
2526 2416 2686 2487 justis
2716 2431 2818 2467 non
2867 2424 2940 2466 est
2984 2412 3067 2465 lex
3112 2413 3296 2480 posita,
3325 2413 3414 2465 sed
3437 2412 3645 2482 injustis
3676 2421 3727 2464 et
3758 2427 3865 2464 non

2268 2509 2504 2573 subditis,
2535 2508 2707 2577 impiis
2734 2515 2784 2560 et
2813 2503 3187 2577 peccatoribus,
3214 2502 3467 2556 sceleratis
3507 2511 3555 2554 et
3583 2502 3867 2554 contami-

2270 2604 2405 2656 natis
2434 2602 2490 2655 ll
2520 2600 2652 2654 Tim.
2682 2599 2751 2669 ι).

2852 2688 3079 2745 CAPUT
3117 2686 3281 2743 XXX.

2576 2826 2651 2882 De
2680 2843 2840 2882 causa
2870 2834 2916 2881 et
2942 2826 3089 2879 initio
3133 2821 3562 2893 Quadragesimte.

2341 2960 2368 3000 ἀ
2408 2961 2699 3019 Sciendum
2733 2976 2863 3018 sane
2893 2960 3030 3016 hanc
3066 2958 3462 3015 observantiam
3500 2954 3858 3025 Quadragesi-

1666 3091 1926 3147 ALARDI
1962 3091 2196 3149 GAZEI
2234 3092 2802 3151 COMMENTARIUS.

648 3213 675 3240 ι
704 3202 967 3257 Sullicere
996 3202 1128 3256 mihi
1151 3204 1434 3258 videbatur
1456 3204 1543 3259 hic
1570 3206 1846 3259 monuisse
1879 3205 2158 3273 lectorem,
2192 3206 2239 3269 C

574 3284 633 3346 ut
663 3274 1039 3346 annotationes
1066 3281 1124 3346 et
1147 3289 1412 3327 censuras
1451 3274 1599 3330 dom.
1632 3276 1879 3346 Cuychii,
1915 3292 2018 3331 nec
2056 3293 2163 3331 non

574 3344 817 3416 Ciaconii
849 3344 901 3395 in
925 3344 1075 3416 hunc
1115 3344 1289 3397 locum
1338 3347 1625 3413 diligenter
1656 3344 1956 3416 perlegeret
1983 3356 2039 3401 et
2066 3363 2164 3402 ex-

576 3413 857 3477 penderet.
908 3414 1013 3468 Sed
1054 3426 1355 3483 opportune
1410 3413 1958 3471 occurritseuténtia
2009 3418 2160 3473 card.

573 3484 891 3555 Bcllarmini
934 3485 1001 3539 de
1032 3484 1134 3540 hoc
1177 3487 1361 3540 itidem
1399 3487 1542 3552 loco,
1573 3504 1675 3555 qua
1717 3489 2033 3543 Cassianum
2068 3504 2165 3545 seu

618 3556 758 3608 otius
811 3554 1089 3609 Theonam
1133 3556 1382 3612 abbatem
1435 3575 1541 3613 non
1592 3560 1756 3613 modo
1787 3571 2037 3625 excusat,
2068 3561 2165 3616 sed

601 3626 896 3700 ongissitne
944 3628 1181 3682 abfuisse
1222 3630 1411 3683 a~serit
1443 3630 1512 3683 ab
1543 3644 1729 3685 errore
1773 3630 2162 3700 Begardorum,

575 3698 669 3771 qui
697 3696 970 3752 docebant
996 3699 1140 3752 viros
1165 3699 1438 3766 perfectos
1461 3716 1565 3754 non
1598 3704 1769 3756 teneri
1804 3696 2007 3771 legibus
2026 3696 2165 3770 jejué

575 3768 845 3841 siiorum;
880 3784 1037 3838 quam
1079 3774 1401 3824 sententiam
1450 3771 1758 3827 Bellarmini
1808 3768 1903 3841 pro
1945 3768 2165 3827 lectoris

577 3840 966 3894 commoditate
993 3848 1047 3893 et
1074 3842 1442 3896 satisfactione
1483 3842 1572 3897 hic
1612 3840 1983 3898 ascribendam
2015 3846 2162 3897 duxi.

576 3909 669 3985 Sic
694 3910 855 3985 igitur
879 3911 1233 3985 Bellarnijnus
1255 3912 1394 3980 (Lib.
1418 3928 1462 3985 ιι
1477 3913 1541 3965 de
1565 3912 1699 3968 Bon.
1727 3914 1881 3985 Oper.
1907 3932 2020 3985 cap.
2044 3913 2161 3984 10):

582 3980 735 4055 Quod
761 3982 938 4055 attinet
982 3981 1050 4033 ad
1082 3981 1411 4055 Cassiqnum,
1446 3983 1742 4055 longissime
1772 3980 1937 4055 abfuit
1969 3980 2087 4054 "ipse
2112 3980 2167 4038 ἀ

578 4049 933 4126 Βεῃατᾴονιιηι
980 4068 1185 4126 erroreL
1226 4052 1351 4106 Tria
1385 4049 1557 4126 auteni
1598 4067 1717 4107 sunt
1742 4049 2007 4126 praiciptta
2051 4072 2167 4125 qua!

581 4122 731 4175 docet
761 4122 812 4174 in
843 4140 901 4175 eo
928 4125 1111 4193 capite.
1148 4122 1385 4177 Primum
1414 4125 1634 4194 afﬁrmat
1661 4122 1907 4179 homines
1910 4122 2085 4196 justos
2108 4143 2166 4179 ac

582 4196 839 4266 perfectos
864 4209 965 4266 non
996 4196 1261 4266 subjacere
1289 4197 1386 4266 legi
1414 4198 1636 4265 cogenti,
1669 4213 1783 4249 cum
1814 4199 1915 4265 ipsi
1944 4214 2045 4249 non
2075 4213 2167 4262 per

585 4262 1051 4338 Quadragesintant
1083 4262 1283 4338 solun,
1332 4262 1421 4319 sed
1466 4262 1618 4338 etiam
1648 4285 1738 4338 per
1766 4262 1923 4321 totum
1969 4284 2167 4321 annum

583 4340 765 4410 sponte
805 4333 1144 4410 alacriterque
1182 4336 1442 4410 ieiunent.
1478 4333 1676 4410 Deinde
1716 4339 1861 4391 addit
1909 4340 2168 4410 ejusmodi

585 4403 837 4481 perfectos
867 4403 1095 4481 vir_os,_s_i
1130 4422 1285 4459 causa
1316 4408 1465 4481 adsit
1498 4407 1769 4462 relaxandi
1796 4403 2062 4481 jejunium
2088 4412 2169 4464 in-

586 4472 813 4537 dictum,
845 4474 1000 4555 tutius
1027 4476 1081 4527 id
1108 4492 1253 4555 posse
1283 4479 1467 4555 facere
1508 4496 1675 4555 quam
1703 4472 1911 4555 cancros
1950 4482 2044 4555 qui
2066 4496 2169 4535 non

586 4554 800 4623 servant
818 4548 919 4597 nisi
950 4548 1247 4623 praescripta
1264 4551 1491 4622 jejunio.
1518 4548 1761 4619 quoniam
1782 4554 1883 4623 ipsi
1909 4548 2031 4605 certi
2051 4562 2169 4605 sunt

587 4624 634 4667 et
661 4618 878 4693 apud-se
904 4627 949 4669 et
987 4620 1125 4693 apud
1164 4618 1291 4673 alios
1314 4618 1374 4675 se
1414 4618 1713 4675 non'causa
1741 4618 2169 4693 iniemperantiw,

586 4687 877 4763 scd_solitts
919 4687 1203 4763 cheruntis,
1252 4693 1513 4745 relaxasse
1548 4692 1775 4763 jejunio.
1811 4687 1971 4745 Addit
2002 4687 2171 4746 tamen

589 4757 739 4810 tertio
770 4761 899 4809 i'iros
928 4758 1045 4810 illos
1074 4760 1339 4834 perfectos,
1372 4765 1459 4831 qtti
1491 4757 1580 4829 per
1599 4757 1775 4816 'totum
1805 4780 1995 4817 annum
2024 4764 2171 4834 jeju—

589 4838 738 4892 nant,
787 4843 887 4879 non
937 4831 1096 4883 teneri
1146 4830 1342 4901 legibus
1384 4834 1731 4903 jejuniorum,
1774 4836 1957 4903 quibus
2002 4830 2171 4887 deleri

589 4907 842 4974 tenentur,
876 4916 989 4952 cum
1003 4903 1113 4974 ipsi
1140 4904 1256 4974 plus
1287 4904 1504 4970 offerunt
1532 4904 1634 4957 Deo
1669 4922 1823 4974 quam
1867 4905 1943 4957 Itis
1978 4905 2171 4973 legibus

591 4972 941 5040 prwcipiutur.
977 4972 1146 5041 Atque
1169 4980 1221 5027 in
1248 4976 1343 5028 hoc
1375 4977 1522 5029 tertio
1550 4992 1651 5028 non
1680 4972 2169 5029 existiniamus’sen-

590 5043 805 5095 tentiam
857 5044 985 5119 ejus
1010 5062 1117 5098 esse
1159 5048 1488 5119 sequendam,
1522 5055 1628 5098 tum
1671 5048 1792 5117 quia
1831 5064 1930 5099 non
1978 5056 2173 5119 oportet

544 5108 555 5183 ξ
591 5124 803 5182 propter
828 5108 1137 5169 oblationem
1166 5108 1509 5169 voluntariam
1537 5108 1920 5182 prtetérmittere
1944 5108 2175 5171 necessa-

546 5183 744 5247 lriatn,
796 5193 902 5237 tum
951 5198 1158 5254 promer
1209 5188 1461 5241 rationem
1507 5190 1663 5258 paulo
1719 5199 1837 5241 ante
1893 5189 2173 5254 traditam;

590 5258 823 5328 quamvis
870 5258 1001 5311 enim
1045 5274 1147 5309 non
1185 5268 1359 5328 egeant
1398 5259 1478 5311 illi
1506 5260 1573 5311 ad
1600 5275 1803 5311 carnem
1834 5259 2175 5312 edomandam

580 5326 789 5396 jeiunio
806 5344 1094 5402 paucorum
1125 5326 1340 5393 dierum,
1401 5331 1488 5395 qui
1526 5345 1614 5397 per
1642 5339 1770 5381 totos
1805 5345 1999 5383 menses
2030 5332 2176 5402 jeju-

590 5412 715 5449 nure
734 5399 930 5463 solent;
952 5409 1119 5450 tanten
1142 5401 1221 5454 lea:
1237 5403 1519 5454 communis
1540 5408 1615 5454 est
1640 5409 1684 5453 et
1703 5402 1935 5453 omnibus
1958 5399 2173 5467 indicta,

587 5470 807 5591 ﬁroinde
857 5488 941 5523 eos
992 5486 1192 5540 quoque
1240 5472 1464 5542 obligare
1508 5488 1609 5525 non
1660 5472 1864 5525 desinit.
1903 5473 2174 5527 Hactenus

638 5542 977 5591 ellat‘mintis.
1026 5543 1189 5591 tLttitts
1240 5546 1525 5591 sontentiai
1572 5546 1793 5591 omnino
1849 5542 2174 5591 sullrnaatur

638 5542 977 5594 ellai‘mintis.
1026 5543 1189 5609 Cujus
1240 5546 1525 5596 sentcntiae
1572 5546 1793 5597 omnino
1849 5542 2174 5611 sullragatut‘

588 5612 831 5686 synodus
864 5612 1174 5686 Tridentina
1210 5612 1377 5686 (Sess.
1406 5616 1437 5669 6
1476 5630 1590 5666 can.
1618 5612 1673 5686 ἓ)
1696 5658 1706 5679 ,
1731 5614 1819 5666 sub
1851 5613 2173 5668 anathemate

629 5679 848 5754 eﬁniens
872 5682 1124 5754 hominem
1138 5679 1483 5754 justi/iculum
1514 5695 1559 5736 et
1588 5679 1864 5751 quamlibet
1890 5689 2170 5754 perfectum

591 5747 752 5815 tortari
780 5748 848 5801 ad
886 5747 1255 5803 observaniiam
1275 5747 1649 5809 mandatorum
1688 5755 1784 5808 Dei
1822 5763 1868 5809 et
1890 5747 2163 5819 Ecclesia.

2342 3205 2369 3243 δ
2403 3207 2701 3261 Stationem
2725 3204 2915 3273 jejunii
2941 3204 3081 3272 apud
3108 3203 3427 3258 Cassianum
3455 3217 3548 3272 pro
3580 3202 3701 3270 ipso
3720 3204 3859 3273 jeju-

2272 3278 2363 3331 nio
2395 3278 2588 3345 accipi,
2621 3276 2747 3329 alibi
2774 3277 3111 3330 ostendimus
3134 3274 3273 3337 (Lib.
3307 3292 3337 3327 v
3370 3275 3541 3329 lnstit.
3572 3290 3689 3342 cap.
3718 3275 3855 3344 ειν

2270 3364 2379 3414 quo
2409 3350 2567 3401 etiam
2606 3346 2767 3399 modo
2793 3349 2992 3415 accipit
3014 3346 3384 3401 Tertullianus
3416 3348 3467 3398 iti
3502 3346 3595 3397 lib.
3632 3346 3699 3397 de
3732 3347 3856 3399 Ora-

2272 3418 2421 3473 tione
2459 3427 2722 3480 extremo,
2772 3418 2860 3469 ubi
2907 3418 3121 3483 qumrit,
3170 3425 3345 3468 utrum
3389 3433 3477 3482 per
3518 3415 3858 3471 Eucltaristitz

2271 3490 2642 3557 perceptionem
2674 3485 2901 3539 solvatur
2930 3486 3128 3539 statio?
3157 3488 3300 3557 quod
3349 3486 3573 3555 perinde
3604 3496 3691 3541 est
3734 3503 3791 3541 ac
3814 3488 3854 3540 si

2267 3555 2617 3627 qu:ereretan
2646 3557 2980 3609 Eucharistia
3003 3558 3074 3609 sit
3100 3555 3220 3627 talis
3243 3556 3422 3627 cibus,
3450 3566 3504 3607 ut
3526 3571 3596 3609 eo
3623 3568 3849 3627 sumpto.

2269 3626 2553 3684 censeatur
2599 3629 2831 3680 solutum
2881 3640 3000 3680 esse
3049 3626 3348 3693 jejunium?
3395 3626 3450 3683 In
3504 3626 3851 3694 antiqnoilto

2266 3701 2430 3764 libro,
2457 3700 2583 3753 licet
2614 3697 2940 3767 apocrypha,
2973 3700 3061 3764 qtti
3088 3697 3322 3750 Pastoris
3355 3697 3704 3764 inscribitur,
3733 3701 3853 3755 lier-

2271 3786 2388 3826 tnas
2415 3771 2533 3840 ejus
2568 3770 2692 3822 libri
2721 3778 2907 3821 auctor
2934 3770 3009 3823 sic
3038 3767 3333 3840 introducit
3363 3768 3651 3840 Pastorem
3682 3787 3853 3826 secum

2270 3837 2585 3912 loquentem
2618 3860 2630 3893 :
2680 3840 2813 3905 Quid
2845 3849 2950 3892 tant
2980 3855 3125 3892 mane
3159 3837 3260 3912 huc
3286 3839 3509 3912 venisti?
3556 3840 3853 3909 Respondi:

2274 3909 2560 3979 Quoniam,
2590 3912 2829 3977 Domine,
2858 3912 3129 3965 stationem
3158 3909 3341 3963 habeo.
3376 3910 3512 3975 Quid
3542 3922 3640 3979 est,
3676 3916 3850 3982 inquit,

2269 3985 2462 4038 statio?
2489 3983 2556 4037 Et
2585 3983 2695 4036 dixi
2718 3997 2736 4034 :
2764 3982 3052 4053 Jejunium.
3083 3982 3171 4053 Sic
3200 3982 3367 4035 etiam
3399 3982 3460 4035 D.
3506 3982 3850 4053 Hieronymus

2271 4070 2469 4109 nomen
2502 4054 2752 4108 stationis
2782 4052 3062 4122 usurpavit
3097 4052 3191 4106 lib.
3237 4068 3275 4106 ιι
3302 4066 3489 4106 contra
3519 4052 3847 4107 Iovinianum

2272 4124 2342 4179 ita
2394 4126 2678 4181 scribens:
2714 4124 2868 4189 Saul,
2900 4126 3029 4176 sicut
3075 4124 3127 4176 in
3175 4123 3477 4191 Regnorum
3524 4127 3682 4191 primo
3719 4125 3846 4177 libro

2269 4196 2533 4259 scribitur,
2578 4195 2915 4256 Maledictus,
2946 4196 3132 4265 inquit,
3180 4196 3269 4259 qui
3298 4196 3459 4247 ederit
3490 4211 3666 4262 partem
3693 4211 3848 4261 usque

2270 4267 2341 4319 ad
2360 4284 2637 4335 vesperam,
2661 4268 2821 4319 donec
2844 4268 3061 4319 ulciscar
3089 4281 3165 4317 me
3180 4265 3250 4335 de
3266 4266 3486 4318 inimicis
3509 4266 3653 4317 meis.
3677 4266 3734 4317 Et
3754 4283 3849 4319 non

2270 4334 2494 4409 gustarit
2524 4338 2692 4409 omnis
2736 4336 2959 4409 papulus
2998 4339 3131 4409 ejus.
3160 4334 3415 4405 Tantique
3452 4336 3549 4409 [uit
3577 4338 3849 4409 auctoritas

2270 4405 2505 4462 Stationis
2535 4405 2689 4461 semel
2725 4406 2945 4459 Domino
2994 4405 3297 4469 destinant,
3350 4416 3403 4477 ut
3446 4405 3728 4469 lauat/tas,
3762 4408 3852 4477 qui

2272 4496 2429 4533 causa
2478 4478 2705 4533 victoria:
2755 4480 3049 4543 exstiterat,
3099 4476 3548 4548 deprehenderetur
3598 4485 3751 4540 sorte,
3799 4487 3851 4530 et

2271 4551 2578 4621 ignorantia:
2604 4549 2795 4621 crimen
2826 4550 3087 4621 declinare
3112 4566 3214 4601 non
3244 4555 3419 4615 posset.

2353 4634 2373 4659 υ
2407 4623 2480 4674 Ex
2505 4638 2584 4685 se,
2615 4620 2825 4687 supple.
2854 4618 2988 4673 Nam
3012 4621 3155 4689 quod
3180 4621 3344 4686 aliqui
3364 4615 3528 4670 sancti
3555 4618 3848 4685 etperiecti

2276 4692 2377 4747 sub
2408 4692 2524 4762 lege
2546 4692 2878 4762 exstiterint,
2905 4690 2956 4744 id
2977 4705 3084 4762 non
3110 4692 3323 4762 exilege
3353 4703 3447 4742 seu
3478 4689 3671 4742 virtute
3698 4690 3843 4759 legis,

2276 4764 2371 4817 sed
2395 4761 2663 4832 ex’gratia
2684 4761 2910 4826 Christi,
2937 4761 2989 4814 id
3020 4772 3126 4826 est,
3152 4761 3377 4823 Messias,
3409 4762 3459 4812 in
3484 4775 3644 4826 quem
3673 4763 3845 4816 crede-

2276 4834 2428 4897 bant,
2461 4838 2739 4888 consecuti
2772 4845 2917 4899 sunt,
2964 4842 3023 4886 ut
3063 4833 3264 4901 passim
3295 4832 3454 4885 docet
3483 4833 3769 4898 Apostolus
3797 4837 3841 4886 in

2278 4904 2557 4975 Epistolis,
2583 4904 2699 4972 lege
2730 4913 2936 4958 tantum
2961 4905 3025 4957 ad
3056 4904 3629 4975 gratiam_disponente
3651 4915 3702 4957 et
3730 4915 3845 4957 tam-

2276 4972 2436 5043 quam
2491 4976 2782 5045 paedagogo
2837 4972 3441 5045 tnanuducente.Undc
3471 4972 3629 5045 Joan.
3661 4976 3844 5028 tahso-

2276 5046 2388 5101 Iule
2416 5056 2470 5101 et
2505 5062 2600 5113 per
2630 5043 2940 5099 antithesim
2967 5046 3166 5099 dicitur
3193 5063 3204 5096 :
3245 5044 3350 5099 Lex
3377 5061 3465 5113 per
3496 5043 3707 5114 Moysen
3735 5046 3843 5099 data

2276 5128 2351 5171 est
2378 5133 2396 5170 .'
2428 5117 2611 5170 Gratia
2642 5127 2687 5169 et
2716 5117 2901 5169 veritas
2944 5133 3034 5188 per
3062 5116 3245 5170 Iesum
3278 5116 3540 5170 Christum
3585 5122 3714 5185 facta
3756 5128 3838 5179 est,

2277 5203 2383 5258 non
2414 5204 2509 5256 per
2539 5188 2778 5258 Moysen.

2349 5255 2375 5293 ά
2416 5255 2675 5323 Quamvis
2722 5256 3012 5312 Ciaconius
3041 5258 3186 5313 hunc
3215 5259 3399 5314 locum
3446 5268 3727 5326 utcumque
3758 5258 3839 5311 dc-

2278 5328 2501 5383 fendere
2532 5340 2586 5383 et
2617 5328 2685 5381 ab
2712 5343 2898 5383 errore
2934 5339 2988 5382 et
3021 5329 3249 5384 falsitate
3279 5329 3561 5384 vindicare
3601 5341 3833 5386 conetur,

2279 5411 2458 5454 tamen
2496 5400 2603 5453 duo
2636 5410 2761 5453 sunt
2793 5399 2877 5454 hic
2914 5416 3032 5468 qua:
3060 5402 3189 5455 mihi
3221 5402 3473 5455 videntur
3510 5400 3836 5468 castigaiimw

2279 5472 2451 5540 magis
2481 5486 2641 5539 quam
2684 5474 3027 5524 excusatione
3072 5488 3134 5526 ac
3172 5472 3487 5526 defensione
3520 5472 3693 5538 digna.
3736 5472 3833 5523 Pri-

2280 5558 2448 5603 mnnt,
2482 5560 2589 5596 non
2621 5542 2786 5595 fuisse
2816 5542 2882 5595 ab
2918 5544 3176 5609 apostolis
3210 5547 3259 5596 in
3294 5545 3423 5611 ipsis
3455 5545 3710 5596 Ecclesnc
3746 5542 3834 5609 pri-

2280 5614 2503 5667 mordiis
2534 5615 2690 5665 latam
2716 5615 2887 5682 legem
2915 5614 2980 5666 de
3005 5615 3381 5669 observatione
3402 5615 3829 5681 Quadragcsimm,

2276 5685 2372 5739 sed
2404 5684 2795 5752 posterioribus
2829 5686 3164 5751 temporibus
3191 5702 3219 5739 a
3253 5686 3650 5745 Sacerdotibus,
3676 5685 3719 5752 id
3748 5692 3829 5746 est,

2274 5750 2544 5833 episcopis
2574 5753 2744 5815 fuisse
2774 5750 3075 5831 institutam
3116 5756 3351 5838 (Bellar.
3395 5756 3485 5829 tib.
3521 5772 3558 5812 tt
3599 5755 3664 5813 de
3700 5750 3830 5839 Bentt
