4022 6192
900 267 1244 326 COLLA'I‘IO
1285 269 1429 326 XXI.
1458 303 1528 313 —
1554 273 1644 329 DE
1685 274 2097 336 REMISSIONE
2135 279 2733 350 QUINQUAGESIMIE

188 393 318 481 mae,
350 380 606 448 quamdiu
638 381 897 438 Ecclesiae
927 383 1066 438 illius
1092 387 1372 456 primitiva:
1395 388 1655 458 perfectio
1689 393 1774 446 in-
1803 395 1855 455 Α
1880 395 1970 465 qui
1999 398 2293 468 Evangelio
2313 401 2560 471 credunt,
2587 418 2617 457 a
2635 402 2768 475 iugo
2793 411 2850 461 et
2872 403 3243 465 dominatione
3271 413 3480 481 peccati

187 471 389 527 violata
420 477 737 544 permansit,
761 478 972 545 penitus
994 495 1100 534 non
1124 479 1306 537 fuisse.
1332 483 1448 538 Non
1475 485 1618 540 enim
1645 501 1786 555 prte-

191 565 337 633 cepti
382 565 540 634 hujus
580 569 903 624 necessitate
954 585 1052 626 nec
1100 573 1250 642 quasi
1299 575 1456 644 legali
1501 579 1785 637 sanctione

193 660 497 725 constricti,
522 661 842 717 arctissimis
857 662 1185 733 jejuniorum
1211 667 1450 723 terminis
1467 670 1786 728 claudeban-

197 760 308 818 tur,
335 753 422 821 qui
448 762 614 808 totum
642 757 768 809 anni
793 758 1022 825 spatium
1045 761 1235 828 aequali
1261 761 1470 832 jejunio
1488 767 1784 822 conclude-

197 845 351 899 bant.
397 846 595 901 Verum
638 863 759 904 cum
800 851 868 904 ab
907 851 994 906 illa
1026 851 1337 924 Apostolica
1378 856 1666 915 devotione
1693 859 1789 916 de-

199 938 468 994 scendens
497 941 741 1010 quotidie
767 945 1106 1001 credentium
1135 949 1426 1005 multitudo
1456 952 1568 1007 suis
1595 953 1788 1024 Opibus

200 1029 500 1099 incubaret,
543 1049 640 1088 nec
669 1050 760 1090 cas
801 1038 915 1091 usui
948 1049 1270 1095 cunctorum
1302 1043 1601 1098 secundum
1645 1047 1789 1116 Apo-

199 1127 464 1178 stolorum
496 1126 734 1182 instituta
774 1128 1047 1185 divideret
1077 1131 1282 1203 (Actor.
1311 1151 1364 1189 tv
1387 1133 1428 1206 ),
1485 1136 1577 1191 sed
1610 1139 1790 1207 priva-

198 1214 297 1268 tim
329 1215 621 1285 impendiis
665 1221 776 1275 suis
805 1223 1100 1278 consulens
1138 1241 1244 1280 non
1287 1241 1505 1284 servare
1546 1239 1785 1300 tantum,

199 1308 298 1362 sed
330 1310 491 1364 etiam
520 1327 716 1382 augere
744 1316 1100 1373 contenderet
1129 1317 1148 1387 (
1165 1321 1385 1375 Δάοι-,ν
1404 1324 1444 1392 ),
1481 1325 1703 1379 Ananiae
1733 1333 1788 1380 et

201 1398 487 1469 Sapphirae
532 1406 839 1474 exemplum
873 1419 1262 1466 non'contenta
1291 1415 1515 1478 sectari;
1569 1416 1619 1471 id
1660 1426 1788 1472 tunc

201 1493 468 1548 universis
499 1497 870 1554 sacerdotibus
895 1501 1117 1571 placuit,
1147 1513 1204 1559 ut
1234 1507 1482 1563 homines
1510 1509 1658 1564 curis
1684 1525 1790 1566 sae-

199 1582 472 1640 culnribus
513 1587 772 1659 illigatos,
814 1601 870 1646 et
898 1609 1034 1663 pene
1063 1596 1158 1667 (ut
1202 1597 1276 1652 ita
1306 1599 1536 1656 dixerim
1561 1601 1582 1672 )
1607 1603 1786 1658 conti-

201 1677 402 1732 nentiae
426 1680 510 1734 vel
532 1683 964 1751 compunctionis
987 1686 1222 1757 ignaros,
1266 1691 1332 1745 ad
1373 1707 1511 1762 opus
1543 1705 1786 1750 sanctum

1888 487 2092 545 liberos
2121 503 2282 562 atque
2304 493 2510 550 alienos
2532 509 2655 552 esse
2679 497 3017 568 pronuntiat,
3048 502 3319 570 quomodo
3341 521 3481 573 pene

1888 581 1944 637 in
1974 583 2226 639 omnibus
2253 585 2538 655 baptizatis
2564 588 2711 659 viget
2743 589 3047 646 dominatio
3090 603 3440 662 peccatorum
3463 637 3480 661 ,

1887 677 2186 732 secundum
2217 679 2544 734 sententiam
2568 680 2779 737 Domini
2808 683 2900 753 qui
2927 683 3004 739 ait
3031 703 3045 738 :
3075 683 3260 740 Omnis
3284 686 3372 756 qui
3403 687 3484 757 fa.

1889 771 1960 825 cit
1979 781 2266 842 peccatum,
2296 789 2466 828 servus
2487 783 2562 828 est
2591 782 2787 846 peccati
2818 777 3008 851 (Joan.
3041 775 3198 851 vm)?

2442 886 2671 945 CAPUT
2707 889 2928 947 XXXII.

1891 977 2178 1050 Responsio
2211 980 2275 1035 de
2300 978 2594 1048 di/ferentia
2618 984 2800 1053 gratia:
2839 997 2888 1037 et
2923 983 3170 1055 legalium
3205 1003 3485 1059 praecepe-

2621 1070 2758 1109 rum.

1964 1142 2217 1198 Tbeonas
2242 1161 2253 1197 :
2284 1143 2646 1212 Quaestionem
2674 1146 2832 1204 nobis
2865 1161 3052 1202 rursus
3081 1163 3186 1204 non
3214 1151 3482 1207 modicam

1891 1234 2169 1306 inquisitio
2193 1246 2372 1292 vestra
2399 1240 2721 1308 commovit,
2747 1239 2902 1309 cujus
2931 1242 3036 1295 vim
3063 1242 3191 1297 licet
3216 1244 3379 1299 sciam
3415 1243 3484 1300 ab

1891 1331 2190 1400 inexpertis
2233 1347 2332 1387 nec
2376 1333 2512 1388 tradi
2572 1348 2733 1404 posse
2772 1349 2873 1389 nec
2918 1334 3144 1405 percipi,
3198 1343 3376 1390 tamen
3426 1336 3483 1392 in

1891 1433 2150 1494 quantum
2191 1433 2382 1494 potero
2417 1425 2598 1481 verbis
2627 1426 2908 1482 absolvere
2951 1436 3006 1481 et
3044 1426 3289 1482 breviter
3317 1443 3485 1498 expe-

1892 1514 2009 1570 dire
2038 1516 2289 1582 tentabo;
2323 1517 2368 1572 si
2410 1519 2569 1572 modo
2601 1518 2910 1573 intellectus
2944 1529 3125 1574 vester
3159 1533 3221 1573 ea
3253 1535 3372 1589 quae
3398 1519 3485 1574 di-

1892 1606 2094 1676 cimus,
2147 1608 2308 1664 etiam
2367 1610 2620 1679 operibus
2677 1610 3059 1680 subsequatur.
3117 1610 3484 1680 Quaecumque

1893 1701 2037 1755 enim
2077 1715 2182 1755 non
2219 1717 2310 1771 per
2341 1702 2671 1770 doctrinam,
2701 1704 2798 1758 sed
2830 1718 2926 1773 per
2955 1704 3342 1773 experientiam
3383 1719 3480 1759 co-

199 1771 464 1866 canonica
490 1772 817 1866 jejuniorum
858 1779 1153 1837 indictione
1190 1796 1531 1855 revocarent,
1560 1796 1615 1842 et
1647 1790 1795 1846 velut
1821 1786 1871 1847 B
1898 1801 2262 1862 gnoscuntur,
2296 1793 2440 1849 sicut
2481 1795 2622 1850 tradi
2649 1796 2717 1849 ab
2747 1771 3030 1866 inexperto
3072 1805 3368 1866 nequeunt,
3414 1795 3486 1852 ita

199 1861 455 1931 legalium
485 1865 816 1924 decimarum
846 1875 1168 1932 necessitate
1210 1880 1625 1950 eompellerent,
1666 1899 1791 1954 qua:

200 1957 389 2024 utique
419 1958 648 2014 inﬁrmis
677 1963 936 2030 prodesse
976 1969 1166 2036 possit,
1193 1978 1248 2024 et
1292 1972 1546 2041 perfectis
1585 1974 1782 2045 prreju-

201 2045 386 2102 dicare
408 2065 515 2104 non
544 2053 734 2120 possit,
759 2056 850 2124 qui
872 2058 972 2112 sub
994 2060 1161 2130 gratia
1185 2061 1460 2134 Evangelii
1486 2067 1789 2135 constituti,

201 2139 512 2196 voluntaria
547 2143 717 2214 legem
751 2146 1043 2205 devotione
1073 2155 1479 2221 transcendunt,
1531 2167 1588 2212 ut
1617 2159 1683 2213 ad
1725 2160 1788 2215 il-

201 2231 310 2285 lam
343 2235 666 2300 Apostolicte
696 2241 982 2296 sententiae
1010 2242 1396 2302 beatitudinem
1431 2251 1642 2318 possint
1664 2267 1790 2321 per-

203 2323 394 2378 venire
419 2343 431 2376 :
459 2324 738 2382 Peccatum
759 2333 896 2384 enim
927 2334 980 2387 in
1004 2336 1142 2391 vobis
1168 2354 1270 2392 non
1289 2340 1658 2409 dominabitur,
1688 2361 1791 2400 non

203 2415 342 2468 enim
370 2420 486 2472 estis
509 2421 602 2474 sub
631 2423 760 2493 lege,
804 2424 897 2478 sed
918 2428 1011 2480 sub
1046 2431 1215 2500 gratia
1243 2429 1445 2503 (Rom.
1490 2436 1601 2500 v1).
1658 2435 1793 2491 Vere

207 2509 355 2562 enim
386 2510 814 2572 dominationem
845 2519 899 2573 in
927 2519 1022 2575 illo
1045 2537 1150 2576 non
1181 2533 1360 2592 potest
1385 2540 1642 2582 exercere
1672 2541 1795 2596 pec-

207 2608 407 2670 catum,
439 2605 525 2672 qui
557 2605 870 2664 dominatur
895 2612 1180 2668 affectibus
1205 2623 1576 2682 peccatorum.

776 2724 1006 2782 CAPUT
1032 2726 1224 2782 XXXI.

207 2804 557 2892 Interrogatio
593 2818 1024 2892 quemadmodum
1061 2821 1290 2892 intelligi
1335 2823 1512 2877 debeat
1542 2826 1681 2892 quod
1723 2827 1796 2882 ait

282 2880 580 2951 Apostolus,
605 2880 872 2954 peccatum
900 2891 952 2942 in
981 2891 1122 2944 nobis
1150 2880 1264 2946 ηοιῖ
1287 2880 1652 2951 dominabiiur.

281 2972 582 3032 Germanus
617 2997 630 3032 :
657 2979 790 3047 Quia
821 2997 929 3036 non
953 2992 1128 3052 potest
1159 2985 1320 3042 fallax
1351 2989 1465 3044 haec
1487 2990 1798 3058 Apostolica

207 3079 331 3122 esse
352 3072 647 3136 sententia,
663 3089 782 3143 quae
803 3077 1150 3134 securitatem
1166 3095 1276 3136 non
1299 3083 1472 3138 solum
1493 3085 1796 3153 monachis,

1892 1899 1996 1939 nec
2041 1894 2224 1940 mente
2267 1885 2475 1956 concipi
2509 1887 2595 1941 vel
2637 1887 2833 1953 teneri,
2879 1888 2982 1942 nisi
3013 1888 3080 1943 ab
3108 1904 3170 1943 eo
3198 1888 3288 1957 qui
3320 1888 3485 1943 simili

1894 1976 2074 2031 studio
2101 1975 2266 2032 fuerit
2294 1987 2457 2049 atque
2490 1979 2832 2034 institutione
2864 1978 3141 2035 fundatus.
3184 1980 3249 2034 Et
3285 1979 3486 2035 idcirco

1893 2071 2258 2126 necessarium
2281 2088 2405 2127 reor
2427 2080 2486 2127 ut
2531 2073 2762 2142 primum
2794 2073 3112 2144 diligentius
3155 2074 3490 2144 inquiramus

1892 2164 2148 2234 quidnam
2186 2165 2258 2218 sit
2286 2165 2620 2235 propositum
2649 2167 2738 2219 vel
2768 2165 3017 2220 voluntas
3050 2166 3206 2236 legis,
3238 2165 3323 2220 vel
3369 2179 3490 2234 quae

1892 2258 2079 2326 gratim
2120 2257 2407 2323 disciplina
2447 2267 2608 2326 atque
2653 2257 2948 2326 perfectio;
2994 2267 3052 2311 ut
3087 2267 3490 2326 consequenter

1894 2365 1961 2406 ex
1989 2350 2096 2416 his,
2124 2351 2238 2403 sive
2259 2349 2682 2404 dominationem
2707 2350 2940 2418 peccati,
2968 2350 3087 2405 sive
3117 2351 3490 2418 expulsionem

1894 2441 2015 2510 ejus
2066 2441 2340 2510 possimus
2383 2455 2700 2510 agnoscere.
2751 2441 2939 2510 Itaque
2979 2442 3068 2496 lex
3112 2441 3492 2511 principaliter

1889 2532 2048 2602 jubet
2092 2534 2272 2602 expeti
2311 2533 2559 2602 copulam
2606 2533 2914 2602 nuptiarum
2958 2533 3144 2589 dicens
3179 2549 3194 2591 :
3235 2543 3262 2570 ⁸
3299 2532 3493 2590 Beatus

1894 2627 1984 2698 qui
2020 2627 2166 2680 habet
2195 2643 2364 2681 semen
2401 2629 2455 2681 in
2485 2626 2648 2693 Sion,
2690 2637 2736 2680 et
2768 2626 3070 2680 domesticos
3107 2628 3162 2680 in
3204 2626 3494 2680 Jerusalem

1897 2717 2090 2789 (Isaiw
2125 2735 2252 2774 xxxi
2268 2736 2371 2774 sec.
2397 2717 2594 2790 LXX);
2620 2729 2692 2783 et,
2721 2717 3006 2773 Maledicta
3029 2717 3221 2772 sterilis
3250 2733 3366 2788 qua:
3391 2733 3494 2772 non

1899 2813 2116 2883 peperit.
2165 2811 2484 2867 Econtrario
2535 2811 2708 2882 gratia
2764 2811 2833 2864 ad
2898 2809 3320 2879 incorruptionis
3368 2824 3495 2880 per-

1899 2911 2075 2973 petua:
2107 2904 2395 2974 puritatem
2433 2910 2490 2957 et
2517 2901 2893 2956 castimoniam
2927 2915 3026 2954 nos
3057 2901 3232 2955 beatae
3272 2899 3495 2970 virgini-

1903 2996 2029 3050 tatis
2058 2995 2283 3049 invitat:
2303 2993 2497 3060 Beatw,
2527 2993 2798 3064 inquiens,
2820 2992 3017 3046 steriles
3036 3007 3151 3062 qua:
3176 3007 3277 3044 non
3305 3008 3496 3061 genue-

1903 3097 2048 3157 runt,
2081 3095 2127 3142 et
2160 3088 2316 3142 ubera
2345 3103 2458 3157 qua:
2485 3103 2589 3140 non
2621 3087 2969 3149 lactaverunt;
3000 3094 3074 3151 et,
3111 3083 3212 3150 Qui
3241 3100 3343 3137 non
3370 3083 3496 3136 ode-

209 3158 306 3212 sed
341 3161 504 3216 etiam
532 3165 787 3222 omnibus
817 3165 1142 3225 Christianis
1162 3177 1491 3241 generaliter
1513 3181 1800 3248 repromit—
1826 3161 1874 3226 C
1902 3181 1970 3235 rit
2001 3192 2197 3251 patrem
2223 3189 2268 3234 et
2295 3189 2534 3244 matrem,
2565 3189 2613 3232 et
2638 3194 2870 3244 uxorem,
2901 3193 3003 3231 non
3032 3184 3198 3246 potest
3226 3191 3366 3229 meus
3393 3190 3499 3229 esse

211 3250 296 3315 tit,
319 3251 542 3308 nimium
567 3257 726 3313 nobis
748 3259 961 3316 videtur
975 3263 1225 3321 obscura.
1254 3267 1386 3323 Cum
1410 3271 1553 3325 enim
1577 3283 1800 3329 cunctos

1907 3275 2194 3342 discipulus
2226 3272 2388 3345 (Luc.
2422 3289 2510 3328 xw
2528 3271 2570 3343 ).
2617 3271 2684 3326 Et
2727 3271 2858 3326 illud
2903 3269 3144 3341 Apostoli
3175 3287 3187 3323 :
3220 3268 3500 3339 Reliquum

1301 3361 1561 3418 ALARDI
1597 3363 1832 3420 GAZzEI
1868 3363 2434 3422 COMMENTARIUS.

217 3440 386 3526 Oper._
407 3463 452 3498 c.
489 3445 615 3517 Η).
653 3450 984 3526 Secundum,
1013 3455 1140 3510 olim
1172 3458 1225 3511 in
1258 3457 1500 3513 Ecclesia
1533 3459 1804 3526 primitiva

210 3515 426 3598 aequale
453 3527 508 3572 et
532 3515 844 3598 continuum
875 3526 944 3579 ab
973 3515 1224 3584 omnibus
1254 3515 1583 3583 Christianis
1622 3544 1807 3584 serva-

214 3595 325 3669 tum
360 3587 522 3644 luisse
565 3590 831 3669 jejunium
870 3598 1004 3652 :sed
1050 3601 1251 3655 sensim
1285 3600 1607 3669 lrigescente
1639 3601 1806 3655 devo-

215 3663 388 3740 tione,
428 3676 548 3715 cum
594 3663 893 3740 inciperent
934 3670 1076 3738 apud
1121 3672 1320 3725 multos
1351 3663 1547 3739 negligi
1575 3671 1803 3740 jejunia,

216 3730 483 3812 placuisse
525 3730 782 3812 omnibus
828 3730 1237 3812 sacerdotibus,
1283 3750 1338 3794 ut
1369 3730 1807 3810 Quat‘l'ragcsimte

210 3805 472 3881 jejunium
523 3805 887 3881 indiceretur,
931 3819 985 3862 et
1028 3811 1129 3863 lixa
1173 3813 1292 3878 lege
1335 3805 1687 3866 stabilirefur.
1739 3815 1809 3866 At

339 3877 622 3952 sententiae
663 3871 925 3952 repugnat
977 3871 1439 3947 inprimisucanon
1479 3884 1808 3950 apostolicus

215 3941 378 4009 (Can.
412 3943 537 4012 68),
590 3957 639 3999 et
672 3962 703 3999 a
728 3941 825 4002 'D.‘
846 3941 1127 4004 Clemente
1177 3954 1442 4006 recensita
1494 3941 1808 4006 constitutio

215 4017 512 4095 apostolica
536 4015 604 4071 de
616 4019 1002 4095 observatione
1024 4021 1462 4095 Quadragesimae
1493 4021 1683 4095 (Clem.
1713 4025 1804 4078 lib.

216 4084 492 4164 νβοριειὶι.
525 4103 572 4139 c.
608 4084 1082 4164 15).,Repugnan‘t
1108 4103 1164 4149 et
1193 4084 1290 4151 SS.
1320 4084 1529 4156 Patres,
1559 4095 1650 4164 qui
1676 4111 1809 4150 una-

217 4155 350 4235 nimi
381 4171 653 4235 consensu
683 4155 945 4235 jejuni-uni
979 4163 1421 4235 Quadragesima:
1450 4155 1649 4220 docent
1679 4182 1810 4234 apo-

215 4227 466 4280 stolicam
495 4243 614 4282 esse
639 4227 1032 4289 institutionem
1066 4245 1120 4291 et
1149 4227 1517 4292 traditionem.
1555 4227 1805 4293 Unde-D.

218 4297 583 4376 IIieronynius
611 4302 676 4355 ad
709 4305 1015 4360 Marcellam
1045 4325 1057 4359 :
1082 4306 1218 4373 Nos,
1249 4309 1440 4376 inquit,
1471 4325 1628 4361 unam
1662 4307 1808 4374 Qua-

219 4370 562 4448 draqesimam
605 4377 884 4448 secundum
935 4370 1260 4433 traditionem
1306 4370 1808 4448 apostolorum—toto

219 4441 774 4520 tinni‘tempore‘nobis
804 4465 1029 4519 congruo
1065 4441 1392 4520 jeiuuamu's.
1435 4451 1502 4504 Et
1543 4452 1602 4506 S.
1652 4449 1804 4504 Leo:

224 4510 379 4574 Quod
410 4510 549 4591 ergo,
585 4510 930 4591 dilectissimi,
962 4510 1356 4588 omnitempore
1401 4537 1811 4591 unumquemque

221 4584 457 4657 congruit
489 4587 656 4653 facere
680 4584 1053 4657 Christianum,
1089 4593 1144 4644 id
1173 4584 1308 4644 nunc
1345 4584 1613 4644 sollicitius
1645 4603 1694 4645 et
1721 4584 1811 4645 de-

222 4653 395 4732 uotius
415 4657 814 4732 essequendum,
846 4670 901 4712 ut
923 4653 1209 4731 apostolica
1232 4662 1522 4715 constitutio
1543 4659 1614 4716 40
1634 4663 1810 4717 diebus

219 4722 432 4803 jejunio
457 4722 753 4803 impleatur,
784 4722 883 4783 non
909 4722 1135 4784 ciborum
1163 4734 1410 4803 parcitate
1435 4735 1810 4802 tantummodo,

228 4794 321 4847 sed
351 4793 632 4863 privatione
657 4803 880 4854 maxime
908 4793 1174 4858 vitiorum:
1201 4803 1635 4857 Fundamentum
1666 4793 1810 4863 eius:

229 4865 352 4918 dem
384 4869 668 4923 sententia:
689 4873 853 4926 etiam
879 4872 1071 4928 falsum
1102 4889 1222 4928 esse
1249 4873 1408 4928 docet
1430 4874 1578 4928 card.
1613 4865 1815 4930 Bellar-

226 4937 408 5014 rninus
441 4937 524 4991 his
547 4941 728 4996 verbis
753 4961 765 4994 :
792 4943 1027 4998 Tametsi
1054 4945 1201 4998 enim
1229 4943 1486 4999 credibile
1509 4945 1578 4999 sit
1601 4956 1817 5014 aposto-

227 5008 311 5061 los
337 5009 924 5088 aliusque‘nonnullns.
959 5015 1100 5068 sicut
1125 5015 1177 5088 in
1208 5016 1481 5088 communi
1524 5008 1810 5088 vive-bant,

227 5090 282 5134 et
304 5083 694 5138 continentiam
728 5095 1041 5155 perpetuam
1082 5086 1367 5153 colebant;
1414 5089 1482 5141 ita
1524 5088 1685 5142 etiam
1717 5083 1813 5145 vel

229 5165 330 5219 per
356 5161 523 5208 totum
547 5171 769 5222 annum,
796 5158 876 5212 vel
898 5165 1046 5212 certe
1065 5156 1498 5227 frequentissime
1513 5158 1813 5228 jejunasse;

229 5233 425 5298 tamen
461 5240 637 5293 neque
683 5239 888 5283 certum
938 5243 1112 5298 neque
1161 5229 1449 5284 verisimile
1493 5241 1577 5283 est
1623 5248 1810 5288 omnes

226 5295 584 5370 Christianos
610 5313 708 5365 per
743 5308 914 5355 totum
960 5295 1158 5354 annum
1202 5316 1447 5356 servasse
1492 5301 1755 5370 jejunium
1791 5319 1806 5358 :

224 5366 682 5435 quemadmodum
714 5372 855 5425 nulla
890 5373 1096 5426 ratione
1125 5370 1383 5426 aliirmari
1427 5366 1590 5427 debet
1618 5387 1811 5428 omnes

229 5438 430 5503 ubique
473 5437 810 5497 Christianos
842 5443 941 5496 sub
973 5444 1230 5511 apostolis
1265 5445 1430 5496 vitam
1476 5444 1726 5498 caelibem
1758 5453 1813 5499 et

226 5523 571 5584 communem
604 5512 847 5568 «luxisse.
880 5513 1010 5567 Nam
1051 5513 1188 5582 apud
1219 5513 1535 5568 Corinthios
1567 5515 1811 5584 aliasque

227 5579 478 5654 civitates
527 5580 854 5650 Grmcornm,
899 5595 955 5638 ut
995 5601 1058 5641 ex
1089 5579 1348 5651 epistulis
1386 5585 1536 5638 Pauli
1580 5579 1812 5654 aposioli

226 5651 575 5726 perspicuum
606 5664 706 5720 est,
737 5654 1024 5726 Christiani
1074 5657 1325 5724 permulti
1378 5658 1560 5710 liberis
1588 5651 1808 5726 operam

230 5719 455 5789 dabant,
481 5732 534 5799 et
556 5740 642 5799 res
659 5742 796 5799 suas
824 5719 1408 5799 proprias—relinquebant
1434 5746 1444 5782 :
1470 5719 1694 5785 unde'et
1721 5742 1810 5799 per

226 5807 389 5862 unam
413 5795 608 5857 sabbati
646 5796 736 5884 (id
765 5808 870 5883 est.
903 5795 988 5864 die
1026 5797 1326 5884 dominlca)
1374 5799 1616 5876 collecta
1667 5795 1809 5884 apud

1838 4764 1895 4824 D

1911 3474 2004 3515 eos
2033 3459 2254 3524 ﬁebant,
2279 3468 2345 3535 ut_
2367 3472 2631 3535 pauperes
2653 3472 2721 3535 eux
2750 3455 3108 3535 eleemosynis
3133 3451 3502 3535 divit'umJaIe-

1909 3541 2100 3585 rentur
2142 3546 2157 3585 :
2188 3541 2244 3582 ut
2275 3524 2438 3583 etiam
2471 3524 2630 3582 docet
2668 3527 2959 3580 Cassianus
2991 3524 3092 3579 lib.
3141 3540 3214 3577 vu
3262 3524 3500 3577 lnstitut.

1910 3617 2029 3668 cap.
2060 3601 2147 3654 17.
2182 3600 2263 3653 Ad
2296 3599 2409 3652 haec
2437 3599 2457 3650 I
2487 3598 2554 3652 ad
2582 3597 2899 3650 Corinthios
2923 3611 2994 3668 Vl]
3021 3595 3273 3668 admonet
3309 3593 3502 3647 Corin-

1911 3664 2055 3726 thios
2102 3669 2427 3736 Apostolus,
2471 3677 2528 3720 nt
2566 3668 2632 3719 ad
2689 3677 2898 3736 tempus
2953 3664 3314 3736 i_ntert_nittant
3365 3675 3500 3736 opus

1910 3733 2216 3808 conjugal'e,
2249 3749 2304 3791 ut
2339 3747 2515 3792 carent
2543 3736 2770 3808 orationi
2799 3733 2917 3808 (ubi
2949 3733 3121 3789 Graeci
3147 3733 3373 3797 addunt,
3420 3735 3504 3786 xui

1910 3820 1972 3876 τῇ
1995 3805 2224 3876 vitantia,
2270 3809 2321 3863 id
2352 3819 2454 3866 est.
2490 3823 2540 3862 et
2569 3807 2829 3876 jejunio).
2863 3805 2976 3859 Non
3022 3819 3151 3871 ergo
3199 3818 3295 3872 per
3333 3812 3501 3854 totum

1911 3869 2110 3954 annum
2147 3869 2397 3954 jejunare
2428 3869 2595 3954 soliti.
2623 3869 2698 3931 Et
2727 3878 2744 3930 1
2776 3869 3023 3954 Corinth.
3057 3869 3149 3954 viti
3193 3869 3414 3954 monet,
3442 3881 3500 3953 ut

1912 3944 2484 4021 comedunt-quidquid
2532 3951 2584 4003 in
2616 3949 3055 4021 inacellovenit.
3106 3945 3261 4021 Unde
3296 3944 3502 4012 colligi-

1912 4038 2033 4078 mus
2065 4016 2513 4076 etiam'carnibus
2551 4023 2697 4075 vesci
2735 4019 3004 4090 potuisse;
3035 4032 3066 4070 a
3090 4016 3284 4087 quibus
3316 4022 3497 4068 tamen

1912 4094 2190 4170 abstinent
2213 4093 2543 4170 jejunantes.
2610 4161 2628 4170 _
2656 4160 2745 4170 ἠ,
2795 4161 2808 4170 _
3208 4157 3230 4170 -
3295 4157 3307 4170 .
3452 4156 3499 4170 ..

1986 4173 2011 4201 α
2051 4163 2142 4219 Sic
2192 4156 2576 4218 transtulerunt
2610 4160 2751 4215 LXX
2795 4161 2977 4214 locum
3027 4158 3176 4212 illum
3208 4157 3383 4222 Isaia},
3413 4156 3502 4210 tibi

1912 4251 2012 4291 nos
2041 4235 2302 4306 habemus
2331 4252 2342 4285 :
2367 4231 2536 4306 Cujus
2557 4242 2631 4306 est
2649 4235 2784 4306 ignis
2809 4234 2862 4306 in
2889 4232 3041 4294 Sion,
3069 4240 3114 4284 et
3145 4229 3506 4306 caminusejus

1911 4309 1966 4362 in
1992 4304 2336 4359 Hierusalem.
2365 4297 2529 4358 Et'ita
2555 4297 2768 4357 citati).
2801 4303 3162 4371 llierunymus
3186 4300 3345 4367 epist.
3377 4297 3502 4364 101,

1911 4381 1978 4452 ad
2009 4376 2415 4452 I_’an_tma_cltium
2450 4393 2461 4428 :
2493 4373 2641 4452 illud
2683 4374 2836 4438 enim,
2885 4374 3080 4452 inquit,
3112 4373 3248 4442 quod
3292 4371 3507 4452 legimus

1912 4451 1966 4503 in
1999 4447 2178 4512 Esaia,
2212 4446 2398 4504 Beatus
2424 4447 2512 4517 qui
2534 4445 2682 4498 habet
2703 4461 2896 4522 _s_emen_
2927 4445 2978 4522 in.
3009 4444 3162 4522 Sion,
3195 4452 3240 4495 et
3269 4444 3508 4522 domesti-

1913 4537 1999 4574 cos
2024 4522 2076 4574 in
2105 4510 2468 4584 Hierusalem}
2503 4519 2664 4572 solent
2692 4515 2896 4569 Hebraei
2924 4515 3154 4584 deridere
3179 4529 3291 4563 cum
3321 4510 3503 4584 audie-

1914 4594 2038 4644 rint.
2068 4591 2135 4644 Et
2163 4593 2213 4643 in
2244 4592 2402 4653 epist.
2434 4580 2500 4641 ad
2532 4587 2889 4642 Eustochium
2919 4583 3121 4656 (Epist.
3155 4585 3226 4656 22’.
3253 4583 3269 4648 )
3297 4580 3505 4656 :nAlia,

1915 4663 2115 4735 inquit,
2145 4663 2239 4729 fuit
2265 4649 2318 4714 in
2345 4659 2638 4735 veteriAlege
2689 4649 2935 4735 felicitas:
2956 4649 3039 4735 lbi
3061 4654 3252 4735 dicitur
3278 4665 3295 4704 :
3318 4649 3509 4735 Beqtus

1917 4718 2010 4804 qui.
2029 4718 2176 4786 habet
2211 4733 2456 4804 semen_in
2489 4718 2653 4804 Sio'n,
2676 4718 3055 4804 et_dom_e_sticos
3093 4726 3146 4778 in
3174 4718 3507 4804 Hierusalem

1918 4794 2066 4874 (Isa.
2095 4818 2240 4867 xxxt,
2271 4801 2417 4874 l’sal.
2448 4817 2624 4856 cxxvn
2645 4799 2685 4869 ).
2721 4799 2788 4874 Et
2811 4815 2830 4852 :
2857 4798 3136 4874 Maledicta
3170 4794 3367 4874 sterilis
3397 4805 3510 4874 qua:

1917 4863 2019 4928 non
2049 4863 2279 4944 pariebat
2303 4873 2322 4944 (
2343 4870 2549 4925 Deuter.
2585 4863 2703 4940 xv).
2735 4868 2801 4920 Et
2830 4885 2848 4922 :
2878 4866 3006 4944 Filii
3037 4869 3108 4920 tui
3139 4867 3271 4944 sicut
3277 4863 3510 4944 move-lla:

1917 4932 2166 5000 olira'rum
2208 4948 2256 4998 in
2297 4932 2516 4996 circuitu
2547 4932 2736 5016 nienses
2770 4950 2871 5016 tute
2903 4937 3044 5016 (μα.
3080 4953 3178 5016 _t_.vt
3199 4937 3234 5007 )_
3268 4933 3377 5016 Iit;
3407 4932 3510 5016 lie-

1919 5019 2189 5087 promissio
2217 5016 2510 5087 diritiarum
2532 5011 2766 5087 (filattlt.
3022 5024 3040 5060 :
3071 5002 3321 5087 Non'erit.
3351 5002 3510 5087 inﬁr—

1918 5072 2032 5142 iuus
2060 5092 2111 5142 in
2143 5087 2364 5141 tribubus
2395 5085 2493 5137 tuis
2522 5072 2690 5152 (Luc.
2739 5072 2880 5149 xvi).
2917 5074 3348 5152 Nunc-eunuchis
3375 5072 3509 5152 dici-

1916 5141 2051 5213 tur:
2083 5141 2169 5213 Ne
2205 5168 2251 5211 te
2292 5158 2489 5225 lignum
2529 5141 2796 5225 arbitreris
2843 5141 3054 5225 aridum
3082 5148 3156 5225 (Il
3186 5145 3322 5225 ‘Cor.
3373 5141 3510 5225 ιιι).

1917 5231 2093 5285 Habes
2119 5231 2285 5283 locum
2311 5217 2405 5295 pro
2433 5225 2557 5295 ﬁliis
2587 5233 2636 5278 et
2665 5223 2894 5292 filiabus,
2923 5224 2978 5274 in
3008 5217 3291 5296 calestibus
3321 5217 3512 5296 sempr}:

1918 5310 2138 5355 ternum.
2172 5287 2326 5352 Nunc
2355 5287 2720 5350 benedicuntur
2741 5309 3010 5365 pauperes,
3033 5300 3081 5344 et
3105 5287 3512 5365 LazarusAdiuiti

1919 5371 2290 5442 prwferturuin
2316 5359 2757 5442 pttrpura._i\'unc
2782 5365 2869 5431 qui
2909 5363 3147 5430 inﬁrmus
3179 5367 3280 5424 est,
3329 5359 3512 5442 fortior

1918 5426 2154 5504 cst,'etc.
2187 5426 2535 5513 lltec'et'alia
2568 5437 2628 5490 ι).
2675 5426 3060 5513 Hieronymus,
3102 5447 3223 5513 qum
3262 5426 3513 5513 cumndo:

1920 5496 2092 5566 ctrina
2141 5509 2300 5578 hujus
2342 5508 2533 5575 capitis
2564 5517 2616 5561 et
2645 5507 2851 5578 aliquot
2883 5496 3264 5572 sequentium,
3309 5496 3511 5578 quibus

1916 5583 1990 5637 de
2019 5566 2323 5636 diﬂercntia
2350 5566 2540 5646 gratiae
2572 5590 2627 5632 et
2656 5566 2908 5644 legalium
2945 5566 3374 5644 praeceptorum,
3405 5566 3513 5647 ltoc

1920 5663 2025 5720 est,
2073 5653 2210 5726 legis
2253 5651 2585 5724 Evangelia»
2625 5660 2678 5708 et
2718 5648 3001 5719 Mosaicae,
3051 5656 3258 5725 agitur,
3306 5647 3513 5716 optime

1919 5726 2245 5783 conveniunt
