4022 6192
552 259 691 318 12η

1616 263 1896 321 JOANNIS
1934 261 2250 321 CASSIANI
2288 264 2787 324 COLLATIONES.

551 387 646 443 est,
687 385 741 430 ut
775 384 823 430 et
861 377 948 442 qui
994 376 1179 432 habent
1219 393 1423 440 uxores,
1458 386 1719 448 tamquam
1751 396 1853 433 non
1900 378 2145 435 habentes
2172 387 2219 448 Α
2251 382 2442 456 (Rom.
2475 381 2562 454 v),
2597 398 2814 444 omnem
2847 382 3068 446 alterius
3096 383 3360 458 altiusque
3389 379 3474 450 rei
3503 380 3750 450 excludit
3776 382 3858 441 af-

549 473 652 526 sint
680 470 732 542 (l
761 469 880 526 Cor.
915 479 1044 540 vn).
1080 471 1190 526 Lex
1218 471 1349 525 dicit
1378 487 1390 524 :
1423 467 1662 526 Decintas
1685 483 1796 526 tuas
1818 481 1866 525 et
1892 473 2146 544 primitias

552 584 654 621 non
691 567 922 621 tardabis
953 565 1136 631 o/Terre
1166 563 1371 636 (Exod.
1405 566 1563 634 xxii).
1594 565 1796 634 Gratia,
1837 567 1896 622 Si
1923 568 1998 622 vis
2026 583 2146 640 per-

549 663 714 729 fectus
740 676 868 724 esse,
903 659 1027 710 vade
1057 666 1104 710 et
1133 659 1292 711 vende
1318 660 1488 710 omnia
1511 675 1627 729 qua?
1650 659 1826 726 habes,
1850 669 1897 713 et
1923 659 1991 712 da
2015 677 2147 732 pau-

549 753 754 821 peribus
795 749 1022 821 (Matth.
1073 751 1209 819 xix).
1242 761 1265 786 ⁸
1314 750 1424 805 Lex
1466 753 1725 806 talionem
1781 753 2145 807 conviciorum

546 853 602 898 et
631 841 946 911 iniuriarum
981 857 1085 896 non
1132 842 1376 911 prohibet
1410 842 1712 908 ultionem,
1755 843 1943 898 dicens
1974 862 1985 897 :
2012 845 2149 899 Ocu-

545 937 652 990 lum
685 953 778 1000 pro
812 937 982 1002 oculo,
1006 940 1208 991 dentem
1236 954 1329 1004 pro
1355 937 1508 991 dente
1538 936 1746 1007 (Exod.
1779 937 1926 1009 xxr).
1960 938 2148 994 Gratia

547 1029 1077 1097 congeminationem
1110 1030 1428 1099 injuriarum
1479 1031 1561 1083 vel
1605 1029 1769 1084 caedis
1797 1047 1917 1100 quae
1950 1028 2152 1087 fuerint

544 1117 814 1188 irrogata,
849 1130 1030 1174 nostra
1067 1120 1320 1189 patientia
1366 1122 1474 1174 vult
1516 1121 1766 1190 probari,
1801 1130 1854 1175 ct
1893 1121 1961 1177 ad
1991 1120 2018 1159 ι’
2048 1122 2149 1176 du-

545 1215 705 1283 plicis
734 1213 1004 1284 dispendii
1039 1215 1382 1270 toleruntiam
1419 1227 1639 1286 paratos
1673 1232 1794 1272 esse
1831 1218 2148 1288 [1051)ΐέῐὲοῑ-

548 1307 628 1376 p‘it
657 1325 667 1360 :
697 1307 800 1374 Qui
827 1318 875 1362 te
905 1311 1234 1377 percusserit,
1263 1310 1534 1380 inquiens,
1567 1311 1620 1364 in
1651 1313 1921 1365 dexteram
1959 1311 2148 1364 maxil-

549 1400 673 1465 lam,
705 1402 873 1471 praebe
903 1404 946 1455 ei
980 1412 1024 1456 et
1053 1402 1303 1469 alteram;
1334 1414 1378 1456 et
1409 1402 1485 1456 illi
1507 1403 1595 1472 qui
1625 1403 1733 1456 vult
1766 1412 1933 1460 tecum
1949 1403 2150 1475 judicio

551 1495 882 1561 contendere,
902 1505 947 1548 et
967 1497 1190 1549 tunicam
1214 1505 1354 1549 tuam
1377 1497 1574 1562 tollere,
1601 1497 1795 1550 dimitte
1812 1498 1856 1552 ei
1872 1507 1918 1549 et
1934 1497 2152 1565 pallium

551 1589 782 1659 (Matth.
826 1590 912 1658 v).
968 1590 1061 1644 llla
1097 1601 1118 1628 ο
1167 1591 1418 1645 inimicos
1457 1591 1582 1644 odio
1630 1591 1908 1645 habendos
1945 1589 2146 1662 (Levii.

554 1698 645 1736 xix
668 1685 686 1752 )
713 1699 726 1736 :
759 1683 872 1736 haec
901 1683 974 1736 ita
1023 1683 1326 1752 diligendus
1357 1699 1475 1740 esse
1507 1684 1772 1747 decernit,
1805 1693 1858 1736 ut
1891 1699 1986 1753 pro
2017 1683 2151 1752 ipsis

2251 476 2484 544 fectum;
2525 493 2625 542 nec
2658 485 2834 548 potest
2862 487 2954 532 aut
2982 478 3148 542 vetita
3178 476 3594 546 concupiuere,
3629 489 3732 541 aut
3759 478 3852 534 im-

2252 580 2442 652 peratu
2468 580 2862 636 contemnere;
2894 569 3051 639 cujus
3095 576 3270 632 tutum
3298 567 3545 624 studium
3573 577 3852 638 totumque

2251 665 2590 734 desiderium
2635 664 2821 722 divino
2861 663 3035 718 amori
3061 676 3282 734 semper
3331 661 3605 724 intentum
3632 701 3647 726 ,
3693 677 3853 732 usque

2251 759 2386 828 adeo
2411 757 2592 814 vilium
2618 771 2799 814 rerum
2819 755 3188 822 oblectatione
3211 766 3319 808 non
3339 751 3580 822 capitur,
3614 761 3680 808 ut
3700 758 3854 820 etiam

2253 849 2336 906 his
2363 864 2486 920 quae
2515 863 2772 920 concessa
2805 854 2953 912 sunt,
2991 861 3099 912 non
3131 854 3313 910 utatur
3334 842 3384 897 ά.
3412 843 3472 900 ln
3519 843 3646 915 lege
3679 856 3853 908 autem

2253 943 2305 997 in
2340 959 2442 1015 qua
2472 942 2841 1018 conjugiorum
2878 939 3002 1012 jura
3051 945 3360 1006 servantur,
3404 938 3661 1008 quamvis
3708 939 3857 992 cohi-

2253 1035 2360 1090 bita
2410 1034 2635 1100 luxuria;
2665 1034 2910 1104 evagatio
2956 1032 3048 1088 uni
3080 1039 3285 1100 tantum
3322 1029 3534 1086 feminae
3575 1033 3854 1099 mancipa-

2252 1134 2358 1196 tur,
2412 1135 2592 1182 tamen
2642 1141 2978 1200 nequaquam
3027 1132 3256 1196 possunt
3305 1124 3546 1186 carnalis
3591 1131 3854 1195 concupi-

2253 1219 2476 1274 scentiae
2499 1219 2674 1274 aculei
2705 1235 2809 1278 non
2841 1218 3044 1288 vigere,
3068 1226 3124 1272 et
3145 1214 3365 1271 difﬁcile
3384 1224 3472 1272 est
3503 1225 3563 1271 ut
3590 1217 3736 1287 ignis
3773 1218 3854 1272 cui

2253 1314 2416 1369 etiam
2478 1313 2721 1368 studiose
2786 1311 2982 1382 pabula
3041 1318 3435 1380 suggeruntur,
3485 1308 3561 1362 ita
3620 1311 3856 1380 praeﬁxis

2257 1405 2502 1461 terminis
2544 1404 2886 1471 includatur,
2933 1410 2991 1458 ut
3032 1416 3139 1456 non
3188 1404 3351 1456 etiam
3393 1407 3548 1460 extra
3599 1413 3856 1470 evagatus

2252 1501 2502 1554 amburat
2529 1498 2705 1571 [Lips.
2741 1501 2794 1552 in
2825 1513 2996 1569 marg.
3031 1493 3254 1566 adurat]
3290 1495 3554 1566 quidquid
3595 1497 3855 1567 attigerit.

2251 1589 2351 1646 Cui
2377 1593 2539 1646 etiam
2565 1591 2610 1656 si
2635 1605 2736 1656 sua
2760 1589 2848 1645 illa
2872 1590 2946 1646 ita
2979 1603 3196 1658 semper
3224 1596 3482 1652 occurrat
3511 1588 3774 1656 obiectio,
3801 1599 3860 1642 ut

2254 1695 2558 1742 exaestuare
2584 1685 2923 1738 extrinsecus
2946 1696 3053 1739 non
3077 1682 3308 1750 sinatur,
3333 1677 3517 1736 tamen
3543 1681 3706 1736 etiam
3730 1679 3858 1734 dum

552 1777 711 1830 etiam
748 1775 856 1829 Deo
883 1790 1100 1844 semper
1123 1787 1342 1830 censeat
1370 1776 1785 1846 supplicandum
1811 1774 2030 1846 (Matth.
2069 1775 2146 1846 v).
2181 1772 2230 1834 B
2256 1777 2565 1844 cohibetur,
2591 1775 2859 1841 incendit;
2886 1776 3010 1846 quia
3029 1775 3278 1834 voluntas
3305 1771 3416 1847 (Al.
3446 1771 3721 1844 voluptas]
3742 1773 3855 1843 ipsa

1093 1868 1321 1922 CAPUT
1362 1867 1604 1924 XXXIII.

699 1958 850 2025 Quod
878 1959 1071 2013 leviora
1103 1957 1366 2028 Evangelii
1393 1969 1650 2031 prtecepta
1675 1977 1827 2029 quam
1855 1961 2002 2031 legis.

627 2051 881 2120 Quisquis
915 2053 1073 2122 igitur
1107 2053 1209 2105 hoc
1259 2053 1594 2122 Evangelica:
1639 2053 1984 2121 peritretionis
2031 2051 2148 2106 cul-

557 2159 680 2198 men
722 2144 1051 2210 ascendeiit,
1104 2145 1206 2199 iste
1237 2143 1478 2214 profecto
1519 2160 1676 2212 supra
1719 2160 1933 2199 onmem
1977 2145 2148 2214 legem

556 2243 824 2290 tantarum
872 2237 1128 2291 virtutum
1175 2239 1387 2292 meritis
1417 2238 1761 2304 sublimatus,
1801 2250 1858 2293 et
1901 2239 2152 2292 universa

557 2345 674 2400 quae
707 2344 800 2399 per
829 2331 1047 2402 Moysen
1094 2338 1370 2401 praecepta
1401 2340 1527 2384 sunt
1571 2332 1726 2401 quasi
1775 2347 1937 2401 parva
1970 2331 2152 2401 despi-

558 2423 731 2486 ciens,
764 2432 968 2478 tantum
995 2424 1095 2477 sub
1115 2426 1285 2495 gratia
1309 2425 1602 2480 Salvatoris
1629 2441 1687 2480 se
1709 2441 1833 2481 esse
1852 2429 2151 2500 cognoscit,

560 2517 714 2585 cujus
758 2518 1030 2585 adjutorio
1062 2531 1120 2570 se
1164 2519 1228 2570 ad
1261 2519 1406 2572 illum
1455 2519 1903 2573 sublimissimum
1955 2529 2152 2574 statum

563 2608 816 2677 intelligit
846 2608 1178 2678 pervenisse.
1215 2611 1328 2663 Non
1359 2627 1488 2681 ergo
1517 2611 1828 2666 dominatur
1854 2612 1906 2666 in
1935 2627 2000 2667 eo
2030 2628 2156 2682 pec-

561 2711 762 2766 catum,
793 2704 913 2774 quia
938 2702 1176 2755 charitas
1207 2702 1300 2756 Dei
1327 2719 1446 2773 quae
1469 2703 1669 2759 diﬂ‘usa
1700 2715 1781 2758 est
1814 2707 1865 2762 in
1897 2706 2154 2762 cordibus

562 2793 786 2861 nostris,
819 2803 908 2864 pet
947 2791 1208 2858 Spiritum
1241 2803 1519 2863 sanctum,
1552 2796 1642 2866 qui
1674 2796 1833 2851 datus
1875 2806 1958 2851 est
1999 2798 2156 2854 nobis

2257 1879 2549 1949 culpabilis
2570 1887 2672 1943 est,
2695 1887 2748 1936 et
2769 1877 2834 1932 ad
2861 1876 3236 1938 velocissimos
3254 1873 3651 1936 adulteriorum
3680 1890 3738 1930 ra
3746 1886 3859 1943 pla-

2259 1989 2348 2046 tur
2377 1993 2639 2042 excessus
2676 1977 3016 2034 consuetudo
3043 1976 3385 2032 concubitus.
3419 1976 3685 2033 Caeterum
3723 1991 3859 2046 quos

2256 2085 2429 2153 gratia
2464 2084 2766 2140 Salvatoris
2795 2090 2984 2145 sancto
3023 2078 3448 2150 incorruptionis
3489 2094 3682 2135 amore
3706 2079 3859 2133 ﬂam-

2258 2186 2520 2254 maverit,
2559 2185 2634 2242 ita
2672 2198 2864 2240 omnes
2902 2183 3197 2239 carnalium
3235 2182 3633 2238 desideriorum
3672 2181 3859 2251 spinas

2258 2289 2555 2344 Dominicae
2587 2287 2866 2342 charitatis
2895 2285 3020 2355 igne
3049 2292 3389 2349 consumunt,
3421 2291 3476 2336 ut
3517 2295 3620 2336 nec
3668 2291 3860 2349 tepens

2257 2390 2437 2445 favilla
2480 2389 2734 2444 vitiorum
2785 2387 3126 2457 refrigerium
3182 2384 3494 2453 integritatis
3541 2383 3856 2436 imminuat.

2259 2492 2415 2564 Legis
2447 2508 2575 2564 ergo
2609 2490 2792 2546 famuli
2821 2490 3098 2545 licitorum
3119 2503 3211 2542 usu
3237 2486 3298 2539 ad
3330 2483 3513 2538 illicita
3545 2483 3863 2552 prolabun-

2261 2607 2368 2666 tur,
2402 2596 2589 2666 gratiae
2621 2593 2911 2664 participes
2937 2592 3064 2646 dum
3091 2589 3227 2645 licita
3250 2593 3626 2650 contemnunt,
3658 2583 3860 2639 illicita

2261 2714 2367 2754 non
2399 2705 2694 2753 noverunt.
2724 2695 2876 2752 Sicut
2906 2702 3088 2748 autem
3119 2691 3253 2747 vivit
3275 2690 3326 2744 in
3349 2686 3582 2760 coniugii
3611 2696 3861 2740 amatore

2260 2808 2566 2870 peccatum,
2600 2799 2672 2852 ita
2696 2797 2859 2864 etiam
2889 2797 2945 2852 in
2974 2808 3040 2850 eo
3069 2803 3091 2830 ⁶
3122 2793 3217 2863 qui
3237 2791 3472 2864 decimas
3502 2802 3626 2858 suas
3658 2796 3713 2856 et
3742 2788 3861 2857 pris

1635 2910 1892 2974 ALARDI
1929 2910 2160 2968 GAZ/El
2198 2909 2751 2976 COMMENTARIUS

647 3015 673 3043 λ
705 3007 875 3063 Immo
915 3021 1046 3064 sane
1077 3007 1332 3075 prohibet
1365 3009 1563 3077 cuique
1598 3009 1830 3078 privato,
1861 3017 1916 3063 et
1951 3009 2155 3075 privata

2265 3011 2525 3072 aientibus
2553 3023 2682 3066 vos:
2715 3018 2769 3062 ut
2799 3009 2912 3064 sitis
2952 3005 3052 3075 lilii
3102 3003 3279 3062 Patris
3313 3001 3485 3068 vestri,
3523 3000 3610 3071 qui
3637 3000 3690 3053 in
3720 3001 3862 3054 caelis

568 3081 924 3153 auctoritate,
958 3089 1015 3153 ut
1059 3078 1204 3153 alias
1244 3079 1448 3153 dictqu
1491 3085 1594 3133 est.
1641 3079 1813 3153 Levii.
1871 3095 1958 3153 nx
1991 3099 2003 3133 :
2034 3078 2157 3133 Non
2185 3080 2230 3144 C
2264 3091 2361 3153 est,
2397 3094 2505 3136 etc.
2541 3078 2774 3153 (Matth.
2797 3081 2876 3149 v).

569 3153 668 3206 eris
689 3165 880 3204 memor
911 3150 1121 3220 injuriae
1161 3151 1347 3204 civium
1374 3161 1601 3203 tuorum.
1649 3151 1712 3202 Et
1742 3151 2000 3202 l’roverh.
2035 3167 2106 3203 xu
2141 3167 2155 3202 ε

571 3220 770 3276 Itinera
810 3236 986 3274 eorum
1035 3221 1120 3287 qui
1170 3222 1475 3274 memoriam
1527 3221 1743 3274 retinent
1792 3220 2053 3290 malefacti
2105 3221 2160 3274 in

572 3300 804 3345 mortem.
857 3291 919 3344 Et
947 3305 1202 3358 quorsum
1247 3293 1374 3345 illud
1420 3292 1823 3346 Denteronomii
1869 3291 1924 3345 in
1976 3302 2159 3350 nostra

575 3364 828 3418 versione
861 3379 873 3414 :
916 3361 1038 3417 Mea
1082 3371 1154 3416 est
1186 3361 1336 3427 ultio,
1379 3373 1426 3416 et
1464 3379 1555 3432 ego
1589 3363 1864 3416 retribuam
1903 3365 1919 3430 (
1953 3361 2159 3418 Denter.

575 3432 784 3503 xxxu)?
807 3433 947 3500 (μιοά
976 3433 1266 3503 Aposmtus
1295 3436 1368 3490 ita
1399 3433 1583 3488 retulit
1607 3452 1619 3486 :
1653 3432 1786 3486 Mihi
1813 3433 2090 3487 vindictam
2117 3443 2164 3486 et

575 3521 666 3575 ego
710 3504 985 3575 retribuam
1031 3502 1216 3572 (Rom.
1248 3510 1375 3572 xu).
1419 3505 1529 3562 Sed
1561 3514 1614 3559 et
1661 3507 1849 3573 quinto
1897 3513 2164 3575 praecepto

577 3573 830 3645 Decalogi
863 3593 875 3629 :
907 3573 1028 3630 Non
1058 3576 1280 3644 occides,
1315 3577 1634 3646 prohibetur
1662 3591 1768 3630 non
1800 3573 1972 3630 solum
2005 3573 2164 3630 omne

579 3657 986 3710 nocutncutum,
1030 3647 1170 3716 quod
1199 3650 1410 3716 corpori
1447 3648 1672 3716 proximi
1725 3647 1903 3701 afferri
1954 3656 2162 3716 potest,

579 3719 672 3772 sed
689 3728 743 3773 et
761 3720 1011 3773 voluntas
1031 3718 1146 3787 ipsa
1163 3720 1413 3774 nocendi.
1431 3717 1582 3775 Unde
1597 3719 1889 3773 Cassianus
1905 3719 2022 3786 ipse
2040 3717 2164 3784 alibi

581 3805 645 3844 ex
674 3790 863 3845 iisdem
892 3788 1186 3859 Scripturis
1217 3791 1403 3858 probat
1434 3790 1571 3854 quod
1600 3789 1708 3844 Lex
1737 3800 1879 3846 vetus
1907 3791 2036 3842 iram
2066 3803 2168 3840 non

582 3869 780 3914 tantum
810 3863 871 3915 de
912 3859 1116 3926 eﬂeetu,
1163 3861 1250 3914 sed
1281 3863 1434 3914 etiam
1483 3863 1545 3915 de
1571 3862 1886 3926 cogitatione
1913 3860 2169 3914 convellat

584 3930 735 4002 (Lib.
785 3948 879 3986 νιιι
925 3931 1164 3985 lnstilut.
1197 3948 1314 4001 cap.
1351 3933 1471 4000 14).
1503 3930 1655 4000 Quod
1686 3932 1812 4003 quid
1854 3932 1995 3986 aliud
2035 3940 2116 3984 est
2149 3968 2166 3992 .

584 4019 744 4072 quam
785 4004 1152 4059 cenvieiorum
1188 4012 1241 4056 et
1273 4005 1586 4073 injuriarum
1633 4005 1890 4059 ultionem
1931 4018 2026 4073 seu
2071 4015 2168 4068 ap-

590 4077 815 4144 petitum
843 4075 1093 4130 vindicta:
1123 4075 1440 4144 prohibere?
1474 4075 1566 4130 Est
1598 4084 1777 4130 tamen
1808 4075 1905 4128 hac
1934 4072 1987 4126 in
2021 4085 2172 4141 parte

586 4147 747 4199 etiam
781 4162 886 4201 non
930 4161 1092 4215 parva
1141 4145 1443 4201 dill'erentia
1476 4149 1613 4201 inter
1646 4147 1817 4214 legem
1848 4155 2084 4198 veterem
2115 4149 2173 4195 et

590 4230 807 4270 novam.
850 4217 982 4271 Nam
1013 4228 1162 4272 vetus
1198 4218 1282 4272 illa
1317 4219 1398 4272 lex
1429 4219 1646 4272 talionis
1676 4219 1790 4272 Solo
1821 4231 1993 4284 pmnze
2022 4221 2172 4268 metu

588 4285 839 4340 homines
887 4288 1232 4354 eontinebat,
1274 4305 1342 4344 ne
1379 4289 1499 4342 aliis
1541 4304 1732 4343 manus
1771 4289 2069 4352 inferrent,
2118 4295 2176 4338 ut

589 4357 1008 4430 Chrysostomus
1030 4361 1356 4415 observavit.
1389 4362 1458 4414 At
1480 4359 1725 4414 Christus
1754 4374 1924 4413 novus
1962 4356 2177 4426 legisla-

588 4437 675 4486 tor
700 4431 869 4486 voluit
891 4446 986 4485 nos
1017 4446 1123 4484 non
1152 4441 1294 4485 metu
1320 4440 1588 4501 tamquam
1622 4445 1834 4501 servos,
1867 4430 1958 4484 sed
1989 4441 2176 4481 amore

592 4511 862 4570 tamquam
892 4502 1034 4556 ﬁlios
1058 4503 1177 4556 duci
1207 4501 1271 4554 ad
1301 4500 1753 4569 beneagendum:
1788 4500 1906 4554 Non
1929 4501 2062 4553 enim
2087 4514 2176 4550 ac-

592 4577 819 4645 cepimus
842 4575 1079 4645 spiritum
1100 4574 1356 4645 seruitutis
1381 4577 1565 4626 iterum
1589 4573 1850 4645 intimare
1880 4587 1898 4625 :
1923 4572 2008 4624 sed
2037 4585 2180 4645 accg-

590 4637 760 4714 pimus
786 4637 1024 4714 spiritum
1048 4643 1342 4714 adoptionis
1367 4645 1594 4714 ﬁliorum
1630 4643 1722 4698 Dei
1749 4649 1766 4712 (
1789 4641 1941 4694 Rom.
1981 4637 2082 4712 ιν).
2117 4641 2181 4694 Et

593 4730 700 4768 non
733 4715 902 4768 solum
930 4715 1117 4770 docuit
1147 4729 1245 4769 nos
1278 4731 1380 4770 non
1416 4729 1677 4787 expetere
1713 4714 2039 4782 vindictam,
2089 4727 2184 4766 ve-

592 4801 712 4839 rum
746 4787 904 4839 etiam
940 4788 1209 4854 patienter
1241 4787 1492 4854 injuriam
1528 4788 1788 4850 tolerare;
1834 4799 1935 4839 nec
1973 4793 2179 4839 tantum

593 4858 852 4929 tolerare,
883 4857 977 4913 sed
1007 4864 1214 4926 optare,
1257 4867 1311 4914 et
1353 4859 1420 4913 iis
1445 4858 1685 4929 gloriari.
1717 4856 1958 4929 Denique
1987 4868 2182 4929 percu:

593 4927 747 4983 tienti
771 4943 872 4984 nos
901 4931 952 4984 in
984 4925 1087 4983 una
1117 4932 1331 4985 maxilla
1367 4925 1606 5000 praébere
1628 4928 1930 5000 etalteram
1950 4925 2182 5000 :votenti

589 5000 824 5054 tunicam
870 5002 1024 5056 nobis
1047 5001 1281 5066 auferre,
1306 4996 1604 5070 et'pallium
1631 4999 1937 5070 relinquere
1965 4996 2182 5068 (Matth.

590 5072 681 5143 v).
717 5070 840 5126 Non
869 5073 1061 5135 solum,
1090 5072 1266 5143 inquit
1303 5073 1593 5141 Apostolus
1625 5070 2185 5143 (supp.__glari_am_ur)

583 5141 758 5280 spe
786 5145 1014 5284 ﬁli)orum
1045 5143 1138 5198 Dei
1154 5139 1182 5210 ,“
1200 5143 1290 5198 sed
1312 5139 1366 5199 et
1386 5139 1671 5214 gloriamur
1696 5143 1750 5197 in
1772 5139 2188 5202 tribulationibus

674 5230 774 5266 0m.
808 5231 837 5265 v
880 5257 890 5268 .

674 5230 774 5266 om.
808 5230 890 5268 ν).

475 5337 495 5354 η
661 5281 958 5358 [Tunicae
990 5287 1242 5344 videlicet
1278 5296 1332 5345 et
1362 5286 1530 5358 pallii,
1565 5295 1621 5342 ut
1653 5285 1812 5341 modo
1845 5281 2047 5338 dictum
2079 5289 2185 5347 est,

592 5369 658 5408 ex
695 5356 929 5430 Matthxi
960 5362 1149 5430 quinto
1177 5376 1296 5430 cap.

526 5445 535 5454 ‘
591 5436 688 5503 __°
732 5429 847 5503 Non
890 5423 989 5486 lex"
1020 5433 1154 5499 ipsa,
1200 5423 1295 5487 seu
1342 5432 1473 5503 legis
1509 5444 1764 5501 perversa
1813 5423 2189 5503 i_nte_rprelat_io

590 5496 926 5574 Pharisaica,
961 5494 1121 5570 quam
1145 5494 1474 5574 'extilositvet
1510 5494 1778 5574 abdiciivit
1807 5499 2057 5574 Christus
2102 5494 2189 5547 di-

588 5582 722 5641 cens
755 5569 1024 5627 :Audistis
1063 5577 1189 5641 quia
1219 5569 1414 5630 dictum
1454 5586 1529 5630 est
1559 5573 1823 5641 antiquis:
1847 5569 2045 5641 Diliges
2070 5581 2192 5635 pro-

591 5639 785 5714 airiium
815 5649 982 5714 tuum,
1009 5654 1060 5694 et
1076 5626 1198 5714 bdio
1227 5648 1433 5699 habebis
1461 5626 1727 5698 inimicum
1755 5626 2194 5714 ιιῃιηιηΕςιόᾳμ-

593 5709 691 5779 tem
717 5704 832 5779 dico
855 5708 992 5757 vobis
1014 5726 1034 5760 :
1057 5713 1258 5779 diligite
1281 5717 1516 5766 inimicos
1537 5724 1764 5773 vestros;
1790 5707 2188 5779 (’9"0f“05“’,hi‘o

590 5770 678 5826 qui
705 5769 922 5823 oderunt
951 5790 1070 5838 vos;
1099 5769 1318 5836 et'orate
1343 5798 1437 5849 pro
1466 5769 1975 5849 persequentibuspet
2001 5778 2193 5830 calum-

2337 3149 2364 3190 ἀ
2393 3142 2565 3206 Totus
2599 3151 2684 3205 hic
2717 3142 2866 3205 locus
2898 3149 3028 3204 satis
3059 3150 3320 3202 obscurus
3350 3160 3456 3200 non
3489 3144 3584 3199 abs
3622 3157 3682 3210 re
3711 3142 3866 3196 vide-

2267 3232 2356 3278 tur
2400 3223 2606 3277 Gallica
2652 3221 2942 3275 Lavardini
2990 3219 3437 3288 interpretatione
3488 3213 3758 3288 iuvandus
3813 3223 3864 3267 et

2267 3294 2647 3354 elucidandus,
2681 3306 2802 3358 qua:
2823 3292 2898 3343 sic
2932 3292 3094 3343 habet.
3119 3287 3144 3341 :7
3171 3288 3247 3342 0r
3269 3305 3332 3341 en
3365 3288 3414 3340 la
3451 3290 3535 3356 on
3575 3287 3865 3358 mosaique,

2266 3383 2328 3421 en
2361 3365 2580 3432 laquelle
2605 3362 2662 3416 la
2693 3356 2782 3431 foy
2809 3361 2948 3432 etles
2976 3361 3175 3414 droicts
3201 3359 3274 3422 du
3306 3360 3674 3432 mariagesont
3699 3356 3865 3408 obser-

2265 3453 2370 3496 ves.
2408 3425 2450 3486 il
2480 3450 2540 3488 ne
2567 3449 2618 3502 se
2645 3425 2768 3502 peui
2797 3431 2929 3500 faire
2957 3447 3054 3499 que
3095 3433 3167 3482 les
3191 3425 3496 3502 aiguillons
3512 3430 3579 3482 de
3601 3425 3656 3478 la
3681 3443 3863 3480 concu-

2301 3509 2500 3559 iscence
2527 3500 2794 3568 charnelle
2821 3515 2882 3552 ne
2918 3502 3209 3553 retiennent
3241 3500 3356 3550 leur
3383 3500 3602 3566 vigueur
3626 3507 3680 3551 et
3710 3501 3858 3568 force,

2299 3578 2380 3630 ien
2419 3574 2540 3645 qu’il
2581 3573 2684 3645 soit
2721 3571 3152 3645 coritmandé_par
3185 3577 3320 3645 ceste
3349 3584 3537 3645 mesme
3579 3569 3698 3639 tog,
3734 3568 3793 3620 de
3815 3583 3864 3620 se

2266 3638 2452 3700 borne}
2473 3662 2563 3700 sur
2587 3643 2640 3696 la
2662 3641 2751 3713 [ag
2777 3642 2996 3713 promise
3017 3638 3173 3713 dune
3197 3639 3338 3713 settle
3354 3638 3539 3713 {animo
3559 3651 3609 3706 et
3634 3638 3865 3713 espouse:

2269 3715 2477 3788 diﬂicile
2510 3725 2592 3788 est
2628 3707 2742 3788 qtte'
2763 3707 2924 3788 lefeu
2945 3710 3266 3788 (auguehla
3294 3707 3470 3788 meche
3497 3718 3544 3788 et
3574 3707 3866 3788 nourriture

2271 3779 2352 3846 es't'
2378 3779 2732 3856 alministrée)
2762 3779 2857 3856 soit
2889 3779 3149 3856 tellement
3182 3779 3362 3856 horae,
3391 3781 3569 3856 caelos
3600 3790 3648 3834 et
3673 3781 3868 3856 ἀντεδιέ

2270 3878 2337 3913 en
2367 3877 2446 3913 ses
2477 3859 2663 3913 limites
2705 3850 2872 3924 preﬁa:
2894 3852 2963 3918 du
2995 3854 3242 3923 mariage.
3274 3850 3427 3924 qu‘en
3448 3851 3774 3924 ‘s’estendant
3805 3867 3869 3924 au

2274 3931 2490 3994 dehors,
2521 3927 2561 3983 il
2599 3945 2661 3981 ne
2705 3920 2878 3980 brusie
2919 3931 3027 3992 tout
3059 3941 3114 3976 ce
3159 3920 3292 3992 qu’il
3319 3920 3568 3976 touchera
3599 3938 3617 3975 :
3645 3923 3869 3989 anguet,

2273 3995 2509 4060 eombien
2555 4015 2654 4070 que
2685 4015 2779 4052 son
2809 3999 2972 4070 object
3016 3994 3381 4070 (c'est—t‘z-dire,
3414 4011 3508 4048 son
3537 4001 3796 4070 espouse)‘
3820 4009 3872 4044 se

2272 4062 2578 4138 represente
2601 4071 2861 4124 tousiours
2887 4062 3073 4121 devant
3098 4083 3210 4136 say,
3260 4065 3323 4120 de
3353 4067 3509 4136 [agon
3535 4063 3750 4138 qufihne
3772 4062 3872 4138 Iug

2276 4133 2352 4198 est
2385 4143 2570 4212 pennis
2601 4137 2901 4212 debrusler
2930 4155 2998 4191 au
3040 4133 3228 4212 dehors
3248 4177 3261 4201 ,
3302 4133 3570 4212 to‘utesfois
3598 4134 3636 4212 il
3659 4133 3870 4198 brusle,

2277 4207 2392 4267 lors'
2406 4229 2590 4265 mesme
2611 4211 2737 4276 qu’il
2759 4227 2821 4264 en
2849 4220 2924 4264 est
2945 4226 3020 4262 em
3027 4207 3209 4274 pesché
3231 4225 3242 4258 :
3262 4224 3351 4260 cur
3372 4207 3423 4260 la
3438 4207 3634 4274 volante
3655 4221 3874 4258 mesmes

2276 4296 2351 4340 cst
2379 4282 2654 4353 coulpable
2692 4293 2739 4335 et
2779 4279 3193 4353 reprehensible,
3230 4286 3277 4332 et
3314 4277 3784 4353 llaccoustumance
3815 4277 3876 4327 de

2280 4345 2511 4412 coucher'
2533 4369 2651 4406 avec
2691 4353 2742 4406 la
2775 4345 2981 4420 femine,
3028 4368 3081 4403 se
3125 4350 3277 4404 luisse
3306 4345 3518 4414 bientost
3549 4355 3878 4420 transporter

2283 4443 2393 4480 vers
2424 4424 2497 4480 les
2537 4439 2687 4479 excez
2725 4413 2815 4477 des
2861 4413 3163 4476 adu-(teres:
3195 4420 3318 4472 mnis
3362 4433 3489 4470 cena:
3513 4433 3609 4484 que
3634 4413 3882 4484 la’grace

2203 4465 2260 4525 Β
2284 4499 2355 4550 du
2388 4499 2621 4551 Sanveur
2643 4511 2775 4546 aura
2800 4497 3108 4564 en/Iammez
3137 4492 3205 4544 du
3228 4489 3384 4564 sainct
3409 4465 3542 4564 desii
3567 4486 3628 4553 de
3653 4465 3749 4550 vi;
3767 4503 3883 4564 non

2285 4584 2608 4638 corrompue,
2647 4553 3042 4638 consumentet
3063 4562 3366 4638 destruisent
3394 4553 3643 4638 tellement
3672 4573 3773 4638 par
3810 4561 3881 4638 (es

2285 4627 2516 4712 ﬂatantes
2547 4627 2609 4705 de
2637 4636 2689 4712 la
2717 4635 2912 4698 charité
2939 4636 3129 4704 dirine,
3163 4640 3325 4712 toutes
3351 4629 3642 4712 lesespin'es
3665 4627 3760 4696 des
3789 4631 3882 4712 de-

2287 4699 2386 4780 sirs
2433 4703 2718 4780 cltariiels,
2771 4724 2870 4776 que
2913 4699 3126 4780 ntesmes
3173 4706 3245 4758 les
3299 4699 3511 4780 cenares
3557 4699 3646 4780 αρε
3673 4701 3882 4780 pec/tes

2288 4769 2514 4835 chaudes
2540 4788 2585 4832 et
2617 4769 2867 4833 tiedes'ne
2893 4769 3181 4831 diminuent
3207 4790 3270 4827 en
3301 4769 3424 4828 rien
3442 4769 3496 4825 le'
3514 4769 3882 4840 rafraichisse-

2289 4863 2429 4906 ment
2474 4851 2538 4904 de
2567 4849 2681 4904 leur
2708 4851 2885 4906 parete
2918 4857 2967 4903 et
3004 4849 3299 4900 innocence.
3332 4843 3429 4898 Les
3468 4844 3690 4897 esclares
3721 4841 3882 4895 done-

2289 4941 2414 4993 ques
2437 4932 2484 4978 et
2514 4926 2645 4991 serfs
2685 4911 2748 4973 de
2779 4919 2950 4993 latoy
2984 4918 3206 4993 toiitbent
3244 4931 3304 4969 eu
3333 4915 3512 4993 choses
3541 4911 3752 4993 illicites
3789 4929 3881 4981 par

2291 4983 2410 5048 user
2435 4995 2525 5048 des
2549 4983 2711 5052 licites
2739 5007 2804 5044 ou
2829 4983 3105 5044 lice'ntiées.
3137 4985 3393 5056 Ceurgqui
3419 4993 3534 5038 sont
3555 4983 3879 5056 participans

2293 5066 2356 5119 de
2400 5067 2451 5118 la
2493 5080 2666 5136 grace,
2719 5078 2787 5136 ou
2817 5062 3075 5115 ministres
3105 5060 3167 5136 de
3211 5052 3525 5128 l‘Eeangile,
3556 5052 3684 5108 'lors
3735 5052 3878 5123 qu'ils

2293 5128 2595 5204 mespris'ent
2620 5135 2690 5188 les
2719 5131 2900 5196 licites,
2941 5149 3002 5185 ne
3031 5128 3251 5204 ocularis
3276 5135 3615 5204 aucunement
3646 5141 3712 5180 en
3741 5141 3874 5204 user,

2294 5225 2357 5261 ne
2383 5197 2764 5262 reconnoissent
2796 5221 2856 5256 en
2883 5204 2992 5274 rien
3024 5203 3095 5255 les
3125 5199 3368 5274 illicites,
3388 5207 3435 5274 et
3467 5197 3550 5274 n’g
3589 5197 3880 5274 communi:

2291 5287 2446 5348 quent
2477 5284 2834 5331 aucunement.
2867 5273 2940 5326 0r
2967 5288 3159 5348 compte
3189 5272 3236 5348 le
3257 5269 3501 5348 pec/repit
3520 5267 3588 5321 ﬁcu
3618 5267 3767 5348 celuy
3799 5267 3878 5335 qui

2293 5339 2428 5403 aime
2458 5348 2505 5402 le
2532 5347 2799 5418 mariage;
2830 5362 2892 5400 en
2920 5344 3084 5410 pareil
3109 5343 3146 5394 il
3173 5339 3329 5418 _vit_'en
3356 5339 3522 5408 celuy,
3559 5339 3649 5418 qui
3677 5355 3731 5390 se
3763 5353 3880 5389 cono

2295 5431 2430 5475 teme
2459 5409 2737 5474 seulemcnut
2768 5409 2828 5470 de
2858 5432 3015 5488 payer
3043 5431 3122 5468 ses
3149 5415 3366 5488 decimis
3394 5421 3440 5464 el
3467 5409 3736 5478 premices,
3775 5420 3873 5488 etc.

2297 5493 2585 5559 [lucusque
2627 5479 3345 5559 Lavardt'ni'interpretatio
3376 5498 3498 5559 _non
3548 5479 3870 5552 spernenda,

2296 5579 2394 5618 nec
2425 5554 2654 5631 ingrata,
2685 5568 2745 5613 ut
2769 5574 2964 5631 Spero,
2994 5559 3171 5631 futura
3203 5554 3410 5631 lectori.

2371 5645 2394 5671 ο
2421 5621 2510 5687 [tsi
2529 5621 2817 5710 Gincouius
2848 5621 3113 5710 redhibere
3144 5628 3343 5710 posuit,
3375 5640 3475 5695 pro
3505 5639 3613 5692 quo
3634 5621 3875 5710 .alii'cla-

2294 5707 2406 5761 rius
2426 5718 2548 5757 cum
2578 5703 2857 5771 Dionysio,
2876 5700 3086 5754 reddere
3109 5693 3416 5754 :inunuscr.
3439 5693 3718 5759 nonnulli,
3737 5695 3871 5747 dare.

2298 5776 2391 5830 Est
2421 5783 2599 5839 autem
2643 5772 2926 5826 redhibere
2955 5771 3096 5840 apud
3134 5771 3553 5840 jureconsultos,
3601 5778 3654 5820 ut
3690 5776 3874 5820 auctor
3945 5787 3972 6089 Α
