3986 6188
113 211 266 270 1215

834 205 1179 270 COLLATIQ
1217 205 1358 271 XXI.
1389 237 1460 268 --.-
1487 207 1580 272 ΒΕ
1617 205 2030 270 REMISSIONE
2067 208 2654 278 QUlNQUAGESlMAS

3244 213 3386 272 ﬂ“

111 323 301 382 mitias
343 329 554 384 tantum
581 319 871 384 redhibere
909 329 1194 382 contentus
1227 331 1309 382 est
1334 339 1350 377 :
1380 338 1602 384 necesse
1626 334 1710 394 est
1735 328 1788 394 Δ
1813 326 2122 386 resistendo
2151 327 2555 398 superans,'sed
2597 326 2905 383 suﬂ'erendo
2951 328 3226 384 dexteram
3265 345 3388 400 per.

113 417 264 472 enim
293 429 419 470 eum
454 415 578 468 dum
612 413 789 468 tardat
818 421 912 468 aut
937 415 1188 484 negligit,
1231 424 1322 470 aut
1352 417 1404 470 in
1451 419 1710 488 qualitate

113 527 333 580 earum,
365 515 460 564 aut
483 509 538 564 in
562 507 879 578 quantitate,
908 520 1000 570 aut
1023 509 1077 568 in
1105 510 1414 579 quotidiana
1445 511 1707 568 distribu-

116 605 276 676 tione
302 615 552 678 peccare.
578 600 678 681 Qui
710 600 855 654 enim
875 599 1095 670 jubetur
1118 616 1180 670 ea
1203 617 1321 676 quae
1351 617 1446 672 sua
1473 612 1599 670 sunt
1629 605 1709 674 iq-

115 694 476 765 fatigabiliter
525 692 890 762 indigentibus
929 692 1272 758 ministrare,
1303 695 1600 764 quamlibet
1645 710 1706 750 ea

113 801 330 861 summa,
360 785 466 854 title
505 799 568 848 ac
596 785 888 844 devotione
921 784 1219 854 dispenset,
1263 793 1444 842 tamen
1491 787 1708 850 difﬁcile

113 892 204 937 est
233 889 293 938 ut
318 896 426 940 non
464 880 692 956 laqueos
721 891 1064 950 peccatorum
1103 882 1412 950 frequenter
1443 881 1703 938 incurrat.

117 973 179 1027 lu
209 973 334 1036 illos
355 987 485 1038 vero
523 973 616 1043 qui
647 973 936 1041 consilium
971 974 1184 1028 Domini
1209 989 1316 1030 non
1359 985 1702 1044 spreverunt,

116 1065 217 1124 sed
250 1080 464 1122 omnem
489 1064 845 1131 substantiam
866 1079 1018 1128 suam
1039 1065 1364 1133 pauperibus
1384 1065 1524 1122 forte
1568 1084 1707 1136 prte-

116 1167 434 1229 erogantes,
458 1165 670 1226 sumpta
695 1171 791 1214 sua
809 1171 974 1212 cruce
996 1157 1306 1226 largitorem
1329 1158 1704 1230 coelestisgra-

122 1253 218 1307 tite
255 1252 676 1321 subsequuntur,
717 1259 1002 1320 peccatum
1055 1267 1160 1314 non
1197 1260 1377 1321 potest
1412 1251 1700 1308 dominari.

119 1345 244 1400 Non
275 1346 417 1401 enim
463 1359 583 1408 eum
615 1344 1016 1413 dispensantem
1064 1354 1304 1402 sacratas
1342 1345 1457 1414 jam
1486 1345 1705 1404 Christo

120 1455 260 1508 opes
289 1451 340 1495 et
372 1439 522 1508 quasi
548 1439 754 1502 alienas
784 1438 872 1507 pia
897 1436 1281 1493 distributione
1311 1439 1586 1506 pecunias,
1621 1440 1702 1500 in-

119 1532 301 1588 ﬁdelis
327 1530 583 1585 servandi
613 1529 785 1584 victus
809 1544 935 1583 cura
960 1529 1246 1595 mordebit,
1277 1544 1378 1590 nec
1405 1531 1707 1602 eleemosy-

117 1639 204 1680 nte
231 1623 560 1678 hilaritatem
606 1622 785 1692 abiget
818 1630 1010 1676 mtesta
1037 1620 1307 1688 cunctatio
1339 1638 1351 1673 :
1403 1622 1527 1691 quia
1559 1623 1702 1692 quod

1812 417 2041 476 cutieuti
2073 418 2349 486 maxillam
2371 459 2386 485 ,
2417 419 2578 476 etiam
2609 419 2830 474 alteram
2862 419 3104 490 praebere
3135 423 3387 476 volunta-

1810 508 1926 570 rius
1947 524 2053 564 non
2079 518 2344 575 moratur,
2376 517 2432 564 et
2457 509 2660 564 volenti
2689 510 2976 566 adversum
3005 525 3066 578 se
3109 512 3178 566 de
3215 512 3389 565 tunica

1811 601 2039 671 litigium
2070 589 2438 674 commovere,
2469 602 2698 664 remittit
2727 611 2780 658 et
2806 603 3049 672 pallium,
3080 603 3280 672 quique
3312 603 3391 656 di-

1811 692 1930 762 ligit
1957 694 2205 766 inimicos
2235 709 2387 759 suos,
2418 703 2474 752 et
2497 703 2619 750 orat
2664 710 2762 766 pro
2804 695 3262 750 calumniantibus
3307 712 3386 760 se,

1811 783 1901 841 hic
1926 786 2127 852 peccati
2159 786 2363 855 repulit
2383 786 2590 857 jugurn,
2617 801 2681 841 ac
2704 786 2918 841 vincula
2944 785 3145 856 dirupit
3169 785 3384 857 (Matth.

1808 893 1864 942 v,
1899 876 2060 934 Hebr.
2095 876 2216 947 vn).
2244 878 2359 936 Non
2383 879 2525 950 enim
2557 879 2691 934 vivit
2717 879 2816 934 sub
2847 880 2996 948 lege,
3021 893 3142 949 quae
3175 893 3284 932 non
3310 878 3388 930 in-

1808 969 2011 1034 terimit
2063 969 2354 1026 seminaria
2396 980 2738 1040 peccatorum
2785 969 2952 1040 (unde
2981 984 3089 1025 non
3115 969 3386 1024 immerito

1809 1059 1876 1130 de
1927 1061 2042 1130 ipsa
2088 1060 2276 1116 beatus
2329 1063 2644 1132 Apostolus,
2697 1062 3028 1132 reprobatio,
3086 1061 3278 1133 inquit,
3328 1061 3389 1116 ﬁt

1809 1153 2163 1223 praecedentis
2214 1155 2451 1210 mandati
2500 1165 2718 1226 propter
2767 1155 3137 1212 inﬁrmitatem
3170 1157 3290 1224 ejus
3332 1165 3388 1210 et

1808 1245 2190 1314 inutilitatem;
2245 1247 2378 1306 nihil
2412 1248 2554 1302 enim
2582 1247 2647 1302 ad
2683 1249 2979 1316 perlectum
3012 1247 3238 1304 adduxit
3269 1247 3382 1301 lex.

1808 1337 1876 1404 Et
1904 1338 2159 1404 Dominus
2187 1355 2282 1408 per
2314 1340 2668 1409 prophetam:
2714 1340 2782 1395 Et
2809 1338 2835 1377 δ
2867 1339 3022 1407 dedi,
3064 1340 3260 1410 inquit,
3307 1339 3387 1394 eis

1807 1441 2072 1500 praecepta
2103 1446 2209 1485 non
2235 1431 2406 1495 bona,
2437 1441 2491 1502 et
2513 1431 2931 1500 iustiﬁcationes
2969 1429 3022 1485 in
3050 1430 3244 1500 quibus
3279 1444 3383 1484 non

1807 1524 1989 1581 vivent
2031 1523 2085 1578 in
2114 1523 2239 1595 eis),
2274 1524 2369 1579 sed
2401 1523 2501 1580 sub
2537 1524 2731 1594 gratia,
2767 1539 2885 1592 qum
2911 1540 3015 1578 non
3049 1538 3227 1578 ramos
3263 1532 3384 1578 tan-

1807 1621 1921 1670 tum
1970 1615 2219 1686 nequitiae
2265 1623 2531 1686 amputat,
2575 1615 2670 1670 sed
2724 1615 2868 1684 ipsas
2914 1614 3128 1686 penitus
3178 1613 3387 1670 radices

115 1717 291 1772 semel
322 1723 488 1770 totum
525 1714 722 1768 obtulit
759 1714 890 1778 Deo,
922 1713 972 1768 id
1001 1713 1113 1782 jam
1156 1713 1387 1780 alienum
1429 1715 1545 1769 sine
1577 1731 1706 1785 pro-
1731 1707 1783 1780 Β
1812 1705 1985 1779 ηοιὶεε
2014 1707 2304 1764 voluntatis
2331 1708 2536 1764 evellit.

117 1809 251 1878 priae
280 1807 614 1862 necessitatis
646 1805 1021 1866 recordatione
1050 1813 1141 1864 aut
1175 1806 1385 1876 angusti
1421 1807 1596 1862 victus
1629 1806 1700 1863 ti-

115 1915 272 1955 more
293 1899 574 1968 dispergit,
609 1899 699 1968 qui
731 1906 911 1954 certus
941 1905 1053 1961 est,
1087 1912 1208 1953 cum
1239 1897 1305 1953 ad
1337 1899 1698 1966 desideratam

115 1993 428 2062 pervenerit
480 1991 798 2057 nuditatem,
830 1991 1000 2050 multo
1041 1992 1212 2062 magis
1243 2007 1271 2044 a
1301 1991 1410 2046 Deo
1451 2007 1510 2047 se
1537 2008 1696 2061 quam

115 2083 396 2138 volucrem
438 2083 560 2138 cmli
602 2096 721 2148 esse
769 2082 1117 2152 pascendum.
1167 2083 1482 2138 Econtrario
1524 2084 1570 2138 is
1607 2087 1696 2154 qui

111 2174 479 2230 substantiam
535 2175 770 2230 retinens
803 2175 1153 2242 ntundiale‘m,
1191 2185 1280 2230 aut
1313 2175 1550 2236 decimas
1583 2177 1697 2234 fru-

111 2278 297 2322 ctunm
326 2281 548 2322 suorum
578 2276 736 2338 atque
767 2269 1050 2334 primitias,
1085 2278 1179 2324 aut
1201 2279 1412 2338 partem
1441 2272 1697 2340 pecunia-

109 2373 237 2412 rum
287 2360 612 2420 constrictus
652 2359 784 2432 legis
824 2361 1059 2433 antiquae
1087 2364 1369 2434 sanctione
1397 2363 1692 2432 distribuit,

113 2451 243 2506 licet
267 2461 608 2520 peccatorum
631 2466 850 2506 suorum
878 2453 1054 2524 ignem
1081 2455 1314 2510 maxime
1339 2455 1441 2510 hoc
1462 2457 1699 2517 eleemo-

111 2558 262 2614 synaa
291 2559 412 2598 rore
437 2544 766 2614 exstinguat,
815 2546 1147 2613 impossibile
1179 2557 1356 2602 tamen
1388 2556 1494 2613 est,
1527 2564 1698 2620 quan—

113 2635 252 2690 tavis
299 2651 428 2706 opes
454 2651 583 2692 suas
610 2638 1049 2706 magnanimitate
1088 2637 1384 2707 diSpenset,
1430 2649 1487 2693 ut
1525 2655 1585 2696 se
1628 2639 1698 2700 ad

109 2727 327 2799 plenum
359 2737 513 2782 eruat
539 2744 568 2783 a
615 2729 985 2785 dominatione
1027 2732 1256 2800 peccati,
1288 2732 1395 2788 nisi
1434 2732 1573 2787 forte
1603 2747 1698 2802 per

109 2820 340 2890 gratiam
389 2820 704 2888 Salvatoris,
755 2837 876 2880 cum
922 2837 982 2880 re
1027 2823 1187 2878 etiam
1237 2825 1412 2894 ipsum
1444 2825 1695 2896 allectum

107 2912 428 2982 deposuerit
471 2913 808 2983 pussidcndi.
860 2914 981 2968 Pari
1029 2915 1189 2970 modo
1221 2932 1326 2972 non
1365 2927 1538 2990 potest
1588 2933 1698 2980 non

110 3014 337 3061 cruento
362 3008 567 3076 peccati
591 3007 818 3076 imperio
843 3008 1105 3076 famulari,
1132 3012 1454 3080 quicumque
1479 3012 1696 3067 oculum

2345 1841 2572 1898 CAPUT
2614 1839 2855 1896 XXXIV.

1923 1955 2372 2030 Quemadmodum
2399 1954 2511 2025 quis
2542 1953 2792 2025 probetur
2817 1969 2924 2006 esse
2952 1953 3045 2007 sub
3076 1955 3269 2026 gratia.

1875 2091 2129 2162 Quisquis
2157 2108 2285 2162 ergo
2319 2091 2705 2161 perfectionem
2738 2092 3077 2162 Evangelieae
3107 2093 3382 2148 studuerit

1803 2193 1992 2242 tenere
2020 2186 2301 2248 doctrinm,
2343 2185 2432 2239 hic
2474 2185 2576 2239 sub
2607 2185 2776 2254 gratia
2811 2190 3136 2240 constitutus
3180 2186 3390 2256 peccati

1802 2278 2172 2336 dominatione
2217 2294 2323 2332 non
2367 2279 2645 2347 premitur.
2681 2281 2796 2334 Hoc
2838 2289 2922 2333 est
2949 2281 3092 2334 enim
3138 2297 3262 2336 esse
3287 2283 3388 2337 sub

1801 2373 1996 2442 gratia,
2030 2387 2091 2427 ea
2135 2388 2256 2440 qua:
2287 2372 2459 2440 gratia
2503 2373 2725 2428 mandat
2773 2373 3020 2443 implere.
3055 2373 3387 2445 Quicumque

1802 2480 1934 2522 vero
1979 2465 2325 2534 perfectionis
2367 2465 2705 2536 Evangelicae
2751 2467 3073 2534 plelliluditti
3110 2467 3387 2536 subjectus

1802 2574 1927 2628 esse
1967 2560 2226 2626 noluerit,
2258 2575 2362 2615 non
2415 2562 2622 2632 ignoret
2669 2576 2749 2626 se,
2781 2561 3027 2631 quamvis
3080 2562 3384 2630 baptizatus

1801 2651 1909 2706 sibi
1939 2652 2187 2706 videatur
2209 2667 2272 2706 ac
2304 2655 2619 2721 monachus,
2652 2669 2756 2707 non
2779 2668 2904 2708 esse
2933 2653 3036 2707 sub
3063 2655 3255 2722 gratia,
3289 2654 3386 2710 sed

1803 2742 1904 2796 sub
1935 2741 2068 2811 legis
2105 2743 2284 2808 adhuc
2313 2746 2545 2811 vinculis
2586 2746 2962 2814 praepeditum,
3004 2748 3206 2815 peccati
3248 2762 3388 2817 pon-

1802 2832 1930 2887 dere
1960 2836 2311 2903 pra'gravari.
2346 2835 2686 2903 Propositum
2720 2853 2954 2907 namque
2986 2849 3068 2894 est
3116 2840 3264 2909 ejus,
3297 2842 3388 2909 qui

1802 2940 1992 2979 omnes
2031 2941 2062 2980 a
2092 2926 2292 2995 quibus
2331 2936 2579 2997 receptus
2613 2928 2811 2994 fuerit,
2858 2931 3033 2999 gratia
3077 2931 3388 3000 adoptionis

1804 3016 2051 3082 assumit,
2103 3031 2208 3070 non
2257 3017 2559 3082 destruere,
2612 3019 2704 3072 sed
2735 3003 3200 3088 supertedilicare;
3235 3032 3257 3059 ο
3285 3036 3387 3078 nec

108 3113 213 3168 pro
230 3098 645 3164 oculo,deutem
659 3116 758 3176 pro
776 3100 939 3172 dente
962 3100 1157 3172 (Exod.
1180 3103 1401 3174 xxr),ex
1421 3115 1694 3176 praecepto
1724 3087 1770 3152 Ο
1800 3121 2090 3177 evacuare,
2122 3109 2216 3164 sed
2244 3109 2544 3178 adimplere
2572 3087 2832 3166 Mosaicae
2863 3113 3194 3167 sanctiones.
3229 3112 3386 3181 Quod

110 3195 248 3265 legis
276 3210 501 3263 eruere,
535 3206 564 3250 ι,
583 3206 673 3252 aut
711 3196 992 3252 inimicum
1020 3213 1174 3264 suum
1206 3199 1330 3254 odio
1359 3201 1563 3264 mavult
1591 3201 1690 3262 ha,-

110 3286 280 3350 bere;
312 3287 437 3358 quia
486 3303 710 3346 necesse
737 3303 861 3352 eum
903 3290 1028 3354 dum
1061 3290 1281 3361 talionis
1326 3292 1696 3356 vicissitudine

111 3379 307 3434 ulcisci
335 3395 485 3457 suam
540 3390 691 3450 optat
725 3380 998 3450 injuriam,
1052 3382 1178 3454 dum
1209 3395 1400 3452 contra
1445 3386 1698 3446 inimicos

113 3471 227 3526 odii
255 3473 670 3548 amaritudinem
699 3483 897 3541 servat,
932 3474 1131 3540 furoris
1158 3488 1320 3548 atque
1352 3478 1445 3534 ira:
1481 3490 1696 3556 pertur-

111 3565 335 3618 batione
360 3579 576 3637 semper
603 3566 843 3638 accendi.
874 3567 1207 3640 Quicumque
1228 3588 1364 3628 vero
1393 3572 1494 3628 sub
1517 3573 1697 3641 Evan-

111 3658 304 3728 gelicae
333 3660 520 3729 gratiae
548 3661 942 3722 illumiuatioue
976 3671 1244 3728 versatur,
1278 3679 1343 3720 ac
1367 3666 1566 3722 malum
1589 3681 1692 3720 non

1802 3205 2053 3258 nonnulli
2086 3204 2300 3274 penitus
2353 3205 2692 3274 ignorantes,
2741 3216 2799 3261 et
2843 3207 3194 3262 consiliorum
3226 3218 3388 3278 atque

1805 3296 2244 3354 exhortationum
2277 3294 2480 3352 Christi
2521 3298 2978 3368 magnificentiam
3023 3300 3384 3370 negligentes,

1803 3389 1880 3448 ita
1917 3389 2312 3459 przesumptiva:
2341 3389 2612 3450 libertatis
2648 3393 2946 3450 securitate
2983 3392 3287 3458 solvuntur,
3332 3402 3389 3448 ut

1804 3495 1912 3536 non
1941 3481 2115 3536 solum
2146 3478 2346 3536 Christi
2376 3490 2643 3548 praecepta
2679 3489 2949 3548 tamquam
2976 3482 3136 3536 ardua
3167 3496 3273 3534 non
3302 3492 3388 3535 at-

1803 3577 2034 3645 tingant,
2070 3590 2253 3642 verum
2281 3575 2442 3627 etiam
2468 3573 2583 3641 ipsa
2610 3575 2694 3626 illa
2723 3589 2842 3641 quae
2869 3574 2974 3626 illis
3002 3574 3388 3639 incipientibus

1803 3667 2153 3735 parvulisque
2182 3661 2209 3716 ᾇ
2240 3664 2476 3718 Mosaica
2508 3665 2626 3731 lege
2657 3664 2910 3717 mandata
2933 3673 3078 3729 sunt,
3112 3664 3254 3717 velut
3293 3680 3387 3718 an-

1187 3755 1317 3810 ALA
1330 3755 1444 3810 RDl
1481 3757 1708 3826 GAZASI
1745 3755 2314 3816 COMMENTARIUS.

113 3847 375 3922 illpianus
401 3847 560 3922 (Iul.
587 3865 676 3906 χχι
708 3849 772 3904 de
796 3848 1183 3922 (Edil.edie.),
1213 3850 1390 3922 facere
1421 3861 1698 3922 utrursus

111 3919 627 3992 habeat’_venditor,
673 3921 816 3992 quod
865 3921 1139 3975 vendidit:
1185 3929 1240 3975 et
1279 3921 1403 3992 quia
1450 3921 1498 3974 id
1534 3922 1696 3976 ﬂebat

109 3989 392 4044 reddendo
444 4006 506 4044 ac
559 3989 914 4058 restituendo,
967 3992 1168 4046 idcirco
1219 3990 1509 4046 redhibitio
1553 3992 1696 4046 dieta

109 4071 217 4124 est,
251 4062 402 4132 quasi
450 4063 679 4117 redditio
725 4074 776 4117 et
819 4065 872 4117 in
903 4063 1169 4132 integrum
1198 4063 1495 4119 restitutio.
1537 4064 1696 4129 Nam,

110 4141 172 4185 ut
203 4133 278 4184 ait
309 4130 530 4197 Festus,
563 4133 889 4188 redhibitum
917 4130 1131 4203 proprie
1160 4133 1380 4195 dicitur,
1406 4134 1546 4201 quod
1572 4135 1697 4189 red-

109 4205 284 4255 dittnn
330 4211 439 4280 est.
471 4205 714 4280 Sumitnr
750 4219 877 4274 ergo
902 4206 1008 4280 _hic
1050 4204 1334 4280 redhibere
1372 4206 1696 4280 simpliciter

111 4289 217 4344 pro
237 4273 497 4344 reddere,
525 4273 1048 4339 exltibere,solvere
1074 4293 1088 4329 ε
1119 4288 1174 4329 ut
1201 4288 1252 4330 et
1276 4273 1416 4344 apud
1447 4273 1694 4332 Plautum

109 4349 165 4398 in
203 4343 463 4397 Mentech.
494 4364 506 4396 :
543 4345 760 4399 Salvum
793 4347 904 4411 tibi,
940 4356 992 4398 ut
1045 4348 1173 4400 mihi
1202 4343 1410 4413 dedisti,
1458 4349 1698 4402 redhibeo

109 4415 457 4482 marsupium.
493 4415 674 4470 Utitur
701 4417 887 4470 eadem
919 4432 1048 4472 voce
1084 4418 1464 4478 redhibitionis
1491 4419 1698 4482 Cassia-

107 4498 220 4540 nus
251 4484 347 4556 lib.
381 4500 432 4538 1v
463 4485 696 4540 lnstitut.
725 4501 844 4556 cap.
877 4485 932 4540 4.

186 4562 217 4592 α
248 4554 363 4628 lloc
391 4572 494 4609 non
537 4572 602 4612 ex
641 4554 806 4625 Legis
836 4556 1171 4627 praescripto,
1207 4557 1299 4622 sed
1344 4573 1408 4613 ex
1449 4574 1699 4628 perversa

105 4626 515 4683 Pharisaeorum
547 4638 604 4682 et
639 4626 948 4684 Scribarum
999 4626 1464 4697 interpretatione,
1515 4640 1573 4683 ut
1619 4630 1702 4683 di-

1876 3863 1897 3892 ε
1927 3851 2018 3907 Sic
2055 3853 2198 3907 enim
2230 3850 2474 3905 Christus
2505 3850 2658 3905 initio
2691 3851 2803 3907 fere
2838 3866 2949 3906 suae
2987 3854 3386 3920 prtedicationis

1802 3932 2135 3992 protestatus
2182 3932 2300 3993 est;
2346 3921 2525 3988 Nolite
2563 3933 2743 3988 putare
2769 3925 3015 3993 quoniam
3047 3925 3158 3978 veni
3193 3926 3388 3980 solvere

1801 3994 1962 4063 legem
2007 4003 2095 4046 aut
2142 3992 2453 4065 prop/tetas:
2506 4009 2607 4046 non
2656 3992 2787 4065 veni
2820 3997 3016 4064 solvere
3069 3994 3250 4065 legem,
3295 3999 3387 4052 sed

1800 4062 2085 4135 adimplere
2114 4062 2335 4129 (Matth.
2359 4062 2436 4132 ν).
2471 4063 2793 4130 Adimplevit
2821 4062 3000 4118 autem
3036 4062 3139 4117 non
3181 4076 3384 4122 tantum

1801 4136 2258 4191 SubtniniSIrando
2288 4136 2538 4203 spiritum
2567 4136 2751 4203 gratiae
2782 4151 2875 4202 per
2905 4151 3063 4205 quam
3095 4138 3174 4190 lex
3227 4153 3254 4190 a
3283 4154 3383 4192 n0-

1805 4207 1888 4263 bis
1919 4209 2226 4276 impleatur,
2266 4206 2360 4260 sed
2392 4215 2444 4259 et
2474 4206 2867 4272 conﬁrmando,
2917 4216 2970 4260 et.
3001 4207 3191 4261 melius
3223 4209 3387 4264 inter-

1805 4279 2073 4348 pretando
2113 4286 2166 4330 t-t
2217 4275 2537 4344 supplendo,
2571 4293 2689 4346 qua:
2733 4280 2782 4330 in
2834 4279 2998 4332 veteri
3051 4281 3166 4347 lege
3211 4283 3386 4336 minus

1784 4362 1960 4402 erant
1986 4363 2264 4414 expressa.
2300 4355 2357 4400 ut
2382 4356 2525 4414 patet
2545 4363 2610 4402 ex
2629 4347 2819 4402 eodem
2843 4348 2962 4402 loco
2989 4349 3151 4419 (Vide
3174 4349 3235 4406 S.
3252 4351 3384 4406 Tha.

1802 4421 1916 4484 1-2,
1941 4437 1993 4486 q.
2027 4420 2148 4484 107,
2179 4427 2282 4472 art.
2310 4418 2392 4486 ‘2).

1876 4485 1902 4538 ἆ
1935 4491 2188 4558 Quamvis
2223 4497 2490 4558 praecepta
2526 4490 2655 4560 sive
2684 4490 2935 4560 mandata
2969 4491 3102 4557 legis
3143 4491 3389 4546 Mosaicae

1803 4557 2078 4628 judicialia
2109 4571 2163 4626 et
2188 4557 2582 4620 caeremonialia
2617 4559 2721 4614 sint
2770 4557 3042 4629 antiquata
3091 4573 3143 4614 et
3191 4562 3388 4616 abolita

1808 4646 1903 4699 per
1933 4629 2103 4702 legem
2137 4647 2324 4698 novant
2366 4640 2420 4684 et
2452 4632 2846 4702 Evangelicam,
2882 4648 2988 4698 nou
3030 4642 3206 4688 tamen
3253 4649 3388 4700 prte-

105 4674 266 4774 ξιιιη]
300 4704 398 4751 est.
444 4674 732 4774 Gloiesawin
762 4714 881 4774 cap.
915 4715 946 4751 ν
972 4674 1248 4774 Matthfe'iv:
1276 4674 1580 4774 Sciendum,
1606 4674 1697 4774 ait,
1728 4674 1784 4734 D
1808 4674 3385 4774 Septif‘ﬁiitp'itiiuutﬁiﬁibriiii

104 4771 308 4844 in_to_to
335 4784 550 4839 corpore
573 4769 853 4844 Legis‘tto'n
881 4770 1253 4844 esse‘scriptum
1279 4786 1297 4824 :
1327 4769 1458 4824 Odia
1489 4770 1700 4844 habebis

104 4839 387 4911 inimicum
430 4850 595 4894 tuum.
631 4839 735 4897 Sed
764 4839 859 4894 hoc
903 4839 1121 4908 dicitur,
1149 4852 1394 4911 quantum
1432 4843 1496 4895 ad
1539 4839 1702 4906 tradi;

105 4914 321 4980 tionem_
346 4905 677 4979 Scribarum,
722 4913 906 4980 quibus
941 4905 1108 4965 visunt
1145 4905 1218 4964 est
1258 4914 1350 4964 hoc
1382 4905 1700 4978 addendum,

106 4982 243 5052 quia
287 4978 535 5054 Dominus
575 4978 978 5054 pra'ce—pit‘ﬁliis
1009 4981 1174 5037 Israel
1209 4985 1441 5054 persequi
1469 4984 1703 5054 inimicos

107 5000 243 5052 quia
287 5000 535 5036 uommus
575 5000 816 5054 praecepit
854 5000 978 5050 puts
1009 5000 1172 5037 rsraet
1246 5000 1440 5052 ersequt
1469 5000 1540 5036 tm

107 5068 245 5123 suos
270 5058 323 5123 et
353 5052 519 5105 delere
541 5051 782 5107 Amalech
807 5050 870 5108 de
897 5053 988 5108 sub
1017 5055 1139 5108 caelo
1169 5000 1367 5120 (Exod.
1393 5053 1546 5123 xvn).

188 5120 220 5158 ι)
253 5120 504 5193 Loquitur
524 5125 592 5177 ibi
622 5125 892 5191 Dominus,
923 5126 996 5177 ait
1017 5123 1075 5178 S.
1099 5125 1338 5178 Thomas
1361 5120 1578 5193 (1—2,q.
1609 5123 1700 5190 98,

107 5202 223 5247 art.
263 5191 431 5261 l),de
453 5197 722 5266 prteceptis
753 5195 1213 5259 eteremonialibus,
1243 5191 1598 5266 qute‘quidem
1627 5197 1704 5260 di-

108 5271 323 5336 cuntur_
344 5280 446 5318 non
487 5265 638 5331 bona,
672 5269 794 5336 quia
827 5266 1048 5336 gratiam
1091 5283 1191 5319 non
1235 5265 1583 5334 conferebant,
1620 5283 1709 5335 per

141 5350 276 5388 nam
303 5333 534 5390 homines
558 5355 588 5388 a
620 5333 1248 5405 peccatoimundarentur,
1274 5333 1388 5386 cum
1418 5346 1584 5387 tamen
1618 5333 1708 5404 per

141 5353 276 5388 uam
303 5353 534 5390 nomines
558 5355 588 5388 a
620 5353 825 5405 peccato
857 5353 1248 5400 munaarentur,
1274 5353 1388 5386 cum
1418 5353 1584 5387 tamen
1618 5353 1708 5404 per

102 5353 433 5479 Zztjusmodi
465 5423 519 5460 se
554 5417 844 5479 peccatores
888 5406 1236 5479 ostenderent;
1271 5407 1414 5479 unde
1446 5407 1708 5479 signanter

108 5475 318 5531 dieitur
343 5494 356 5528 :
386 5475 454 5529 Et
469 5475 679 5547 judicia
718 5480 768 5530 in
797 5477 982 5543 quibus
1014 5494 1116 5529 non
1149 5479 1309 5529 vivent
1343 5475 1558 5547 (Ezech.
1585 5476 1702 5548 ιλ),

108 5551 149 5603 i.
190 5563 241 5602 ε.
279 5562 369 5615 per
405 5563 520 5618 qua:
563 5549 720 5618 vitam
758 5550 940 5618 gratim
975 5549 1194 5602 obtinere
1241 5563 1343 5600 non
1369 5557 1632 5618 (possunt;
1659 5555 1707 5618 et

109 5629 305 5690 postea
336 5617 590 5690 subditur
612 5631 630 5667 :
660 5616 727 5690 Et
753 5616 915 5686 pollui
941 5634 1026 5672 eos
1064 5620 1117 5671 in
1156 5616 1450 5670 muneribus
1500 5617 1626 5683 suis,
1655 5617 1708 5670 id

110 5686 218 5756 est,
252 5688 485 5757 pollutos
516 5686 730 5743 ostendi.

1808 4772 2008 4826 habent
2038 4771 2305 4839 obligandi
2337 4788 2402 4842 ex
2431 4772 2552 4840 ipso
2575 4772 2865 4830 dietaminc
2895 4778 3116 4838 rationis
3145 4771 3160 4827 ὲ
3204 4777 3254 4830 in
3284 4790 3390 4843 quo

1807 4858 2006 4914 genere
2036 4843 2296 4910 praecipua
2329 4852 2454 4896 sunt
2475 4859 2594 4911 quae
2625 4844 2883 4912 decaiogo
2906 4848 3278 4914 continentur,
3322 4845 3390 4898 ad

1809 4912 1928 4984 quae
1976 4915 2142 4984 etiam
2184 4927 2378 4970 caetera
2421 4915 2752 4984 reducuntur
2785 4913 2868 4983 (S.
2901 4912 3030 4966 Tito.
3065 4918 3184 4981 1-2,
3212 4934 3261 4982 q.
3295 4917 3388 4979 98,

1810 4981 1862 5038 ἁ.
1892 4983 1946 5040 4.
1977 4981 2092 5053 ειη.
2125 4981 2245 5045 ltl'l,
2278 4994 2378 5037 art.
2409 4984 2488 5053 2).
2520 4981 3251 5047 Proinde,licetChristiani
3287 5001 3389 5038 non

1812 5064 2094 5110 teneantur
2122 5056 2237 5124 lege
2259 5055 2793 5126 Musaica,quatenus
2807 5053 3093 5126 ejusmodi.
3121 5057 3155 5108 i.
3183 5071 3233 5110 e.
3263 5069 3392 5126 qua-

1811 5135 1965 5180 tenus
2014 5142 2107 5192 per
2157 5127 2372 5197 Moysen
2420 5127 2523 5180 lata
2545 5124 2646 5180 'est
2679 5124 3149 5197 (quandoquidem
3193 5124 3392 5195 Moysis

1812 5197 2074 5265 legislatio
2117 5195 2326 5266 tantum
2368 5195 2697 5266 pertinuerit
2737 5196 2800 5249 ad
2852 5195 3106 5266 populum
3137 5197 3391 5251 Israeliti-

1811 5283 1954 5330 cum,
2000 5267 2158 5334 idque
2192 5283 2356 5336 usque
2389 5269 2451 5322 ad
2484 5269 2774 5322 adventum
2801 5265 3004 5320 Christi
3049 5279 3100 5318 et
3135 5269 3392 5334 ιη’έιεώιέξι-

1815 5341 2010 5392 tionem
2062 5339 2334 5403 Evangelii
2391 5342 2702 5402 dumtaxat;
2753 5338 2804 5390 in
2861 5351 2964 5405 qua
3001 5347 3106 5388 tota
3159 5338 3390 5391 Mosaica

1811 5409 2122 5463 constitutio
2160 5409 2317 5461 linem
2361 5407 2613 5477 accepit),
2645 5416 2895 5462 tenentur
2929 5417 3104 5460 unnen
3147 5409 3392 5461 absolute

1813 5483 2096 5548 praeceptis
2142 5480 2388 5548 ducalogi
2425 5496 2440 5534 :
2486 5481 2643 5546 idque
2683 5478 2882 5546 duplici
2929 5479 3158 5532 ratione.
3213 5479 3392 5536 Primo

1813 5551 1937 5620 quia
1964 5552 2248 5619 decalogus
2295 5566 2403 5604 non
2446 5549 2589 5620 aliud
2622 5558 2706 5602 est
2746 5563 2904 5616 quam
2937 5549 3223 5620 explicatio
3261 5549 3393 5618 legis

1817 5619 2040 5687 naturae,
2073 5636 2191 5688 qua:
2222 5621 2315 5674 toti
2345 5621 2530 5688 generi
2563 5619 2795 5672 humano
2817 5619 3123 5672 communis
3151 5629 3264 5674 est:
3301 5635 3392 5673 nc-

1819 5705 1924 5760 que
1962 5692 2024 5743 ad
2062 5691 2162 5746 hoc
2197 5702 2253 5746 ut
2279 5705 2604 5762 quemquam
2634 5690 2866 5763 obliget,
2899 5700 3124 5744 externa
3153 5692 3390 5760 promub
