3986 6188
566 224 708 281 19.15

1633 217 1914 279 JOANNIS
1950 214 2265 274 CASSIANI
2304 211 2791 271 COLLATIONES.

3830 192 3941 254 ﬂii

498 337 525 412 ἰ
559 341 761 412 tiquata
803 348 1182 406 contemnant,
1214 338 1356 394 illud
1403 350 1550 409 quon
1577 328 1875 408 Apostolus
1904 348 2156 392 exsecra-
2180 334 2236 396 Α
2258 332 2477 404 quidem
2523 328 2829 385 orationem
2895 335 3232 394 consurgere
3276 311 3665 374 ﬂdueialiter
3732 308 3931 369 uda.

558 444 644 489 tur
675 432 836 487 noxia
869 432 1123 489 libertate
1153 431 1438 487 dicentes:
1471 428 1845 497 Peccabimus,
1886 428 2013 498 quia
2051 441 2152 480 non

516 515 527 599 ι
556 542 735 579 sumus
763 524 855 578 sub
901 525 1033 595 lege,
1067 525 1156 578 sed
1199 527 1293 577 sub
1318 522 1493 595 gratia
1526 522 1705 594 (Rom.
1742 520 1841 591 vi).
1873 519 1976 588 Qui
2020 531 2152 588 ergo

558 632 656 672 nec
683 617 785 671 sub
834 617 1004 685 gratia
1050 625 1163 683 est,
1206 616 1330 685 quia
1364 629 1704 685 nequaquam
1746 612 1814 668 ad
1855 611 2152 667 Dominicis

556 709 822 763 doctrinae
848 708 1065 762 culmen
1096 707 1373 772 ascendit;
1411 722 1512 761 nec
1542 707 1641 761 sub
1665 705 1803 774 lege,
1835 703 1961 774 quia
1986 701 2152 757 etiam

559 800 674 867 ipsa
710 799 801 853 illa
833 799 1054 867 parvula
1085 798 1220 869 legis
1248 798 1499 853 mandata
1522 813 1627 852 non
1668 795 1913 866 suscipit,
1939 793 2028 848 hic
2053 792 2155 847 du-

558 892 688 960 plici
734 900 1079 963 peccatorum
1120 907 1418 963 oppressus
1447 893 1710 963 imperio,
1738 891 1808 946 ob
1837 891 1941 944 hoc
1972 888 2152 944 solum

559 988 787 1055 gratiam
820 986 1030 1042 Christi
1059 988 1370 1057 percepisse
1396 1002 1455 1042 se
1482 987 1680 1053 credit,
1714 993 1773 1041 ut
1800 1000 1897 1055 per
1926 984 2153 1039 noxiam

557 1081 866 1136 libertatem
912 1082 979 1136 ab
1026 1097 1091 1136 eo
1137 1082 1292 1138 fieret
1340 1082 1571 1150 alienus,
1626 1083 1680 1136 in
1728 1080 1860 1135 illud
1907 1079 2153 1136 incidens

557 1174 701 1244 quod
752 1174 1032 1244 apostolus
1076 1173 1273 1229 Petrus
1329 1189 1400 1229 ne
1454 1174 1799 1229 incurramus
1854 1175 2151 1227 enuntiat:

562 1267 726 1334 Quasi
756 1266 927 1335 liberi,
962 1266 1155 1337 inquit,
1187 1268 1347 1337 agite,
1399 1276 1450 1319 et
1481 1282 1585 1319 non
1615 1267 1763 1335 quasi
1793 1266 2024 1319 velamen
2056 1264 2154 1318 ha-

559 1360 734 1414 bentes
765 1358 982 1413 malitia:
1022 1359 1309 1412 libertatem
1340 1356 1394 1430 (1
1426 1356 1547 1412 Pet.
1576 1356 1661 1427 ιι).
1704 1357 1905 1412 Beatus
1943 1370 2155 1426 quoque

560 1453 842 1522 apostolus
891 1452 1128 1506 Paulus:
1168 1450 1291 1520 Vos,
1342 1451 1509 1517 enim,
1539 1451 1730 1522 inquit,
1773 1451 1826 1503 in
1867 1448 2157 1503 libertatem

557 1545 722 1599 rocati
756 1546 904 1611 estis,
940 1548 1129 1616 fratres
1163 1544 1366 1616 (Galat.
1401 1545 1479 1617 v),
1509 1544 1564 1599 id
1595 1555 1698 1614 est,
1733 1553 1791 1598 ut
1817 1544 2053 1599 absoluti
2082 1544 2157 1597 si-

560 1637 630 1693 tis
660 1654 688 1690 a
730 1638 1103 1694 dominatione
1142 1640 1376 1708 peccati,
1411 1648 1617 1693 tantum
1660 1653 1728 1693 ne
1763 1637 2069 1693 libertatem
2100 1636 2156 1691 in

2221 454 2231 464 '
2254 441 2395 485 ωυε.

2790 510 3018 569 CAPUT
3060 507 3308 566 XXXVI.

2255 635 2567 708 Responsio,
2596 629 2736 703 quod
2768 629 2875 684 haec
2902 626 3343 754 qqgreitggréuturm
3365 618 3731 679 Collationi
3766 618 3919 674 debet:

2327 800 2623 857 Theonas:
2658 795 2907 854 Studium
2954 792 3174 864 quidem
3223 798 3523 856 vestrum,
3581 801 3724 857 quo
3763 794 3917 855 perte

2258 894 2456 950 ctionis
2484 894 2624 947 viam
2652 905 2759 945 non
2786 886 3120 951 transitorie,
3155 881 3253 938 sed
3286 881 3741 953 principaliter
3777 889 3911 949 atqs:

2258 987 2503 1058 perfecte
2552 983 2880 1040 desideratis
2928 983 3227 1049 attingere,
3282 975 3767 1047 inlatigabiliter
3816 973 3911 1025 δελ

2258 1077 2608 1149 disputationi
2655 1091 2753 1131 nos
2797 1080 3055 1144 provocat
3085 1070 3409 1125 inhaerere:
3475 1082 3600 1123 nec
3655 1067 3822 1121 enim
3858 1066 3907 1118 de

2260 1172 2529 1227 exteriore
2559 1167 2880 1225 castimonia
2908 1174 2963 1222 et
2984 1164 3420 1220 circumcisione
3444 1159 3808 1225 manifesta,
3832 1160 3909 1212 sed

2260 1264 2327 1319 de
2375 1264 2462 1318 illa
2510 1277 2629 1333 qua:
2678 1262 2734 1316 in
2782 1259 2997 1315 occulto
3056 1266 3161 1323 est,
3208 1256 3543 1326 diligenter
3606 1253 3900 1323 inquiritis,

2259 1360 2493 1421 scientes
2525 1357 2578 1412 in
2614 1357 2711 1411 hac
2742 1352 2943 1409 visibili
2973 1350 3151 1408 carnis
3173 1348 3578 1412 continentia,
3612 1347 3903 1417 perfecti.»

2259 1455 2342 1508 nis
2380 1450 2775 1522 plenitudinem
2826 1462 2933 1501 non
2963 1446 3164 1513 inesse,
3209 1458 3337 1514 quae
3389 1441 3651 1507 haberi,
3688 1442 3777 1494 vel
3822 1454 3903 1507 per

2260 1544 2662 1611 necessitatem,
2712 1541 2798 1595 vel
2837 1554 2932 1608 per
2956 1536 3295 1609 hypocrisim
3329 1536 3521 1589 etiam
3560 1533 3638 1587 ab
3672 1532 3901 1586 inﬁdeli-

2260 1639 2361 1695 bus
2394 1646 2601 1707 potest:
2634 1634 2733 1691 sed
2788 1634 2936 1688 illam
2966 1631 3150 1686 cordis
3188 1628 3595 1683 voluntariam
3634 1636 3696 1681 et
3720 1625 3901 1679 inrisi-

558 1730 908 1785 occasionem
940 1732 1077 1786 detis
1107 1734 1309 1798 carnis,
1341 1732 1393 1788 id
1422 1741 1525 1799 est,
1559 1731 1968 1787 frustrationem
2006 1731 2153 1800 lega-
2183 1737 2231 1797 Ρ
2258 1733 2423 1790 bilem
2455 1732 2742 1800 puritatem
2798 1742 2961 1800 quam
2998 1726 3188 1781 beatus
3218 1723 3557 1793 Apostolus
3597 1722 3675 1777 ita
3710 1722 3893 1791 pri-di-

559 1820 691 1874 lium
722 1822 1102 1876 mandatorum
1140 1823 1380 1878 credatis
1406 1839 1529 1878 esse
1561 1824 1835 1879 licentiam
1872 1824 2151 1879 Vitiorum.

558 1910 688 1963 Haec
717 1925 847 1964 vero
875 1912 1122 1977 libertas,
1152 1914 1276 1981 quia
1312 1929 1578 1982 nusquam
1611 1915 1717 1969 nisi
1746 1915 1819 1968 ibi
1850 1915 1921 1969 sit
1950 1924 2153 1969 tantum

556 2002 649 2057 ubi
673 2002 937 2057 Dominus
972 2016 1372 2071 commoratur,
1408 2005 1606 2060 Paulus
1640 2007 1922 2076 apostolus
1957 2007 2153 2062 docet:

557 2096 838 2166 Dominus,
872 2097 1147 2168 inquiens,
1179 2098 1395 2169 spiritus
1436 2109 1545 2164 est;
1594 2100 1681 2152 ubi
1722 2108 1894 2153 autem
1939 2101 2154 2172 spiritus

559 2189 795 2255 Domini,
843 2190 914 2243 ibi
960 2190 1168 2244 libertas
1199 2189 1279 2262 (ιι
1308 2190 1431 2245 Cor.
1458 2190 1561 2261 tn).
1603 2191 1944 2261 Quapropter
1973 2191 2157 2247 nescio

559 2298 738 2341 utrum
767 2285 914 2342 hunc
947 2286 1091 2342 beati
1121 2287 1353 2357 apostoli
1388 2302 1633 2353 sensum,
1664 2288 1804 2341 sicut
1842 2286 1893 2342 bi
1932 2288 2023 2358 qui
2064 2303 2158 2342 ex-

562 2381 700 2448 perti
729 2388 859 2434 sunt
912 2381 1152 2450 sapiunt,
1199 2381 1505 2451 exprimere
1536 2389 1701 2451 atque
1744 2380 2025 2436 elucidare
2061 2395 2159 2450 po-

560 2472 793 2526 tuerim:
839 2488 1002 2526 unum
1052 2473 1166 2527 scio
1214 2473 1562 2541 apertissime
1617 2474 1770 2527 illum
1820 2474 1987 2528 etiam
2039 2474 2159 2531 sine

560 2563 903 2631 expositione
959 2564 1282 2633 cujusquam
1345 2565 1598 2620 omnibus
1657 2567 1933 2631 reserari,
1988 2575 2013 2603 α
2064 2568 2157 2637 qui

563 2658 866 2725 πρακτικὴν,
902 2653 954 2707 id
986 2664 1089 2719 est,
1122 2654 1387 2709 actualem
1421 2654 1663 2724 perfecte
1691 2658 1966 2712 tenuerint
1994 2657 2159 2713 disci-

563 2748 790 2813 plinam.
823 2744 942 2797 Non
968 2748 1113 2801 enim
1139 2747 1465 2802 laborabunt
1492 2759 1553 2803 ut
1579 2749 1721 2819 quod
1742 2750 1854 2820 jam
1879 2752 2159 2822 operando

565 2835 893 2901 didicerunt,
923 2836 1230 2907 intelligant
1259 2838 1589 2909 disputando

1120 2991 1347 3051 CAPUT
1384 2995 1603 3055 XXXV.

2259 1835 2347 1882 cat
2374 1843 2389 1881 :
2425 1837 2447 1863 ο
2474 1824 2597 1878 Νοη
2615 1824 2753 1878 enim
2785 1822 2874 1893 qui
2900 1822 2954 1875 in
2976 1818 3256 1889 manifesto
3284 1815 3561 1882 Iudaeus,
3596 1832 3767 1885 neque
3789 1827 3892 1883 qm

2257 1920 2313 1973 in
2340 1918 2617 1985 manifesto
2650 1918 2706 1969 in
2740 1929 2893 1969 carne
2939 1921 3011 1966 est
3045 1910 3382 1964 circumcisio
3404 1950 3419 1975 ,
3453 1911 3561 1963 sed
3590 1910 3688 1979 qui
3722 1909 3778 1960 in
3808 1922 3889 1957 er-

2260 2011 2400 2065 culto
2446 2008 2686 2076 Iudaeus,
2729 2015 2777 2061 et
2822 2003 3150 2059 circumcisio
3196 2002 3378 2054 cordis
3413 2002 3469 2053 in
3518 2002 3743 2072 spiritu,
3788 2016 3887 2051 non

2260 2104 2455 2172 littera,
2486 2104 2637 2172 cujus
2669 2101 2785 2154 laus
2822 2115 2925 2152 non
2964 2113 3027 2151 ex
3056 2095 3379 2157 hominibus,
3426 2096 3529 2147 sed
3570 2111 3641 2148 ex
3679 2092 3791 2147 Deo
3818 2102 3885 2144 est

2261 2196 2444 2270 (Rom.
2473 2198 2556 2266 ιι),
2588 2196 2681 2266 qui
2709 2194 2861 2249 solus
2891 2192 3010 2247 scil.
3043 2189 3293 2245 cordium
3333 2199 3563 2243 secreta
3606 2189 3883 2242 rimatur:

2263 2300 2441 2344 tamen
2470 2288 2594 2358 quia
2616 2284 2867 2341 satisﬁeri
2895 2281 3173 2338 desiderio
3199 2289 3388 2335 vestro
3410 2281 3482 2335 ad
3512 2282 3744 2347 plenum
3778 2294 3882 2332 non

2260 2394 2464 2455 pmest,
2498 2384 2664 2438 breve
2700 2380 2846 2436 enim
2887 2377 3033 2449 quod
3075 2386 3325 2446 superest
3372 2375 3619 2445 spatium
3677 2373 3883 2436 noctis,

2261 2478 2329 2534 ad
2378 2476 2738 2548 iudagandam
2794 2473 2933 2528 hanc
2988 2470 3419 2527 obscurissimam
3478 2482 3595 2521 non
3657 2466 3886 2520 sufﬁcit

2262 2574 2638 2644 quaestionem,
2687 2581 2983 2639 congruum
3013 2579 3139 2619 reor
3200 2572 3255 2619 ut
3297 2560 3511 2617 interim
3540 2559 3881 2614 diﬁeratur.

2263 2664 2479 2719 Sensim
2529 2664 2675 2718 enim
2706 2660 2826 2716 haec
2869 2669 2925 2713 et
2967 2655 3135 2712 corde
3183 2657 3249 2711 ab
3277 2656 3426 2710 omni
3462 2653 3877 2723 cogitationum

2262 2758 2488 2827 strepitu
2538 2757 2754 2826 penitus
2786 2756 3066 2819 absoluto,
3121 2763 3180 2806 ut
3227 2766 3257 2804 a
3307 2748 3469 2804 nobis
3501 2745 3765 2817 proferri,
3796 2746 3869 2799 ita

2263 2848 2467 2905 vestris
2488 2850 2688 2903 debent
2712 2849 2989 2903 mentibus
3017 2844 3255 2902 intimari
3278 2860 3293 2907 ;
3324 2854 3451 2917 quae
3474 2840 3617 2894 sicut
3650 2849 3871 2907 propter

2264 2941 2615 2997 conscientiae
2654 2939 3088 3010 purificationem
3127 2943 3343 3007 oportet
3390 2930 3618 3001 inquiri,
3661 2931 3735 2983 ita
3766 2927 3869 2982 nisi

2264 3032 2334 3088 ab
2361 3047 2427 3088 eo
2457 3032 2548 3101 qui
2578 3031 2779 3085 donum
2808 3029 3137 3101 integritatis
3159 3032 3423 3094 expertus
3451 3032 3558 3088 est,
3586 3019 3870 3074 tradiassi-

573 3104 925 3177 Interrogatio
966 3122 1062 3161 cur
1116 3098 1375 3189 interdum
1402 3112 1704 3183 jejunantes
1748 3114 2045 3168 carnalibus
2080 3130 2157 3168 tn-

2269 3128 2534 3196 gnarique
2565 3122 3094 3195 non’possunt.Non
3128 3121 3273 3176 enim
3304 3118 3571 3188 quaeritur
3598 3114 3731 3183 quid
3758 3113 3871 3169 ina-

992 3179 1203 3232 centivis
1234 3179 1410 3234 acrius
1440 3179 1738 3252 urgeamur.

645 3295 948 3350 Germanus
975 3313 986 3349 :
1014 3295 1469 3352 Obscurissimam
1498 3300 1857 3367 qumstionem
1887 3312 1942 3357 et
1970 3304 2161 3360 multis

568 3387 755 3452 etiam,
792 3397 848 3441 ut
868 3397 1113 3456 putamus
1142 3388 1490 3459 incognitam,
1513 3392 1856 3461 apertissime
1879 3396 2157 3453 revelasti.

568 3480 727 3537 Unde
749 3481 852 3535 hoc
878 3496 1092 3553 quoque
1120 3482 1385 3552 profectui
1425 3494 1614 3539 nostro
1644 3484 1868 3554 adjicins
1895 3487 2158 3557 depreca-

571 3589 714 3641 mur,
746 3584 801 3631 ut
827 3590 925 3631 cur
947 3575 1225 3631 interdum
1246 3577 1408 3632 etiam
1442 3579 1759 3648 propensius
1782 3580 2158 3650 jejunantibus

569 3671 729 3726 nobis
776 3680 834 3727 et
878 3671 1159 3728 exhaustis
1206 3682 1366 3744 atque
1414 3674 1673 3744 defectis,
1722 3676 2159 3733 vehementiores

571 3779 762 3833 pugnae
785 3766 1030 3835 corporis
1056 3768 1385 3833 excitentur,
1401 3768 1691 3837 diligenter
1711 3770 2003 3826 edisseras.
2026 3771 2160 3826 Nam

574 3856 895 3925 plerumque
922 3859 1085 3912 etiam
1121 3859 1483 3929 expergefacti
1514 3877 1544 3914 e
1572 3876 1786 3929 somno,
1817 3878 1939 3918 cum
1968 3865 2163 3934 depre-

572 3946 928 4004 henderimus
957 3965 1058 4005 nos
1084 3950 1113 3989 δ
1143 3953 1444 4022 corporalis
1470 3955 1667 4009 veneni
1697 3959 2004 4027 contagium
2043 3975 2166 4029 per-

574 4036 784 4106 tulisse,
836 4039 910 4094 ita
960 4041 1245 4111 dejicimur
1274 4046 1628 4111 conscientia,
1682 4057 1735 4102 ut
1765 4064 1833 4103 ne
1874 4049 1941 4105 ad
1992 4051 2163 4120 ipsam

2268 3216 2415 3271 nium
2447 3224 2766 3287 argumenta
2794 3215 3111 3278 verborum,
3158 3210 3257 3265 sed
3307 3209 3439 3279 quid
3484 3209 3703 3262 interna
3734 3221 3866 3260 cono

2266 3310 2512 3364 scientiae
2567 3309 2704 3364 fides
2750 3318 2806 3363 et
2844 3307 3020 3377 major
3076 3305 3160 3359 vis
3190 3303 3443 3358 veritatis
3494 3301 3755 3356 inculcet.
3802 3298 3867 3352 Et

2268 3403 2470 3459 idcirco
2491 3403 2559 3457 de
2588 3403 2994 3458 emundationis
3023 3400 3182 3471 hujus
3205 3398 3435 3454 scientia
3466 3407 3631 3467 atque
3663 3396 3860 3450 doctri-

2269 3511 2358 3563 na,
2395 3512 2494 3552 nec
2524 3497 2760 3566 proferri
2789 3495 2994 3566 aliquid
3027 3494 3129 3549 nisi
3172 3494 3241 3547 ab
3270 3500 3523 3561 experto,
3559 3504 3658 3544 nec
3697 3502 3836 3543 trans

2270 3586 2423 3642 fundi
2471 3587 2764 3658 quidquam
2790 3597 2990 3656 potest,
3028 3586 3133 3640 nisi
3162 3585 3217 3638 in
3236 3583 3657 3654 cupidissimum
3690 3580 3858 3634 valde-

2268 3696 2373 3750 que
2422 3680 2717 3735 sollicitum
2764 3680 2984 3735 virtutis
3035 3678 3208 3748 ipsius
3254 3687 3581 3742 amatorem,
3625 3676 3721 3746 qui
3764 3691 3855 3729 non

2268 3788 2388 3829 eam
2445 3773 2627 3828 vacuis
2676 3772 2945 3842 nudisque
2992 3771 3346 3826 sermonibus
3377 3768 3719 3833 suscitando,
3772 3768 3855 3820 sed

2272 3866 2398 3920 totis
2428 3865 2592 3920 animi
2620 3865 2825 3919 viribus
2846 3864 3147 3918 annitendo
3188 3870 3344 3933 optet
3372 3865 3641 3932 attingere
3671 3881 3684 3914 :
3727 3861 3855 3915 scili-

2268 3972 2360 4017 cet
2390 3977 2497 4017 non
2525 3961 2703 4016 studio
2739 3961 3082 4029 loquacitatis
3114 3959 3497 4027 infructuosae,
3530 3960 3626 4015 sed
3657 3958 3859 4013 deside-

2271 4055 2354 4110 rio
2381 4053 2635 4125 puritatis
2666 4053 2912 4108 internas.

1644 4256 1897 4313 ALARDI
1938 4258 2173 4315 ΟΑΖᾹΞΙ
2209 4259 2772 4316 COMMENTARIUS.

576 4442 791 4512 gatione
838 4441 1068 4513 indiget;
1120 4457 1242 4499 cum
1298 4444 1630 4515 singulorum
1662 4445 1915 4500 cornibus
1961 4448 2031 4501 sit
2073 4447 2158 4502 in-

575 4516 793 4584 scripta.
825 4515 1096 4581 Secundo,
1144 4517 1267 4586 quia
1314 4518 1489 4585 legem
1532 4517 1769 4586 decalogi
1814 4518 2059 4574 Christus
2106 4520 2157 4573 in

575 4587 868 4655 Evangelio
907 4587 1281 4653 conﬁrmavit,
1320 4600 1375 4643 et
1409 4591 1473 4642 ad
1514 4590 1679 4643 vitam
1721 4590 2159 4658 consequendam

572 4658 934 4712 necessariam
963 4672 1085 4712 esse
1115 4659 1323 4727 docuit,
1356 4660 1578 4715 dicens:
1614 4660 1673 4716 Si
1702 4662 1778 4716 vis
1804 4662 1872 4714 ad
1897 4663 2052 4715 vitam
2082 4663 2162 4715 in-

572 4729 735 4799 gredi,
766 4745 908 4781 serva
935 4729 1183 4803 mandata
1206 4731 1422 4801 (Matth.
1459 4731 1605 4800 XIX);
1635 4742 1797 4802 atque
1827 4732 1965 4788 adeo
1988 4733 2159 4803 legem

571 4814 723 4874 suam
754 4814 877 4874 esse
907 4801 1099 4869 voluit,
1133 4813 1192 4857 ut
1232 4805 1425 4859 merito
1449 4804 1725 4873 lcgislator
1760 4801 2161 4874 propterea'di-

2269 4465 2407 4503 cesse
2452 4458 2528 4503 est
2574 4458 2629 4500 ut
2660 4447 2799 4501 omni
2841 4446 3015 4501 studio
3065 4456 3219 4511 atque
3245 4444 3418 4498 uirtute
3446 4441 3705 4493 aetna/em
3758 4446 3870 4509 pri-

2270 4536 2411 4572 munt
2441 4519 2704 4572 scientiam
2728 4526 3098 4586 consequatur.
3135 4516 3273 4570 Nam
3302 4515 3405 4566 lucc
3426 4511 3634 4586 quidem
3664 4512 3871 4582 absque

2271 4591 2496 4645 theorica
2543 4590 2801 4660 possideri
2845 4584 3052 4658 potest:
3106 4588 3333 4660 theorice
3363 4599 3477 4636 vero
3507 4584 3621 4635 sine
3667 4588 3869 4660 actuaii

2271 4664 2482 4733 omnino
2530 4654 2874 4733 apprehendi:
2896 4677 2999 4733 non
3048 4669 3238 4733 potest.
3295 4657 3361 4711 Et
3390 4670 3508 4723 cap.
3552 4654 3865 4733 seqndocet

2274 4731 2412 4787 hanc
2446 4726 2721 4802 practicen
2749 4732 2803 4786 in
2843 4726 3059 4785 duobus"
3084 4730 3411 4802 consistere,
3435 4741 3639 4802 nempe
3688 4726 3739 4779 in
3768 4741 3862 4780 ex-

2275 4799 2542 4875 pellendis
2573 4803 2719 4858 vitiis
2746 4812 2799 4856 et
2827 4802 3117 4858 virtutibus
3147 4799 3523 4875 acquirendis.

572 4869 778 4943 cendus
826 4872 913 4937 sit,
964 4865 1094 4926 non’
1125 4883 1331 4930 tantum
1393 4865 1705 4943 redémptor
1753 4865 1815 4929 ac
1865 4865 2157 4931 mediator.
2186 4865 2241 4927 D
2276 4865 2288 4875 ’
2336 4874 2364 4913 ι)
2397 4876 2537 4943 Quid
2566 4889 2663 4943 per
2687 4875 2986 4943 corporalis
3012 4872 3209 4928 veneni
3231 4865 3547 4940 contagium
3577 4867 3858 4938 intelligat.

571 4941 723 5018 Unde
755 4942 948 5018 Patres,
969 4945 1186 5018 concilii
1214 4946 1521 5001 Tridentini
1548 4941 1823 5000 anathema
1844 4949 1895 5000 in
1923 4964 2009 5001 eos
2038 4964 2160 5018 pra-

568 5014 839 5090 nuntiant,
860 5015 950 5081 qui
981 5015 1315 5090 dicuntlegis
1354 5028 1610 5090 praecepta
1639 5018 1769 5071 nihil
1806 5020 1873 5071 ad
1911 5014 2161 5073 Christia-

569 5100 661 5136 nos
707 5088 997 5153 pertinere;
1026 5098 1118 5141 aut
1151 5088 1408 5141 Chi-istum
1440 5106 1471 5141 a
1517 5089 1620 5141 Deo
1659 5090 1955 5143 hominibus
1982 5092 2161 5143 datum

568 5161 627 5206 ut
660 5154 1059 5231 Redemptorem
1107 5160 1190 5211 cui
1215 5160 1413 5225 ﬁdunt;
1460 5176 1561 5212 non
1610 5161 1764 5214 etiam
1794 5172 1849 5214 ut
1893 5162 2161 5231 lcgislato-

568 5241 679 5278 rem
706 5236 791 5280 cui
823 5230 1065 5303 obediant
1091 5246 1109 5303 ς
1140 5239 1229 5283 aut
1277 5231 1498 5297 denique
1531 5231 1790 5303 hominem
1812 5230 2162 5303 justiﬁcatum

567 5304 616 5351 et
661 5299 943 5370 quamlibet
989 5302 1272 5370 perfectum
1306 5318 1413 5354 non
1466 5302 1628 5355 teneri
1669 5302 1738 5354 ad
1789 5299 2162 5358 obseruantiam

567 5368 933 5423 mandatorum
988 5368 1090 5425 Dei
1131 5381 1177 5426 et
1224 5372 1474 5427 Ecclesia:
1527 5371 1711 5442 (Coac.
1752 5374 1902 5427 Trid.
1954 5392 2082 5429 sess.
2130 5374 2163 5428 6

567 5442 811 5513 can._l9,
839 5442 910 5495 20
936 5454 983 5495 et
1012 5444 1127 5513 2t).

644 5520 670 5545 ι
700 5510 848 5565 Hanc
898 5515 967 5566 ita
1025 5510 1282 5569 describit
1324 5515 1493 5568 abbas
1540 5513 1797 5569 Nestcros
1843 5515 2026 5570 eollat.
2075 5517 2161 5579 M,

572 5596 625 5634 c.
660 5582 709 5643 1,
744 5591 1019 5658 πρακτικὴ,
1052 5586 1105 5636 id
1131 5597 1228 5650 est,
1260 5586 1500 5646 actualis,
1532 5603 1646 5653 qua:
1675 5588 2028 5641 emendatione
2058 5603 2164 5639 mo-

568 5668 687 5705 rum
732 5656 1063 5706 ct'vitiorum
1113 5659 1423 5725 purgatione
1474 5657 1758 5778 per/icitur.
1814 5659 1879 5713 Et
1921 5674 2040 5726 cap.
2083 5658 2160 5713 2:

576 5720 819 5778 Quisquis
860 5724 1018 5778 igitur
1068 5728 1136 5778 ad
1168 5725 1453 5778 Theoriceu
1493 5744 1552 5778 tm
1582 5731 1709 5778 uerit
1746 5732 2029 5778 nerneuira.
2075 5744 2160 5778 ne.

576 5720 819 5793 Quisquis
860 5724 1018 5791 igitur
1068 5720 1136 5782 εᾱ
1168 5720 1709 5785 Τῆεοτὶσροιιοῶῖιιειίι
1741 5720 2029 5797 pervenire.
2075 5744 2165 5791 ηε-

2272 4946 2519 5016 sequenti
2553 4945 2843 5001 collatione
2873 4944 3259 5009 explicabitur.

2346 5011 2368 5055 5
2401 5016 2454 5071 Id
2484 5027 2586 5082 est,
2622 5033 2726 5071 non
2758 5016 2849 5085 qui
2879 5016 3053 5084 palam
3082 5030 3143 5069 ac
3180 5012 3471 5068 manifeste
3499 5028 3558 5085 se
3586 5026 3745 5067 carne
3772 5011 3861 5065 Ju-

2270 5088 2443 5144 dteum
2475 5103 2595 5143 esse
2619 5083 2810 5157 jacmi,
2838 5083 2929 5139 sed
2950 5087 3036 5157 qui
3065 5088 3119 5139 in
3145 5085 3471 5149 abscondito,
3499 5083 3551 5137 id
3584 5094 3683 5147 est,
3706 5084 3861 5157 corde

2269 5175 2335 5214 ac
2364 5159 2555 5227 spiritu
2589 5153 2685 5221 per
2714 5158 2871 5213 fidem
2901 5153 3177 5212 Christum
3210 5157 3521 5219 confitetur,
3554 5157 3600 5209 is
3624 5168 3748 5209 vere
3776 5153 3859 5209 Ju-

2271 5231 2420 5284 dzeus
2442 5240 2542 5285 est.
2573 5229 2755 5301 Neque
2778 5245 2889 5297 qua:
2912 5229 2967 5281 in
2990 5229 3263 5298 manifesto
3287 5229 3341 5301 in
3364 5243 3527 5301 carne
3549 5227 3859 5301 circumcisio

2270 5313 2365 5366 est,
2393 5301 2447 5355 id
2477 5310 2581 5368 est,
2614 5298 2719 5356 non
2751 5310 2974 5356 externa
3005 5302 3206 5365 carnis,
3248 5299 3345 5353 sed
3397 5298 3659 5367 spiritalis
3713 5299 3855 5350 vitiu-

2274 5388 2391 5425 rum
2415 5371 2782 5436 circumcisio,
2801 5386 2861 5425 ea
2887 5384 3012 5424 vera
3035 5369 3383 5423 circumcisio
3406 5380 3512 5423 est.
3537 5368 3631 5424 Sic
3660 5383 3762 5422 non
3778 5369 3854 5435 qui

2272 5459 2331 5498 se
2347 5452 2553 5497 castum
2572 5452 2625 5498 et
2652 5442 2962 5511 religiosum
2980 5441 3223 5495 exterius
3250 5440 3595 5495 demonstrat
3613 5444 3853 5492 continuo
3940 5456 3941 5511 ι

2272 5529 2453 5568 coram
2488 5515 2595 5568 Deo
2623 5526 2676 5568 et
2703 5528 2829 5569 vere
2848 5518 3027 5564 castus
3058 5521 3112 5564 et
3135 5513 3424 5582 religiosus
3449 5520 3554 5575 est,
3586 5513 3675 5564 sed
3704 5512 3780 5577 qui
3810 5513 3849 5559 ιςι

2274 5585 2497 5649 occulto,
2532 5586 2583 5639 id
2607 5595 2708 5646 cst.
2741 5583 2902 5637 corde
2942 5596 3004 5634 ac
3044 5593 3229 5636 mente
3261 5597 3427 5649 purus
3461 5592 3515 5635 ct
3546 5592 3749 5643 castus,
3776 5596 3831 5632 es

2264 5660 2358 5734 jus
2386 5657 2500 5714 laus
2540 5672 2643 5713 non
2668 5672 2729 5723 ex
2755 5652 3064 5725 hominibus,
3102 5652 3196 5713 sed
3229 5669 3293 5709 ea:
3324 5652 3438 5708 Deo
3471 5661 3549 5711 est
3582 5652 3753 5731 (Rern.
3775 5649 3849 5723 ιι).
