3986 6188
34 334 279 413 ,1217

134 443 3069 469 -.__—_——————————————_-_————'

940 325 1286 381 COLLATIO
1327 324 1492 381 XXII.
1519 353 1591 368 --
1620 324 1710 380 ιιΕ
1750 323 2139 382 NOCTURNIS
2178 323 2669 381 ILLUSIONIBUS.

3293 330 3435 389 1218

3074 445 3432 471 ἣ,-

540 548 1319 662 COLLATIO
1396 546 2181 656 VIGESIMA
2254 547 3037 670 SECUNDﬂ,

1179 734 1337 810 Quas
1362 739 1456 796 est
1493 732 1777 797 secunda
1804 734 2058 796 abbatis
2090 735 2394 798 Theonis.

1292 854 1371 910 DE
1404 856 1765 909 NOCTURNIS
1799 853 2273 907 ILLUSIONIBUS.

1286 1001 1404 1012 ...ο-Α.

661 1100 888 1160 CAPUT
929 1097 1207 1161 PRIMITSI,

269 1201 403 1256 Post
430 1197 547 1252 dies
575 1195 747 1251 ferme
773 1200 1006 1262 septem,
1034 1192 1506 1260 Qumquagesimte
1532 1188 1731 1244 solem-

121 1293 317 1349 nitate
355 1297 661 1352 transacta,
695 1300 818 1341 cum
858 1284 912 1339 in
957 1284 1075 1352 ipso
1121 1283 1293 1338 noctis
1334 1282 1521 1349 initio,
1566 1282 1620 1337 id
1652 1291 1735 1337 est

123 1393 266 1455 post
301 1382 531 1453 synaxin
578 1377 939 1448 vespertinam
968 1417 983 1442 ,
1036 1376 1318 1446 promissae
1355 1374 1733 1444 disputationis

120 1476 551 1547 exspectatione
580 1469 1036 1541 suspensi,sancti
1062 1468 1295 1523 Theonze
1323 1467 1576 1523 cellulam
1601 1465 1733 1520 fuis-

120 1585 321 1626 semus
351 1568 607 1639 ingressi,
641 1566 823 1619 alacer
860 1576 1028 1617 senex
1068 1561 1227 1615 hilari
1258 1560 1407 1614 vultu
1439 1573 1502 1613 ac
1532 1557 1733 1613 blando

129 1677 239 1718 nos
268 1661 416 1731 prior
446 1672 699 1714 sermone
729 1655 1067 1725 compellans
1094 1674 1105 1707 :
1136 1653 1391 1719 Mirabar,
1424 1652 1615 1723 inquit,
1647 1667 1735 1706 ar-

125 1755 529 1811 dentissimum
560 1752 795 1807 studium
817 1759 1057 1805 vestrum
1088 1748 1172 1803 his
1201 1758 1406 1819 septem
1428 1748 1619 1802 diebus
1642 1746 1735 1800 ab-

125 1849 471 1904 solutionem
497 1847 788 1916 preposita:
818 1841 1134 1913 qutustionis
1160 1842 1397 1911 potuisse
1418 1838 1656 1904 differre,
1682 1848 1737 1894 et

130 1939 383 1995 debitori
413 1952 511 1993 suo
539 1936 811 2006 praecipue
841 1950 946 1990 non
988 1933 1221 2005 roganti,
1256 1933 1571 1989 dilationem
1602 1930 1737 1986 tanti

133 2032 404 2101 temporis
445 2030 787 2101 praestitisse.
841 2027 1214 2083 Justissimum
1265 2026 1496 2096 proinde
1539 2032 1643 2088 est,
1677 2031 1737 2077 ut

132 2126 264 2196 quia
295 2125 440 2180 ultro
474 2124 608 2177 mihi
651 2123 954 2192 benignitas
1006 2130 1186 2176 vestra
1232 2130 1338 2174 tam
1372 2119 1549 2189 largas
1597 2131 1733 2172 con-

136 2217 313 2271 cessit
339 2214 605 2279 inducias,
640 2228 742 2284 ego
773 2228 987 2283 quoque
1017 2228 1223 2267 moram
1256 2211 1310 2265 iu
1356 2210 1523 2266 debiti
1553 2207 1735 2264 reddi-
1806 2250 1811 2255 .
1848 2254 1857 2261 .

134 2308 291 2361 tione
331 2321 437 2361 non
484 2305 700 2361 faciant.
747 2304 908 2361 Grata
939 2319 1170 2375 namque
1214 2315 1296 2359 est
1332 2304 1492 2374 hujus
1532 2302 1736 2357 fenoris

136 2400 458 2470 occupatio,
491 2415 610 2469 quae
638 2399 843 2468 majora
873 2398 999 2453 dum
1029 2400 1255 2454 solvitur
1290 2405 1575 2468 augmenta
1605 2410 1733 2450 con-

1757 1102 1815 1162 Α

2463 1093 2690 1151 CAPUT
2728 1095 2793 1150 Il.

1838 1183 2402 1269 Repetitiogpmpositte
2429 1187 2852 1269 interrogationis
2868 1206 2969 1269 _cu_r
2997 1194 3245 1263 majorem
3273 1195 3433 1249 absti~

1995 1262 2223 1311 nentiam
2251 1262 2420 1326 major
2445 1262 2705 1335 interdum
2730 1262 2903 1315 carnis
2934 1263 3256 1335 impugnatio

2452 1330 2819 1399 subsequatur.

1907 1465 1935 1504 ι)
1968 1466 2081 1521 Hoc
2109 1466 2275 1531 enim,
2310 1467 2364 1521 ni
2394 1465 2577 1535 fallor,
2607 1467 2885 1537 inquisitio
2914 1480 3093 1526 vestra
3131 1472 3415 1542 complexa

1836 1571 1941 1625 est,
1975 1576 2073 1615 cur
2102 1560 2373 1615 interdum
2432 1562 2711 1617 remissius
2752 1564 3079 1633 jejunantes,
3124 1566 3418 1622 levioribus

1837 1654 2018 1709 carnis
2052 1654 2212 1725 hujus
2238 1654 2445 1710 aculeis
2476 1655 2779 1722 titillemur,
2808 1666 2863 1712 et
2886 1673 3291 1729 nonnumquam
3323 1659 3430 1714 dis-

1837 1747 2055 1803 trictius
2096 1748 2455 1814 abstinentes,
2514 1749 2716 1805 afflicto
2746 1750 3122 1821 exhaustoque
3172 1767 3427 1822 corpore,

1837 1841 2127 1897 incentivis
2178 1843 2483 1898 acrioribus
2524 1858 2838 1913 urgeamur,
2872 1844 2942 1898 ita
2973 1855 3033 1898 ut
3077 1846 3432 1915 quemadmo-

1837 1934 1965 1989 dum
1999 1934 2254 2005 patefecit
2284 1944 2461 1990 vestra
2499 1936 2797 2003 confessio,
2848 1938 3212 2007 expergefacti
3266 1953 3430 2009 repe-

1837 2028 2044 2083 riamus
2114 2044 2215 2085 nos
2271 2030 2563 2084 humorum
2620 2030 2951 2085 naturalium
3006 2031 3287 2102 egestione
3339 2045 3430 2085 re-

1838 2137 2082 2192 Spersos.

2442 2213 2669 2270 CAPUT
2713 2214 2801 2271 Ill.

1946 2307 2032 2361 Ea:
2059 2306 2220 2360 trt'bns
2250 2305 2421 2358 causis
2456 2306 2746 2374 corporalis
2774 2306 2992 2376 pollutio
3028 2308 3316 2378 provenire.

1911 2398 2083 2466 dujus
2118 2409 2139 2437 ο
2170 2413 2302 2468 ergo
2329 2397 2749 2452 infestinationis
2773 2398 3035 2468 triplicem
3058 2416 3276 2455 causam
3302 2417 3429 2458 nos-

135 2494 347 2565 quirit;
398 2503 452 2548 et
504 2508 611 2547 non
667 2492 846 2547 solum
892 2492 1287 2561 percipientem
1336 2490 1493 2556 ditat,
1540 2503 1729 2543 verum
1759 2490 1903 2555 Btri
1934 2488 2219 2560 prodidere
2270 2493 2526 2559 majores,
2565 2507 2685 2561 quae
2731 2491 2949 2545 modum
2982 2492 3243 2563 temporis
3297 2508 3429 2548 con-

142 2589 306 2644 etiam
341 2587 474 2643 nihil
507 2588 702 2641 minuit
730 2586 1000 2657 largienti.
1035 2585 1288 2655 Duplices
1312 2583 1581 2652 siquidem
1599 2598 1731 2638 con-

140 2693 332 2751 gregat
374 2689 617 2749 questus
660 2694 841 2734 rerum
881 2677 1204 2749 spiritalium
1236 2677 1597 2746 dispensator.
1630 2674 1738 2731 Lu-

140 2788 293 2828 crum
326 2774 470 2827 enim
502 2788 608 2827 non
641 2772 816 2825 solum
862 2771 915 2825 in
966 2769 1110 2825 illius
1140 2769 1232 2838 qui
1280 2768 1431 2823 audit
1465 2767 1733 2838 profectu,

143 2880 335 2920 verum
368 2863 530 2921 etiam
562 2865 616 2917 in
650 2878 747 2919 sua
792 2862 1160 2933 disputatione
1208 2862 1580 2932 consequitur,
1626 2875 1735 2917 non

140 2958 322 3013 minus
369 2957 721 3027 semetipsum
776 2956 843 3010 ad
898 2955 1226 3010 desiderium
1264 2953 1614 3024 perfectionis
1647 2967 1737 3008 ac-

142 3054 403 3117 cendens,
436 3051 563 3105 dum
598 3048 820 3104 instruit
850 3048 1177 3103 auditorem.
1222 3047 1586 3115 Quamobrem
1616 3060 1735 3100 ves-

142 3151 226 3199 ter
253 3142 432 3207 ardor,
466 3156 621 3196 meus
665 3141 944 3210 profectus
995 3148 1112 3205 est;
1158 3148 1343 3194 vestra
1394 3136 1729 3203 sollicitudo,

142 3250 260 3291 mea
288 3233 632 3303 compunctio
655 3242 760 3287 est.
790 3230 927 3287 Nam
955 3231 1141 3300 utique
1170 3240 1225 3285 et
1243 3231 1359 3300 ipse
1383 3244 1524 3284 nunc
1550 3238 1733 3286 mente

146 3336 418 3398 torporem
444 3369 460 3393 ,
490 3325 735 3395 nihilque
762 3324 816 3378 in
850 3337 972 3378 meo
997 3322 1165 3377 corde
1195 3321 1263 3377 de
1292 3322 1380 3377 his
1409 3336 1527 3392 qua:
1558 3336 1731 3391 expe-

144 3421 278 3487 titis,
310 3428 718 3490 pertractarem,
758 3417 863 3471 nisi
890 3431 978 3470 me
1008 3424 1189 3470 vester
1224 3414 1409 3470 fervor
1450 3424 1611 3485 atque
1641 3428 1734 3469 ex-

146 3514 409 3585 spectatio
444 3513 510 3567 ad
540 3527 721 3567 rerum
751 3508 1070 3581 spiritalium
1092 3506 1525 3564 recordationem
1563 3507 1737 3563 susci-

149 3614 282 3659 taret
310 3602 707 3675 quodammodo
736 3602 1147 3657 dormitantem.
1180 3601 1247 3655 Et
1296 3600 1499 3655 idcirco
1548 3600 1733 3669 profe-

146 3707 293 3753 ratur
341 3698 395 3752 in
442 3696 679 3753 medium
704 3696 955 3765 quaestio,
984 3695 1031 3749 si
1075 3694 1305 3761 videtur,
1339 3694 1493 3763 cujus
1525 3692 1735 3763 pridem

148 3808 245 3864 pro
284 3793 531 3863 angustia
584 3791 841 3853 temporis
892 3788 1284 3846 absolutionem
1335 3787 1736 3856 procrastinare

146 3885 446 3941 maluimus.

1836 2583 2014 2639 stituti
2044 2583 2438 2653 intempestivis
2487 2585 2737 2653 irrumpa.
2772 2584 3112 2639 excessibus.
3144 2588 3251 2639 Aut
3281 2587 3427 2640 enim

1839 2676 2113 2745 superflua
2145 2691 2391 2731 escarum
2425 2676 2704 2731 nimietate
2747 2676 3081 2747 congeritur,
3110 2687 3201 2732 aut
3226 2692 3323 2747 per
3348 2677 3431 2731 in-

1836 2769 2040 2823 curiam
2068 2768 2266 2823 mentis
2294 2767 2547 2834 elabitur,
2574 2777 2667 2822 aut
2698 2767 2899 2822 inimici
2924 2768 3200 2825 illudentis
3221 2768 3431 2825 insidiis

1836 2871 2187 2933 provocatur.
2240 2860 2479 2916 Primum
2530 2863 2692 2932 igitur
2739 2862 3153 2932 gastrimargim,
3214 2862 3270 2917 id
3321 2870 3426 2928 est,

1836 2955 2151 3010 voracitatis
2175 2954 2258 3009 vel
2281 2953 2419 3024 gulae
2449 2953 2659 3019 vitium,
2694 2952 2834 3008 hanc
2864 2952 3286 3007 redundantiam
3333 2951 3431 3007 ob—

1837 3048 1990 3102 sceni
2046 3045 2293 3101 humoris
2341 3044 2604 3100 extrudit.
2638 3026 2771 3098 Nam
2818 3052 2873 3099 et
2920 3059 3040 3099 cum
3083 3044 3432 3100 districtioris

1838 3139 2181 3195 abstinentiae
2211 3148 2457 3209 tempore
2485 3147 2686 3195 statum
2721 3138 2917 3208 polluit
2958 3139 3228 3209 puritatis,
3256 3137 3283 3176 ά
3316 3155 3428 3195 non

1838 3232 1907 3288 de
1928 3234 2210 3302 praesenti,
2233 3241 2293 3287 ut
2316 3233 2539 3303 putatis,
2557 3232 2760 3301 inedia,
2780 3231 2876 3287 sed
2898 3231 2967 3287 de
2994 3233 3273 3289 nimietate
3295 3248 3433 3303 prae-

1844 3327 2020 3381 terita:
2046 3325 2341 3381 saturitatis
2370 3324 2688 3381 effunditur.
2723 3324 2879 3393 Quod
2908 3326 3051 3380 enim
3082 3340 3181 3395 per
3213 3326 3429 3381 voraci-

1839 3417 1967 3472 tatis
2018 3417 2307 3487 ingluviem
2337 3425 2649 3473 concretum
2684 3416 2862 3471 fuerat
2903 3416 2957 3470 in
3004 3416 3279 3486 medullis,
3337 3432 3433 3474 ne-

1838 3524 1993 3566 cesse
2020 3520 2102 3565 est
2133 3521 2189 3566 ut
2214 3526 2308 3581 per
2330 3515 2617 3580 pruritum,
2642 3518 2896 3564 autcerte
2924 3525 3019 3578 per
3041 3511 3429 3578 ignorantiam,

1840 3605 2086 3675 quamvis
2116 3619 2307 3674 magno
2341 3604 2548 3672 jejunio
2580 3601 2835 3656 tabefacti
2865 3601 3112 3669 corporis
3157 3617 3431 3671 egeratur.

1839 3697 2201 3764 Quamobrem
2233 3710 2337 3748 non
2376 3696 2549 3748 solum
2591 3693 2909 3746 lautioribus
2938 3693 3112 3758 epulis
3143 3695 3427 3750 abstinen-

1840 3789 1990 3852 dum,
2024 3787 2119 3842 sed
2164 3788 2326 3841 etiam
2359 3802 2387 3840 a
2420 3786 2701 3840 vilioribus
2745 3785 2887 3841 cibis
2916 3786 3108 3855 aequali
3142 3797 3224 3841 est
3258 3790 3432 3843 conti-

1764 3874 1812 3936 C
1846 3881 2026 3937 nentia
2074 3879 2514 3950 temperandum:
2548 3879 2712 3934 immo
2763 3877 2934 3948 ipsius
2980 3879 3142 3934 etiam
3189 3882 3350 3951 panis
3380 3892 3433 3939 et

1198 4013 1454 4069 MARDI
1492 4012 1724 4069 GAZEI
1761 4012 2332 4071 COMMENTARIUS.

219 4148 244 4176 ιι
270 4136 539 4191 Credibile
584 4143 668 4190 est
707 4149 795 4205 per
833 4134 932 4187 hos
963 4132 1080 4205 dies
1105 4131 1422 4205 Cassianum
1471 4146 1591 4187 cum
1625 4146 1724 4187 suo

147 4210 416 4266 Germano
441 4208 507 4262 de
538 4208 620 4260 his
672 4203 791 4276 quae
847 4204 1128 4273 superiore
1178 4203 1468 4258 collatione
1501 4213 1723 4259 tractata

145 4292 200 4335 et
224 4282 485 4348 disputata
511 4278 740 4343 fuerant,
770 4277 1025 4348 privatim
1048 4290 1197 4330 more
1222 4291 1320 4330 suo
1350 4276 1490 4329 inter
1515 4292 1575 4331 se
1594 4291 1726 4330 cono

147 4346 352 4414 tuliSs-e,
402 4365 572 4417 eaque
613 4347 889 4402 memoriae
934 4346 1246 4416 diligentius
1289 4348 1720 4413 commendasse,

145 4432 241 4476 aut
288 4426 443 4475 etiam
495 4421 821 4489 scriptorum
872 4420 1219 4472 monimentis
1265 4418 1328 4471 ad
1382 4427 1723 4487 posterorum

146 4492 499 4550 eruditionem
528 4500 583 4545 et
610 4489 1045 4550 aedificationem,
1086 4498 1144 4542 ut
1168 4499 1385 4551 camera,
1418 4490 1721 4543 tradidisse.

220 4565 245 4601 δ
277 4564 385 4618 lloc
405 4572 511 4628 est,
534 4561 679 4631 quod
709 4559 1191 4631 superius(Collat.
1226 4558 1313 4623 18,
1342 4576 1454 4625 cap.
1491 4560 1581 4628 51)
1605 4560 1727 4612 aliis

144 4636 327 4689 verbis
366 4636 520 4702 dixit,
554 4630 645 4685 nos
672 4630 958 4699 corporalis
987 4630 1165 4685 veneni
1220 4632 1509 4699 contagium
1555 4640 1728 4701 pertu-

146 4707 286 4769 lisse,
315 4706 364 4759 id
390 4716 492 4771 est,
532 4704 761 4772 pollutos
790 4718 930 4756 esse.

222 4788 243 4816 ε
284 4777 354 4830 De
384 4779 559 4831 causis
588 4772 901 4844 pollutionis
942 4781 1225 4825 nocturna:
1249 4780 1302 4844 et
1323 4772 1727 4837 involuntarim,

144 4864 266 4921 quas
290 4849 419 4902 alias
448 4843 624 4901 illusio
648 4846 855 4899 dicatur
879 4845 968 4914 (de
994 4844 1093 4897 hac
1120 4844 1265 4896 enim
1288 4843 1373 4921 hic
1397 4845 1589 4921 agitur,
1622 4858 1728 4921 non

145 4914 214 4975 de
243 4920 535 4973 voluntaria
582 4927 672 4971 aut
704 4925 1008 4985 procurata.
1053 4928 1174 4982 quae
1226 4914 1479 4967 mollities
1509 4916 1590 4969 vel
1628 4914 1731 4970 im-

146 4991 404 5045 ninntlitia
432 4990 757 5061 appellatur,
809 5001 843 5061 a_
871 5001 989 5061 _qua
1047 4986 1148 5061 viri
1170 4986 1350 5061 sancti
1390 4996 1443 5041 ct
1490 4987 1727 5061 religiosi

146 5056 687 5131 longissime’absunt
715 5068 767 5112 et
790 5057 1140 5131 abhorrent),
1169 5056 1237 5109 itu
1262 5056 1501 5131 Joannes
1534 5059 1730 5111 Clima-

146 5128 429 5200 cus'gradu
462 5132 671 5186 decimo
714 5129 919 5198 quinto,
956 5143 1105 5180 suam
1152 5137 1205 5200 et
1254 5128 1481 5200 aliorum
1511 5138 1730 5181 senten-

147 5197 288 5257 t'uui
312 5212 704 5257 commemorat
736 5197 755 5253 ξ
783 5200 917 5252 Sunt
948 5199 1180 5250 nonnulli
1227 5198 1316 5267 qui
1361 5197 1471 5249 sola
1502 5200 1730 5252 ciborum

149 5290 297 5327 causa
348 5273 648 5346 hujusmodi
697 5270 1139 5346 bellandum-sum
1185 5285 1276 5322 nos
1327 5270 1541 5321 excitari
1580 5281 1732 5339 atque

147 5346 342 5398 obsceni
375 5340 607 5398 humoris
632 5340 1088 5413 proﬂut'iumﬁeri
1130 5348 1313 5405 putant
1354 5350 1503 5413 atque
1532 5357 1731 5395 asseve-

139 5424 258 5470 rant
282 5432 409 5487 :ega
458 5411 639 5469 autent
672 5426 902 5487 extrema
940 5411 1731 5487 fatigatos“(egritudineet,ad

147 5481 397 5541 summum
419 5489 714 5556 jejumtntes
738 5484 903 5556 valide
931 5481 1228 5556 hujusmodi
1251 5482 1523 5556 aspergine
1546 5484 1730 5556 {aduri

147 5560 374 5628 cognovi.
409 5552 731 5628 Interrogavi
766 5554 1049 5624 aliquando
1090 5553 1504 5628 peraptissimum
1554 5552 1730 5622 quein-

143 5622 265 5685 da'm
302 5640 347 5682 et
401 5622 724 5680 discretionis
753 5622 919 5695 gratia
953 5632 1200 5696 ornatum
1248 5622 1570 5696 monachum,
1606 5627 1729 5696 quid

145 5709 210 5755 de
239 5701 311 5752 his
342 5696 668 5751 sentiendum
696 5694 844 5759 esset,
872 5694 1093 5761 mihique
1115 5694 1392 5745 admodum
1426 5694 1595 5748 lucide
1616 5694 1730 5751 bea-

147 5783 230 5828 tus
258 5770 341 5821 ille
363 5766 674 5837 respondit:
704 5764 813 5831 Est,
846 5766 1027 5834 inquit,
1062 5764 1268 5837 quidem
1293 5764 1347 5817 in
1368 5768 1561 5837 somnis
1589 5784 1731 5837 qua:-

147 5843 267 5906 dam
306 5834 517 5898 seminis
551 5836 779 5909 emissio,
823 5851 937 5911 qua:
966 5849 1029 5893 ex
1058 5834 1289 5894 ciborum
1327 5834 1656 5898 multitudine
1680 5849 1731 5902 et

1830 4132 2003 4202 requie
2026 4139 2135 4194 est;
2159 4139 2205 4184 et
2233 4132 2339 4185 alia
2364 4147 2481 4193 qua:
2503 4148 2568 4185 ex
2596 4130 2841 4201 superbia
2867 4133 3119 4201 contingit
3144 4147 3162 4185 :
3184 4148 3301 4186 cum
3325 4135 3432 4188 sci-

1831 4205 1947 4258 licet
1997 4204 2191 4256 diutius
2216 4204 2397 4256 mundi
2444 4220 2476 4255 a
2516 4202 2656 4269 [reda
2702 4202 2799 4254 hac
2832 4205 3121 4274 repersione
3152 4205 3433 4274 perstiteri-

1828 4293 1963 4341 mus,
1996 4284 2045 4329 et
2097 4291 2186 4346 per
2237 4275 2332 4327 hoc
2374 4275 2429 4346 iu
2481 4275 2775 4345 superbiam
2806 4272 3085 4339 elferimur.
3124 4272 3211 4329 Fit
3250 4294 3433 4331 rursus

1832 4349 2129 4469 plerumqlue
2160 4362 2273 4399 cum
2290 4345 2595 4417 judicamus
2622 4357 2773 4414 atque
2804 4349 3207 4401 condemuautus
3250 4351 3435 4420 proxi-

1832 4435 1990 4469 munt.
2093 4434 2259 4469 orum.
2293 4418 2481 4469 innuit.
2516 4434 2757 4469 aenerum
2799 4417 2903 4469 duo
2943 4421 3239 4469 continuere
3278 4422 3432 4469 etiam

1830 4435 1990 4473 mum.
2035 4417 2259 4482 Harant,
2293 4418 2481 4486 inquit,
2516 4434 2757 4485 generum
2799 4417 3432 4489 duo_contingere'etiam

1830 4490 2050 4557 inﬁmis
2071 4497 2304 4562 possunt,
2333 4489 2571 4562 fortassis
2604 4499 2653 4541 et
2671 4490 2877 4562 omnia.
2907 4487 3074 4542 Porro
3097 4487 3141 4543 si
3162 4492 3275 4558 quis
3297 4494 3431 4562 seip-

1829 4577 1943 4615 sum
1973 4559 2237 4629 praedictis
2278 4559 2509 4613 omnibus
2537 4560 2705 4612 causis
2732 4562 2983 4613 mundum
3020 4578 3127 4613 esse
3155 4559 3428 4630 conspicit,

1832 4634 1914 4683 hic
1934 4647 1995 4682 ea:
2019 4632 2175 4701 hujus
2200 4630 2342 4701 modi
2365 4632 2737 4699 tranquillitate
2763 4632 2943 4685 beatus
2974 4641 3068 4685 est.
3100 4632 3199 4696 Qui
3230 4648 3346 4685 vero
3368 4650 3432 4688 ea:

1832 4700 2125 4774 daemonum
2165 4700 2365 4774 invidia
2398 4702 2450 4753 id
2494 4704 2711 4774 patitur,
2755 4701 2865 4755 Deo
2896 4701 2951 4755 id
2984 4703 3098 4769 ﬁeri
3137 4704 3205 4755 ad
3228 4711 3430 4774 tempus

1831 4773 2182 4844 permittente,
2202 4772 2260 4839 ﬁt
2290 4781 2343 4823 ut
2373 4788 2461 4840 per
2483 4772 2617 4826 hanc
2641 4775 3011 4838 calamitatem,
3043 4791 3158 4838 qua:
3178 4776 3286 4829 sine
3315 4772 3429 4844 pec-

1832 4852 1947 4895 cato
1969 4852 2062 4905 est,
2092 4842 2397 4895 altissimam
2442 4852 2551 4895 tuto
2592 4845 2849 4913 possideat
2902 4844 3264 4899 humilitatem.
3303 4842 3427 4901 Hac

1832 4915 1941 4990 ille.
1970 4914 2134 4990 Paulo
2158 4915 2315 4990 aliter
2342 4915 2402 4966 D.
2438 4915 2731 4990 Gregorius
2775 4917 2825 4967 in
2860 4915 3237 4990 Responsione
3274 4916 3427 4990 (Cap.

1836 4986 1923 5054 11)
1968 4986 2034 5039 ad
2078 4986 2433 5052 Augustinum
2479 4986 2773 5055 Anglorum
2804 4986 3115 5053 episc0pum
3149 5005 3162 5044 :
3203 4986 3425 5052 lyr/iac,

1831 5057 2299 5125 inquit,illusione,
2328 5058 2478 5109 valde
2506 5057 2799 5109 necessaria
2829 5056 3094 5121 discretio,
3124 5060 3247 5126 quia
3275 5059 3424 5112 valde

1832 5129 2085 5181 subtiliter
2131 5130 2333 5192 pensari
2365 5128 2534 5193 debet,
2569 5144 2633 5181 ex
2660 5143 2762 5195 qua
2793 5142 2846 5179 re
2874 5127 3082 5179 accidat
3116 5130 3276 5181 menti
3304 5132 3420 5183 dor:

1833 5199 2057 5252 ntientis.
2095 5199 2385 5265 Aliquando
2408 5200 2544 5251 enim
2575 5216 2639 5253 ea:
2668 5198 2909 5267 crapula,
2934 5200 3217 5267 aliquando
3246 5216 3309 5254 ea:
3340 5219 3432 5253 na-

1835 5280 1967 5324 tura:
1993 5271 2356 5339 superﬂuitate
2386 5271 2463 5322 vel
2488 5270 2789 5339 inﬁrmitate
2810 5310 2825 5332 ,
2857 5268 3145 5337 aliquando
3193 5287 3257 5324 ea:
3300 5275 3431 5341 cogi-

1834 5345 2028 5395 tatione
2079 5343 2357 5411 contingit.
2409 5341 2470 5394 Et
2520 5358 2641 5410 qua:
2697 5351 2996 5410 sequuntur
3032 5342 3257 5397 inferius
3292 5346 3425 5397 reei-

1759 5413 2020 5495 Dtanda.
2057 5411 2135 5495 lin
2190 5412 2326 5495 \iitis
2385 5411 2765 5495 Patﬁumdiwc
2820 5421 3080 5478 praeterea
3135 5414 3429 5495 leguntur:

1839 5483 1986 5537 Dixit
2015 5483 2173 5537 abbas
2206 5482 2413 5552 Moyses
2438 5500 2456 5536 :
2489 5482 2593 5537 Per
2613 5483 2707 5537 has
2743 5493 2972 5551 quatuor
3000 5500 3081 5537 res
3126 5484 3431 5553 pollutionis

1844 5556 2014 5623 passio
2035 5555 2300 5627 gignitur:
2326 5571 2414 5623 per
2434 5556 2810 5608 abundantiam
2825 5566 3009 5607 escazet
3024 5565 3196 5625 potus,
3213 5566 3259 5608 et
3283 5558 3431 5608 satie-

1841 5636 1995 5679 tatem
2039 5627 2234 5689 somni;
2279 5642 2368 5694 per
2397 5628 2559 5679 otium
2598 5637 2644 5680 et
2680 5628 2872 5693 iocum,
2897 5635 2945 5677 et
2973 5628 3167 5680 ornatis
3208 5628 3430 5681 vestibus

1837 5698 2139 5766 incedendo.
2178 5698 2304 5750 llaec
2328 5699 2395 5751 de
2424 5698 2603 5751 causis
2636 5697 2949 5766 pollutionis
2982 5707 3284 5752 nocturnae.

1910 5765 1937 5804 ά
1977 5769 2198 5823 Similes
2231 5770 2514 5823 sententia:
2560 5765 2700 5839 apud
2751 5766 3068 5839 Cassianum
3096 5769 3132 5822 l.
3158 5786 3189 5825 v
3213 5769 3348 5829 Inst.
3374 5783 3428 5831 c.

1836 5840 1895 5916 9,
1923 5846 1980 5900 et
1998 5840 2095 5898 lib.
2119 5854 2173 5898 vi
2202 5854 2253 5899 c.
2287 5840 2350 5899 11
2386 5850 2443 5899 et
2470 5844 2562 5915 25,
2589 5836 2645 5900 et
2672 5839 2856 5898 collat.
2891 5836 2959 5895 12
2985 5854 3105 5915 cap.
3132 5840 3166 5900 7
