4022 6192
622 315 760 373 1219

1674 308 1952 370 JOANNIS
1987 309 2298 371 CASSIANI
2333 313 2821 374 COLLATIONES.

3776 312 3881 384 iiii:
3905 83 3940 436 ‘

619 447 771 504 aqua
801 431 1016 487 satietas
1061 437 1148 486 est
1192 427 1448 494 cavenda,
1494 434 1552 481 ut
1596 427 1767 497 possit
1797 427 1889 482 diu
1941 429 1995 483 in
2040 428 2194 484 nobis
2221 437 2270 493 Α
2300 431 2581 500 spiritalis,
2616 431 2835 487 obsceni
2865 431 3163 489 eliciuntur.
3207 434 3491 504 humores,
3521 438 3624 505 qui
3657 456 3773 495 non
3804 453 3879 500 tan
3922 427 3956 505 ξ’

617 526 878 596 acquisita
906 523 1150 593 corporis
1179 522 1386 590 puritas
1416 534 1758 590 permanere,
1790 530 1950 591 atque
1995 523 2194 578 imitari

615 616 1013 688 quodaminodo
1046 616 1420 666 intemeratum
1451 613 1673 682 spiritus
1695 616 2035 682 castitatem;
2071 615 2195 671 licet

614 727 713 765 nos
733 724 957 763 necesse
983 709 1054 760 sit
1079 707 1347 770 confiteri,
1379 707 1646 762 interdum
1666 708 1828 763 etiam
1855 709 2057 779 absque
2083 709 2192 764 ulla

612 803 810 858 mentis
842 801 1124 865 industria,
1163 801 1248 854 vel
1281 815 1373 870 per
1391 801 1701 870 temperiem
1735 817 2059 872 corporum,
2107 803 2193 858 vel

611 913 706 967 per
719 897 890 951 artatis
904 896 1287 961 maturitatem,
1308 897 1563 967 quosdam
1595 897 1770 951 rarius
1789 898 2076 966 sordidari,
2107 897 2192 952 vel

608 1002 760 1044 certe
783 989 958 1044 ﬂuxus
990 989 1143 1042 istius
1165 989 1442 1058 egestione
1473 1004 1579 1042 non
1615 989 1799 1057 pollui.
1823 988 1928 1043 Sed
1969 989 2191 1043 alterius

609 1081 784 1135 meriti
800 1093 904 1144 est,
919 1081 1006 1151 qui
1031 1096 1213 1150 pacem
1229 1081 1386 1134 inerti
1406 1080 1656 1134 felicitate
1671 1079 1917 1152 [Dionys.
1934 1082 2194 1134 securita-

610 1182 693 1236 te;
728 1172 872 1239 Lips.
892 1174 945 1227 in
968 1189 1134 1244 marg.
1151 1171 1427 1244 facilitate]
1457 1173 1832 1241 consequitur,
1857 1172 2078 1227 alterius
2099 1172 2189 1242 qui

609 1264 936 1334 triumphum
987 1265 1240 1335 gloriosis
1274 1263 1563 1318 virtutibus
1603 1273 1984 1332 promeretur:
2019 1265 2188 1333 Hujus

605 1356 1002 1427 eniutpotentia
1032 1358 1287 1411 vitiorum
1317 1357 1555 1411 omnium
1571 1357 1891 1412 debellatrix
1905 1358 2060 1426 digna
2089 1360 2191 1413 mi-

604 1450 788 1505 raculo
800 1461 907 1506 est:
927 1451 1076 1506 illum
1092 1466 1249 1521 quem
1268 1451 1490 1505 facultas
1503 1449 1628 1504 horti
1651 1450 1706 1504 in
1730 1465 1823 1504 sua
1842 1458 2020 1504 tuetur
2036 1452 2185 1520 igna-

604 1543 711 1609 via,
732 1553 758 1580 ει
781 1544 1110 1599 censendum
1141 1543 1308 1613 magis
1334 1543 1568 1596 dixerim
1591 1542 1882 1596 securitate
1894 1556 2051 1610 quam
2075 1542 2187 1596 lau-

601 1635 991 1693 deﬁSecunda
1012 1637 1363 1708 impuriillius
1384 1635 1631 1705 proﬂuvii
1655 1650 1816 1690 causa
1841 1645 1942 1700 est,
1965 1636 2008 1690 si
2032 1650 2185 1691 mens

598 1732 972 1800 spiritualibus
1010 1731 1207 1785 studiis
1237 1739 1399 1800 atque
1449 1729 1730 1784 exercitiis
1772 1739 1998 1784 vacuata
2025 1770 2039 1793 ,
2082 1744 2183 1785 nec

2297 523 2555 579 inanitate
2583 527 2766 579 carnis
2793 539 2950 594 quam
2983 528 3178 580 mentis
3196 527 3714 598 circumspectione
3746 544 3879 603 atque

2297 617 2493 671 virtute
2519 617 2564 669 si
2597 616 2809 686 penitus
2841 615 3068 672 inhiberi
3091 620 3383 688 nequeunt,
3417 623 3624 676 saltem
3651 625 3728 677 ad
3761 628 3879 681 illam

2294 708 2590 774 egestiOnis
2632 710 2928 778 simplicem
2978 710 3318 780 qualitatem,
3374 713 3692 768 auxiliante
3737 723 3881 785 gratia

2296 800 2415 868 Dei,
2451 799 2838 868 perducuntur.
2869 801 3104 870 Ideoque
3134 804 3185 857 in
3226 805 3414 872 primis
3448 805 3755 862 discursus
3781 823 3881 863 sunt

2294 905 2547 946 sensuum
2575 892 2884 959 coercendi,
2915 909 2981 947 ne
3016 908 3168 948 mens
3201 896 3316 950 istis
3352 899 3688 952 excessibus
3717 916 3881 956 assue-

2292 981 2471 1047 facta,
2525 983 2590 1037 ad
2641 983 2867 1038 foediora
2919 985 3267 1040 incitamenta
3320 987 3553 1043 luxuriae
3608 995 3880 1047 somnians

2294 1077 2658 1148 pertrahatur.
2690 1076 2864 1132 Tertia
2909 1093 3070 1132 causa
3112 1079 3214 1146 est,
3266 1093 3386 1135 cum
3443 1098 3542 1151 per
3581 1086 3880 1142 ordinatam

2292 1169 2509 1238 quidem
2551 1181 2711 1237 atque
2765 1170 3050 1224 sollicitam
3108 1173 3456 1227 continentiae
3504 1175 3877 1246 disciplinam,

2291 1262 2620 1317 contritione
2644 1261 2824 1316 cordis
2842 1272 2895 1317 et
2920 1264 3168 1332 corporis
3201 1276 3514 1333 perpetuam
3541 1272 3877 1324 castimonia

2292 1355 2576 1426 puritatem
2604 1363 2854 1425 optamus
2875 1357 3182 1425 acquirere;
3209 1357 3301 1410 sed
3335 1371 3433 1411 nos
3459 1359 3686 1413 utilitati
3710 1362 3875 1416 carnis

2289 1461 2354 1502 ac
2394 1447 2615 1515 spiritus
2655 1448 2870 1517 egregie
2915 1448 3290 1513 consulentes,
3328 1459 3349 1486 ε
3381 1447 3872 1507 fraudulentissimi

2289 1537 2461 1594 hostis
2483 1537 2553 1592 ita
2585 1539 3097 1609 iinpugnatinvidia,
3123 1549 3180 1593 ut
3203 1540 3328 1593 dum
3351 1540 3593 1610 dejicere
3624 1542 3871 1599 ﬁduciam

2287 1629 2630 1686 conseientim
2641 1639 2839 1685 nostrae
2850 1646 3052 1700 nosque
3067 1631 3371 1686 velutreatu
3387 1633 3565 1702 aliquo
3582 1634 3868 1691 humiliari:

2288 1731 2536 1788 conatur,
2561 1722 2665 1777 illis
2697 1725 2962 1793 praecipue
2985 1723 3173 1779 diebus
3193 1724 3392 1794 quibus
3413 1728 3619 1796 majore
3641 1728 3867 1798 integri-

600 1821 902 1892 disciplinis
960 1821 1238 1876 interioris
1296 1820 1532 1875 hominis
1583 1819 1851 1888 instituta,
1889 1819 2174 1890 quemdam
2207 1815 2254 1876 B
2283 1815 2409 1870 talis
2439 1814 2634 1870 merito
2655 1814 3024 1870 desideramus
3045 1816 3228 1871 divino
3253 1819 3628 1873 tantummodo
3654 1819 3866 1889 placere

596 1911 699 1966 sibi
753 1911 997 1981 segnitiei
1052 1912 1212 1965 situm
1281 1927 1377 1980 per
1429 1911 1874 1966 consuetudinem
1933 1911 2176 1966 continui

597 2005 830 2072 torporis
881 2004 1186 2066 obduxerit,
1230 2014 1322 2057 aut
1365 2019 1484 2058 cum
1516 2004 1856 2059 sordidarum
1887 2006 2175 2075 cogitatio-

594 2112 721 2152 num
754 2097 1063 2151 inimicitias
1093 2095 1200 2167 [ΑΙ.
1239 2095 1621 2166 impudicitiae]
1656 2114 1762 2151 non
1791 2098 2068 2162 cavendo,
2103 2099 2173 2152 ita

596 2190 746 2244 illam
777 2188 960 2243 cordis
985 2189 1427 2244 subtimissimam
1457 2191 1746 2256 puritatem
1777 2191 2014 2261 segniter
2042 2207 2174 2247 con-

594 2282 845 2350 cupiscit,
881 2291 937 2336 ut
964 2297 1181 2336 omnem
1215 2282 1558 2351 perfectionis
1586 2292 1640 2338 et
1667 2285 2000 2340 castimoniae
2029 2301 2177 2341 sum!

596 2388 738 2426 mam
774 2373 826 2426 in
859 2372 970 2427 sola
1001 2373 1186 2428 credat
1227 2375 1514 2429 exterioris
1544 2373 1782 2430 hominis
1823 2377 2174 2448 castigatione

594 2463 913 2520 consistere.
948 2465 1113 2534 Cujus
1135 2465 1336 2520 erroris
1365 2477 1523 2535 atque
1549 2468 1811 2523 socordius
1835 2470 1964 2523 vitio
1987 2485 2176 2526 conse-

592 2565 820 2628 quenter
848 2557 1089 2623 eveniet,
1125 2567 1184 2612 ut
1209 2573 1314 2612 non
1347 2558 1520 2612 solum
1553 2559 1868 2614 multimoda
1893 2563 2172 2631 cogitatio-

592 2666 719 2705 num
752 2653 1060 2721 pervagatio
1091 2652 1455 2706 inverecunde
1479 2659 1641 2721 atque
1667 2655 1968 2722 procaciter
1995 2670 2173 2712 secre-

591 2750 703 2796 tum
755 2742 951 2832 ment'bs
1002 2742 1286 2812 irrumpat,
1338 2741 1432 2798 sed
1481 2743 1644 2798 etiam
1677 2745 2024 2814 pristinarum
2059 2764 2173 2804 om-

591 2834 737 2888 nium
771 2834 1080 2904 passionum
1112 2836 1248 2888 intra
1273 2849 1394 2890 eam
1417 2835 1622 2890 semina
1647 2849 2016 2905 perseverent.
2039 2841 2172 2908 Qua

591 2925 846 2995 quamdiu
880 2926 933 2981 in
965 2927 1084 2996 ejus
1113 2926 1311 2982 abditis
1355 2926 1698 2995 delitescunt,
1730 2931 1974 2999 quamvis
1999 2933 2172 3003 rigido

588 3035 786 3090 corpus
813 3021 1017 3090 jejunio
1047 3019 1363 3090 eastigetur,
1410 3029 1590 3077 tamen
1646 3022 1992 3080 nihilominus
2040 3027 2170 3082 dor-

592 3115 848 3171 mientem
897 3115 1230 3171 illecebrosis
1287 3116 1755 3185 phantasmatibus
1828 3119 2165 3188 inquietant:

2280 1911 2624 1977 Conspectui,
2678 1909 2880 1979 absijtte
2934 1910 3043 1965 ullo
3096 1911 3315 1980 quidem
3375 1913 3558 1967 carnis
3619 1916 3859 1981 pruritu,

2280 2005 2547 2058 mentisve
2575 2016 2867 2064 consensu,
2901 2017 3000 2057 nec
3031 2015 3126 2072 per
3171 2003 3484 2059 illusionem
3517 2005 3864 2074 phantasma-

2279 2095 2347 2150 tis
2377 2095 2642 2164 alicujus,
2681 2094 2776 2149 sed
2823 2103 3000 2149 tamen
3043 2096 3276 2165 simplici
3311 2095 3494 2151 ﬂuxus
3524 2099 3663 2152 illius
3710 2112 3860 2167 eges.

2279 2188 2424 2242 tione
2452 2201 2550 2242 nos
2583 2187 2792 2257 polluit,
2827 2195 2886 2240 ut
2911 2203 2941 2241 a
2969 2197 3310 2242 sacrosancta
3355 2191 3738 2244 communione
3768 2189 3861 2243 de-

2279 2287 2498 2346 terreat,
2540 2279 2668 2333 licet
2718 2279 2771 2332 in
2822 2278 3082 2348 quosdam
3130 2277 3504 2347 iueipientium
3545 2289 3600 2335 et
3627 2294 3854 2350 quorum

2276 2387 2504 2441 corpora
2551 2371 2778 2427 necdum
2817 2371 2974 2441 longa
3017 2371 3338 2441 jejuniorum
3380 2375 3738 2442 castigatione
3782 2383 3860 2428 te-

2277 2475 2440 2519 nuata
2483 2474 2633 2529 sunt,
2676 2464 2746 2520 ob
2771 2465 2876 2519 hoc
2903 2464 3166 2520 diabolica
3204 2465 3435 2519 factione
3473 2465 3590 2518 haec
3619 2467 3864 2519 evenire

2277 2559 2533 2614 credatur
2580 2557 2781 2620 illusio,
2821 2567 2876 2611 ut
2925 2571 3051 2612 cum
3080 2572 3168 2612 eos
3197 2556 3572 2610 intcnsioribus
3618 2555 3864 2625 jejuniis

2276 2652 2498 2706 studere
2525 2651 2861 2722 cognoverit,
2896 2664 3088 2705 omnes
3131 2663 3308 2704 eorum
3333 2659 3560 2702 conatus
3589 2649 3695 2702 hac
3735 2659 3860 2705 arte

2276 2744 2589 2808 subvertet;
2623 2751 2682 2797 ut
2709 2743 2833 2797 dum
2863 2758 2922 2798 se
2949 2758 3055 2795 non
3089 2741 3257 2796 solum
3286 2740 3418 2794 nihil
3447 2739 3514 2793 ad
3556 2741 3852 2808 puritatem

2274 2837 2526 2904 corporis
2553 2835 2881 2889 districtiore
2901 2834 3106 2903 jejunio
3135 2833 3448 2903 profecisse,
3480 2847 3663 2886 verum
3686 2833 3848 2887 etiam

2271 2929 2491 2999 gravius
2534 2929 2775 2981 sentiunt
2804 2926 2971 2981 fuisse
3011 2926 3266 2995 pollutos,
3312 2925 3628 2994 magistram
3677 2925 3852 2978 incor-

2275 3024 2543 3092 ruptionis
2575 3037 2640 3078 ac
2670 3021 2916 3092 puritatis
2952 3019 3219 3083 altricem,
3252 3019 3595 3074 abstinentiae
3642 3017 3854 3072 distric-

2275 3120 2480 3175 tionem
2515 3129 2782 3186 tamquam
2811 3115 3059 3170 aemulam
3100 3113 3541 3184 perhorrescant.
3576 3111 3728 3183 (Vide
3759 3112 3848 3166 lib.

588 3211 783 3280 quibus
822 3218 948 3264 ante
979 3209 1201 3278 legitimi
1256 3211 1515 3280 temporis
1561 3225 1802 3280 cursum,
1834 3227 1940 3268 non
1964 3214 2074 3284 jam
2107 3231 2171 3270 ex
2201 3199 2247 3263 C
2279 3229 2336 3284 n,
2365 3213 2536 3269 Instit.
2561 3229 2608 3267 c.
2637 3212 2721 3279 15,
2745 3221 2791 3266 et
2820 3211 2907 3266 lib.
2938 3226 2990 3266 νι
3017 3225 3130 3281 mp.
3162 3209 3290 3278 alt.)
3321 3208 3666 3278 Quapropter
3698 3219 3858 3263 nosse

587 3314 791 3358 naturae
837 3302 1184 3368 necessitate,
1218 3302 1312 3357 sed
1358 3302 1533 3358 adhuc
1566 3317 1630 3358 ex
1679 3303 1870 3359 fraude
1916 3308 2170 3376 nequitia:

2281 3309 2542 3365 debemus
2582 3321 2686 3360 non
2737 3303 2936 3359 idcirco
2980 3317 3079 3358 nos
3128 3309 3334 3357 tantum
3394 3301 3469 3356 ab
3534 3313 3857 3372 unoquoque

1648 3433 1904 3492 ALARDI
1941 3437 2178 3498 GAZA‘JI
2214 3435 2766 3500 COMMENTARIUS.

661 3535 684 3568 ⁸
723 3527 997 3598 Cuyehius
1024 3527 1291 3598 duplicem
1320 3528 1405 3583 hic
1432 3529 1707 3584 annotavit
1728 3531 2012 3591 lectionem
2040 3554 2050 3587 :
2077 3536 2167 3590 Al-

588 3612 777 3666 teram,
808 3587 976 3674 Magis
1006 3587 1222 3674 dixerim
1250 3602 1572 3674 securitatem
1600 3601 1805 3664 habere,
1836 3587 1990 3670 quani
2045 3587 2164 3658 lau-

586 3674 721 3738 dem,
749 3672 976 3746 quaeest
1004 3672 1363 3746 Basileensis;
1393 3672 1616 3746 alteram
1637 3689 1666 3727 e
1685 3689 1783 3726 ms.
1815 3689 1972 3740 quam
1998 3679 2168 3746 magis

586 3746 800 3868 probat,
853 3743 1172 3799 Censendum
1220 3745 1381 3814 magis
1433 3742 1650 3796 dixerim
1693 3746 1960 3798 securitate
2013 3742 2166 3816 quam

607 3816 758 3868 aude.
792 3831 986 3868 nempe
1012 3815 1250 3868 diuitum.
1283 3814 1373 3868 Sic
1399 3813 1530 3868 inse.
1567 3815 1734 3868 Onam
1768 3816 2048 3868 lectiooem
2081 3818 2166 3868 hic

607 3816 758 3879 aude,
792 3831 986 3884 nempe
1012 3815 1250 3884 dignum.
1283 3813 1373 3870 Sic
1399 3813 1530 3882 ipse.
1567 3815 1734 3880 Quam
1768 3813 2048 3870 lectiOnem
2081 3818 2166 3873 hic

586 3887 756 3941 secuti
785 3901 994 3952 sumus,
1027 3887 1228 3940 omisso
1259 3895 1436 3940 tamen
1466 3886 1863 3954 supplemento,
1895 3887 2035 3955 quod
2067 3889 2166 3942 mi-

586 3959 730 4013 nime
762 3958 1124 4012 necessarium
1145 3960 1318 4010 visum
1343 3965 1445 4027 est.
1477 3956 1762 4027 Dionysius
1784 3959 2166 4025 paraphrastes

587 4029 728 4085 hunc
759 4030 933 4084 locum
967 4029 1035 4082 ita
1061 4029 1356 4096 expressit:
1385 4025 1739 4150 Poenitentiaj
1765 4044 1861 4096 pro
1893 4030 2163 4100 potentia)

587 4117 802 4150 namane
826 4101 968 4150 istius
991 4099 1063 4150 sic
1086 4098 1362 4150 uuanando
1391 4099 1637 4150 vincentis
1656 4140 1669 4150 .
1742 4098 2013 4150 ebellatria:
2049 4117 2161 4150 om-

587 4117 802 4172 namque
826 4101 968 4155 istius
991 4099 1063 4154 sic
1085 4098 1369 4172 pugnando
1391 4099 1637 4172 vincentis
1656 4140 1669 4162 ,
1704 4098 2013 4172 debellatria:
2049 4098 2161 4153 om-

584 4166 728 4224 nium
760 4173 997 4224 vitiorum
1031 4166 1101 4223 est
1129 4166 1468 4222 admiratione
1497 4167 1673 4236 digna.
1732 4166 1894 4222 Illum
1949 4174 2159 4237 autem‘,

582 4258 728 4308 quem
754 4242 976 4309 facilitas
1003 4241 1120 4293 boni
1143 4250 1310 4294 tuetur
1342 4241 1393 4291 in
1422 4256 1518 4292 sua
1545 4241 1767 4309 ignavia,
1790 4241 1970 4308 judico
2000 4243 2162 4311 ntagis

583 4310 864 4380 dicendum
893 4328 998 4364 esse
1028 4326 1288 4374 securum,
1317 4327 1471 4380 quam
1495 4311 1919 4365 collaudandum.

657 4380 681 4417 δ
720 4379 794 4434 Ita
827 4382 1113 4452 Cassianus
1139 4381 1176 4434 Ι.
1205 4396 1255 4433 vt
1285 4379 1430 4452 c.7711
1457 4399 1468 4433 :
1506 4379 1764 4452 Qualitas,
1794 4382 1985 4449 inquit,
2019 4382 2164 4452 cogi-

585 4452 855 4515 tationum,
896 4467 1010 4520 qua:
1033 4451 1469 4517 distensionibus(
1500 4451 1536 4505 i.
1563 4467 1612 4505 e.
1642 4451 2090 4508 distractionibus
2108 4462 2163 4507 et

584 4521 812 4591 negotiis
837 4519 996 4574 variis
1023 4522 1040 4593 )
1070 4519 1168 4595 diei
1198 4523 1537 4595 negligentia:
1567 4523 1852 4595 custoditur
1874 4567 1887 4588 ,
1918 4526 2162 4595 probatur

581 4597 744 4662 quiete
775 4604 1041 4648 nocturna.
1096 4593 1165 4662 Et
1210 4593 1400 4644 idiirco
1450 4611 1564 4646 cum
1616 4593 1955 4649 intercesserit
1986 4594 2163 4662 aliqua

583 4661 699 4718 talis
730 4665 928 4726 illusio,
961 4681 1059 4716 non
1083 4661 1234 4728 culpa
1263 4663 1424 4716 somni
1452 4664 1708 4718 credenda
1749 4677 1843 4731 est,
1878 4667 1966 4719 sed
2000 4661 2162 4734 negli-

580 4737 750 4804 gentia
805 4735 1044 4803 temporis
1086 4734 1452 4802 prwcedeittis,
1504 4746 1551 4788 ct
1599 4735 1945 4802 uianifcslatio
1999 4738 2161 4790 morbi

581 4805 787 4858 latentis
816 4805 1148 4869 intrinsecus,
1200 4821 1346 4874 quem
1392 4822 1493 4859 non
1543 4808 1780 4874 primitus
1824 4810 1986 4860 noctis
2035 4810 2160 4860 liora

577 4876 838 4948 parturiit,
871 4874 958 4929 sed
986 4876 1178 4930 intimis
1209 4878 1394 4929 animm
1423 4877 1744 4948 reconditum
1770 4877 1908 4942 ﬁbris
1938 4877 2005 4930 ad
2029 4880 2161 4933 cutis

577 4947 896 5020 superﬁciem
919 4949 1083 5000 somni
1106 4950 1377 5018 refectione
1398 4947 1668 5020 produxit,
1694 4964 1910 5020 arguens
1932 4951 2156 5002 occultas

576 5036 630 5073 ω.
650 5029 786 5071 tuum
819 5018 1012 5087 febres,
1068 5036 1194 5089 quas
1225 5035 1314 5086 per
1359 5029 1519 5070 totum
1569 5019 1670 5072 diei
1715 5018 1937 5088 spatium
1991 5020 2158 5073 noxiis

575 5090 968 5162 mgitationibus
1005 5092 1140 5158 pasti
1177 5091 1542 5162 contraximus.

651 5171 672 5198 ε
716 5162 992 5216 Adversus
1061 5161 1306 5214 husmodi
1353 5159 1729 5214 infestationes
1774 5169 1830 5214 et
1879 5159 2158 5215 illusinnes

577 5230 870 5287 diabolicas
902 5233 1160 5286 solemnis
1183 5241 1265 5285 est
1297 5230 1383 5283 illa
1417 5229 1669 5285 Ecclesia:
1699 5240 1751 5285 et
1778 5237 1981 5300 piarunt
2008 5247 2160 5286 tuen-

577 5303 707 5355 tium
741 5305 1044 5372 vespertina
1087 5302 1322 5372 precatio
1355 5319 1369 5356 2

820 5459 995 5510 Procul
1023 5462 1252 5510 recedant
1276 5461 1480 5519 somnia,

821 5519 882 5571 Et
910 5524 1115 5572 hostium
1141 5525 1489 5584 phantasmata:

821 5584 1121 5647 gestumque
1151 5592 1364 5634 nostrum
1391 5585 1673 5647 comprime,

818 5644 892 5693 Ne
926 5644 1196 5706 polluantur
1226 5661 1445 5709 corpora.

576 5775 707 5835 Item
737 5787 790 5839 iii
823 5787 927 5840 alio
953 5790 1169 5856 hymno,
1201 5793 1288 5857 qui
1319 5793 1370 5844 in
1421 5787 1838 5856 Quadragcsima
1893 5791 2154 5847 recitatur

2268 3535 2332 3590 ad
2356 3529 2810 3601 Completorium:

2509 3685 2582 3735 Ne
2603 3685 2764 3746 gravis
2784 3685 2978 3732 somnus
2995 3682 3164 3745 irruat,

2507 3747 2611 3798 Nec
2629 3748 2783 3796 hostis
2806 3758 2890 3794 nos
2911 3747 3164 3807 surripiat,

2517 3809 2618 3859 Nec
2641 3823 2750 3858 caro
2768 3807 2835 3855 illi
2859 3810 3168 3856 coasentieus

2515 3873 2613 3922 Nos
2631 3871 2720 3922 tibi
2742 3882 2856 3919 reos
2877 3875 3075 3918 statuat.

2268 4023 2326 4079 S.
2391 4021 2700 4076 Alexander
2739 4033 2893 4088 papa,
2941 4018 3029 4088 qui
3073 4018 3285 4086 quintus
3324 4031 3352 4088 a
3381 4017 3445 4071 Β.
3475 4016 3641 4074 Petro
3683 4019 3843 4084 sedit,

2267 4087 2749 4161 ordinavitaquam
2791 4087 3111 4144 sacerdotali
3146 4087 3524 4161 benedictione
3546 4089 3842 4146 sanctiﬁca—

2268 4174 2375 4218 tam
2423 4165 2478 4218 in
2518 4159 2777 4217 cubiculis
2821 4161 3158 4216 retinendam
3190 4176 3288 4229 pro
3319 4159 3605 4229 eﬂ‘uganda
3643 4161 3846 4215 diaboli

2268 4235 2495 4298 malitia,
2531 4249 2596 4287 ne
2625 4233 2850 4286 somniis
2871 4234 2955 4286 vel
2974 4230 3439 4300 phantasmatihus
3459 4233 3612 4287 nobis
3637 4231 3844 4285 illudat.

2266 4307 2361 4360 Est
2390 4319 2517 4358 vero
2547 4303 2819 4370 singulare
2850 4317 2950 4356 nec
2979 4304 3192 4358 silentio
3227 4302 3677 4371 praetereundum,
3705 4302 3848 4367 quod

2268 4377 2390 4431 huic
2421 4373 2747 4429 inl'estationi
2770 4385 2822 4427 et
2845 4375 3078 4428 illusioni
3108 4374 3395 4427 diabolicae
3425 4373 3750 4425 amoliendas
3777 4372 3850 4426 D.

2266 4445 2571 4503 Bernurdus
2621 4445 2859 4514 suggerit
2906 4447 3201 4500 remedium
3245 4443 3600 4514 experimento
3645 4445 3854 4514 proba-

2267 4529 2376 4573 tutn
2405 4536 2416 4570 :
2450 4518 2507 4572 Si
2539 4533 2627 4584 per
2654 4511 2870 4580 noctem,
2897 4515 3089 4582 inquit,
3122 4516 3296 4569 illusio
3324 4511 3409 4565 tibi
3437 4511 3698 4584 acciderit,
3731 4528 3842 4566 non

2266 4583 2599 4644 contristeris.
2653 4589 2742 4642 sed
2789 4587 2844 4639 in
2892 4587 3115 4640 crastino
3160 4585 3430 4650 conﬁtere:
3475 4591 3520 4634 et
3568 4583 3743 4648 aliquo
3796 4593 3851 4636 te

2263 4671 2472 4714 vocante
2505 4662 2572 4712 ad
2613 4655 2662 4709 Μ
2673 4659 2826 4710 issam
2852 4664 2904 4709 ut
2933 4658 3214 4719 ministres,
3244 4666 3382 4708 caute
3409 4668 3578 4706 coram
3606 4654 3852 4708 omnibus

2265 4740 2314 4785 te
2345 4747 2534 4785 excusa
2566 4746 2654 4800 per
2704 4729 2921 4800 signum,
2954 4738 3006 4800 ut
3038 4735 3110 4780 est
3137 4725 3517 4800 consuetudinis
3537 4736 3850 4800 ,_qu_utenns

2265 4819 2440 4855 omnes
2465 4793 2611 4854 illam
2641 4793 2780 4851 tuam
2805 4798 3145 4868 pollutionem
3190 4797 3502 4865 intelligunt.
3545 4793 3700 4868 fecit
3755 4796 3849 4848 hoc

2264 4874 2449 4945 aliquis
2489 4872 2632 4945 apud
2657 4886 2769 4930 nos,
2804 4864 2960 4921 etiam
2989 4864 3375 4945 nullo‘uorante
3416 4868 3482 4945 ad
3511 4864 3742 4945 “Missas,
3793 4877 3850 4918 ut

2265 4936 2428 5014 inopis
2466 4936 2877 5014 erubesceret;__et
2906 4957 2937 5014 a_
2966 4939 3254 5014 tentatione
3284 4939 3455 5014 carnis
3504 4936 3743 5014 liberatus
3771 4947 3848 4990 est

2263 5015 2316 5068 in
2343 5007 2562 5078 tantum,
2595 5024 2649 5065 ut
2672 5014 2758 5065 via:
2777 5011 2974 5082 aliquid
3003 5008 3102 5062 tale
3129 5011 3452 5082 postmodum
3477 5007 3708 5082 senserit,
3758 5023 3848 5082 nec

2261 5086 2360 5138 nisi
2389 5086 2542 5139 semel
2571 5083 2648 5137 vel
2679 5079 2901 5136 secundo
2930 5097 3018 5151 per
3041 5079 3234 5133 annum
3267 5079 3849 5151 pruritumltujusmodi

2264 5156 2574 5226 patiebatur.
2633 5153 2763 5226 Item
2816 5154 2868 5205 in
2902 5145 3006 5205 vita
3036 5152 3093 5204 S.
3124 5150 3410 5226 Malarhia:
3440 5166 3490 5202 e.
3515 5145 3755 5202 “(Cum
3786 5147 3846 5200 S.

2267 5217 2556 5280 Malacltias
2576 5224 2988 5294 archiepiscOpus
3008 5231 3320 5275 sacramenta
3337 5217 3452 5294 olle:
3467 5229 3567 5284 ret,
3589 5227 3642 5294 et
3659 5233 3848 5294 appret

2262 5298 2532 5370 pinquaret
2585 5297 2629 5350 ei
2682 5288 2952 5370 diaconus,
3007 5294 3222 5370 intuitus
3257 5308 3374 5344 eum
3417 5291 3684 5370 ingemuit,
3715 5288 3848 5370 quod

2266 5357 2499 5424 sensisset
2532 5383 2684 5435 penes
2723 5382 2838 5419 eum.
2868 5357 3052 5428 latere,
3086 5363 3222 5431 quod
3252 5380 3353 5435 non
3380 5357 3690 5435 conueniret.
3720 5357 3849 5410 Per-

2267 5450 2390 5503 acto.
2429 5433 2709 5504 sacri/icio,
2742 5444 2930 5491 secreto
2953 5444 3277 5505 percontatus
3306 5434 3367 5486 de
3393 5433 3704 5505 conscientia
3731 5445 3845 5505 sua,

2265 5500 2525 5580 confessus
2554 5500 2624 5562 est
2651 5500 3069 5580 illusumﬂse'per
3085 5508 3338 5580 somnium
3366 5513 3534 5580 no_cle._
3560 5500 3653 5580 Cui
3675 5501 3852 5580 injun-

2264 5572 2389 5651 geus
2422 5581 2766 5652 paenitentiam
2796 5595 2813 5632 :
2845 5572 3253 5652 Non-debueras,
3297 5575 3485 5652 inquit,
3513 5572 3849 5652 hodie-ruini-

2264 5641 2478 5716 Etrass'e,
2512 5651 2599 5704 sed
2623 5651 2903 5705 uerecunde
2933 5658 2979 5700 te
2995 5646 3318 5710 subtrahere,
3351 5641 3406 5698 ut
3434 5641 3848 5716 ltac_hu_militate

2262 5713 2530 5793 purgatus,
2561 5721 2767 5791 dignius
2798 5719 2982 5774 exinde
3003 5717 3339 5773 ministraret.
3371 5717 3493 5772 Hac
3519 5713 3583 5768 D.
3615 5713 3847 5767 Bernar-

2263 5792 2384 5846 dus.
