  <div class='ocr_page' id='page_1' title='image "/cluster/home/n/w/nwhite01/storage/ocr_20150623/49/uva.x000827093/619.png"; bbox 0 0 4022 6192; ppageno 0'>
   <div class='ocr_carea' id='block_1_1' title="bbox 574 350 719 422">
    <p class='ocr_par' dir='ltr' id='par_1_1' title="bbox 574 350 719 422">
     <span class='ocr_line' id='line_1_1' title="bbox 574 350 719 422; baseline -0.021 -1"><span class='ocrx_word' id='word_1_1' title='bbox 574 350 719 422; x_wconf 67' lang='grc' dir='ltr'><strong>ηαδ</strong></span> 
     </span>
    </p>
   </div>
   <div class='ocr_carea' id='block_1_2' title="bbox 1188 462 1524 522">
    <p class='ocr_par' dir='ltr' id='par_1_2' title="bbox 1188 462 1524 522">
     <span class='ocr_line' id='line_1_2' title="bbox 1188 462 1524 522; baseline -0.012 0"><span class='ocrx_word' id='word_1_2' title='bbox 1188 462 1417 522; x_wconf 80' lang='lat' dir='ltr'><strong>CAPUT</strong></span> <span class='ocrx_word' id='word_1_3' title='bbox 1458 462 1524 518; x_wconf 73' lang='grc' dir='ltr'><strong>γ.</strong></span> 
     </span>
    </p>
   </div>
   <div class='ocr_carea' id='block_1_3' title="bbox 642 577 2097 705">
    <p class='ocr_par' dir='ltr' id='par_1_3' title="bbox 642 577 2097 705">
     <span class='ocr_line' id='line_1_3' title="bbox 642 577 2097 705; baseline -0.009 -61"><span class='ocrx_word' id='word_1_4' title='bbox 642 586 930 657; x_wconf 78' lang='lat' dir='ltr'><strong>Responsio</strong></span> <span class='ocrx_word' id='word_1_5' title='bbox 962 625 978 652; x_wconf 94' lang='lat'><strong>,</strong></span> <span class='ocrx_word' id='word_1_6' title='bbox 1011 582 1448 705; x_wconf 69' lang='lat' dir='ltr'><strong>quandodreatum</strong></span> <span class='ocrx_word' id='word_1_7' title='bbox 1472 581 1751 705; x_wconf 34' lang='lat' dir='ltr'><strong>.chntrahat</strong></span> <span class='ocrx_word' id='word_1_8' title='bbox 1790 577 1898 632; x_wconf 78' lang='lat' dir='ltr'><strong>Itth</strong></span> <span class='ocrx_word' id='word_1_9' title='bbox 1925 577 2097 647; x_wconf 91' lang='lat' dir='ltr'><strong>passio</strong></span> 
     </span>
     <span class='ocr_line' id='line_1_4' title="bbox 1248 660 1478 705; baseline -0.009 0"><span class='ocrx_word' id='word_1_10' title='bbox 1248 660 1478 705; x_wconf 75' lang='grc' dir='ltr'><strong>οηηιιηιι</strong></span> 
     </span>
    </p>
   </div>
   <div class='ocr_carea' id='block_1_4' title="bbox 1248 660 1478 705">
    <p class='ocr_par' dir='ltr' id='par_1_4' title="bbox 1248 660 1478 705">
     <span class='ocr_line' id='line_1_5' title="bbox 1248 660 1478 705; baseline -0.009 0"><span class='ocrx_word' id='word_1_11' title='bbox 1248 660 1478 705; x_wconf 82' lang='lat' dir='ltr'><strong>ormtentt</strong></span> 
     </span>
    </p>
   </div>
   <div class='ocr_carea' id='block_1_5' title="bbox 640 744 2165 818">
    <p class='ocr_par' dir='ltr' id='par_1_5' title="bbox 640 744 2165 818">
     <span class='ocr_line' id='line_1_6' title="bbox 640 744 2165 818; baseline -0.007 -9"><span class='ocrx_word' id='word_1_12' title='bbox 640 755 939 814; x_wconf 80' lang='lat' dir='ltr'><strong>Theonas:</strong></span> <span class='ocrx_word' id='word_1_13' title='bbox 976 748 1135 807; x_wconf 87' lang='lat' dir='ltr'><strong>Omni</strong></span> <span class='ocrx_word' id='word_1_14' title='bbox 1165 747 1383 818; x_wconf 85' lang='lat' dir='ltr'><strong>quidem</strong></span> <span class='ocrx_word' id='word_1_15' title='bbox 1436 744 1706 800; x_wconf 78' lang='lat' dir='ltr'><strong>industria</strong></span> <span class='ocrx_word' id='word_1_16' title='bbox 1734 786 1749 812; x_wconf 93' lang='lat'><strong>,</strong></span> <span class='ocrx_word' id='word_1_17' title='bbox 1799 753 2058 815; x_wconf 89' lang='lat' dir='ltr'><strong>quantum</strong></span> <span class='ocrx_word' id='word_1_18' title='bbox 2109 744 2165 798; x_wconf 94' lang='lat' dir='ltr'><strong>in</strong></span> 
     </span>
    </p>
   </div>
   <div class='ocr_carea' id='block_1_6' title="bbox 556 842 2168 913">
    <p class='ocr_par' dir='ltr' id='par_1_6' title="bbox 556 842 2168 913">
     <span class='ocr_line' id='line_1_7' title="bbox 556 842 2168 913; baseline -0.008 -4"><span class='ocrx_word' id='word_1_19' title='bbox 556 855 718 909; x_wconf 86' lang='lat' dir='ltr'><strong>nobis</strong></span> <span class='ocrx_word' id='word_1_20' title='bbox 756 858 861 913; x_wconf 86' lang='lat' dir='ltr'><strong>est,</strong></span> <span class='ocrx_word' id='word_1_21' title='bbox 896 848 1119 904; x_wconf 75' lang='lat' dir='ltr'><strong>studere</strong></span> <span class='ocrx_word' id='word_1_22' title='bbox 1149 848 1415 903; x_wconf 82' lang='lat' dir='ltr'><strong>debemus</strong></span> <span class='ocrx_word' id='word_1_23' title='bbox 1436 889 1449 913; x_wconf 92' lang='lat'><strong>,</strong></span> <span class='ocrx_word' id='word_1_24' title='bbox 1485 856 1541 900; x_wconf 92' lang='lat' dir='ltr'><strong>ut</strong></span> <span class='ocrx_word' id='word_1_25' title='bbox 1574 844 1973 901; x_wconf 88' lang='lat' dir='ltr'><strong>immaculatam</strong></span> <span class='ocrx_word' id='word_1_26' title='bbox 2004 842 2168 898; x_wconf 89' lang='lat' dir='ltr'><strong>casti-</strong></span> 
     </span>
    </p>
   </div>
   <div class='ocr_carea' id='block_1_7' title="bbox 570 938 2167 1011">
    <p class='ocr_par' dir='ltr' id='par_1_7' title="bbox 570 938 2167 1011">
     <span class='ocr_line' id='line_1_8' title="bbox 570 938 2167 1011; baseline -0.003 -15"><span class='ocrx_word' id='word_1_27' title='bbox 570 942 771 996; x_wconf 66' lang='lat' dir='ltr'><strong>moniae</strong></span> <span class='ocrx_word' id='word_1_28' title='bbox 803 942 1090 1011; x_wconf 70' lang='lat' dir='ltr'><strong>puritatem</strong></span> <span class='ocrx_word' id='word_1_29' title='bbox 1149 939 1239 994; x_wconf 91' lang='lat' dir='ltr'><strong>illo</strong></span> <span class='ocrx_word' id='word_1_30' title='bbox 1284 939 1369 993; x_wconf 81' lang='lat' dir='ltr'><strong>vel</strong></span> <span class='ocrx_word' id='word_1_31' title='bbox 1418 938 1654 992; x_wconf 80' lang='lat' dir='ltr'><strong>maxime</strong></span> <span class='ocrx_word' id='word_1_32' title='bbox 1701 945 1950 1006; x_wconf 90' lang='lat' dir='ltr'><strong>tempore</strong></span> <span class='ocrx_word' id='word_1_33' title='bbox 1982 945 2167 991; x_wconf 87' lang='lat' dir='ltr'><strong>tenea-</strong></span> 
     </span>
    </p>
   </div>
   <div class='ocr_carea' id='block_1_8' title="bbox 570 1029 2163 1103">
    <p class='ocr_par' dir='ltr' id='par_1_8' title="bbox 570 1029 2163 1103">
     <span class='ocr_line' id='line_1_9' title="bbox 570 1029 2163 1103; baseline -0.004 -16"><span class='ocrx_word' id='word_1_34' title='bbox 570 1049 713 1094; x_wconf 78' lang='lat' dir='ltr'><strong>mus,</strong></span> <span class='ocrx_word' id='word_1_35' title='bbox 746 1049 853 1103; x_wconf 92' lang='lat' dir='ltr'><strong>quo</strong></span> <span class='ocrx_word' id='word_1_36' title='bbox 884 1031 1207 1087; x_wconf 79' lang='lat' dir='ltr'><strong>venerandis</strong></span> <span class='ocrx_word' id='word_1_37' title='bbox 1257 1031 1515 1085; x_wconf 76' lang='lat' dir='ltr'><strong>assistere</strong></span> <span class='ocrx_word' id='word_1_38' title='bbox 1568 1039 1817 1099; x_wconf 77' lang='lat' dir='ltr'><strong>Optamus</strong></span> <span class='ocrx_word' id='word_1_39' title='bbox 1863 1029 2163 1093; x_wconf 81' lang='lat' dir='ltr'><strong>altaribus;</strong></span> 
     </span>
    </p>
   </div>
   <div class='ocr_carea' id='block_1_9' title="bbox 569 1120 2163 1195">
    <p class='ocr_par' dir='ltr' id='par_1_9' title="bbox 569 1120 2163 1195">
     <span class='ocr_line' id='line_1_10' title="bbox 569 1120 2163 1195; baseline -0.004 -16"><span class='ocrx_word' id='word_1_40' title='bbox 569 1136 625 1179; x_wconf 89' lang='lat' dir='ltr'><strong>et</strong></span> <span class='ocrx_word' id='word_1_41' title='bbox 647 1125 1053 1195; x_wconf 89' lang='lat' dir='ltr'><strong>vigilantissima</strong></span> <span class='ocrx_word' id='word_1_42' title='bbox 1084 1124 1572 1192; x_wconf 81' lang='lat' dir='ltr'><strong>circumspectione</strong></span> <span class='ocrx_word' id='word_1_43' title='bbox 1598 1120 2009 1191; x_wconf 66' lang='lat' dir='ltr'><strong>praecavendum</strong></span> <span class='ocrx_word' id='word_1_44' title='bbox 2040 1128 2124 1173; x_wconf 89' lang='lat' dir='ltr'><strong>est</strong></span> <span class='ocrx_word' id='word_1_45' title='bbox 2148 1159 2163 1183; x_wconf 93' lang='lat'><strong>,</strong></span> 
     </span>
    </p>
   </div>
   <div class='ocr_carea' id='block_1_10' title="bbox 568 1212 2163 1287">
    <p class='ocr_par' dir='ltr' id='par_1_10' title="bbox 568 1212 2163 1287">
     <span class='ocr_line' id='line_1_11' title="bbox 568 1212 2163 1287; baseline -0.003 -17"><span class='ocrx_word' id='word_1_46' title='bbox 568 1234 635 1271; x_wconf 93' lang='lat' dir='ltr'><strong>ne</strong></span> <span class='ocrx_word' id='word_1_47' title='bbox 665 1218 843 1272; x_wconf 89' lang='lat' dir='ltr'><strong>carnis</strong></span> <span class='ocrx_word' id='word_1_48' title='bbox 870 1218 1147 1286; x_wconf 81' lang='lat' dir='ltr'><strong>integritas</strong></span> <span class='ocrx_word' id='word_1_49' title='bbox 1194 1216 1538 1287; x_wconf 67' lang='lat' dir='ltr'><strong>praecedente</strong></span> <span class='ocrx_word' id='word_1_50' title='bbox 1594 1225 1840 1285; x_wconf 89' lang='lat' dir='ltr'><strong>tempore</strong></span> <span class='ocrx_word' id='word_1_51' title='bbox 1873 1212 2163 1280; x_wconf 87' lang='lat' dir='ltr'><strong>custodita,</strong></span> 
     </span>
    </p>
   </div>
   <div class='ocr_carea' id='block_1_11' title="bbox 568 1305 2166 1380">
    <p class='ocr_par' dir='ltr' id='par_1_11' title="bbox 568 1305 2166 1380">
     <span class='ocr_line' id='line_1_12' title="bbox 568 1305 2166 1380; baseline -0.004 -15"><span class='ocrx_word' id='word_1_52' title='bbox 568 1311 621 1365; x_wconf 92' lang='lat' dir='ltr'><strong>in</strong></span> <span class='ocrx_word' id='word_1_53' title='bbox 640 1326 702 1365; x_wconf 94' lang='lat' dir='ltr'><strong>ea</strong></span> <span class='ocrx_word' id='word_1_54' title='bbox 727 1312 995 1380; x_wconf 72' lang='lat' dir='ltr'><strong>praecipue</strong></span> <span class='ocrx_word' id='word_1_55' title='bbox 1027 1310 1079 1363; x_wconf 92' lang='lat' dir='ltr'><strong>in</strong></span> <span class='ocrx_word' id='word_1_56' title='bbox 1104 1325 1208 1379; x_wconf 90' lang='lat' dir='ltr'><strong>qua</strong></span> <span class='ocrx_word' id='word_1_57' title='bbox 1233 1324 1331 1364; x_wconf 92' lang='lat' dir='ltr'><strong>nos</strong></span> <span class='ocrx_word' id='word_1_58' title='bbox 1354 1309 1419 1363; x_wconf 92' lang='lat' dir='ltr'><strong>ad</strong></span> <span class='ocrx_word' id='word_1_59' title='bbox 1451 1310 1891 1363; x_wconf 89' lang='lat' dir='ltr'><strong>communionem</strong></span> <span class='ocrx_word' id='word_1_60' title='bbox 1909 1305 2166 1362; x_wconf 80' lang='lat' dir='ltr'><strong>salutaris</strong></span> 
     </span>
    </p>
   </div>
   <div class='ocr_carea' id='block_1_12' title="bbox 568 1398 2165 1471">
    <p class='ocr_par' dir='ltr' id='par_1_12' title="bbox 568 1398 2165 1471">
     <span class='ocr_line' id='line_1_13' title="bbox 568 1398 2165 1471; baseline -0.003 -15"><span class='ocrx_word' id='word_1_61' title='bbox 568 1404 801 1456; x_wconf 82' lang='lat' dir='ltr'><strong>convivii</strong></span> <span class='ocrx_word' id='word_1_62' title='bbox 858 1417 1228 1471; x_wconf 71' lang='lat' dir='ltr'><strong>prmparamus</strong></span> <span class='ocrx_word' id='word_1_63' title='bbox 1280 1412 1475 1466; x_wconf 89' lang='lat' dir='ltr'><strong>nocte,</strong></span> <span class='ocrx_word' id='word_1_64' title='bbox 1534 1400 1837 1455; x_wconf 78' lang='lat' dir='ltr'><strong>fraudetur.</strong></span> <span class='ocrx_word' id='word_1_65' title='bbox 1890 1398 2093 1453; x_wconf 77' lang='lat' dir='ltr'><strong>Verum</strong></span> <span class='ocrx_word' id='word_1_66' title='bbox 2121 1399 2165 1452; x_wconf 93' lang='lat' dir='ltr'><strong>si</strong></span> 
     </span>
    </p>
   </div>
   <div class='ocr_carea' id='block_1_13' title="bbox 569 1491 2168 1561">
    <p class='ocr_par' dir='ltr' id='par_1_13' title="bbox 569 1491 2168 1561">
     <span class='ocr_line' id='line_1_14' title="bbox 569 1491 2168 1561; baseline -0.001 -14"><span class='ocrx_word' id='word_1_67' title='bbox 569 1494 743 1549; x_wconf 90' lang='lat' dir='ltr'><strong>hostis</strong></span> <span class='ocrx_word' id='word_1_68' title='bbox 773 1495 861 1548; x_wconf 90' lang='lat' dir='ltr'><strong>ille</strong></span> <span class='ocrx_word' id='word_1_69' title='bbox 885 1494 1249 1561; x_wconf 82' lang='lat' dir='ltr'><strong>nequissimus</strong></span> <span class='ocrx_word' id='word_1_70' title='bbox 1278 1502 1335 1546; x_wconf 92' lang='lat' dir='ltr'><strong>ut</strong></span> <span class='ocrx_word' id='word_1_71' title='bbox 1358 1493 1513 1547; x_wconf 81' lang='lat' dir='ltr'><strong>nobis</strong></span> <span class='ocrx_word' id='word_1_72' title='bbox 1529 1493 1768 1547; x_wconf 78' lang='lat' dir='ltr'><strong>ccelestis</strong></span> <span class='ocrx_word' id='word_1_73' title='bbox 1786 1492 2010 1547; x_wconf 88' lang='lat' dir='ltr'><strong>remedii</strong></span> <span class='ocrx_word' id='word_1_74' title='bbox 2038 1491 2168 1546; x_wconf 87' lang='lat' dir='ltr'><strong>sub-</strong></span> 
     </span>
    </p>
   </div>
   <div class='ocr_carea' id='block_1_14' title="bbox 570 1584 2161 1655">
    <p class='ocr_par' dir='ltr' id='par_1_14' title="bbox 570 1584 2161 1655">
     <span class='ocr_line' id='line_1_15' title="bbox 570 1584 2161 1655; baseline 0 -15"><span class='ocrx_word' id='word_1_75' title='bbox 570 1586 750 1640; x_wconf 83' lang='lat' dir='ltr'><strong>trahat</strong></span> <span class='ocrx_word' id='word_1_76' title='bbox 768 1586 1117 1651; x_wconf 87' lang='lat' dir='ltr'><strong>medicinam,</strong></span> <span class='ocrx_word' id='word_1_77' title='bbox 1147 1585 1448 1640; x_wconf 88' lang='lat' dir='ltr'><strong>custodiam</strong></span> <span class='ocrx_word' id='word_1_78' title='bbox 1474 1586 1665 1655; x_wconf 80' lang='lat' dir='ltr'><strong>sopita:</strong></span> <span class='ocrx_word' id='word_1_79' title='bbox 1691 1585 1889 1639; x_wconf 89' lang='lat' dir='ltr'><strong>mentis</strong></span> <span class='ocrx_word' id='word_1_80' title='bbox 1910 1584 2161 1652; x_wconf 85' lang='lat' dir='ltr'><strong>illuserit,</strong></span> 
     </span>
    </p>
   </div>
   <div class='ocr_carea' id='block_1_15' title="bbox 568 1677 2165 1746">
    <p class='ocr_par' dir='ltr' id='par_1_15' title="bbox 568 1677 2165 1746">
     <span class='ocr_line' id='line_1_16' title="bbox 568 1677 2165 1746; baseline 0 -13"><span class='ocrx_word' id='word_1_81' title='bbox 568 1679 640 1733; x_wconf 87' lang='lat' dir='ltr'><strong>ita</strong></span> <span class='ocrx_word' id='word_1_82' title='bbox 671 1678 953 1733; x_wconf 82' lang='lat' dir='ltr'><strong>dumtaxat</strong></span> <span class='ocrx_word' id='word_1_83' title='bbox 996 1686 1055 1733; x_wconf 92' lang='lat' dir='ltr'><strong>ut</strong></span> <span class='ocrx_word' id='word_1_84' title='bbox 1110 1679 1259 1732; x_wconf 90' lang='lat' dir='ltr'><strong>nullo</strong></span> <span class='ocrx_word' id='word_1_85' title='bbox 1288 1677 1707 1746; x_wconf 85' lang='lat' dir='ltr'><strong>reprchensibili</strong></span> <span class='ocrx_word' id='word_1_86' title='bbox 1766 1678 2165 1733; x_wconf 86' lang='lat' dir='ltr'><strong>interveniente</strong></span> 
     </span>
    </p>
   </div>
   <div class='ocr_carea' id='block_1_16' title="bbox 569 1770 2159 1841">
    <p class='ocr_par' dir='ltr' id='par_1_16' title="bbox 569 1770 2159 1841">
     <span class='ocr_line' id='line_1_17' title="bbox 569 1770 2159 1841; baseline -0.002 -15"><span class='ocrx_word' id='word_1_87' title='bbox 569 1774 811 1841; x_wconf 85' lang='lat' dir='ltr'><strong>pruritu,</strong></span> <span class='ocrx_word' id='word_1_88' title='bbox 843 1772 993 1825; x_wconf 90' lang='lat' dir='ltr'><strong>nullo</strong></span> <span class='ocrx_word' id='word_1_89' title='bbox 1021 1772 1423 1825; x_wconf 88' lang='lat' dir='ltr'><strong>contaminetur</strong></span> <span class='ocrx_word' id='word_1_90' title='bbox 1479 1770 1857 1823; x_wconf 84' lang='lat' dir='ltr'><strong>oblectationis</strong></span> <span class='ocrx_word' id='word_1_91' title='bbox 1913 1785 2159 1839; x_wconf 85' lang='lat' dir='ltr'><strong>assensu,</strong></span> 
     </span>
    </p>
   </div>
   <div class='ocr_carea' id='block_1_17' title="bbox 1624 336 2795 403">
    <p class='ocr_par' dir='ltr' id='par_1_17' title="bbox 1624 336 2795 403">
     <span class='ocr_line' id='line_1_18' title="bbox 1624 336 2795 403; baseline -0.006 0"><span class='ocrx_word' id='word_1_92' title='bbox 1624 336 1908 403; x_wconf 70' lang='lat' dir='ltr'><strong>JOANNIS</strong></span> <span class='ocrx_word' id='word_1_93' title='bbox 1946 343 2265 401; x_wconf 78' lang='lat' dir='ltr'><strong>CASSIANI</strong></span> <span class='ocrx_word' id='word_1_94' title='bbox 2300 337 2795 400; x_wconf 84' lang='lat' dir='ltr'><strong>COLLATIONES.</strong></span> 
     </span>
    </p>
   </div>
   <div class='ocr_carea' id='block_1_18' title="bbox 2187 453 3929 526">
    <p class='ocr_par' dir='ltr' id='par_1_18' title="bbox 2187 453 3929 526">
     <span class='ocr_line' id='line_1_19' title="bbox 2187 453 3929 526; baseline -0.004 -9"><span class='ocrx_word' id='word_1_95' title='bbox 2187 467 2241 526; x_wconf 78' lang='grc' dir='ltr'><strong>Α</strong></span> <span class='ocrx_word' id='word_1_96' title='bbox 2264 454 2415 519; x_wconf 87' lang='lat' dir='ltr'><strong>illum</strong></span> <span class='ocrx_word' id='word_1_97' title='bbox 2446 460 2729 515; x_wconf 73' lang='lat' dir='ltr'><strong>cmlestem</strong></span> <span class='ocrx_word' id='word_1_98' title='bbox 2757 457 2938 512; x_wconf 87' lang='lat' dir='ltr'><strong>cibum</strong></span> <span class='ocrx_word' id='word_1_99' title='bbox 2966 468 2996 509; x_wconf 90' lang='lat' dir='ltr'><strong>a</strong></span> <span class='ocrx_word' id='word_1_100' title='bbox 3026 453 3392 511; x_wconf 89' lang='lat' dir='ltr'><strong>communium</strong></span> <span class='ocrx_word' id='word_1_101' title='bbox 3451 465 3722 507; x_wconf 86' lang='lat' dir='ltr'><strong>escarum</strong></span> <span class='ocrx_word' id='word_1_102' title='bbox 3780 456 3929 511; x_wconf 81' lang='lat' dir='ltr'><strong>vili-</strong></span> 
     </span>
    </p>
   </div>
   <div class='ocr_carea' id='block_1_19' title="bbox 3754 324 3934 397">
    <p class='ocr_par' dir='ltr' id='par_1_19' title="bbox 3754 324 3934 397">
     <span class='ocr_line' id='line_1_20' title="bbox 3754 324 3934 397; baseline 0.022 -5"><span class='ocrx_word' id='word_1_103' title='bbox 3754 324 3934 397; x_wconf 60' lang='lat' dir='ltr'><strong>«22‘s</strong></span> 
     </span>
    </p>
   </div>
   <div class='ocr_carea' id='block_1_20' title="bbox 2274 546 3917 617">
    <p class='ocr_par' dir='ltr' id='par_1_20' title="bbox 2274 546 3917 617">
     <span class='ocr_line' id='line_1_21' title="bbox 2274 546 3917 617; baseline -0.003 -8"><span class='ocrx_word' id='word_1_104' title='bbox 2274 564 2382 609; x_wconf 90' lang='lat' dir='ltr'><strong>tate</strong></span> <span class='ocrx_word' id='word_1_105' title='bbox 2413 566 2728 615; x_wconf 83' lang='lat' dir='ltr'><strong>secernens,</strong></span> <span class='ocrx_word' id='word_1_106' title='bbox 2759 564 2860 605; x_wconf 89' lang='lat' dir='ltr'><strong>nec</strong></span> <span class='ocrx_word' id='word_1_107' title='bbox 2884 548 3043 604; x_wconf 89' lang='lat' dir='ltr'><strong>talem</strong></span> <span class='ocrx_word' id='word_1_108' title='bbox 3068 563 3189 604; x_wconf 90' lang='lat' dir='ltr'><strong>esse</strong></span> <span class='ocrx_word' id='word_1_109' title='bbox 3219 546 3543 616; x_wconf 89' lang='lat' dir='ltr'><strong>dijudicans,</strong></span> <span class='ocrx_word' id='word_1_110' title='bbox 3574 562 3767 617; x_wconf 86' lang='lat' dir='ltr'><strong>quem</strong></span> <span class='ocrx_word' id='word_1_111' title='bbox 3802 564 3917 605; x_wconf 81' lang='lat' dir='ltr'><strong>non</strong></span> 
     </span>
    </p>
   </div>
   <div class='ocr_carea' id='block_1_21' title="bbox 2272 642 3915 719">
    <p class='ocr_par' dir='ltr' id='par_1_21' title="bbox 2272 642 3915 719">
     <span class='ocr_line' id='line_1_22' title="bbox 2272 642 3915 719; baseline -0.002 -15"><span class='ocrx_word' id='word_1_112' title='bbox 2272 649 2377 705; x_wconf 85' lang='lat' dir='ltr'><strong>nisi</strong></span> <span class='ocrx_word' id='word_1_113' title='bbox 2408 664 2542 719; x_wconf 86' lang='lat' dir='ltr'><strong>pura</strong></span> <span class='ocrx_word' id='word_1_114' title='bbox 2566 648 2729 701; x_wconf 89' lang='lat' dir='ltr'><strong>liceat</strong></span> <span class='ocrx_word' id='word_1_115' title='bbox 2751 654 2932 700; x_wconf 89' lang='lat' dir='ltr'><strong>mente</strong></span> <span class='ocrx_word' id='word_1_116' title='bbox 2953 645 3037 699; x_wconf 92' lang='lat' dir='ltr'><strong>vel</strong></span> <span class='ocrx_word' id='word_1_117' title='bbox 3060 657 3223 698; x_wconf 87' lang='lat' dir='ltr'><strong>carne</strong></span> <span class='ocrx_word' id='word_1_118' title='bbox 3243 655 3601 711; x_wconf 69' lang='lat' dir='ltr'><strong>prmsumere.</strong></span> <span class='ocrx_word' id='word_1_119' title='bbox 3639 642 3915 712; x_wconf 85' lang='lat' dir='ltr'><strong>Denique</strong></span> 
     </span>
    </p>
   </div>
   <div class='ocr_carea' id='block_1_22' title="bbox 2271 732 3914 801">
    <p class='ocr_par' dir='ltr' id='par_1_22' title="bbox 2271 732 3914 801">
     <span class='ocr_line' id='line_1_23' title="bbox 2271 732 3914 801; baseline -0.004 -6"><span class='ocrx_word' id='word_1_120' title='bbox 2271 739 2435 795; x_wconf 79' lang='lat' dir='ltr'><strong>infert</strong></span> <span class='ocrx_word' id='word_1_121' title='bbox 2462 758 2474 791; x_wconf 91' lang='lat'>:</span> <span class='ocrx_word' id='word_1_122' title='bbox 2509 738 2637 792; x_wconf 85' lang='lat' dir='ltr'><strong>Ideo</strong></span> <span class='ocrx_word' id='word_1_123' title='bbox 2670 738 2801 790; x_wconf 90' lang='lat' dir='ltr'><strong>inter</strong></span> <span class='ocrx_word' id='word_1_124' title='bbox 2830 752 2916 788; x_wconf 81' lang='lat' dir='ltr'><strong>vos</strong></span> <span class='ocrx_word' id='word_1_125' title='bbox 2945 734 3095 787; x_wconf 85' lang='lat' dir='ltr'><strong>multi</strong></span> <span class='ocrx_word' id='word_1_126' title='bbox 3125 732 3321 801; x_wconf 96' lang='lat' dir='ltr'><strong>inﬁrmi</strong></span> <span class='ocrx_word' id='word_1_127' title='bbox 3367 741 3415 785; x_wconf 91' lang='lat' dir='ltr'><strong>et</strong></span> <span class='ocrx_word' id='word_1_128' title='bbox 3466 732 3805 799; x_wconf 79' lang='lat' dir='ltr'><strong>imbecilles,</strong></span> <span class='ocrx_word' id='word_1_129' title='bbox 3866 742 3914 789; x_wconf 73' lang='lat' dir='ltr'><strong>et</strong></span> 
     </span>
    </p>
   </div>
   <div class='ocr_carea' id='block_1_23' title="bbox 2271 825 3913 897">
    <p class='ocr_par' dir='ltr' id='par_1_23' title="bbox 2271 825 3913 897">
     <span class='ocr_line' id='line_1_24' title="bbox 2271 825 3913 897; baseline -0.004 -11"><span class='ocrx_word' id='word_1_130' title='bbox 2271 832 2534 887; x_wconf 89' lang='lat' dir='ltr'><strong>dormiunt</strong></span> <span class='ocrx_word' id='word_1_131' title='bbox 2578 830 2771 895; x_wconf 86' lang='lat' dir='ltr'><strong>multi;</strong></span> <span class='ocrx_word' id='word_1_132' title='bbox 2827 826 3139 897; x_wconf 65' lang='lat' dir='ltr'><strong>‘spiritales</strong></span> <span class='ocrx_word' id='word_1_133' title='bbox 3191 825 3386 879; x_wconf 74' lang='lat' dir='ltr'><strong>scilicet</strong></span> <span class='ocrx_word' id='word_1_134' title='bbox 3434 826 3794 894; x_wconf 79' lang='lat' dir='ltr'><strong>inﬁrmitates</strong></span> <span class='ocrx_word' id='word_1_135' title='bbox 3847 845 3913 883; x_wconf 85' lang='lat' dir='ltr'><strong>ac</strong></span> 
     </span>
    </p>
   </div>
   <div class='ocr_carea' id='block_1_24' title="bbox 2273 918 3908 993">
    <p class='ocr_par' dir='ltr' id='par_1_24' title="bbox 2273 918 3908 993">
     <span class='ocr_line' id='line_1_25' title="bbox 2273 918 3908 993; baseline -0.004 -14"><span class='ocrx_word' id='word_1_136' title='bbox 2273 935 2462 979; x_wconf 85' lang='lat' dir='ltr'><strong>mortes</strong></span> <span class='ocrx_word' id='word_1_137' title='bbox 2484 940 2546 977; x_wconf 81' lang='lat' dir='ltr'><strong>ea:</strong></span> <span class='ocrx_word' id='word_1_138' title='bbox 2572 922 2671 975; x_wconf 81' lang='lat' dir='ltr'><strong>hac</strong></span> <span class='ocrx_word' id='word_1_139' title='bbox 2701 919 2991 993; x_wconf 73' lang='lat' dir='ltr'><strong>specialiter</strong></span> <span class='ocrx_word' id='word_1_140' title='bbox 3046 919 3222 972; x_wconf 89' lang='lat' dir='ltr'><strong>dicens</strong></span> <span class='ocrx_word' id='word_1_141' title='bbox 3263 918 3675 989; x_wconf 67' lang='lat' dir='ltr'><strong>praesumptione</strong></span> <span class='ocrx_word' id='word_1_142' title='bbox 3739 936 3908 988; x_wconf 85' lang='lat' dir='ltr'><strong>gene-</strong></span> 
     </span>
    </p>
   </div>
   <div class='ocr_carea' id='block_1_25' title="bbox 2272 1008 3907 1084">
    <p class='ocr_par' dir='ltr' id='par_1_25' title="bbox 2272 1008 3907 1084">
     <span class='ocr_line' id='line_1_26' title="bbox 2272 1008 3907 1084; baseline -0.004 -12"><span class='ocrx_word' id='word_1_143' title='bbox 2272 1020 2399 1073; x_wconf 88' lang='lat' dir='ltr'><strong>rari.</strong></span> <span class='ocrx_word' id='word_1_144' title='bbox 2434 1015 2749 1070; x_wconf 80' lang='lat' dir='ltr'><strong>Mullienim</strong></span> <span class='ocrx_word' id='word_1_145' title='bbox 2779 1013 2870 1084; x_wconf 91' lang='lat' dir='ltr'><strong>qui</strong></span> <span class='ocrx_word' id='word_1_146' title='bbox 2900 1026 3022 1067; x_wconf 91' lang='lat' dir='ltr'><strong>eum</strong></span> <span class='ocrx_word' id='word_1_147' title='bbox 3058 1009 3247 1083; x_wconf 87' lang='lat' dir='ltr'><strong>[Lips.</strong></span> <span class='ocrx_word' id='word_1_148' title='bbox 3290 1009 3346 1063; x_wconf 92' lang='lat' dir='ltr'><strong>in</strong></span> <span class='ocrx_word' id='word_1_149' title='bbox 3369 1026 3536 1081; x_wconf 87' lang='lat' dir='ltr'><strong>marg.</strong></span> <span class='ocrx_word' id='word_1_150' title='bbox 3571 1008 3759 1083; x_wconf 89' lang='lat' dir='ltr'><strong>cum]</strong></span> <span class='ocrx_word' id='word_1_151' title='bbox 3797 1012 3907 1066; x_wconf 85' lang='lat' dir='ltr'><strong>illi-</strong></span> 
     </span>
    </p>
   </div>
   <div class='ocr_carea' id='block_1_26' title="bbox 2272 1104 3902 1177">
    <p class='ocr_par' dir='ltr' id='par_1_26' title="bbox 2272 1104 3902 1177">
     <span class='ocr_line' id='line_1_27' title="bbox 2272 1104 3902 1177; baseline -0.003 -11"><span class='ocrx_word' id='word_1_152' title='bbox 2272 1114 2376 1166; x_wconf 88' lang='lat' dir='ltr'><strong>cita</strong></span> <span class='ocrx_word' id='word_1_153' title='bbox 2426 1108 2770 1177; x_wconf 89' lang='lat' dir='ltr'><strong>usurpatione</strong></span> <span class='ocrx_word' id='word_1_154' title='bbox 2826 1112 3181 1175; x_wconf 67' lang='lat' dir='ltr'><strong>praesumunt,</strong></span> <span class='ocrx_word' id='word_1_155' title='bbox 3240 1104 3583 1159; x_wconf 82' lang='lat' dir='ltr'><strong>inﬁrmantur</strong></span> <span class='ocrx_word' id='word_1_156' title='bbox 3635 1104 3783 1175; x_wconf 81' lang='lat' dir='ltr'><strong>ﬁde,</strong></span> <span class='ocrx_word' id='word_1_157' title='bbox 3849 1117 3902 1161; x_wconf 89' lang='lat' dir='ltr'><strong>et</strong></span> 
     </span>
    </p>
   </div>
   <div class='ocr_carea' id='block_1_27' title="bbox 2274 1199 3899 1271">
    <p class='ocr_par' dir='ltr' id='par_1_27' title="bbox 2274 1199 3899 1271">
     <span class='ocr_line' id='line_1_28' title="bbox 2274 1199 3899 1271; baseline -0.002 -12"><span class='ocrx_word' id='word_1_158' title='bbox 2274 1204 2531 1260; x_wconf 86' lang='lat' dir='ltr'><strong>imbecilli</strong></span> <span class='ocrx_word' id='word_1_159' title='bbox 2578 1210 2702 1257; x_wconf 86' lang='lat' dir='ltr'><strong>sunt</strong></span> <span class='ocrx_word' id='word_1_160' title='bbox 2752 1210 2952 1265; x_wconf 84' lang='lat' dir='ltr'><strong>mente,</strong></span> <span class='ocrx_word' id='word_1_161' title='bbox 3014 1199 3326 1268; x_wconf 87' lang='lat' dir='ltr'><strong>passionum</strong></span> <span class='ocrx_word' id='word_1_162' title='bbox 3377 1200 3586 1255; x_wconf 89' lang='lat' dir='ltr'><strong>scilicet</strong></span> <span class='ocrx_word' id='word_1_163' title='bbox 3645 1200 3899 1271; x_wconf 84' lang='lat' dir='ltr'><strong>languo-</strong></span> 
     </span>
    </p>
   </div>
   <div class='ocr_carea' id='block_1_28' title="bbox 2272 1292 3899 1360">
    <p class='ocr_par' dir='ltr' id='par_1_28' title="bbox 2272 1292 3899 1360">
     <span class='ocr_line' id='line_1_29' title="bbox 2272 1292 3899 1360; baseline -0.004 -8"><span class='ocrx_word' id='word_1_164' title='bbox 2272 1297 2422 1352; x_wconf 88' lang='lat' dir='ltr'><strong>ribus</strong></span> <span class='ocrx_word' id='word_1_165' title='bbox 2453 1294 2702 1360; x_wconf 89' lang='lat' dir='ltr'><strong>involuti,</strong></span> <span class='ocrx_word' id='word_1_166' title='bbox 2754 1302 2807 1347; x_wconf 91' lang='lat' dir='ltr'><strong>et</strong></span> <span class='ocrx_word' id='word_1_167' title='bbox 2851 1292 3129 1345; x_wconf 90' lang='lat' dir='ltr'><strong>dormiunt</strong></span> <span class='ocrx_word' id='word_1_168' title='bbox 3178 1305 3369 1345; x_wconf 88' lang='lat' dir='ltr'><strong>somno</strong></span> <span class='ocrx_word' id='word_1_169' title='bbox 3401 1293 3645 1360; x_wconf 83' lang='lat' dir='ltr'><strong>peccati,</strong></span> <span class='ocrx_word' id='word_1_170' title='bbox 3680 1292 3758 1345; x_wconf 84' lang='lat' dir='ltr'><strong>ab</strong></span> <span class='ocrx_word' id='word_1_171' title='bbox 3789 1293 3899 1347; x_wconf 83' lang='lat' dir='ltr'><strong>hoc</strong></span> 
     </span>
    </p>
   </div>
   <div class='ocr_carea' id='block_1_29' title="bbox 2272 1384 3898 1461">
    <p class='ocr_par' dir='ltr' id='par_1_29' title="bbox 2272 1384 3898 1461">
     <span class='ocr_line' id='line_1_30' title="bbox 2272 1384 3898 1461; baseline -0.002 -16"><span class='ocrx_word' id='word_1_172' title='bbox 2272 1405 2466 1461; x_wconf 86' lang='lat' dir='ltr'><strong>sopore</strong></span> <span class='ocrx_word' id='word_1_173' title='bbox 2490 1388 2673 1445; x_wconf 87' lang='lat' dir='ltr'><strong>lethali</strong></span> <span class='ocrx_word' id='word_1_174' title='bbox 2696 1402 3036 1458; x_wconf 88' lang='lat' dir='ltr'><strong>nequaquam</strong></span> <span class='ocrx_word' id='word_1_175' title='bbox 3060 1386 3283 1440; x_wconf 88' lang='lat' dir='ltr'><strong>salutari</strong></span> <span class='ocrx_word' id='word_1_176' title='bbox 3308 1384 3680 1440; x_wconf 87' lang='lat' dir='ltr'><strong>sollicitudine</strong></span> <span class='ocrx_word' id='word_1_177' title='bbox 3697 1402 3898 1441; x_wconf 84' lang='lat' dir='ltr'><strong>resur-</strong></span> 
     </span>
    </p>
   </div>
   <div class='ocr_carea' id='block_1_30' title="bbox 2270 1479 3893 1555">
    <p class='ocr_par' dir='ltr' id='par_1_30' title="bbox 2270 1479 3893 1555">
     <span class='ocr_line' id='line_1_31' title="bbox 2270 1479 3893 1555; baseline -0.003 -16"><span class='ocrx_word' id='word_1_178' title='bbox 2270 1493 2479 1555; x_wconf 82' lang='lat' dir='ltr'><strong>gentes.</strong></span> <span class='ocrx_word' id='word_1_179' title='bbox 2514 1482 2717 1537; x_wconf 87' lang='lat' dir='ltr'><strong>Deinde</strong></span> <span class='ocrx_word' id='word_1_180' title='bbox 2742 1481 2987 1550; x_wconf 88' lang='lat' dir='ltr'><strong>sequitur</strong></span> <span class='ocrx_word' id='word_1_181' title='bbox 3013 1498 3023 1531; x_wconf 78' lang='grc' dir='ltr'>ε</span> <span class='ocrx_word' id='word_1_182' title='bbox 3063 1479 3213 1543; x_wconf 86' lang='lat' dir='ltr'><strong>Quod</strong></span> <span class='ocrx_word' id='word_1_183' title='bbox 3235 1480 3278 1533; x_wconf 88' lang='lat' dir='ltr'><strong>si</strong></span> <span class='ocrx_word' id='word_1_184' title='bbox 3301 1482 3650 1551; x_wconf 82' lang='lat' dir='ltr'><strong>nosmetipsos</strong></span> <span class='ocrx_word' id='word_1_185' title='bbox 3679 1483 3893 1552; x_wconf 80' lang='lat' dir='ltr'><strong>dijudi-</strong></span> 
     </span>
    </p>
   </div>
   <div class='ocr_carea' id='block_1_31' title="bbox 2269 1572 3891 1646">
    <p class='ocr_par' dir='ltr' id='par_1_31' title="bbox 2269 1572 3891 1646">
     <span class='ocr_line' id='line_1_32' title="bbox 2269 1572 3891 1646; baseline -0.001 -14"><span class='ocrx_word' id='word_1_186' title='bbox 2269 1595 2523 1645; x_wconf 90' lang='lat' dir='ltr'><strong>caremus,</strong></span> <span class='ocrx_word' id='word_1_187' title='bbox 2552 1594 2655 1630; x_wconf 90' lang='lat' dir='ltr'><strong>non</strong></span> <span class='ocrx_word' id='word_1_188' title='bbox 2682 1576 2855 1646; x_wconf 82' lang='lat' dir='ltr'><strong>utique</strong></span> <span class='ocrx_word' id='word_1_189' title='bbox 2878 1574 3235 1645; x_wconf 88' lang='lat' dir='ltr'><strong>judicaremur</strong></span> <span class='ocrx_word' id='word_1_190' title='bbox 3256 1590 3274 1626; x_wconf 89' lang='lat'><strong><em>:</em></strong></span> <span class='ocrx_word' id='word_1_191' title='bbox 3299 1572 3403 1627; x_wconf 89' lang='lat' dir='ltr'><strong>hoc</strong></span> <span class='ocrx_word' id='word_1_192' title='bbox 3428 1584 3534 1643; x_wconf 88' lang='lat' dir='ltr'><strong>est,</strong></span> <span class='ocrx_word' id='word_1_193' title='bbox 3560 1576 3603 1629; x_wconf 89' lang='lat' dir='ltr'><strong>si</strong></span> <span class='ocrx_word' id='word_1_194' title='bbox 3636 1587 3891 1631; x_wconf 82' lang='lat' dir='ltr'><strong>nosmet-</strong></span> 
     </span>
    </p>
   </div>
   <div class='ocr_carea' id='block_1_32' title="bbox 2270 1671 3889 1743">
    <p class='ocr_par' dir='ltr' id='par_1_32' title="bbox 2270 1671 3889 1743">
     <span class='ocr_line' id='line_1_33' title="bbox 2270 1671 3889 1743; baseline -0.001 -16"><span class='ocrx_word' id='word_1_195' title='bbox 2270 1674 2418 1741; x_wconf 83' lang='lat' dir='ltr'><strong>ipsos</strong></span> <span class='ocrx_word' id='word_1_196' title='bbox 2475 1671 2823 1743; x_wconf 84' lang='lat' dir='ltr'><strong>perceptione</strong></span> <span class='ocrx_word' id='word_1_197' title='bbox 2867 1676 3362 1735; x_wconf 82' lang='lat' dir='ltr'><strong>sacramentorum,</strong></span> <span class='ocrx_word' id='word_1_198' title='bbox 3420 1671 3889 1740; x_wconf 86' lang='lat' dir='ltr'><strong>quotiescumque</strong></span> 
     </span>
    </p>
   </div>
   <div class='ocr_carea' id='block_1_33' title="bbox 2271 1759 3879 1835">
    <p class='ocr_par' dir='ltr' id='par_1_33' title="bbox 2271 1759 3879 1835">
     <span class='ocr_line' id='line_1_34' title="bbox 2271 1759 3879 1835; baseline -0.004 -14"><span class='ocrx_word' id='word_1_199' title='bbox 2271 1768 2475 1835; x_wconf 88' lang='lat' dir='ltr'><strong>peccati</strong></span> <span class='ocrx_word' id='word_1_200' title='bbox 2504 1765 2727 1819; x_wconf 89' lang='lat' dir='ltr'><strong>vulnere</strong></span> <span class='ocrx_word' id='word_1_201' title='bbox 2749 1762 3131 1832; x_wconf 72' lang='lat' dir='ltr'><strong>prmvenimur,</strong></span> <span class='ocrx_word' id='word_1_202' title='bbox 3160 1759 3538 1830; x_wconf 88' lang='lat' dir='ltr'><strong>jndicaremus</strong></span> <span class='ocrx_word' id='word_1_203' title='bbox 3571 1762 3830 1832; x_wconf 82' lang='lat' dir='ltr'><strong>indignos</strong></span> <span class='ocrx_word' id='word_1_204' title='bbox 3866 1809 3879 1829; x_wconf 86' lang='lat'><strong>,</strong></span> 
     </span>
    </p>
   </div>
   <div class='ocr_carea' id='block_1_34' title="bbox 568 1854 3881 1932">
    <p class='ocr_par' dir='ltr' id='par_1_34' title="bbox 568 1854 3881 1932">
     <span class='ocr_line' id='line_1_35' title="bbox 568 1854 3881 1932; baseline -0.002 -15"><span class='ocrx_word' id='word_1_205' title='bbox 568 1864 665 1917; x_wconf 91' lang='lat' dir='ltr'><strong>sed</strong></span> <span class='ocrx_word' id='word_1_206' title='bbox 693 1864 1022 1932; x_wconf 69' lang='lat' dir='ltr'><strong>egestionem</strong></span> <span class='ocrx_word' id='word_1_207' title='bbox 1071 1872 1163 1917; x_wconf 90' lang='lat' dir='ltr'><strong>aut</strong></span> <span class='ocrx_word' id='word_1_208' title='bbox 1208 1862 1440 1916; x_wconf 89' lang='lat' dir='ltr'><strong>naturali</strong></span> <span class='ocrx_word' id='word_1_209' title='bbox 1475 1862 1801 1916; x_wconf 88' lang='lat' dir='ltr'><strong>necessitate</strong></span> <span class='ocrx_word' id='word_1_210' title='bbox 1826 1862 2158 1932; x_wconf 84' lang='lat' dir='ltr'><strong>prapulsam,</strong></span> <span class='ocrx_word' id='word_1_211' title='bbox 2192 1858 2239 1918; x_wconf 92' lang='lat' dir='ltr'><strong>B</strong></span> <span class='ocrx_word' id='word_1_212' title='bbox 2267 1859 2702 1929; x_wconf 85' lang='lat' dir='ltr'><strong>itnpenderemus</strong></span> <span class='ocrx_word' id='word_1_213' title='bbox 2744 1858 2928 1925; x_wconf 86' lang='lat' dir='ltr'><strong>utique</strong></span> <span class='ocrx_word' id='word_1_214' title='bbox 2956 1854 3195 1909; x_wconf 91' lang='lat' dir='ltr'><strong>studium</strong></span> <span class='ocrx_word' id='word_1_215' title='bbox 3246 1863 3305 1908; x_wconf 87' lang='lat' dir='ltr'><strong>ut</strong></span> <span class='ocrx_word' id='word_1_216' title='bbox 3361 1870 3460 1923; x_wconf 90' lang='lat' dir='ltr'><strong>per</strong></span> <span class='ocrx_word' id='word_1_217' title='bbox 3515 1856 3881 1924; x_wconf 72' lang='lat' dir='ltr'><strong>pmnitudiuis</strong></span> 
     </span>
    </p>
   </div>
   <div class='ocr_carea' id='block_1_35' title="bbox 566 1954 2159 2024">
    <p class='ocr_par' dir='ltr' id='par_1_35' title="bbox 566 1954 2159 2024">
     <span class='ocr_line' id='line_1_36' title="bbox 566 1954 2159 2024; baseline -0.001 -16"><span class='ocrx_word' id='word_1_218' title='bbox 566 1964 659 2008; x_wconf 91' lang='lat' dir='ltr'><strong>aut</strong></span> <span class='ocrx_word' id='word_1_219' title='bbox 689 1965 835 2008; x_wconf 91' lang='lat' dir='ltr'><strong>certe</strong></span> <span class='ocrx_word' id='word_1_220' title='bbox 863 1954 1266 2024; x_wconf 86' lang='lat' dir='ltr'><strong>impugnatione</strong></span> <span class='ocrx_word' id='word_1_221' title='bbox 1295 1954 1497 2008; x_wconf 87' lang='lat' dir='ltr'><strong>diaboli</strong></span> <span class='ocrx_word' id='word_1_222' title='bbox 1528 1954 1735 2023; x_wconf 89' lang='lat' dir='ltr'><strong>absque</strong></span> <span class='ocrx_word' id='word_1_223' title='bbox 1777 1970 1937 2009; x_wconf 89' lang='lat' dir='ltr'><strong>sensu</strong></span> <span class='ocrx_word' id='word_1_224' title='bbox 1970 1956 2159 2024; x_wconf 86' lang='lat' dir='ltr'><strong>volup-</strong></span> 
     </span>
    </p>
   </div>
   <div class='ocr_carea' id='block_1_36' title="bbox 567 2046 2163 2115">
    <p class='ocr_par' dir='ltr' id='par_1_36' title="bbox 567 2046 2163 2115">
     <span class='ocr_line' id='line_1_37' title="bbox 567 2046 2163 2115; baseline 0.001 -14"><span class='ocrx_word' id='word_1_225' title='bbox 567 2048 690 2101; x_wconf 88' lang='lat' dir='ltr'><strong>tatis</strong></span> <span class='ocrx_word' id='word_1_226' title='bbox 714 2047 974 2115; x_wconf 89' lang='lat' dir='ltr'><strong>elicitam,</strong></span> <span class='ocrx_word' id='word_1_227' title='bbox 1026 2048 1093 2100; x_wconf 92' lang='lat' dir='ltr'><strong>ad</strong></span> <span class='ocrx_word' id='word_1_228' title='bbox 1126 2046 1573 2115; x_wconf 88' lang='lat' dir='ltr'><strong>impedimentum</strong></span> <span class='ocrx_word' id='word_1_229' title='bbox 1623 2057 1826 2101; x_wconf 79' lang='lat' dir='ltr'><strong>nostra:</strong></span> <span class='ocrx_word' id='word_1_230' title='bbox 1858 2049 2163 2102; x_wconf 86' lang='lat' dir='ltr'><strong>sanctilica-</strong></span> 
     </span>
    </p>
   </div>
   <div class='ocr_carea' id='block_1_37' title="bbox 566 2141 2159 2211">
    <p class='ocr_par' dir='ltr' id='par_1_37' title="bbox 566 2141 2159 2211">
     <span class='ocr_line' id='line_1_38' title="bbox 566 2141 2159 2211; baseline 0.001 -16"><span class='ocrx_word' id='word_1_231' title='bbox 566 2142 725 2195; x_wconf 92' lang='lat' dir='ltr'><strong>tionis</strong></span> <span class='ocrx_word' id='word_1_232' title='bbox 754 2141 1083 2205; x_wconf 90' lang='lat' dir='ltr'><strong>obtenderit,</strong></span> <span class='ocrx_word' id='word_1_233' title='bbox 1114 2155 1402 2210; x_wconf 89' lang='lat' dir='ltr'><strong>possumus</strong></span> <span class='ocrx_word' id='word_1_234' title='bbox 1433 2151 1487 2195; x_wconf 91' lang='lat' dir='ltr'><strong>et</strong></span> <span class='ocrx_word' id='word_1_235' title='bbox 1514 2141 1773 2196; x_wconf 90' lang='lat' dir='ltr'><strong>debemus</strong></span> <span class='ocrx_word' id='word_1_236' title='bbox 1821 2142 1888 2196; x_wconf 93' lang='lat' dir='ltr'><strong>ad</strong></span> <span class='ocrx_word' id='word_1_237' title='bbox 1930 2144 2159 2211; x_wconf 83' lang='lat' dir='ltr'><strong>gratiam</strong></span> 
     </span>
    </p>
   </div>
   <div class='ocr_carea' id='block_1_38' title="bbox 567 2234 2163 2291">
    <p class='ocr_par' dir='ltr' id='par_1_38' title="bbox 567 2234 2163 2291">
     <span class='ocr_line' id='line_1_39' title="bbox 567 2234 2163 2291; baseline 0.001 -2"><span class='ocrx_word' id='word_1_238' title='bbox 567 2235 820 2289; x_wconf 88' lang='lat' dir='ltr'><strong>salutaris</strong></span> <span class='ocrx_word' id='word_1_239' title='bbox 848 2236 953 2291; x_wconf 90' lang='lat' dir='ltr'><strong>cibi</strong></span> <span class='ocrx_word' id='word_1_240' title='bbox 981 2234 1321 2290; x_wconf 89' lang='lat' dir='ltr'><strong>conlidenter</strong></span> <span class='ocrx_word' id='word_1_241' title='bbox 1365 2234 1645 2290; x_wconf 89' lang='lat' dir='ltr'><strong>accedere.</strong></span> <span class='ocrx_word' id='word_1_242' title='bbox 1693 2235 1786 2289; x_wconf 86' lang='lat' dir='ltr'><strong>Sin</strong></span> <span class='ocrx_word' id='word_1_243' title='bbox 1816 2250 1945 2290; x_wconf 89' lang='lat' dir='ltr'><strong>vero</strong></span> <span class='ocrx_word' id='word_1_244' title='bbox 1974 2246 2163 2291; x_wconf 90' lang='lat' dir='ltr'><strong>nostro</strong></span> 
     </span>
    </p>
   </div>
   <div class='ocr_carea' id='block_1_39' title="bbox 566 2328 2165 2397">
    <p class='ocr_par' dir='ltr' id='par_1_39' title="bbox 566 2328 2165 2397">
     <span class='ocr_line' id='line_1_40' title="bbox 566 2328 2165 2397; baseline 0.001 -15"><span class='ocrx_word' id='word_1_245' title='bbox 566 2328 700 2382; x_wconf 74' lang='lat' dir='ltr'><strong>vitio</strong></span> <span class='ocrx_word' id='word_1_246' title='bbox 723 2328 839 2382; x_wconf 67' lang='lat' dir='ltr'><strong>haec</strong></span> <span class='ocrx_word' id='word_1_247' title='bbox 865 2328 1028 2383; x_wconf 79' lang='lat' dir='ltr'><strong>fuerit</strong></span> <span class='ocrx_word' id='word_1_248' title='bbox 1059 2337 1243 2397; x_wconf 86' lang='lat' dir='ltr'><strong>egesta</strong></span> <span class='ocrx_word' id='word_1_249' title='bbox 1262 2328 1569 2395; x_wconf 86' lang='lat' dir='ltr'><strong>concretio,</strong></span> <span class='ocrx_word' id='word_1_250' title='bbox 1603 2329 1993 2383; x_wconf 83' lang='lat' dir='ltr'><strong>convenientes</strong></span> <span class='ocrx_word' id='word_1_251' title='bbox 2033 2344 2165 2384; x_wconf 91' lang='lat' dir='ltr'><strong>con-</strong></span> 
     </span>
    </p>
   </div>
   <div class='ocr_carea' id='block_1_40' title="bbox 566 2419 2162 2490">
    <p class='ocr_par' dir='ltr' id='par_1_40' title="bbox 566 2419 2162 2490">
     <span class='ocr_line' id='line_1_41' title="bbox 566 2419 2162 2490; baseline 0.001 -16"><span class='ocrx_word' id='word_1_252' title='bbox 566 2420 849 2474; x_wconf 91' lang='lat' dir='ltr'><strong>scientiam</strong></span> <span class='ocrx_word' id='word_1_253' title='bbox 881 2428 1125 2475; x_wconf 88' lang='lat' dir='ltr'><strong>nostram</strong></span> <span class='ocrx_word' id='word_1_254' title='bbox 1170 2419 1299 2474; x_wconf 92' lang='lat' dir='ltr'><strong>illud</strong></span> <span class='ocrx_word' id='word_1_255' title='bbox 1347 2420 1725 2490; x_wconf 82' lang='lat' dir='ltr'><strong>Apostolicum</strong></span> <span class='ocrx_word' id='word_1_256' title='bbox 1772 2420 2162 2476; x_wconf 83' lang='lat' dir='ltr'><strong>formidcmus:</strong></span> 
     </span>
    </p>
   </div>
   <div class='ocr_carea' id='block_1_41' title="bbox 568 2514 2168 2585">
    <p class='ocr_par' dir='ltr' id='par_1_41' title="bbox 568 2514 2168 2585">
     <span class='ocr_line' id='line_1_42' title="bbox 568 2514 2168 2585; baseline 0.002 -18"><span class='ocrx_word' id='word_1_257' title='bbox 568 2516 672 2581; x_wconf 85' lang='lat' dir='ltr'><strong>Qui</strong></span> <span class='ocrx_word' id='word_1_258' title='bbox 702 2516 1085 2569; x_wconf 82' lang='lat' dir='ltr'><strong>manducauerit</strong></span> <span class='ocrx_word' id='word_1_259' title='bbox 1137 2531 1323 2585; x_wconf 87' lang='lat' dir='ltr'><strong>panem</strong></span> <span class='ocrx_word' id='word_1_260' title='bbox 1367 2524 1417 2567; x_wconf 90' lang='lat' dir='ltr'><strong>et</strong></span> <span class='ocrx_word' id='word_1_261' title='bbox 1462 2514 1643 2568; x_wconf 90' lang='lat' dir='ltr'><strong>biberit</strong></span> <span class='ocrx_word' id='word_1_262' title='bbox 1699 2516 1911 2567; x_wconf 85' lang='lat' dir='ltr'><strong>calicem</strong></span> <span class='ocrx_word' id='word_1_263' title='bbox 1956 2514 2168 2570; x_wconf 81' lang='lat' dir='ltr'><strong>Domini</strong></span> 
     </span>
    </p>
   </div>
   <div class='ocr_carea' id='block_1_42' title="bbox 566 2604 2167 2674">
    <p class='ocr_par' dir='ltr' id='par_1_42' title="bbox 566 2604 2167 2674">
     <span class='ocr_line' id='line_1_43' title="bbox 566 2604 2167 2674; baseline 0.002 -19"><span class='ocrx_word' id='word_1_264' title='bbox 566 2605 795 2674; x_wconf 81' lang='lat' dir='ltr'><strong>indigne,</strong></span> <span class='ocrx_word' id='word_1_265' title='bbox 826 2622 945 2658; x_wconf 88' lang='lat' dir='ltr'><strong>reus</strong></span> <span class='ocrx_word' id='word_1_266' title='bbox 971 2607 1067 2658; x_wconf 89' lang='lat' dir='ltr'><strong>erit</strong></span> <span class='ocrx_word' id='word_1_267' title='bbox 1083 2606 1317 2673; x_wconf 88' lang='lat' dir='ltr'><strong>corporis</strong></span> <span class='ocrx_word' id='word_1_268' title='bbox 1346 2614 1394 2657; x_wconf 91' lang='lat' dir='ltr'><strong>et</strong></span> <span class='ocrx_word' id='word_1_269' title='bbox 1416 2606 1683 2674; x_wconf 82' lang='lat' dir='ltr'><strong>sanguinis</strong></span> <span class='ocrx_word' id='word_1_270' title='bbox 1716 2604 1947 2658; x_wconf 86' lang='lat' dir='ltr'><strong>Domini.</strong></span> <span class='ocrx_word' id='word_1_271' title='bbox 1976 2605 2167 2659; x_wconf 85' lang='lat' dir='ltr'><strong>Probet</strong></span> 
     </span>
    </p>
   </div>
   <div class='ocr_carea' id='block_1_43' title="bbox 565 2698 2164 2770">
    <p class='ocr_par' dir='ltr' id='par_1_43' title="bbox 565 2698 2164 2770">
     <span class='ocr_line' id='line_1_44' title="bbox 565 2698 2164 2770; baseline 0.003 -20"><span class='ocrx_word' id='word_1_272' title='bbox 565 2708 732 2750; x_wconf 88' lang='lat' dir='ltr'><strong>autem</strong></span> <span class='ocrx_word' id='word_1_273' title='bbox 756 2700 979 2768; x_wconf 88' lang='lat' dir='ltr'><strong>primum</strong></span> <span class='ocrx_word' id='word_1_274' title='bbox 1002 2700 1332 2766; x_wconf 87' lang='lat' dir='ltr'><strong>semetipsum</strong></span> <span class='ocrx_word' id='word_1_275' title='bbox 1383 2698 1557 2763; x_wconf 82' lang='lat' dir='ltr'><strong>homo,</strong></span> <span class='ocrx_word' id='word_1_276' title='bbox 1604 2706 1650 2751; x_wconf 86' lang='lat' dir='ltr'><strong>et</strong></span> <span class='ocrx_word' id='word_1_277' title='bbox 1700 2699 1775 2751; x_wconf 89' lang='lat' dir='ltr'><strong>sic</strong></span> <span class='ocrx_word' id='word_1_278' title='bbox 1828 2700 1891 2753; x_wconf 92' lang='lat' dir='ltr'><strong>de</strong></span> <span class='ocrx_word' id='word_1_279' title='bbox 1918 2717 2048 2770; x_wconf 87' lang='lat' dir='ltr'><strong>pane</strong></span> <span class='ocrx_word' id='word_1_280' title='bbox 2075 2700 2164 2755; x_wconf 84' lang='lat' dir='ltr'><strong>illo</strong></span> 
     </span>
    </p>
   </div>
   <div class='ocr_carea' id='block_1_44' title="bbox 566 2790 2165 2862">
    <p class='ocr_par' dir='ltr' id='par_1_44' title="bbox 566 2790 2165 2862">
     <span class='ocr_line' id='line_1_45' title="bbox 566 2790 2165 2862; baseline 0.003 -18"><span class='ocrx_word' id='word_1_281' title='bbox 566 2791 681 2844; x_wconf 85' lang='lat' dir='ltr'><strong>edat</strong></span> <span class='ocrx_word' id='word_1_282' title='bbox 713 2802 759 2844; x_wconf 91' lang='lat' dir='ltr'><strong>et</strong></span> <span class='ocrx_word' id='word_1_283' title='bbox 789 2792 851 2844; x_wconf 88' lang='lat' dir='ltr'><strong>de</strong></span> <span class='ocrx_word' id='word_1_284' title='bbox 874 2791 1034 2845; x_wconf 85' lang='lat' dir='ltr'><strong>calice</strong></span> <span class='ocrx_word' id='word_1_285' title='bbox 1063 2792 1199 2845; x_wconf 83' lang='lat' dir='ltr'><strong>bibat</strong></span> <span class='ocrx_word' id='word_1_286' title='bbox 1230 2792 1291 2862; x_wconf 91' lang='lat' dir='ltr'><strong>(l</strong></span> <span class='ocrx_word' id='word_1_287' title='bbox 1325 2790 1445 2845; x_wconf 90' lang='lat' dir='ltr'><strong>Cor.</strong></span> <span class='ocrx_word' id='word_1_288' title='bbox 1480 2808 1529 2846; x_wconf 75' lang='grc' dir='ltr'><strong>ιι</strong></span> <span class='ocrx_word' id='word_1_289' title='bbox 1552 2790 1591 2861; x_wconf 93' lang='grc'><strong>).</strong></span> <span class='ocrx_word' id='word_1_290' title='bbox 1623 2793 1724 2860; x_wconf 86' lang='lat' dir='ltr'><strong>Qui</strong></span> <span class='ocrx_word' id='word_1_291' title='bbox 1761 2794 1903 2847; x_wconf 91' lang='lat' dir='ltr'><strong>enim</strong></span> <span class='ocrx_word' id='word_1_292' title='bbox 1939 2795 2165 2850; x_wconf 88' lang='lat' dir='ltr'><strong>mandu-</strong></span> 
     </span>
    </p>
   </div>
   <div class='ocr_carea' id='block_1_45' title="bbox 567 2884 2167 2954">
    <p class='ocr_par' dir='ltr' id='par_1_45' title="bbox 567 2884 2167 2954">
     <span class='ocr_line' id='line_1_46' title="bbox 567 2884 2167 2954; baseline 0.004 -17"><span class='ocrx_word' id='word_1_293' title='bbox 567 2894 652 2939; x_wconf 90' lang='lat' dir='ltr'><strong>cat</strong></span> <span class='ocrx_word' id='word_1_294' title='bbox 679 2895 734 2939; x_wconf 91' lang='lat' dir='ltr'><strong>et</strong></span> <span class='ocrx_word' id='word_1_295' title='bbox 773 2885 908 2939; x_wconf 91' lang='lat' dir='ltr'><strong>bibit</strong></span> <span class='ocrx_word' id='word_1_296' title='bbox 933 2885 1172 2953; x_wconf 89' lang='lat' dir='ltr'><strong>indigne,</strong></span> <span class='ocrx_word' id='word_1_297' title='bbox 1197 2884 1459 2954; x_wconf 89' lang='lat' dir='ltr'><strong>judicium</strong></span> <span class='ocrx_word' id='word_1_298' title='bbox 1494 2886 1599 2940; x_wconf 87' lang='lat' dir='ltr'><strong>sibi</strong></span> <span class='ocrx_word' id='word_1_299' title='bbox 1629 2888 1918 2942; x_wconf 91' lang='lat' dir='ltr'><strong>manducat</strong></span> <span class='ocrx_word' id='word_1_300' title='bbox 1948 2897 2001 2942; x_wconf 88' lang='lat' dir='ltr'><strong>et</strong></span> <span class='ocrx_word' id='word_1_301' title='bbox 2032 2889 2167 2944; x_wconf 89' lang='lat' dir='ltr'><strong>bibit</strong></span> 
     </span>
    </p>
   </div>
   <div class='ocr_carea' id='block_1_46' title="bbox 568 2978 2164 3051">
    <p class='ocr_par' dir='ltr' id='par_1_46' title="bbox 568 2978 2164 3051">
     <span class='ocr_line' id='line_1_47' title="bbox 568 2978 2164 3051; baseline 0.004 -20"><span class='ocrx_word' id='word_1_302' title='bbox 568 2993 673 3032; x_wconf 87' lang='lat' dir='ltr'><strong>non</strong></span> <span class='ocrx_word' id='word_1_303' title='bbox 703 2978 1021 3034; x_wconf 87' lang='lat' dir='ltr'><strong>discernens</strong></span> <span class='ocrx_word' id='word_1_304' title='bbox 1068 2992 1268 3049; x_wconf 88' lang='lat' dir='ltr'><strong>corpus</strong></span> <span class='ocrx_word' id='word_1_305' title='bbox 1301 2980 1550 3035; x_wconf 89' lang='lat' dir='ltr'><strong>Domini:</strong></span> <span class='ocrx_word' id='word_1_306' title='bbox 1584 2978 1634 3034; x_wconf 93' lang='lat' dir='ltr'><strong>id</strong></span> <span class='ocrx_word' id='word_1_307' title='bbox 1677 2990 1779 3045; x_wconf 90' lang='lat' dir='ltr'><strong>est,</strong></span> <span class='ocrx_word' id='word_1_308' title='bbox 1825 2996 2164 3051; x_wconf 85' lang='lat' dir='ltr'><strong>nequaquam</strong></span> 
     </span>
    </p>
   </div>
   <div class='ocr_carea' id='block_1_47' title="bbox 2266 1948 3882 2019">
    <p class='ocr_par' dir='ltr' id='par_1_47' title="bbox 2266 1948 3882 2019">
     <span class='ocr_line' id='line_1_48' title="bbox 2266 1948 3882 2019; baseline -0.004 -12"><span class='ocrx_word' id='word_1_309' title='bbox 2266 1952 2699 2007; x_wconf 86' lang='lat' dir='ltr'><strong>emendationem</strong></span> <span class='ocrx_word' id='word_1_310' title='bbox 2737 1950 2802 2004; x_wconf 90' lang='lat' dir='ltr'><strong>ad</strong></span> <span class='ocrx_word' id='word_1_311' title='bbox 2843 1964 2907 2004; x_wconf 87' lang='lat' dir='ltr'><strong>ea</strong></span> <span class='ocrx_word' id='word_1_312' title='bbox 2938 1948 3099 2019; x_wconf 83' lang='lat' dir='ltr'><strong>digne</strong></span> <span class='ocrx_word' id='word_1_313' title='bbox 3143 1962 3430 2017; x_wconf 89' lang='lat' dir='ltr'><strong>possemus</strong></span> <span class='ocrx_word' id='word_1_314' title='bbox 3480 1948 3774 2011; x_wconf 84' lang='lat' dir='ltr'><strong>accedere.</strong></span> <span class='ocrx_word' id='word_1_315' title='bbox 3827 1958 3882 2003; x_wconf 89' lang='lat' dir='ltr'><strong>et</strong></span> 
     </span>
    </p>
   </div>
   <div class='ocr_carea' id='block_1_48' title="bbox 2268 2042 3878 2116">
    <p class='ocr_par' dir='ltr' id='par_1_48' title="bbox 2268 2042 3878 2116">
     <span class='ocr_line' id='line_1_49' title="bbox 2268 2042 3878 2116; baseline -0.004 -14"><span class='ocrx_word' id='word_1_316' title='bbox 2268 2063 2373 2104; x_wconf 90' lang='lat' dir='ltr'><strong>non</strong></span> <span class='ocrx_word' id='word_1_317' title='bbox 2401 2059 2673 2116; x_wconf 84' lang='lat' dir='ltr'><strong>tamquam</strong></span> <span class='ocrx_word' id='word_1_318' title='bbox 2698 2042 3669 2113; x_wconf 83' lang='lat' dir='ltr'><strong>indigniseverissimisinﬁrmitatutn</strong></span> <span class='ocrx_word' id='word_1_319' title='bbox 3688 2042 3878 2111; x_wconf 84' lang='lat' dir='ltr'><strong>ﬂagris</strong></span> 
     </span>
    </p>
   </div>
   <div class='ocr_carea' id='block_1_49' title="bbox 2268 2137 3877 2213">
    <p class='ocr_par' dir='ltr' id='par_1_49' title="bbox 2268 2137 3877 2213">
     <span class='ocr_line' id='line_1_50' title="bbox 2268 2137 3877 2213; baseline -0.004 -15"><span class='ocrx_word' id='word_1_320' title='bbox 2268 2144 2712 2213; x_wconf 88' lang='lat' dir='ltr'><strong>castigaremura</strong></span> <span class='ocrx_word' id='word_1_321' title='bbox 2756 2139 3014 2203; x_wconf 91' lang='lat' dir='ltr'><strong>Domino,</strong></span> <span class='ocrx_word' id='word_1_322' title='bbox 3067 2146 3126 2191; x_wconf 92' lang='lat' dir='ltr'><strong>ut</strong></span> <span class='ocrx_word' id='word_1_323' title='bbox 3176 2137 3264 2192; x_wconf 83' lang='lat' dir='ltr'><strong>vel</strong></span> <span class='ocrx_word' id='word_1_324' title='bbox 3319 2137 3397 2191; x_wconf 87' lang='lat' dir='ltr'><strong>sic</strong></span> <span class='ocrx_word' id='word_1_325' title='bbox 3450 2139 3766 2207; x_wconf 83' lang='lat' dir='ltr'><strong>compuncti</strong></span> <span class='ocrx_word' id='word_1_326' title='bbox 3807 2138 3877 2191; x_wconf 92' lang='lat' dir='ltr'><strong>ad</strong></span> 
     </span>
    </p>
   </div>
   <div class='ocr_carea' id='block_1_50' title="bbox 2269 2230 3878 2300">
    <p class='ocr_par' dir='ltr' id='par_1_50' title="bbox 2269 2230 3878 2300">
     <span class='ocr_line' id='line_1_51' title="bbox 2269 2230 3878 2300; baseline -0.006 -8"><span class='ocrx_word' id='word_1_327' title='bbox 2269 2236 2507 2292; x_wconf 88' lang='lat' dir='ltr'><strong>remedia</strong></span> <span class='ocrx_word' id='word_1_328' title='bbox 2535 2245 2843 2290; x_wconf 89' lang='lat' dir='ltr'><strong>nostrorum</strong></span> <span class='ocrx_word' id='word_1_329' title='bbox 2874 2232 3159 2286; x_wconf 86' lang='lat' dir='ltr'><strong>vulnerum</strong></span> <span class='ocrx_word' id='word_1_330' title='bbox 3202 2246 3567 2295; x_wconf 83' lang='lat' dir='ltr'><strong>recurramus,</strong></span> <span class='ocrx_word' id='word_1_331' title='bbox 3602 2247 3671 2285; x_wconf 93' lang='lat' dir='ltr'><strong>ne</strong></span> <span class='ocrx_word' id='word_1_332' title='bbox 3720 2230 3878 2300; x_wconf 84' lang='lat' dir='ltr'><strong>digni</strong></span> 
     </span>
    </p>
   </div>
   <div class='ocr_carea' id='block_1_51' title="bbox 2270 2324 3875 2401">
    <p class='ocr_par' dir='ltr' id='par_1_51' title="bbox 2270 2324 3875 2401">
     <span class='ocr_line' id='line_1_52' title="bbox 2270 2324 3875 2401; baseline -0.006 -15"><span class='ocrx_word' id='word_1_333' title='bbox 2270 2331 2554 2401; x_wconf 62' lang='lat' dir='ltr'><strong>praesentis</strong></span> <span class='ocrx_word' id='word_1_334' title='bbox 2586 2328 2770 2383; x_wconf 73' lang='lat' dir='ltr'><strong>sazculi</strong></span> <span class='ocrx_word' id='word_1_335' title='bbox 2802 2328 3120 2383; x_wconf 89' lang='lat' dir='ltr'><strong>brevissima</strong></span> <span class='ocrx_word' id='word_1_336' title='bbox 3164 2324 3501 2394; x_wconf 86' lang='lat' dir='ltr'><strong>correptione</strong></span> <span class='ocrx_word' id='word_1_337' title='bbox 3532 2342 3639 2379; x_wconf 92' lang='lat' dir='ltr'><strong>non</strong></span> <span class='ocrx_word' id='word_1_338' title='bbox 3673 2325 3875 2388; x_wconf 85' lang='lat' dir='ltr'><strong>habiti,</strong></span> 
     </span>
    </p>
   </div>
   <div class='ocr_carea' id='block_1_52' title="bbox 2271 2417 3879 2488">
    <p class='ocr_par' dir='ltr' id='par_1_52' title="bbox 2271 2417 3879 2488">
     <span class='ocr_line' id='line_1_53' title="bbox 2271 2417 3879 2488; baseline -0.004 -11"><span class='ocrx_word' id='word_1_339' title='bbox 2271 2423 2324 2478; x_wconf 90' lang='lat' dir='ltr'><strong>in</strong></span> <span class='ocrx_word' id='word_1_340' title='bbox 2353 2425 2533 2476; x_wconf 78' lang='lat' dir='ltr'><strong>futuro</strong></span> <span class='ocrx_word' id='word_1_341' title='bbox 2574 2421 2731 2475; x_wconf 91' lang='lat' dir='ltr'><strong>simul</strong></span> <span class='ocrx_word' id='word_1_342' title='bbox 2758 2435 2879 2474; x_wconf 91' lang='lat' dir='ltr'><strong>cum</strong></span> <span class='ocrx_word' id='word_1_343' title='bbox 2928 2419 3086 2488; x_wconf 84' lang='lat' dir='ltr'><strong>hujus</strong></span> <span class='ocrx_word' id='word_1_344' title='bbox 3118 2417 3298 2472; x_wconf 88' lang='lat' dir='ltr'><strong>mundi</strong></span> <span class='ocrx_word' id='word_1_345' title='bbox 3331 2418 3708 2485; x_wconf 85' lang='lat' dir='ltr'><strong>peccatoribus</strong></span> <span class='ocrx_word' id='word_1_346' title='bbox 3737 2432 3879 2471; x_wconf 82' lang='lat' dir='ltr'><strong>con-</strong></span> 
     </span>
    </p>
   </div>
   <div class='ocr_carea' id='block_1_53' title="bbox 2272 2509 3877 2581">
    <p class='ocr_par' dir='ltr' id='par_1_53' title="bbox 2272 2509 3877 2581">
     <span class='ocr_line' id='line_1_54' title="bbox 2272 2509 3877 2581; baseline -0.006 -10"><span class='ocrx_word' id='word_1_347' title='bbox 2272 2518 2611 2571; x_wconf 89' lang='lat' dir='ltr'><strong>demnemur.</strong></span> <span class='ocrx_word' id='word_1_348' title='bbox 2646 2513 2799 2581; x_wconf 86' lang='lat' dir='ltr'><strong>Quod</strong></span> <span class='ocrx_word' id='word_1_349' title='bbox 2830 2512 2995 2567; x_wconf 90' lang='lat' dir='ltr'><strong>etiam</strong></span> <span class='ocrx_word' id='word_1_350' title='bbox 3028 2511 3081 2565; x_wconf 93' lang='lat' dir='ltr'><strong>in</strong></span> <span class='ocrx_word' id='word_1_351' title='bbox 3114 2511 3345 2565; x_wconf 88' lang='lat' dir='ltr'><strong>Levitico</strong></span> <span class='ocrx_word' id='word_1_352' title='bbox 3369 2510 3608 2562; x_wconf 87' lang='lat' dir='ltr'><strong>evidenti</strong></span> <span class='ocrx_word' id='word_1_353' title='bbox 3636 2509 3877 2562; x_wconf 87' lang='lat' dir='ltr'><strong>denun-</strong></span> 
     </span>
    </p>
   </div>
   <div class='ocr_carea' id='block_1_54' title="bbox 2274 2599 3874 2677">
    <p class='ocr_par' dir='ltr' id='par_1_54' title="bbox 2274 2599 3874 2677">
     <span class='ocr_line' id='line_1_55' title="bbox 2274 2599 3874 2677; baseline -0.008 -13"><span class='ocrx_word' id='word_1_354' title='bbox 2274 2609 2498 2664; x_wconf 84' lang='lat' dir='ltr'><strong>tiatione</strong></span> <span class='ocrx_word' id='word_1_355' title='bbox 2551 2607 2902 2677; x_wconf 59' lang='lat' dir='ltr'><strong>praecipitur:</strong></span> <span class='ocrx_word' id='word_1_356' title='bbox 2959 2603 2985 2641; x_wconf 72' lang='grc' dir='ltr'>δ</span> <span class='ocrx_word' id='word_1_357' title='bbox 3037 2602 3209 2657; x_wconf 87' lang='lat' dir='ltr'><strong>Omnis</strong></span> <span class='ocrx_word' id='word_1_358' title='bbox 3258 2604 3472 2654; x_wconf 89' lang='lat' dir='ltr'><strong>mundus</strong></span> <span class='ocrx_word' id='word_1_359' title='bbox 3512 2599 3874 2653; x_wconf 85' lang='lat' dir='ltr'><strong>manducabit</strong></span> 
     </span>
    </p>
   </div>
   <div class='ocr_carea' id='block_1_55' title="bbox 2274 2693 3873 2768">
    <p class='ocr_par' dir='ltr' id='par_1_55' title="bbox 2274 2693 3873 2768">
     <span class='ocr_line' id='line_1_56' title="bbox 2274 2693 3873 2768; baseline -0.005 -13"><span class='ocrx_word' id='word_1_360' title='bbox 2274 2718 2494 2766; x_wconf 88' lang='lat' dir='ltr'><strong>carnes;</strong></span> <span class='ocrx_word' id='word_1_361' title='bbox 2547 2710 2591 2753; x_wconf 93' lang='lat' dir='ltr'><strong>et</strong></span> <span class='ocrx_word' id='word_1_362' title='bbox 2633 2700 2805 2753; x_wconf 90' lang='lat' dir='ltr'><strong>anima</strong></span> <span class='ocrx_word' id='word_1_363' title='bbox 2835 2714 3171 2768; x_wconf 59' lang='lat' dir='ltr'><strong>quotcumque</strong></span> <span class='ocrx_word' id='word_1_364' title='bbox 3205 2695 3473 2749; x_wconf 85' lang='lat' dir='ltr'><strong>comederit</strong></span> <span class='ocrx_word' id='word_1_365' title='bbox 3514 2694 3573 2747; x_wconf 87' lang='lat' dir='ltr'><strong>de</strong></span> <span class='ocrx_word' id='word_1_366' title='bbox 3616 2693 3873 2747; x_wconf 88' lang='lat' dir='ltr'><strong>carnibus</strong></span> 
     </span>
    </p>
   </div>
   <div class='ocr_carea' id='block_1_56' title="bbox 2274 2787 3875 2863">
    <p class='ocr_par' dir='ltr' id='par_1_56' title="bbox 2274 2787 3875 2863">
     <span class='ocr_line' id='line_1_57' title="bbox 2274 2787 3875 2863; baseline -0.007 -14"><span class='ocrx_word' id='word_1_367' title='bbox 2274 2794 2515 2863; x_wconf 87' lang='lat' dir='ltr'><strong>sacriﬁcii</strong></span> <span class='ocrx_word' id='word_1_368' title='bbox 2538 2792 2786 2845; x_wconf 86' lang='lat' dir='ltr'><strong>salutaris</strong></span> <span class='ocrx_word' id='word_1_369' title='bbox 2810 2791 2947 2860; x_wconf 87' lang='lat' dir='ltr'><strong>quod</strong></span> <span class='ocrx_word' id='word_1_370' title='bbox 2974 2801 3048 2844; x_wconf 88' lang='lat' dir='ltr'><strong>est</strong></span> <span class='ocrx_word' id='word_1_371' title='bbox 3073 2790 3305 2851; x_wconf 86' lang='lat' dir='ltr'><strong>Domini,</strong></span> <span class='ocrx_word' id='word_1_372' title='bbox 3340 2790 3391 2841; x_wconf 90' lang='lat' dir='ltr'><strong>in</strong></span> <span class='ocrx_word' id='word_1_373' title='bbox 3417 2805 3517 2856; x_wconf 89' lang='lat' dir='ltr'><strong>qua</strong></span> <span class='ocrx_word' id='word_1_374' title='bbox 3542 2796 3613 2839; x_wconf 74' lang='lat' dir='ltr'><strong>est</strong></span> <span class='ocrx_word' id='word_1_375' title='bbox 3636 2787 3875 2839; x_wconf 85' lang='lat' dir='ltr'><strong>immun-</strong></span> 
     </span>
    </p>
   </div>
   <div class='ocr_carea' id='block_1_57' title="bbox 2274 2877 3873 2957">
    <p class='ocr_par' dir='ltr' id='par_1_57' title="bbox 2274 2877 3873 2957">
     <span class='ocr_line' id='line_1_58' title="bbox 2274 2877 3873 2957; baseline -0.006 -17"><span class='ocrx_word' id='word_1_376' title='bbox 2274 2887 2425 2951; x_wconf 89' lang='lat' dir='ltr'><strong>ditia,</strong></span> <span class='ocrx_word' id='word_1_377' title='bbox 2459 2885 2643 2957; x_wconf 86' lang='lat' dir='ltr'><strong>peribit</strong></span> <span class='ocrx_word' id='word_1_378' title='bbox 2675 2899 2849 2937; x_wconf 89' lang='lat' dir='ltr'><strong>coram</strong></span> <span class='ocrx_word' id='word_1_379' title='bbox 2899 2881 3119 2935; x_wconf 88' lang='lat' dir='ltr'><strong>Domino</strong></span> <span class='ocrx_word' id='word_1_380' title='bbox 3170 2880 3352 2953; x_wconf 82' lang='lat' dir='ltr'><strong>(Leuit.</strong></span> <span class='ocrx_word' id='word_1_381' title='bbox 3379 2880 3462 2949; x_wconf 84' lang='lat' dir='ltr'><strong>tt).</strong></span> <span class='ocrx_word' id='word_1_382' title='bbox 3513 2877 3567 2931; x_wconf 89' lang='lat' dir='ltr'><strong>In</strong></span> <span class='ocrx_word' id='word_1_383' title='bbox 3607 2877 3873 2931; x_wconf 89' lang='lat' dir='ltr'><strong>Deutero—</strong></span> 
     </span>
    </p>
   </div>
   <div class='ocr_carea' id='block_1_58' title="bbox 2274 2969 3870 3048">
    <p class='ocr_par' dir='ltr' id='par_1_58' title="bbox 2274 2969 3870 3048">
     <span class='ocr_line' id='line_1_59' title="bbox 2274 2969 3870 3048; baseline -0.009 -12"><span class='ocrx_word' id='word_1_384' title='bbox 2274 2979 2462 3036; x_wconf 88' lang='lat' dir='ltr'><strong>nomio</strong></span> <span class='ocrx_word' id='word_1_385' title='bbox 2493 2990 2710 3048; x_wconf 92' lang='lat' dir='ltr'><strong>quoque</strong></span> <span class='ocrx_word' id='word_1_386' title='bbox 2734 2990 2762 3029; x_wconf 91' lang='lat' dir='ltr'><strong>a</strong></span> <span class='ocrx_word' id='word_1_387' title='bbox 2792 2974 3133 3045; x_wconf 87' lang='lat' dir='ltr'><strong>spiritalibus</strong></span> <span class='ocrx_word' id='word_1_388' title='bbox 3164 2972 3359 3029; x_wconf 83' lang='lat' dir='ltr'><strong>castris</strong></span> <span class='ocrx_word' id='word_1_389' title='bbox 3380 2969 3681 3026; x_wconf 89' lang='lat' dir='ltr'><strong>immundus</strong></span> <span class='ocrx_word' id='word_1_390' title='bbox 3718 2969 3870 3022; x_wconf 87' lang='lat' dir='ltr'><strong>simi-</strong></span> 
     </span>
    </p>
   </div>
   <div class='ocr_carea' id='block_1_59' title="bbox 1632 3156 2768 3218">
    <p class='ocr_par' dir='ltr' id='par_1_59' title="bbox 1632 3156 2768 3218">
     <span class='ocr_line' id='line_1_60' title="bbox 1632 3156 2768 3218; baseline -0.001 -5"><span class='ocrx_word' id='word_1_391' title='bbox 1632 3156 1890 3213; x_wconf 82' lang='lat' dir='ltr'><strong>ALARDI</strong></span> <span class='ocrx_word' id='word_1_392' title='bbox 1930 3158 2159 3216; x_wconf 69' lang='lat' dir='ltr'><strong>CAZAEI</strong></span> <span class='ocrx_word' id='word_1_393' title='bbox 2197 3158 2768 3218; x_wconf 80' lang='lat' dir='ltr'><strong>COMMENTARIUS.</strong></span> 
     </span>
    </p>
   </div>
   <div class='ocr_carea' id='block_1_60' title="bbox 571 3286 3867 3358">
    <p class='ocr_par' dir='ltr' id='par_1_60' title="bbox 571 3286 3867 3358">
     <span class='ocr_line' id='line_1_61' title="bbox 571 3286 3867 3358; baseline 0 -19"><span class='ocrx_word' id='word_1_394' title='bbox 571 3288 745 3358; x_wconf 68' lang='lat' dir='ltr'><strong>[initas</strong></span> <span class='ocrx_word' id='word_1_395' title='bbox 768 3286 1035 3358; x_wconf 82' lang='lat' dir='ltr'><strong>sanguinis</strong></span> <span class='ocrx_word' id='word_1_396' title='bbox 1065 3286 1343 3358; x_wconf 75' lang='lat' dir='ltr'><strong>secundum</strong></span> <span class='ocrx_word' id='word_1_397' title='bbox 1370 3286 1738 3358; x_wconf 85' lang='lat' dir='ltr'><strong>philosophum</strong></span> <span class='ocrx_word' id='word_1_398' title='bbox 1767 3288 1949 3355; x_wconf 79' lang='lat' dir='ltr'><strong>(Arist.</strong></span> <span class='ocrx_word' id='word_1_399' title='bbox 1984 3290 2022 3343; x_wconf 85' lang='grc' dir='ltr'><strong>ι.</strong></span> <span class='ocrx_word' id='word_1_400' title='bbox 2052 3308 2069 3345; x_wconf 81' lang='grc' dir='ltr'>ι</span> <span class='ocrx_word' id='word_1_401' title='bbox 2101 3293 2163 3346; x_wconf 90' lang='lat' dir='ltr'><strong>de</strong></span> <span class='ocrx_word' id='word_1_402' title='bbox 2189 3293 2235 3358; x_wconf 85' lang='lat' dir='ltr'><strong>C</strong></span> <span class='ocrx_word' id='word_1_403' title='bbox 2268 3311 2329 3347; x_wconf 89' lang='lat' dir='ltr'><strong>ac</strong></span> <span class='ocrx_word' id='word_1_404' title='bbox 2353 3294 2532 3346; x_wconf 90' lang='lat' dir='ltr'><strong>mentis</strong></span> <span class='ocrx_word' id='word_1_405' title='bbox 2556 3290 2907 3344; x_wconf 83' lang='lat' dir='ltr'><strong>hebetudinem</strong></span> <span class='ocrx_word' id='word_1_406' title='bbox 2937 3298 3052 3354; x_wconf 90' lang='lat' dir='ltr'><strong>post</strong></span> <span class='ocrx_word' id='word_1_407' title='bbox 3091 3304 3145 3340; x_wconf 90' lang='lat' dir='ltr'><strong>se</strong></span> <span class='ocrx_word' id='word_1_408' title='bbox 3174 3304 3461 3357; x_wconf 62' lang='lat' dir='ltr'><strong>reanquere</strong></span> <span class='ocrx_word' id='word_1_409' title='bbox 3495 3288 3773 3351; x_wconf 76' lang='lat' dir='ltr'><strong>consuevit,</strong></span> <span class='ocrx_word' id='word_1_410' title='bbox 3808 3303 3867 3339; x_wconf 85' lang='lat' dir='ltr'><strong>ea</strong></span> 
     </span>
    </p>
   </div>
   <div class='ocr_carea' id='block_1_61' title="bbox 572 3356 2164 3432">
    <p class='ocr_par' dir='ltr' id='par_1_61' title="bbox 572 3356 2164 3432">
     <span class='ocr_line' id='line_1_62' title="bbox 572 3356 2164 3432; baseline 0.003 -21"><span class='ocrx_word' id='word_1_411' title='bbox 572 3356 756 3411; x_wconf 83' lang='lat' dir='ltr'><strong>Gener.</strong></span> <span class='ocrx_word' id='word_1_412' title='bbox 777 3356 991 3409; x_wconf 87' lang='lat' dir='ltr'><strong>animal.</strong></span> <span class='ocrx_word' id='word_1_413' title='bbox 1009 3358 1139 3432; x_wconf 78' lang='lat' dir='ltr'><strong>c._|8</strong></span> <span class='ocrx_word' id='word_1_414' title='bbox 1160 3366 1206 3408; x_wconf 88' lang='lat' dir='ltr'><strong>et</strong></span> <span class='ocrx_word' id='word_1_415' title='bbox 1227 3356 1341 3425; x_wconf 79' lang='lat' dir='ltr'><strong>l9).</strong></span> <span class='ocrx_word' id='word_1_416' title='bbox 1365 3357 1688 3432; x_wconf 75' lang='lat' dir='ltr'><strong>Quandoque</strong></span> <span class='ocrx_word' id='word_1_417' title='bbox 1706 3372 1776 3413; x_wconf 89' lang='lat' dir='ltr'><strong>est</strong></span> <span class='ocrx_word' id='word_1_418' title='bbox 1793 3376 1909 3413; x_wconf 88' lang='lat' dir='ltr'><strong>cum</strong></span> <span class='ocrx_word' id='word_1_419' title='bbox 1932 3373 2164 3432; x_wconf 85' lang='lat' dir='ltr'><strong>peccato;</strong></span> 
     </span>
    </p>
   </div>
   <div class='ocr_carea' id='block_1_62' title="bbox 574 3429 2167 3499">
    <p class='ocr_par' dir='ltr' id='par_1_62' title="bbox 574 3429 2167 3499">
     <span class='ocr_line' id='line_1_63' title="bbox 574 3429 2167 3499; baseline 0.004 -19"><span class='ocrx_word' id='word_1_420' title='bbox 574 3442 694 3499; x_wconf 88' lang='lat' dir='ltr'><strong>puta</strong></span> <span class='ocrx_word' id='word_1_421' title='bbox 725 3444 839 3481; x_wconf 90' lang='lat' dir='ltr'><strong>cum</strong></span> <span class='ocrx_word' id='word_1_422' title='bbox 867 3429 1093 3498; x_wconf 85' lang='lat' dir='ltr'><strong>provenit</strong></span> <span class='ocrx_word' id='word_1_423' title='bbox 1118 3443 1180 3481; x_wconf 77' lang='lat' dir='ltr'><strong>ea:</strong></span> <span class='ocrx_word' id='word_1_424' title='bbox 1205 3429 1561 3498; x_wconf 79' lang='lat' dir='ltr'><strong>superﬂuitate</strong></span> <span class='ocrx_word' id='word_1_425' title='bbox 1588 3430 1689 3481; x_wconf 88' lang='lat' dir='ltr'><strong>cibi</strong></span> <span class='ocrx_word' id='word_1_426' title='bbox 1728 3442 1773 3484; x_wconf 89' lang='lat' dir='ltr'><strong>et</strong></span> <span class='ocrx_word' id='word_1_427' title='bbox 1805 3429 1975 3497; x_wconf 80' lang='lat' dir='ltr'><strong>potus,</strong></span> <span class='ocrx_word' id='word_1_428' title='bbox 2003 3433 2167 3487; x_wconf 85' lang='lat' dir='ltr'><strong>ethoc</strong></span> 
     </span>
    </p>
   </div>
   <div class='ocr_carea' id='block_1_63' title="bbox 574 3499 2169 3569">
    <p class='ocr_par' dir='ltr' id='par_1_63' title="bbox 574 3499 2169 3569">
     <span class='ocr_line' id='line_1_64' title="bbox 574 3499 2169 3569; baseline 0.004 -17"><span class='ocrx_word' id='word_1_429' title='bbox 574 3502 727 3553; x_wconf 79' lang='lat' dir='ltr'><strong>etiam</strong></span> <span class='ocrx_word' id='word_1_430' title='bbox 755 3507 918 3569; x_wconf 86' lang='lat' dir='ltr'><strong>potest</strong></span> <span class='ocrx_word' id='word_1_431' title='bbox 945 3515 1051 3552; x_wconf 87' lang='lat' dir='ltr'><strong>esse</strong></span> <span class='ocrx_word' id='word_1_432' title='bbox 1076 3507 1339 3567; x_wconf 88' lang='lat' dir='ltr'><strong>peccatum</strong></span> <span class='ocrx_word' id='word_1_433' title='bbox 1382 3499 1601 3565; x_wconf 81' lang='lat' dir='ltr'><strong>veniale,</strong></span> <span class='ocrx_word' id='word_1_434' title='bbox 1635 3503 1711 3553; x_wconf 79' lang='lat' dir='ltr'><strong>rel</strong></span> <span class='ocrx_word' id='word_1_435' title='bbox 1743 3504 1960 3556; x_wconf 81' lang='lat' dir='ltr'><strong>mortale</strong></span> <span class='ocrx_word' id='word_1_436' title='bbox 1986 3521 2002 3555; x_wconf 92' lang='lat'><strong><em>:</em></strong></span> <span class='ocrx_word' id='word_1_437' title='bbox 2050 3505 2169 3559; x_wconf 88' lang='lat' dir='ltr'><strong>licet</strong></span> 
     </span>
    </p>
   </div>
   <div class='ocr_carea' id='block_1_64' title="bbox 576 3571 2171 3646">
    <p class='ocr_par' dir='ltr' id='par_1_64' title="bbox 576 3571 2171 3646">
     <span class='ocr_line' id='line_1_65' title="bbox 576 3571 2171 3646; baseline 0.004 -23"><span class='ocrx_word' id='word_1_438' title='bbox 576 3572 886 3646; x_wconf 75' lang='lat' dir='ltr'><strong>frequentius</strong></span> <span class='ocrx_word' id='word_1_439' title='bbox 919 3581 1182 3646; x_wconf 83' lang='lat' dir='ltr'><strong>peccatum</strong></span> <span class='ocrx_word' id='word_1_440' title='bbox 1205 3572 1421 3646; x_wconf 81' lang='lat' dir='ltr'><strong>mortale</strong></span> <span class='ocrx_word' id='word_1_441' title='bbox 1440 3571 1641 3623; x_wconf 82' lang='lat' dir='ltr'><strong>accidat</strong></span> <span class='ocrx_word' id='word_1_442' title='bbox 1670 3574 1807 3625; x_wconf 89' lang='lat' dir='ltr'><strong>circa</strong></span> <span class='ocrx_word' id='word_1_443' title='bbox 1830 3584 2003 3638; x_wconf 88' lang='lat' dir='ltr'><strong>turpes</strong></span> <span class='ocrx_word' id='word_1_444' title='bbox 2027 3578 2171 3646; x_wconf 85' lang='lat' dir='ltr'><strong>cogi-</strong></span> 
     </span>
    </p>
   </div>
   <div class='ocr_carea' id='block_1_65' title="bbox 577 3642 2171 3714">
    <p class='ocr_par' dir='ltr' id='par_1_65' title="bbox 577 3642 2171 3714">
     <span class='ocr_line' id='line_1_66' title="bbox 577 3642 2171 3714; baseline 0.003 -19"><span class='ocrx_word' id='word_1_445' title='bbox 577 3644 814 3705; x_wconf 87' lang='lat' dir='ltr'><strong>tationes,</strong></span> <span class='ocrx_word' id='word_1_446' title='bbox 876 3652 1081 3711; x_wconf 88' lang='lat' dir='ltr'><strong>prapter</strong></span> <span class='ocrx_word' id='word_1_447' title='bbox 1141 3642 1440 3714; x_wconf 68' lang='lat' dir='ltr'><strong>facilitatem</strong></span> <span class='ocrx_word' id='word_1_448' title='bbox 1489 3659 1792 3714; x_wconf 68' lang='lat' dir='ltr'><strong>consensus,</strong></span> <span class='ocrx_word' id='word_1_449' title='bbox 1850 3663 2005 3714; x_wconf 89' lang='lat' dir='ltr'><strong>quam</strong></span> <span class='ocrx_word' id='word_1_450' title='bbox 2030 3642 2171 3703; x_wconf 70' lang='lat' dir='ltr'><strong>circa</strong></span> 
     </span>
    </p>
   </div>
   <div class='ocr_carea' id='block_1_66' title="bbox 578 3712 2170 3785">
    <p class='ocr_par' dir='ltr' id='par_1_66' title="bbox 578 3712 2170 3785">
     <span class='ocr_line' id='line_1_67' title="bbox 578 3712 2170 3785; baseline 0.004 -18"><span class='ocrx_word' id='word_1_451' title='bbox 578 3715 924 3785; x_wconf 85' lang='lat' dir='ltr'><strong>sumptionem</strong></span> <span class='ocrx_word' id='word_1_452' title='bbox 948 3716 1044 3785; x_wconf 85' lang='lat' dir='ltr'><strong>cibi</strong></span> <span class='ocrx_word' id='word_1_453' title='bbox 1075 3722 1121 3767; x_wconf 86' lang='lat' dir='ltr'><strong>et</strong></span> <span class='ocrx_word' id='word_1_454' title='bbox 1172 3722 1339 3782; x_wconf 87' lang='lat' dir='ltr'><strong>potus.</strong></span> <span class='ocrx_word' id='word_1_455' title='bbox 1376 3712 1525 3767; x_wconf 85' lang='lat' dir='ltr'><strong>Unde</strong></span> <span class='ocrx_word' id='word_1_456' title='bbox 1549 3723 1595 3766; x_wconf 85' lang='lat' dir='ltr'><strong>et</strong></span> <span class='ocrx_word' id='word_1_457' title='bbox 1624 3712 1902 3785; x_wconf 81' lang='lat' dir='ltr'><strong>Gregorius</strong></span> <span class='ocrx_word' id='word_1_458' title='bbox 1948 3719 2170 3773; x_wconf 88' lang='lat' dir='ltr'><strong>scribens</strong></span> 
     </span>
    </p>
   </div>
   <div class='ocr_carea' id='block_1_67' title="bbox 580 3783 2171 3855">
    <p class='ocr_par' dir='ltr' id='par_1_67' title="bbox 580 3783 2171 3855">
     <span class='ocr_line' id='line_1_68' title="bbox 580 3783 2171 3855; baseline 0.004 -18"><span class='ocrx_word' id='word_1_459' title='bbox 580 3786 867 3854; x_wconf 83' lang='lat' dir='ltr'><strong>Augustino</strong></span> <span class='ocrx_word' id='word_1_460' title='bbox 894 3783 1177 3855; x_wconf 77' lang='lat' dir='ltr'><strong>Anglorum</strong></span> <span class='ocrx_word' id='word_1_461' title='bbox 1225 3787 1461 3851; x_wconf 87' lang='lat' dir='ltr'><strong>episcopo</strong></span> <span class='ocrx_word' id='word_1_462' title='bbox 1488 3786 1613 3836; x_wconf 82' lang='lat' dir='ltr'><strong>dicit</strong></span> <span class='ocrx_word' id='word_1_463' title='bbox 1640 3783 1939 3840; x_wconf 77' lang='lat' dir='ltr'><strong>cessandum</strong></span> <span class='ocrx_word' id='word_1_464' title='bbox 1988 3806 2094 3843; x_wconf 88' lang='lat' dir='ltr'><strong>esse</strong></span> <span class='ocrx_word' id='word_1_465' title='bbox 2139 3807 2171 3843; x_wconf 91' lang='lat' dir='ltr'><strong>a</strong></span> 
     </span>
    </p>
   </div>
   <div class='ocr_carea' id='block_1_68' title="bbox 580 3855 2175 3929">
    <p class='ocr_par' dir='ltr' id='par_1_68' title="bbox 580 3855 2175 3929">
     <span class='ocr_line' id='line_1_69' title="bbox 580 3855 2175 3929; baseline 0.004 -22"><span class='ocrx_word' id='word_1_466' title='bbox 580 3856 932 3929; x_wconf 80' lang='lat' dir='ltr'><strong>communione</strong></span> <span class='ocrx_word' id='word_1_467' title='bbox 982 3855 1188 3920; x_wconf 88' lang='lat' dir='ltr'><strong>quando</strong></span> <span class='ocrx_word' id='word_1_468' title='bbox 1233 3870 1297 3929; x_wconf 69' lang='lat' dir='ltr'><strong>ea:</strong></span> <span class='ocrx_word' id='word_1_469' title='bbox 1345 3856 1579 3929; x_wconf 82' lang='lat' dir='ltr'><strong>turpibus</strong></span> <span class='ocrx_word' id='word_1_470' title='bbox 1626 3858 2017 3927; x_wconf 77' lang='lat' dir='ltr'><strong>cogitationibus</strong></span> <span class='ocrx_word' id='word_1_471' title='bbox 2050 3877 2175 3929; x_wconf 85' lang='lat' dir='ltr'><strong>pro-</strong></span> 
     </span>
    </p>
   </div>
   <div class='ocr_carea' id='block_1_69' title="bbox 582 3927 2173 3999">
    <p class='ocr_par' dir='ltr' id='par_1_69' title="bbox 582 3927 2173 3999">
     <span class='ocr_line' id='line_1_70' title="bbox 582 3927 2173 3999; baseline 0.004 -22"><span class='ocrx_word' id='word_1_472' title='bbox 582 3928 747 3991; x_wconf 69' lang='lat' dir='ltr'><strong>uenit;</strong></span> <span class='ocrx_word' id='word_1_473' title='bbox 773 3943 872 3979; x_wconf 90' lang='lat' dir='ltr'><strong>non</strong></span> <span class='ocrx_word' id='word_1_474' title='bbox 903 3935 1075 3977; x_wconf 86' lang='lat' dir='ltr'><strong>autem</strong></span> <span class='ocrx_word' id='word_1_475' title='bbox 1116 3927 1323 3999; x_wconf 84' lang='lat' dir='ltr'><strong>quando</strong></span> <span class='ocrx_word' id='word_1_476' title='bbox 1349 3927 1580 3999; x_wconf 69' lang='lat' dir='ltr'><strong>provenit</strong></span> <span class='ocrx_word' id='word_1_477' title='bbox 1606 3942 1667 3978; x_wconf 78' lang='lat' dir='ltr'><strong>ea:</strong></span> <span class='ocrx_word' id='word_1_478' title='bbox 1692 3927 2056 3999; x_wconf 81' lang='lat' dir='ltr'><strong>superﬂuitate</strong></span> <span class='ocrx_word' id='word_1_479' title='bbox 2074 3932 2173 3985; x_wconf 84' lang='lat' dir='ltr'><strong>cibi</strong></span> 
     </span>
    </p>
   </div>
   <div class='ocr_carea' id='block_1_70' title="bbox 580 3997 2175 4073">
    <p class='ocr_par' dir='ltr' id='par_1_70' title="bbox 580 3997 2175 4073">
     <span class='ocr_line' id='line_1_71' title="bbox 580 3997 2175 4073; baseline 0.005 -25"><span class='ocrx_word' id='word_1_480' title='bbox 580 3999 659 4051; x_wconf 80' lang='lat' dir='ltr'><strong>rel</strong></span> <span class='ocrx_word' id='word_1_481' title='bbox 690 4010 861 4073; x_wconf 65' lang='lat' dir='ltr'><strong>potus,</strong></span> <span class='ocrx_word' id='word_1_482' title='bbox 892 3998 1173 4073; x_wconf 73' lang='lat' dir='ltr'><strong>prtcsertim</strong></span> <span class='ocrx_word' id='word_1_483' title='bbox 1201 3997 1539 4073; x_wconf 78' lang='lat' dir='ltr'><strong>si_n_eccss_itas</strong></span> <span class='ocrx_word' id='word_1_484' title='bbox 1586 3997 1869 4053; x_wconf 44' lang='lat' dir='ltr'><strong>adsit.&#39;Sic</strong></span> <span class='ocrx_word' id='word_1_485' title='bbox 1922 4003 2082 4073; x_wconf 81' lang='lat' dir='ltr'><strong>igitur</strong></span> <span class='ocrx_word' id='word_1_486' title='bbox 2112 4018 2175 4056; x_wconf 82' lang='lat' dir='ltr'><strong>ea:</strong></span> 
     </span>
    </p>
   </div>
   <div class='ocr_carea' id='block_1_71' title="bbox 582 4066 2174 4135">
    <p class='ocr_par' dir='ltr' id='par_1_71' title="bbox 582 4066 2174 4135">
     <span class='ocr_line' id='line_1_72' title="bbox 582 4066 2174 4135; baseline 0.005 -16"><span class='ocrx_word' id='word_1_487' title='bbox 582 4066 737 4120; x_wconf 87' lang='lat' dir='ltr'><strong>causa</strong></span> <span class='ocrx_word' id='word_1_488' title='bbox 769 4066 1070 4134; x_wconf 83' lang='lat' dir='ltr'><strong>pollutionis</strong></span> <span class='ocrx_word' id='word_1_489' title='bbox 1123 4069 1440 4121; x_wconf 88' lang='lat' dir='ltr'><strong>considerari</strong></span> <span class='ocrx_word' id='word_1_490' title='bbox 1487 4078 1649 4135; x_wconf 88' lang='lat' dir='ltr'><strong>potest</strong></span> <span class='ocrx_word' id='word_1_491' title='bbox 1695 4082 1871 4125; x_wconf 89' lang='lat' dir='ltr'><strong>utrum</strong></span> <span class='ocrx_word' id='word_1_492' title='bbox 1922 4066 2174 4126; x_wconf 66' lang='lat' dir='ltr'><strong>nocturna</strong></span> 
     </span>
    </p>
   </div>
   <div class='ocr_carea' id='block_1_72' title="bbox 586 4138 2177 4216">
    <p class='ocr_par' dir='ltr' id='par_1_72' title="bbox 586 4138 2177 4216">
     <span class='ocr_line' id='line_1_73' title="bbox 586 4138 2177 4216; baseline 0.006 -29"><span class='ocrx_word' id='word_1_493' title='bbox 586 4139 671 4204; x_wconf 86' lang='lat' dir='ltr'><strong>pol</strong></span> <span class='ocrx_word' id='word_1_494' title='bbox 677 4138 693 4189; x_wconf 80' lang='grc' dir='ltr'><em>ι</em></span> <span class='ocrx_word' id='word_1_495' title='bbox 702 4139 805 4216; x_wconf 75' lang='lat' dir='ltr'><strong>utio</strong></span> <span class='ocrx_word' id='word_1_496' title='bbox 811 4139 1066 4216; x_wconf 59' lang='lat' dir='ltr'><strong>impediat</strong></span> <span class='ocrx_word' id='word_1_497' title='bbox 1084 4156 1146 4193; x_wconf 77' lang='lat' dir='ltr'><strong>ea:</strong></span> <span class='ocrx_word' id='word_1_498' title='bbox 1161 4142 1454 4191; x_wconf 87' lang='lat' dir='ltr'><strong>necessitate</strong></span> <span class='ocrx_word' id='word_1_499' title='bbox 1469 4140 1805 4216; x_wconf 82' lang='lat' dir='ltr'><strong>sumptionem</strong></span> <span class='ocrx_word' id='word_1_500' title='bbox 1824 4144 1894 4216; x_wconf 78' lang='lat' dir='ltr'><strong>[tu</strong></span> <span class='ocrx_word' id='word_1_501' title='bbox 1892 4146 1983 4216; x_wconf 82' lang='lat' dir='ltr'><strong>jus</strong></span> <span class='ocrx_word' id='word_1_502' title='bbox 2001 4160 2177 4197; x_wconf 84' lang='lat' dir='ltr'><strong>sacra-</strong></span> 
     </span>
    </p>
   </div>
   <div class='ocr_carea' id='block_1_73' title="bbox 584 4208 2176 4282">
    <p class='ocr_par' dir='ltr' id='par_1_73' title="bbox 584 4208 2176 4282">
     <span class='ocr_line' id='line_1_74' title="bbox 584 4208 2176 4282; baseline 0.004 -22"><span class='ocrx_word' id='word_1_503' title='bbox 584 4210 764 4282; x_wconf 73' lang='lat' dir='ltr'><strong>menti.</strong></span> <span class='ocrx_word' id='word_1_504' title='bbox 800 4208 881 4260; x_wconf 79' lang='lat' dir='ltr'><strong>Ea:</strong></span> <span class='ocrx_word' id='word_1_505' title='bbox 912 4209 1130 4275; x_wconf 89' lang='lat' dir='ltr'><strong>quadam</strong></span> <span class='ocrx_word' id='word_1_506' title='bbox 1153 4225 1269 4262; x_wconf 88' lang='lat' dir='ltr'><strong>vero</strong></span> <span class='ocrx_word' id='word_1_507' title='bbox 1291 4212 1625 4280; x_wconf 85' lang='lat' dir='ltr'><strong>congruentia</strong></span> <span class='ocrx_word' id='word_1_508' title='bbox 1674 4208 2176 4282; x_wconf 57' lang='lat' dir='ltr'><strong>impedit&#39;quantum</strong></span> 
     </span>
    </p>
   </div>
   <div class='ocr_carea' id='block_1_74' title="bbox 586 4278 2176 4353">
    <p class='ocr_par' dir='ltr' id='par_1_74' title="bbox 586 4278 2176 4353">
     <span class='ocr_line' id='line_1_75' title="bbox 586 4278 2176 4353; baseline 0.006 -24"><span class='ocrx_word' id='word_1_509' title='bbox 586 4278 654 4353; x_wconf 83' lang='lat' dir='ltr'><strong>ad</strong></span> <span class='ocrx_word' id='word_1_510' title='bbox 678 4280 806 4353; x_wconf 81' lang='lat' dir='ltr'><strong>duo,</strong></span> <span class='ocrx_word' id='word_1_511' title='bbox 829 4294 1046 4348; x_wconf 88' lang='lat' dir='ltr'><strong>quorum</strong></span> <span class='ocrx_word' id='word_1_512' title='bbox 1075 4298 1233 4333; x_wconf 88' lang='lat' dir='ltr'><strong>unum</strong></span> <span class='ocrx_word' id='word_1_513' title='bbox 1260 4278 1458 4351; x_wconf 77' lang='lat' dir='ltr'><strong>seniper</strong></span> <span class='ocrx_word' id='word_1_514' title='bbox 1489 4282 1693 4345; x_wconf 77' lang='lat' dir='ltr'><strong>accidit,</strong></span> <span class='ocrx_word' id='word_1_515' title='bbox 1720 4278 1914 4337; x_wconf 75' lang='lat' dir='ltr'><strong>scilicet</strong></span> <span class='ocrx_word' id='word_1_516' title='bbox 1934 4278 2176 4353; x_wconf 20' lang='lat' dir='ltr'><strong>unttdam</strong></span> 
     </span>
    </p>
   </div>
   <div class='ocr_carea' id='block_1_75' title="bbox 587 4350 2177 4421">
    <p class='ocr_par' dir='ltr' id='par_1_75' title="bbox 587 4350 2177 4421">
     <span class='ocr_line' id='line_1_76' title="bbox 587 4350 2177 4421; baseline 0.004 -19"><span class='ocrx_word' id='word_1_517' title='bbox 587 4350 789 4421; x_wconf 72' lang='lat' dir='ltr'><strong>foeditas</strong></span> <span class='ocrx_word' id='word_1_518' title='bbox 820 4353 1126 4418; x_wconf 79' lang='lat' dir='ltr'><strong>corporalis,</strong></span> <span class='ocrx_word' id='word_1_519' title='bbox 1160 4350 1391 4418; x_wconf 88' lang='lat' dir='ltr'><strong>cumqua</strong></span> <span class='ocrx_word' id='word_1_520' title='bbox 1420 4358 1629 4421; x_wconf 81' lang='lat' dir='ltr'><strong>propter</strong></span> <span class='ocrx_word' id='word_1_521' title='bbox 1647 4350 1977 4409; x_wconf 84' lang='lat' dir='ltr'><strong>reverentiam</strong></span> <span class='ocrx_word' id='word_1_522' title='bbox 1999 4372 2177 4409; x_wconf 91' lang='lat' dir='ltr'><strong>sacra-</strong></span> 
     </span>
    </p>
   </div>
   <div class='ocr_carea' id='block_1_76' title="bbox 586 4420 2179 4495">
    <p class='ocr_par' dir='ltr' id='par_1_76' title="bbox 586 4420 2179 4495">
     <span class='ocr_line' id='line_1_77' title="bbox 586 4420 2179 4495; baseline 0.005 -21"><span class='ocrx_word' id='word_1_523' title='bbox 586 4420 766 4484; x_wconf 87' lang='lat' dir='ltr'><strong>menti,</strong></span> <span class='ocrx_word' id='word_1_524' title='bbox 798 4438 900 4495; x_wconf 84' lang='lat' dir='ltr'><strong>non</strong></span> <span class='ocrx_word' id='word_1_525' title='bbox 934 4422 1072 4495; x_wconf 76' lang='lat' dir='ltr'><strong>decet</strong></span> <span class='ocrx_word' id='word_1_526' title='bbox 1103 4424 1169 4476; x_wconf 91' lang='lat' dir='ltr'><strong>ad</strong></span> <span class='ocrx_word' id='word_1_527' title='bbox 1199 4421 1363 4475; x_wconf 88' lang='lat' dir='ltr'><strong>altare</strong></span> <span class='ocrx_word' id='word_1_528' title='bbox 1394 4420 1638 4495; x_wconf 76' lang='lat' dir='ltr'><strong>accedere</strong></span> <span class='ocrx_word' id='word_1_529' title='bbox 1668 4426 1828 4495; x_wconf 84' lang='lat' dir='ltr'><strong>(unde</strong></span> <span class='ocrx_word' id='word_1_530' title='bbox 1874 4438 1918 4480; x_wconf 91' lang='lat' dir='ltr'><strong>et</strong></span> <span class='ocrx_word' id='word_1_531' title='bbox 1952 4427 2179 4482; x_wconf 85' lang='lat' dir='ltr'><strong>volentes</strong></span> 
     </span>
    </p>
   </div>
   <div class='ocr_carea' id='block_1_77' title="bbox 588 4493 2179 4568">
    <p class='ocr_par' dir='ltr' id='par_1_77' title="bbox 588 4493 2179 4568">
     <span class='ocr_line' id='line_1_78' title="bbox 588 4493 2179 4568; baseline 0.006 -24"><span class='ocrx_word' id='word_1_532' title='bbox 588 4501 795 4568; x_wconf 75' lang='lat' dir='ltr'><strong>tangere</strong></span> <span class='ocrx_word' id='word_1_533' title='bbox 814 4493 1014 4568; x_wconf 80' lang='lat' dir='ltr'><strong>aliquid</strong></span> <span class='ocrx_word' id='word_1_534' title='bbox 1034 4510 1258 4556; x_wconf 89' lang='lat' dir='ltr'><strong>sacrum,</strong></span> <span class='ocrx_word' id='word_1_535' title='bbox 1289 4493 1745 4568; x_wconf 82' lang='lat' dir='ltr'><strong>manus__lavant),</strong></span> <span class='ocrx_word' id='word_1_536' title='bbox 1780 4498 1875 4551; x_wconf 85' lang='lat' dir='ltr'><strong>nisi</strong></span> <span class='ocrx_word' id='word_1_537' title='bbox 1901 4499 2032 4568; x_wconf 77' lang='lat' dir='ltr'><strong>forte</strong></span> <span class='ocrx_word' id='word_1_538' title='bbox 2059 4500 2179 4553; x_wconf 85' lang='lat' dir='ltr'><strong>talis</strong></span> 
     </span>
    </p>
   </div>
   <div class='ocr_carea' id='block_1_78' title="bbox 588 4563 2181 4640">
    <p class='ocr_par' dir='ltr' id='par_1_78' title="bbox 588 4563 2181 4640">
     <span class='ocr_line' id='line_1_79' title="bbox 588 4563 2181 4640; baseline 0.004 -24"><span class='ocrx_word' id='word_1_539' title='bbox 588 4563 919 4640; x_wconf 76' lang='lat' dir='ltr'><strong>immunditia</strong></span> <span class='ocrx_word' id='word_1_540' title='bbox 940 4567 1003 4619; x_wconf 88' lang='lat' dir='ltr'><strong>sit</strong></span> <span class='ocrx_word' id='word_1_541' title='bbox 1028 4566 1421 4640; x_wconf 39' lang='lat' dir='ltr'><strong>perpetua-pel</strong></span> <span class='ocrx_word' id='word_1_542' title='bbox 1449 4563 1705 4640; x_wconf 74' lang='lat' dir='ltr'><strong>diuturna</strong></span> <span class='ocrx_word' id='word_1_543' title='bbox 1732 4563 1910 4640; x_wconf 12' lang='lat' dir='ltr'><strong>,rsicut&#39;</strong></span> <span class='ocrx_word' id='word_1_544' title='bbox 1936 4579 2009 4640; x_wconf 83' lang='lat' dir='ltr'><strong>est</strong></span> <span class='ocrx_word' id='word_1_545' title='bbox 2037 4570 2181 4640; x_wconf 88' lang='lat' dir='ltr'><strong>lepra</strong></span> 
     </span>
    </p>
   </div>
   <div class='ocr_carea' id='block_1_79' title="bbox 589 4634 2181 4705">
    <p class='ocr_par' dir='ltr' id='par_1_79' title="bbox 589 4634 2181 4705">
     <span class='ocr_line' id='line_1_80' title="bbox 589 4634 2181 4705; baseline 0.004 -18"><span class='ocrx_word' id='word_1_546' title='bbox 589 4644 635 4687; x_wconf 90' lang='lat' dir='ltr'><strong>et</strong></span> <span class='ocrx_word' id='word_1_547' title='bbox 662 4638 835 4705; x_wconf 77' lang='lat' dir='ltr'><strong>[luxus</strong></span> <span class='ocrx_word' id='word_1_548' title='bbox 857 4634 1143 4705; x_wconf 80' lang='lat' dir='ltr'><strong>sanguinis,</strong></span> <span class='ocrx_word' id='word_1_549' title='bbox 1168 4638 1241 4687; x_wconf 86' lang='lat' dir='ltr'><strong>vel</strong></span> <span class='ocrx_word' id='word_1_550' title='bbox 1260 4634 1456 4700; x_wconf 87' lang='lat' dir='ltr'><strong>aliquid</strong></span> <span class='ocrx_word' id='word_1_551' title='bbox 1482 4635 1805 4705; x_wconf 84' lang='lat' dir='ltr'><strong>Itujusmodi.</strong></span> <span class='ocrx_word' id='word_1_552' title='bbox 1823 4639 1984 4692; x_wconf 86' lang='lat' dir='ltr'><strong>Aliud</strong></span> <span class='ocrx_word' id='word_1_553' title='bbox 2007 4634 2181 4693; x_wconf 79' lang='lat' dir='ltr'><strong>autem</strong></span> 
     </span>
    </p>
   </div>
   <div class='ocr_carea' id='block_1_80' title="bbox 591 4706 2183 4777">
    <p class='ocr_par' dir='ltr' id='par_1_80' title="bbox 591 4706 2183 4777">
     <span class='ocr_line' id='line_1_81' title="bbox 591 4706 2183 4777; baseline 0.004 -19"><span class='ocrx_word' id='word_1_554' title='bbox 591 4716 661 4758; x_wconf 89' lang='lat' dir='ltr'><strong>est</strong></span> <span class='ocrx_word' id='word_1_555' title='bbox 692 4709 923 4777; x_wconf 73' lang='lat' dir='ltr'><strong>evagatio</strong></span> <span class='ocrx_word' id='word_1_556' title='bbox 953 4708 1138 4759; x_wconf 88' lang='lat' dir='ltr'><strong>mentis</strong></span> <span class='ocrx_word' id='word_1_557' title='bbox 1168 4720 1284 4775; x_wconf 77' lang='lat' dir='ltr'><strong>qua:</strong></span> <span class='ocrx_word' id='word_1_558' title='bbox 1307 4706 1539 4776; x_wconf 86' lang='lat' dir='ltr'><strong>sequitur</strong></span> <span class='ocrx_word' id='word_1_559' title='bbox 1588 4710 1922 4772; x_wconf 85' lang='lat' dir='ltr'><strong>pollutionem</strong></span> <span class='ocrx_word' id='word_1_560' title='bbox 1970 4720 2183 4764; x_wconf 88' lang='lat' dir='ltr'><strong>noctur-</strong></span> 
     </span>
    </p>
   </div>
   <div class='ocr_carea' id='block_1_81' title="bbox 595 4777 2188 4850">
    <p class='ocr_par' dir='ltr' id='par_1_81' title="bbox 595 4777 2188 4850">
     <span class='ocr_line' id='line_1_82' title="bbox 595 4777 2188 4850; baseline 0.004 -21"><span class='ocrx_word' id='word_1_561' title='bbox 595 4792 733 4850; x_wconf 85' lang='lat' dir='ltr'><strong>nam,</strong></span> <span class='ocrx_word' id='word_1_562' title='bbox 793 4779 1050 4850; x_wconf 45' lang='lat' dir='ltr'><strong>proicipue</strong></span> <span class='ocrx_word' id='word_1_563' title='bbox 1096 4777 1304 4847; x_wconf 85' lang='lat' dir='ltr'><strong>quando</strong></span> <span class='ocrx_word' id='word_1_564' title='bbox 1334 4794 1446 4850; x_wconf 77' lang='lat' dir='ltr'><strong>cum</strong></span> <span class='ocrx_word' id='word_1_565' title='bbox 1479 4778 1617 4842; x_wconf 89' lang='lat' dir='ltr'><strong>turpi</strong></span> <span class='ocrx_word' id='word_1_566' title='bbox 1664 4782 2027 4850; x_wconf 84' lang='lat' dir='ltr'><strong>imaginatione</strong></span> <span class='ocrx_word' id='word_1_567' title='bbox 2064 4798 2188 4835; x_wconf 86' lang='lat' dir='ltr'><strong>con-</strong></span> 
     </span>
    </p>
   </div>
   <div class='ocr_carea' id='block_1_82' title="bbox 594 4846 2188 4919">
    <p class='ocr_par' dir='ltr' id='par_1_82' title="bbox 594 4846 2188 4919">
     <span class='ocr_line' id='line_1_83' title="bbox 594 4846 2188 4919; baseline 0.003 -18"><span class='ocrx_word' id='word_1_568' title='bbox 594 4848 763 4917; x_wconf 89' lang='lat' dir='ltr'><strong>tingit.</strong></span> <span class='ocrx_word' id='word_1_569' title='bbox 792 4846 907 4899; x_wconf 83' lang='lat' dir='ltr'><strong>Hoc</strong></span> <span class='ocrx_word' id='word_1_570' title='bbox 940 4846 1113 4901; x_wconf 88' lang='lat' dir='ltr'><strong>tamen</strong></span> <span class='ocrx_word' id='word_1_571' title='bbox 1152 4848 1571 4917; x_wconf 85' lang='lat' dir='ltr'><strong>impedimentum</strong></span> <span class='ocrx_word' id='word_1_572' title='bbox 1602 4850 1740 4916; x_wconf 90' lang='lat' dir='ltr'><strong>quod</strong></span> <span class='ocrx_word' id='word_1_573' title='bbox 1770 4846 1835 4905; x_wconf 73' lang='lat' dir='ltr'><strong>ex</strong></span> <span class='ocrx_word' id='word_1_574' title='bbox 1865 4854 2188 4919; x_wconf 85' lang='lat' dir='ltr'><strong>congruitate</strong></span> 
     </span>
    </p>
   </div>
   <div class='ocr_carea' id='block_1_83' title="bbox 595 4912 2184 4989">
    <p class='ocr_par' dir='ltr' id='par_1_83' title="bbox 595 4912 2184 4989">
     <span class='ocr_line' id='line_1_84' title="bbox 595 4912 2184 4989; baseline 0.002 -16"><span class='ocrx_word' id='word_1_575' title='bbox 595 4912 848 4988; x_wconf 78' lang='lat' dir='ltr'><strong>provenit,</strong></span> <span class='ocrx_word' id='word_1_576' title='bbox 876 4919 1112 4989; x_wconf 75' lang='lat' dir='ltr'><strong>postponi</strong></span> <span class='ocrx_word' id='word_1_577' title='bbox 1139 4912 1281 4973; x_wconf 86' lang='lat' dir='ltr'><strong>debet</strong></span> <span class='ocrx_word' id='word_1_578' title='bbox 1315 4928 1521 4989; x_wconf 85' lang='lat' dir='ltr'><strong>propter</strong></span> <span class='ocrx_word' id='word_1_579' title='bbox 1552 4912 1780 4988; x_wconf 87' lang='lat' dir='ltr'><strong>aliquant</strong></span> <span class='ocrx_word' id='word_1_580' title='bbox 1815 4912 2184 4989; x_wconf 67' lang='lat' dir='ltr'><strong>necessitatem,</strong></span> 
     </span>
    </p>
   </div>
   <div class='ocr_carea' id='block_1_84' title="bbox 596 4988 2189 5064">
    <p class='ocr_par' dir='ltr' id='par_1_84' title="bbox 596 4988 2189 5064">
     <span class='ocr_line' id='line_1_85' title="bbox 596 4988 2189 5064; baseline 0.003 -21"><span class='ocrx_word' id='word_1_581' title='bbox 596 5003 740 5063; x_wconf 78' lang='lat' dir='ltr'><strong>puta.</strong></span> <span class='ocrx_word' id='word_1_582' title='bbox 776 5002 827 5043; x_wconf 92' lang='lat' dir='ltr'><strong>ut</strong></span> <span class='ocrx_word' id='word_1_583' title='bbox 852 4988 1134 5058; x_wconf 80' lang='lat' dir='ltr'><strong>Gregorius</strong></span> <span class='ocrx_word' id='word_1_584' title='bbox 1182 4993 1327 5058; x_wconf 80' lang='lat' dir='ltr'><strong>dicit,</strong></span> <span class='ocrx_word' id='word_1_585' title='bbox 1366 5006 1478 5064; x_wconf 83' lang='lat' dir='ltr'><strong>cum</strong></span> <span class='ocrx_word' id='word_1_586' title='bbox 1511 4990 1727 5059; x_wconf 77' lang='lat' dir='ltr'><strong>fortasse</strong></span> <span class='ocrx_word' id='word_1_587' title='bbox 1757 5005 1845 5047; x_wconf 87' lang='lat' dir='ltr'><strong>aut</strong></span> <span class='ocrx_word' id='word_1_588' title='bbox 1878 4996 2036 5064; x_wconf 76' lang='lat' dir='ltr'><strong>[estus</strong></span> <span class='ocrx_word' id='word_1_589' title='bbox 2079 4995 2189 5048; x_wconf 88' lang='lat' dir='ltr'><strong>dies</strong></span> 
     </span>
    </p>
   </div>
   <div class='ocr_carea' id='block_1_85' title="bbox 595 5062 2187 5133">
    <p class='ocr_par' dir='ltr' id='par_1_85' title="bbox 595 5062 2187 5133">
     <span class='ocr_line' id='line_1_86' title="bbox 595 5062 2187 5133; baseline 0.003 -19"><span class='ocrx_word' id='word_1_590' title='bbox 595 5062 771 5133; x_wconf 70' lang='lat' dir='ltr'><strong>erigit.</strong></span> <span class='ocrx_word' id='word_1_591' title='bbox 802 5074 889 5115; x_wconf 86' lang='lat' dir='ltr'><strong>aut</strong></span> <span class='ocrx_word' id='word_1_592' title='bbox 915 5064 1151 5116; x_wconf 78' lang='lat' dir='ltr'><strong>exhibere</strong></span> <span class='ocrx_word' id='word_1_593' title='bbox 1184 5062 1521 5114; x_wconf 85' lang='lat' dir='ltr'><strong>ministerium</strong></span> <span class='ocrx_word' id='word_1_594' title='bbox 1554 5078 1646 5133; x_wconf 81' lang='lat' dir='ltr'><strong>pro</strong></span> <span class='ocrx_word' id='word_1_595' title='bbox 1669 5080 1726 5117; x_wconf 91' lang='lat' dir='ltr'><strong>eo</strong></span> <span class='ocrx_word' id='word_1_596' title='bbox 1759 5062 1895 5129; x_wconf 85' lang='lat' dir='ltr'><strong>quod</strong></span> <span class='ocrx_word' id='word_1_597' title='bbox 1947 5066 2187 5119; x_wconf 83' lang='lat' dir='ltr'><strong>sacerdos</strong></span> 
     </span>
    </p>
   </div>
   <div class='ocr_carea' id='block_1_86' title="bbox 598 5131 2186 5202">
    <p class='ocr_par' dir='ltr' id='par_1_86' title="bbox 598 5131 2186 5202">
     <span class='ocr_line' id='line_1_87' title="bbox 598 5131 2186 5202; baseline 0.003 -18"><span class='ocrx_word' id='word_1_598' title='bbox 598 5131 731 5185; x_wconf 84' lang='lat' dir='ltr'><strong>alius</strong></span> <span class='ocrx_word' id='word_1_599' title='bbox 758 5136 912 5194; x_wconf 83' lang='lat' dir='ltr'><strong>deest,</strong></span> <span class='ocrx_word' id='word_1_600' title='bbox 946 5136 1058 5202; x_wconf 84' lang='lat' dir='ltr'><strong>ipsa</strong></span> <span class='ocrx_word' id='word_1_601' title='bbox 1083 5136 1357 5187; x_wconf 72' lang='lat' dir='ltr'><strong>necessitas</strong></span> <span class='ocrx_word' id='word_1_602' title='bbox 1381 5131 1659 5201; x_wconf 84' lang='lat' dir='ltr'><strong>compellit.</strong></span> <span class='ocrx_word' id='word_1_603' title='bbox 1693 5135 1818 5188; x_wconf 81' lang='lat' dir='ltr'><strong>ll:ec</strong></span> <span class='ocrx_word' id='word_1_604' title='bbox 1842 5137 1899 5191; x_wconf 87' lang='lat' dir='ltr'><strong>S.</strong></span> <span class='ocrx_word' id='word_1_605' title='bbox 1922 5137 2186 5202; x_wconf 84' lang='lat' dir='ltr'><strong>Thomas,</strong></span> 
     </span>
    </p>
   </div>
   <div class='ocr_carea' id='block_1_87' title="bbox 597 5202 2190 5270">
    <p class='ocr_par' dir='ltr' id='par_1_87' title="bbox 597 5202 2190 5270">
     <span class='ocr_line' id='line_1_88' title="bbox 597 5202 2190 5270; baseline 0.004 -15"><span class='ocrx_word' id='word_1_606' title='bbox 597 5205 790 5270; x_wconf 78' lang='lat' dir='ltr'><strong>quibus</strong></span> <span class='ocrx_word' id='word_1_607' title='bbox 816 5205 945 5257; x_wconf 87' lang='lat' dir='ltr'><strong>nihil</strong></span> <span class='ocrx_word' id='word_1_608' title='bbox 979 5207 1238 5267; x_wconf 74' lang='lat' dir='ltr'><strong>exactius,</strong></span> <span class='ocrx_word' id='word_1_609' title='bbox 1262 5202 1393 5255; x_wconf 88' lang='lat' dir='ltr'><strong>nihil</strong></span> <span class='ocrx_word' id='word_1_610' title='bbox 1421 5203 1738 5267; x_wconf 71' lang='lat' dir='ltr'><strong>explicatius</strong></span> <span class='ocrx_word' id='word_1_611' title='bbox 1761 5206 1815 5260; x_wconf 88' lang='lat' dir='ltr'><strong>in</strong></span> <span class='ocrx_word' id='word_1_612' title='bbox 1840 5208 1940 5261; x_wconf 83' lang='lat' dir='ltr'><strong>hac.</strong></span> <span class='ocrx_word' id='word_1_613' title='bbox 1963 5208 2190 5262; x_wconf 84' lang='lat' dir='ltr'><strong>materia</strong></span> 
     </span>
    </p>
   </div>
   <div class='ocr_carea' id='block_1_88' title="bbox 600 5272 2190 5342">
    <p class='ocr_par' dir='ltr' id='par_1_88' title="bbox 600 5272 2190 5342">
     <span class='ocr_line' id='line_1_89' title="bbox 600 5272 2190 5342; baseline 0.003 -14"><span class='ocrx_word' id='word_1_614' title='bbox 600 5275 776 5328; x_wconf 74' lang='lat' dir='ltr'><strong>allerri</strong></span> <span class='ocrx_word' id='word_1_615' title='bbox 814 5285 1024 5342; x_wconf 82' lang='lat' dir='ltr'><strong>potest;</strong></span> <span class='ocrx_word' id='word_1_616' title='bbox 1085 5275 1315 5342; x_wconf 75' lang='lat' dir='ltr'><strong>ideoque</strong></span> <span class='ocrx_word' id='word_1_617' title='bbox 1350 5282 1405 5324; x_wconf 88' lang='lat' dir='ltr'><strong>ut</strong></span> <span class='ocrx_word' id='word_1_618' title='bbox 1453 5272 1575 5326; x_wconf 90' lang='lat' dir='ltr'><strong>huic</strong></span> <span class='ocrx_word' id='word_1_619' title='bbox 1608 5275 1726 5329; x_wconf 87' lang='lat' dir='ltr'><strong>loco</strong></span> <span class='ocrx_word' id='word_1_620' title='bbox 1774 5289 1827 5331; x_wconf 90' lang='lat' dir='ltr'><strong>et</strong></span> <span class='ocrx_word' id='word_1_621' title='bbox 1874 5280 1987 5333; x_wconf 81' lang='lat' dir='ltr'><strong>fere</strong></span> <span class='ocrx_word' id='word_1_622' title='bbox 2026 5282 2190 5333; x_wconf 87' lang='lat' dir='ltr'><strong>totius</strong></span> 
     </span>
    </p>
   </div>
   <div class='ocr_carea' id='block_1_89' title="bbox 600 5345 2191 5414">
    <p class='ocr_par' dir='ltr' id='par_1_89' title="bbox 600 5345 2191 5414">
     <span class='ocr_line' id='line_1_90' title="bbox 600 5345 2191 5414; baseline 0.003 -15"><span class='ocrx_word' id='word_1_623' title='bbox 600 5345 903 5399; x_wconf 82' lang='lat' dir='ltr'><strong>collationis</strong></span> <span class='ocrx_word' id='word_1_624' title='bbox 930 5356 1250 5413; x_wconf 77' lang='lat' dir='ltr'><strong>argumento</strong></span> <span class='ocrx_word' id='word_1_625' title='bbox 1277 5345 1513 5397; x_wconf 84' lang='lat' dir='ltr'><strong>maxime</strong></span> <span class='ocrx_word' id='word_1_626' title='bbox 1540 5350 1963 5414; x_wconf 88' lang='lat' dir='ltr'><strong>accommodata,</strong></span> <span class='ocrx_word' id='word_1_627' title='bbox 1992 5351 2060 5403; x_wconf 88' lang='lat' dir='ltr'><strong>ita</strong></span> <span class='ocrx_word' id='word_1_628' title='bbox 2092 5350 2191 5403; x_wconf 90' lang='lat' dir='ltr'><strong>mi-</strong></span> 
     </span>
    </p>
   </div>
   <div class='ocr_carea' id='block_1_90' title="bbox 600 5416 2191 5489">
    <p class='ocr_par' dir='ltr' id='par_1_90' title="bbox 600 5416 2191 5489">
     <span class='ocr_line' id='line_1_91' title="bbox 600 5416 2191 5489; baseline 0.002 -19"><span class='ocrx_word' id='word_1_629' title='bbox 600 5418 743 5489; x_wconf 83' lang='lat' dir='ltr'><strong>nime</strong></span> <span class='ocrx_word' id='word_1_630' title='bbox 774 5418 1236 5485; x_wconf 68' lang='lat' dir='ltr'><strong>praetermittenda</strong></span> <span class='ocrx_word' id='word_1_631' title='bbox 1271 5416 1398 5489; x_wconf 81' lang='lat' dir='ltr'><strong>visa</strong></span> <span class='ocrx_word' id='word_1_632' title='bbox 1423 5424 1565 5489; x_wconf 65' lang='lat' dir='ltr'><strong>sunt.</strong></span> <span class='ocrx_word' id='word_1_633' title='bbox 1596 5418 1801 5481; x_wconf 86' lang='lat' dir='ltr'><strong>Quibus</strong></span> <span class='ocrx_word' id='word_1_634' title='bbox 1830 5423 2032 5489; x_wconf 82' lang='lat' dir='ltr'><strong>Optime</strong></span> <span class='ocrx_word' id='word_1_635' title='bbox 2058 5435 2191 5473; x_wconf 90' lang='lat' dir='ltr'><strong>con-</strong></span> 
     </span>
    </p>
   </div>
   <div class='ocr_carea' id='block_1_91' title="bbox 600 5484 2237 5555">
    <p class='ocr_par' dir='ltr' id='par_1_91' title="bbox 600 5484 2237 5555">
     <span class='ocr_line' id='line_1_92' title="bbox 600 5484 2237 5555; baseline 0.004 -14"><span class='ocrx_word' id='word_1_636' title='bbox 600 5487 840 5541; x_wconf 86' lang='lat' dir='ltr'><strong>Sentinnt</strong></span> <span class='ocrx_word' id='word_1_637' title='bbox 868 5504 985 5555; x_wconf 77' lang='lat' dir='ltr'><strong>quze</strong></span> <span class='ocrx_word' id='word_1_638' title='bbox 1021 5491 1071 5541; x_wconf 91' lang='lat' dir='ltr'><strong>in</strong></span> <span class='ocrx_word' id='word_1_639' title='bbox 1096 5485 1473 5543; x_wconf 73' lang='lat' dir='ltr'><strong>Cmremoniali</strong></span> <span class='ocrx_word' id='word_1_640' title='bbox 1523 5484 1935 5546; x_wconf 80' lang='lat' dir='ltr'><strong>Benedicmrum</strong></span> <span class='ocrx_word' id='word_1_641' title='bbox 1966 5507 2193 5553; x_wconf 70' lang='lat' dir='ltr'><strong>congre-</strong></span> <span class='ocrx_word' id='word_1_642' title='bbox 2230 5541 2237 5548; x_wconf 94' lang='lat'><strong>.</strong></span> 
     </span>
    </p>
   </div>
   <div class='ocr_carea' id='block_1_92' title="bbox 601 5558 2191 5626">
    <p class='ocr_par' dir='ltr' id='par_1_92' title="bbox 601 5558 2191 5626">
     <span class='ocr_line' id='line_1_93' title="bbox 601 5558 2191 5626; baseline 0.005 -17"><span class='ocrx_word' id='word_1_643' title='bbox 601 5558 830 5625; x_wconf 83' lang='lat' dir='ltr'><strong>gationis</strong></span> <span class='ocrx_word' id='word_1_644' title='bbox 863 5558 1195 5613; x_wconf 70' lang='lat' dir='ltr'><strong>Bnnsl&#39;elden.</strong></span> <span class='ocrx_word' id='word_1_645' title='bbox 1224 5560 1510 5622; x_wconf 79' lang='lat' dir='ltr'><strong>habentur,</strong></span> <span class='ocrx_word' id='word_1_646' title='bbox 1536 5572 1658 5626; x_wconf 70' lang='lat' dir='ltr'><strong>quae</strong></span> <span class='ocrx_word' id='word_1_647' title='bbox 1686 5562 1772 5615; x_wconf 93' lang='lat' dir='ltr'><strong>hic</strong></span> <span class='ocrx_word' id='word_1_648' title='bbox 1797 5566 1955 5616; x_wconf 80' lang='lat' dir='ltr'><strong>etiam</strong></span> <span class='ocrx_word' id='word_1_649' title='bbox 1986 5562 2191 5617; x_wconf 80' lang='lat' dir='ltr'><strong>referre</strong></span> 
     </span>
    </p>
   </div>
   <div class='ocr_carea' id='block_1_93' title="bbox 606 5628 2187 5703">
    <p class='ocr_par' dir='ltr' id='par_1_93' title="bbox 606 5628 2187 5703">
     <span class='ocr_line' id='line_1_94' title="bbox 606 5628 2187 5703; baseline 0.005 -26"><span class='ocrx_word' id='word_1_650' title='bbox 606 5628 847 5703; x_wconf 74' lang='lat' dir='ltr'><strong>non_eri_t</strong></span> <span class='ocrx_word' id='word_1_651' title='bbox 877 5630 1110 5681; x_wconf 84' lang='lat' dir='ltr'><strong>alienum</strong></span> <span class='ocrx_word' id='word_1_652' title='bbox 1144 5640 1236 5683; x_wconf 85' lang='lat' dir='ltr'><strong>aut</strong></span> <span class='ocrx_word' id='word_1_653' title='bbox 1257 5643 1741 5703; x_wconf 59' lang='lat' dir='ltr'><strong>supervagnteum.</strong></span> <span class='ocrx_word' id='word_1_654' title='bbox 1768 5634 1854 5689; x_wconf 87' lang='lat' dir='ltr'><strong>Sic</strong></span> <span class='ocrx_word' id='word_1_655' title='bbox 1884 5636 2187 5703; x_wconf 83' lang='lat' dir='ltr'><strong>igiturcap.</strong></span> 
     </span>
    </p>
   </div>
   <div class='ocr_carea' id='block_1_94' title="bbox 604 5693 2194 5771">
    <p class='ocr_par' dir='ltr' id='par_1_94' title="bbox 604 5693 2194 5771">
     <span class='ocr_line' id='line_1_95' title="bbox 604 5693 2194 5771; baseline 0.008 -29"><span class='ocrx_word' id='word_1_656' title='bbox 604 5694 673 5771; x_wconf 71' lang='lat' dir='ltr'><strong>de</strong></span> <span class='ocrx_word' id='word_1_657' title='bbox 700 5693 873 5770; x_wconf 74' lang='lat' dir='ltr'><strong>illusis</strong></span> <span class='ocrx_word' id='word_1_658' title='bbox 902 5707 1162 5771; x_wconf 79' lang='lat' dir='ltr'><strong>nocturno</strong></span> <span class='ocrx_word' id='word_1_659' title='bbox 1201 5693 1394 5771; x_wconf 78' lang='lat' dir='ltr'><strong>sontno</strong></span> <span class='ocrx_word' id='word_1_660' title='bbox 1427 5714 1449 5771; x_wconf 84' lang='lat'><strong>:_</strong></span> <span class='ocrx_word' id='word_1_661' title='bbox 1492 5696 1559 5749; x_wconf 84' lang='lat' dir='ltr'><strong>Et</strong></span> <span class='ocrx_word' id='word_1_662' title='bbox 1588 5701 1631 5752; x_wconf 87' lang='lat' dir='ltr'><strong>si</strong></span> <span class='ocrx_word' id='word_1_663' title='bbox 1674 5693 1953 5755; x_wconf 59' lang='lat' dir='ltr'><strong>nocturnd</strong></span> <span class='ocrx_word' id='word_1_664' title='bbox 1978 5693 2194 5771; x_wconf 79' lang='lat' dir='ltr'><strong>pollutio</strong></span> 
     </span>
    </p>
   </div>
   <div class='ocr_carea' id='block_1_95' title="bbox 609 5762 2197 5839">
    <p class='ocr_par' dir='ltr' id='par_1_95' title="bbox 609 5762 2197 5839">
     <span class='ocr_line' id='line_1_96' title="bbox 609 5762 2197 5839; baseline 0.011 -32"><span class='ocrx_word' id='word_1_665' title='bbox 609 5762 863 5839; x_wconf 66' lang='lat' dir='ltr'><strong>plerisque</strong></span> <span class='ocrx_word' id='word_1_666' title='bbox 892 5766 1126 5839; x_wconf 73' lang='lat' dir='ltr'><strong>accidat,</strong></span> <span class='ocrx_word' id='word_1_667' title='bbox 1181 5767 1324 5839; x_wconf 74' lang='lat' dir='ltr'><strong>nulla</strong></span> <span class='ocrx_word' id='word_1_668' title='bbox 1367 5767 1531 5839; x_wconf 74' lang='lat' dir='ltr'><strong>culpa</strong></span> <span class='ocrx_word' id='word_1_669' title='bbox 1560 5784 1651 5819; x_wconf 89' lang='lat' dir='ltr'><strong>sua</strong></span> <span class='ocrx_word' id='word_1_670' title='bbox 1704 5762 2041 5839; x_wconf 71' lang='lat' dir='ltr'><strong>prmcedenie,</strong></span> <span class='ocrx_word' id='word_1_671' title='bbox 2076 5775 2197 5835; x_wconf 89' lang='lat' dir='ltr'><strong>quia</strong></span> 
     </span>
    </p>
   </div>
   <div class='ocr_carea' id='block_1_96' title="bbox 610 5825 2198 5907">
    <p class='ocr_par' dir='ltr' id='par_1_96' title="bbox 610 5825 2198 5907">
     <span class='ocr_line' id='line_1_97' title="bbox 610 5825 2198 5907; baseline 0.018 -36"><span class='ocrx_word' id='word_1_672' title='bbox 610 5830 784 5877; x_wconf 70' lang='lat' dir='ltr'><strong>uinea</strong></span> <span class='ocrx_word' id='word_1_673' title='bbox 811 5825 1105 5893; x_wconf 67' lang='lat' dir='ltr'><strong>hujusntodi</strong></span> <span class='ocrx_word' id='word_1_674' title='bbox 1133 5834 1304 5899; x_wconf 88' lang='lat' dir='ltr'><strong>passio</strong></span> <span class='ocrx_word' id='word_1_675' title='bbox 1342 5825 1616 5903; x_wconf 73' lang='lat' dir='ltr'><strong>quamdam</strong></span> <span class='ocrx_word' id='word_1_676' title='bbox 1661 5825 1831 5893; x_wconf 69' lang='lat' dir='ltr'><strong>cdrnis</strong></span> <span class='ocrx_word' id='word_1_677' title='bbox 1876 5825 2198 5907; x_wconf 79' lang='lat' dir='ltr'><strong>pruriginem</strong></span> 
     </span>
    </p>
   </div>
   <div class='ocr_carea' id='block_1_97' title="bbox 2209 4682 2262 4743">
    <p class='ocr_par' dir='ltr' id='par_1_97' title="bbox 2209 4682 2262 4743">
     <span class='ocr_line' id='line_1_98' title="bbox 2209 4682 2262 4743; baseline 0 0"><span class='ocrx_word' id='word_1_678' title='bbox 2209 4682 2262 4743; x_wconf 92' lang='lat' dir='ltr'><strong>D</strong></span> 
     </span>
    </p>
   </div>
   <div class='ocr_carea' id='block_1_98' title="bbox 2274 3358 3869 3430">
    <p class='ocr_par' dir='ltr' id='par_1_98' title="bbox 2274 3358 3869 3430">
     <span class='ocr_line' id='line_1_99' title="bbox 2274 3358 3869 3430; baseline -0.005 -13"><span class='ocrx_word' id='word_1_679' title='bbox 2274 3366 2495 3417; x_wconf 88' lang='lat' dir='ltr'><strong>durante</strong></span> <span class='ocrx_word' id='word_1_680' title='bbox 2534 3370 2585 3414; x_wconf 82' lang='lat' dir='ltr'><strong>tn</strong></span> <span class='ocrx_word' id='word_1_681' title='bbox 2628 3376 2798 3430; x_wconf 81' lang='lat' dir='ltr'><strong>passo,</strong></span> <span class='ocrx_word' id='word_1_682' title='bbox 2847 3359 3031 3410; x_wconf 86' lang='lat' dir='ltr'><strong>decens</strong></span> <span class='ocrx_word' id='word_1_683' title='bbox 3063 3368 3141 3411; x_wconf 88' lang='lat' dir='ltr'><strong>est</strong></span> <span class='ocrx_word' id='word_1_684' title='bbox 3170 3376 3286 3411; x_wconf 88' lang='lat' dir='ltr'><strong>eum</strong></span> <span class='ocrx_word' id='word_1_685' title='bbox 3328 3376 3358 3409; x_wconf 85' lang='grc' dir='ltr'><em>α</em></span> <span class='ocrx_word' id='word_1_686' title='bbox 3398 3358 3736 3410; x_wconf 85' lang='lat' dir='ltr'><strong>celebratione.</strong></span> <span class='ocrx_word' id='word_1_687' title='bbox 3779 3376 3869 3411; x_wconf 80' lang='lat' dir='ltr'><strong>seu</strong></span> 
     </span>
    </p>
   </div>
   <div class='ocr_carea' id='block_1_99' title="bbox 2271 3430 3869 3495">
    <p class='ocr_par' dir='ltr' id='par_1_99' title="bbox 2271 3430 3869 3495">
     <span class='ocr_line' id='line_1_100' title="bbox 2271 3430 3869 3495; baseline -0.004 -8"><span class='ocrx_word' id='word_1_688' title='bbox 2271 3436 2625 3487; x_wconf 85' lang='lat' dir='ltr'><strong>communione</strong></span> <span class='ocrx_word' id='word_1_689' title='bbox 2648 3431 2923 3489; x_wconf 86' lang='lat' dir='ltr'><strong>abstinere,</strong></span> <span class='ocrx_word' id='word_1_690' title='bbox 2946 3430 3170 3491; x_wconf 85' lang='lat' dir='ltr'><strong>etiamsi,</strong></span> <span class='ocrx_word' id='word_1_691' title='bbox 3192 3440 3246 3480; x_wconf 88' lang='lat' dir='ltr'><strong>ut</strong></span> <span class='ocrx_word' id='word_1_692' title='bbox 3267 3434 3563 3495; x_wconf 69' lang='lat' dir='ltr'><strong>pra’fertur,</strong></span> <span class='ocrx_word' id='word_1_693' title='bbox 3590 3430 3869 3494; x_wconf 79' lang='lat' dir='ltr'><strong>provenerit</strong></span> 
     </span>
    </p>
   </div>
   <div class='ocr_carea' id='block_1_100' title="bbox 2271 3498 3865 3571">
    <p class='ocr_par' dir='ltr' id='par_1_100' title="bbox 2271 3498 3865 3571">
     <span class='ocr_line' id='line_1_101' title="bbox 2271 3498 3865 3571; baseline -0.004 -13"><span class='ocrx_word' id='word_1_694' title='bbox 2271 3507 2379 3559; x_wconf 88' lang='lat' dir='ltr'><strong>sine</strong></span> <span class='ocrx_word' id='word_1_695' title='bbox 2410 3504 2581 3571; x_wconf 87' lang='lat' dir='ltr'><strong>culpa.</strong></span> <span class='ocrx_word' id='word_1_696' title='bbox 2616 3498 2683 3551; x_wconf 89' lang='lat' dir='ltr'><strong>In</strong></span> <span class='ocrx_word' id='word_1_697' title='bbox 2738 3498 3049 3571; x_wconf 84' lang='lat' dir='ltr'><strong>solemnibus</strong></span> <span class='ocrx_word' id='word_1_698' title='bbox 3098 3510 3265 3550; x_wconf 87' lang='lat' dir='ltr'><strong>tamen</strong></span> <span class='ocrx_word' id='word_1_699' title='bbox 3320 3500 3728 3565; x_wconf 70' lang='lat' dir='ltr'><strong>festivitatibus,</strong></span> <span class='ocrx_word' id='word_1_700' title='bbox 3783 3517 3865 3552; x_wconf 79' lang='lat' dir='ltr'><strong>seu</strong></span> 
     </span>
    </p>
   </div>
   <div class='ocr_carea' id='block_1_101' title="bbox 2272 3569 3865 3643">
    <p class='ocr_par' dir='ltr' id='par_1_101' title="bbox 2272 3569 3865 3643">
     <span class='ocr_line' id='line_1_102' title="bbox 2272 3569 3865 3643; baseline -0.005 -16"><span class='ocrx_word' id='word_1_701' title='bbox 2272 3569 2577 3643; x_wconf 86' lang='lat' dir='ltr'><strong>temporibus</strong></span> <span class='ocrx_word' id='word_1_702' title='bbox 2628 3569 2920 3643; x_wconf 73' lang='lat' dir='ltr'><strong>prtrcipuis,</strong></span> <span class='ocrx_word' id='word_1_703' title='bbox 2952 3578 3165 3643; x_wconf 84' lang='lat' dir='ltr'><strong>propter</strong></span> <span class='ocrx_word' id='word_1_704' title='bbox 3194 3579 3377 3643; x_wconf 79' lang='lat' dir='ltr'><strong>notam</strong></span> <span class='ocrx_word' id='word_1_705' title='bbox 3406 3572 3619 3643; x_wconf 75' lang='lat' dir='ltr'><strong>poterit,</strong></span> <span class='ocrx_word' id='word_1_706' title='bbox 3649 3574 3865 3641; x_wconf 75' lang='lat' dir='ltr'><strong>quisquis</strong></span> 
     </span>
    </p>
   </div>
   <div class='ocr_carea' id='block_1_102' title="bbox 2269 3639 3863 3709">
    <p class='ocr_par' dir='ltr' id='par_1_102' title="bbox 2269 3639 3863 3709">
     <span class='ocr_line' id='line_1_103' title="bbox 2269 3639 3863 3709; baseline -0.001 -10"><span class='ocrx_word' id='word_1_707' title='bbox 2269 3646 2356 3699; x_wconf 87' lang='lat' dir='ltr'><strong>ille</strong></span> <span class='ocrx_word' id='word_1_708' title='bbox 2372 3639 2476 3708; x_wconf 78' lang='lat' dir='ltr'><strong>est,</strong></span> <span class='ocrx_word' id='word_1_709' title='bbox 2510 3644 2701 3709; x_wconf 66' lang='lat' dir='ltr'><strong>praevia</strong></span> <span class='ocrx_word' id='word_1_710' title='bbox 2745 3640 3066 3704; x_wconf 72' lang='lat' dir='ltr'><strong>confessione</strong></span> <span class='ocrx_word' id='word_1_711' title='bbox 3094 3646 3141 3691; x_wconf 89' lang='lat' dir='ltr'><strong>et</strong></span> <span class='ocrx_word' id='word_1_712' title='bbox 3170 3639 3345 3691; x_wconf 72' lang='lat' dir='ltr'><strong>devota</strong></span> <span class='ocrx_word' id='word_1_713' title='bbox 3378 3639 3752 3697; x_wconf 73' lang='lat' dir='ltr'><strong>exercitatione</strong></span> <span class='ocrx_word' id='word_1_714' title='bbox 3780 3660 3863 3703; x_wconf 80' lang='lat' dir='ltr'><strong>pro</strong></span> 
     </span>
    </p>
   </div>
   <div class='ocr_carea' id='block_1_103' title="bbox 2274 3710 3863 3786">
    <p class='ocr_par' dir='ltr' id='par_1_103' title="bbox 2274 3710 3863 3786">
     <span class='ocr_line' id='line_1_104' title="bbox 2274 3710 3863 3786; baseline -0.003 -16"><span class='ocrx_word' id='word_1_715' title='bbox 2274 3734 2421 3786; x_wconf 89' lang='lat' dir='ltr'><strong>posse</strong></span> <span class='ocrx_word' id='word_1_716' title='bbox 2455 3716 2770 3775; x_wconf 79' lang='lat' dir='ltr'><strong>Itabilitatus,</strong></span> <span class='ocrx_word' id='word_1_717' title='bbox 2804 3727 2920 3786; x_wconf 83' lang='lat' dir='ltr'><strong>cum</strong></span> <span class='ocrx_word' id='word_1_718' title='bbox 2941 3710 3275 3786; x_wconf 80' lang='lat' dir='ltr'><strong>permissinne</strong></span> <span class='ocrx_word' id='word_1_719' title='bbox 3295 3711 3495 3786; x_wconf 70' lang='lat' dir='ltr'><strong>prtrloti</strong></span> <span class='ocrx_word' id='word_1_720' title='bbox 3535 3722 3635 3786; x_wconf 83' lang='lat' dir='ltr'><strong>aut</strong></span> <span class='ocrx_word' id='word_1_721' title='bbox 3669 3715 3863 3780; x_wconf 78' lang='lat' dir='ltr'><strong>confes-</strong></span> 
     </span>
    </p>
   </div>
   <div class='ocr_carea' id='block_1_104' title="bbox 2275 3781 3867 3855">
    <p class='ocr_par' dir='ltr' id='par_1_104' title="bbox 2275 3781 3867 3855">
     <span class='ocr_line' id='line_1_105' title="bbox 2275 3781 3867 3855; baseline -0.004 -12"><span class='ocrx_word' id='word_1_722' title='bbox 2275 3781 2407 3843; x_wconf 75' lang='lat' dir='ltr'><strong>soris</strong></span> <span class='ocrx_word' id='word_1_723' title='bbox 2437 3786 2751 3855; x_wconf 84' lang='lat' dir='ltr'><strong>conﬁdenter</strong></span> <span class='ocrx_word' id='word_1_724' title='bbox 2773 3782 3039 3855; x_wconf 59' lang='lat' dir='ltr'><strong>accedere,</strong></span> <span class='ocrx_word' id='word_1_725' title='bbox 3072 3782 3174 3834; x_wconf 76' lang='lat' dir='ltr'><strong>sive</strong></span> <span class='ocrx_word' id='word_1_726' title='bbox 3195 3782 3267 3855; x_wconf 11' lang='lat' dir='ltr'><strong>ad,</strong></span> <span class='ocrx_word' id='word_1_727' title='bbox 3299 3781 3721 3855; x_wconf 68' lang='lat' dir='ltr'><strong>celebrationem,</strong></span> <span class='ocrx_word' id='word_1_728' title='bbox 3769 3787 3867 3837; x_wconf 80' lang='lat' dir='ltr'><strong>sire</strong></span> 
     </span>
    </p>
   </div>
   <div class='ocr_carea' id='block_1_105' title="bbox 2276 3852 3863 3923">
    <p class='ocr_par' dir='ltr' id='par_1_105' title="bbox 2276 3852 3863 3923">
     <span class='ocr_line' id='line_1_106' title="bbox 2276 3852 3863 3923; baseline -0.003 -12"><span class='ocrx_word' id='word_1_729' title='bbox 2276 3860 2344 3912; x_wconf 91' lang='lat' dir='ltr'><strong>ad</strong></span> <span class='ocrx_word' id='word_1_730' title='bbox 2386 3852 2817 3913; x_wconf 87' lang='lat' dir='ltr'><strong>communionem.</strong></span> <span class='ocrx_word' id='word_1_731' title='bbox 2870 3852 3119 3909; x_wconf 83' lang='lat' dir='ltr'><strong>Similiter</strong></span> <span class='ocrx_word' id='word_1_732' title='bbox 3171 3853 3395 3921; x_wconf 74' lang='lat' dir='ltr'><strong>faciatis,</strong></span> <span class='ocrx_word' id='word_1_733' title='bbox 3445 3854 3527 3905; x_wconf 88' lang='lat' dir='ltr'><strong>cui</strong></span> <span class='ocrx_word' id='word_1_734' title='bbox 3582 3871 3646 3907; x_wconf 72' lang='lat' dir='ltr'><strong>ex</strong></span> <span class='ocrx_word' id='word_1_735' title='bbox 3698 3856 3863 3923; x_wconf 80' lang='lat' dir='ltr'><strong>ofﬁcio</strong></span> 
     </span>
    </p>
   </div>
   <div class='ocr_carea' id='block_1_106' title="bbox 2276 3924 3863 3996">
    <p class='ocr_par' dir='ltr' id='par_1_106' title="bbox 2276 3924 3863 3996">
     <span class='ocr_line' id='line_1_107' title="bbox 2276 3924 3863 3996; baseline -0.005 -13"><span class='ocrx_word' id='word_1_736' title='bbox 2276 3931 2521 3984; x_wconf 87' lang='lat' dir='ltr'><strong>incumbit</strong></span> <span class='ocrx_word' id='word_1_737' title='bbox 2544 3947 2603 3983; x_wconf 91' lang='lat' dir='ltr'><strong>ea</strong></span> <span class='ocrx_word' id='word_1_738' title='bbox 2632 3930 2713 3981; x_wconf 90' lang='lat' dir='ltr'><strong>die</strong></span> <span class='ocrx_word' id='word_1_739' title='bbox 2739 3944 2839 3996; x_wconf 90' lang='lat' dir='ltr'><strong>qua</strong></span> <span class='ocrx_word' id='word_1_740' title='bbox 2869 3926 2959 3978; x_wconf 84' lang='lat' dir='ltr'><strong>sibi</strong></span> <span class='ocrx_word' id='word_1_741' title='bbox 2992 3924 3291 3994; x_wconf 82' lang='lat' dir='ltr'><strong>hujusmorli</strong></span> <span class='ocrx_word' id='word_1_742' title='bbox 3324 3924 3515 3996; x_wconf 70' lang='lat' dir='ltr'><strong>accidit</strong></span> <span class='ocrx_word' id='word_1_743' title='bbox 3545 3942 3710 3987; x_wconf 66' lang='lat' dir='ltr'><strong>casus,</strong></span> <span class='ocrx_word' id='word_1_744' title='bbox 3739 3925 3863 3978; x_wconf 68' lang='lat' dir='ltr'><strong>Mis-</strong></span> 
     </span>
    </p>
   </div>
   <div class='ocr_carea' id='block_1_107' title="bbox 2277 3994 3862 4065">
    <p class='ocr_par' dir='ltr' id='par_1_107' title="bbox 2277 3994 3862 4065">
     <span class='ocr_line' id='line_1_108' title="bbox 2277 3994 3862 4065; baseline -0.004 -10"><span class='ocrx_word' id='word_1_745' title='bbox 2277 4018 2392 4055; x_wconf 87' lang='lat' dir='ltr'><strong>sam</strong></span> <span class='ocrx_word' id='word_1_746' title='bbox 2421 4002 2701 4055; x_wconf 90' lang='lat' dir='ltr'><strong>celebrare.</strong></span> <span class='ocrx_word' id='word_1_747' title='bbox 2753 3994 2943 4065; x_wconf 76' lang='lat' dir='ltr'><strong>Siquis</strong></span> <span class='ocrx_word' id='word_1_748' title='bbox 2984 4005 3157 4048; x_wconf 82' lang='lat' dir='ltr'><strong>autem</strong></span> <span class='ocrx_word' id='word_1_749' title='bbox 3198 3994 3426 4063; x_wconf 89' lang='lat' dir='ltr'><strong>quotidie</strong></span> <span class='ocrx_word' id='word_1_750' title='bbox 3468 4006 3554 4047; x_wconf 86' lang='lat' dir='ltr'><strong>aut</strong></span> <span class='ocrx_word' id='word_1_751' title='bbox 3582 3997 3862 4065; x_wconf 80' lang='lat' dir='ltr'><strong>frequenta-</strong></span> 
     </span>
    </p>
   </div>
   <div class='ocr_carea' id='block_1_108' title="bbox 2279 4068 3860 4138">
    <p class='ocr_par' dir='ltr' id='par_1_108' title="bbox 2279 4068 3860 4138">
     <span class='ocr_line' id='line_1_109' title="bbox 2279 4068 3860 4138; baseline -0.003 -14"><span class='ocrx_word' id='word_1_752' title='bbox 2279 4075 2417 4126; x_wconf 90' lang='lat' dir='ltr'><strong>tione</strong></span> <span class='ocrx_word' id='word_1_753' title='bbox 2449 4073 2609 4124; x_wconf 89' lang='lat' dir='ltr'><strong>nimia</strong></span> <span class='ocrx_word' id='word_1_754' title='bbox 2646 4068 2941 4138; x_wconf 75' lang='lat' dir='ltr'><strong>huiusmodi</strong></span> <span class='ocrx_word' id='word_1_755' title='bbox 2970 4068 3203 4138; x_wconf 12' lang='lat' dir='ltr'><strong>partiatur</strong></span> <span class='ocrx_word' id='word_1_756' title='bbox 3254 4070 3471 4135; x_wconf 75' lang='lat' dir='ltr'><strong>ﬂuxum,</strong></span> <span class='ocrx_word' id='word_1_757' title='bbox 3514 4068 3587 4119; x_wconf 90' lang='lat' dir='ltr'><strong>uti</strong></span> <span class='ocrx_word' id='word_1_758' title='bbox 3613 4069 3860 4120; x_wconf 82' lang='lat' dir='ltr'><strong>nonnullis</strong></span> 
     </span>
    </p>
   </div>
   <div class='ocr_carea' id='block_1_109' title="bbox 2278 4137 3859 4211">
    <p class='ocr_par' dir='ltr' id='par_1_109' title="bbox 2278 4137 3859 4211">
     <span class='ocr_line' id='line_1_110' title="bbox 2278 4137 3859 4211; baseline -0.006 -14"><span class='ocrx_word' id='word_1_759' title='bbox 2278 4160 2341 4197; x_wconf 76' lang='lat' dir='ltr'><strong>ex</strong></span> <span class='ocrx_word' id='word_1_760' title='bbox 2371 4144 2482 4195; x_wconf 90' lang='lat' dir='ltr'><strong>sola</strong></span> <span class='ocrx_word' id='word_1_761' title='bbox 2513 4142 2841 4211; x_wconf 86' lang='lat' dir='ltr'><strong>cogitatione,</strong></span> <span class='ocrx_word' id='word_1_762' title='bbox 2865 4155 2952 4192; x_wconf 87' lang='lat' dir='ltr'><strong>seu</strong></span> <span class='ocrx_word' id='word_1_763' title='bbox 2985 4137 3173 4211; x_wconf 73' lang='lat' dir='ltr'><strong>aifatu,</strong></span> <span class='ocrx_word' id='word_1_764' title='bbox 3202 4140 3277 4189; x_wconf 73' lang='lat' dir='ltr'><strong>vel</strong></span> <span class='ocrx_word' id='word_1_765' title='bbox 3299 4139 3479 4190; x_wconf 87' lang='lat' dir='ltr'><strong>auditu</strong></span> <span class='ocrx_word' id='word_1_766' title='bbox 3500 4139 3721 4211; x_wconf 71' lang='lat' dir='ltr'><strong>uitiorum</strong></span> <span class='ocrx_word' id='word_1_767' title='bbox 3743 4152 3859 4211; x_wconf 88' lang='lat' dir='ltr'><strong>car-</strong></span> 
     </span>
    </p>
   </div>
   <div class='ocr_carea' id='block_1_110' title="bbox 2280 4209 3860 4332">
    <p class='ocr_par' dir='ltr' id='par_1_110' title="bbox 2280 4209 3860 4332">
     <span class='ocr_line' id='line_1_111' title="bbox 2280 4209 3860 4332; baseline -0.004 -66"><span class='ocrx_word' id='word_1_768' title='bbox 2280 4216 2479 4267; x_wconf 89' lang='lat' dir='ltr'><strong>nalium</strong></span> <span class='ocrx_word' id='word_1_769' title='bbox 2509 4214 2560 4264; x_wconf 91' lang='lat' dir='ltr'><strong>in</strong></span> <span class='ocrx_word' id='word_1_770' title='bbox 2579 4209 2908 4332; x_wconf 16' lang='lat' dir='ltr'><strong>Vcorjessione</strong></span> <span class='ocrx_word' id='word_1_771' title='bbox 2937 4222 3022 4260; x_wconf 88' lang='lat' dir='ltr'><strong>aut</strong></span> <span class='ocrx_word' id='word_1_772' title='bbox 3054 4210 3206 4271; x_wconf 87' lang='lat' dir='ltr'><strong>alias,</strong></span> <span class='ocrx_word' id='word_1_773' title='bbox 3240 4212 3392 4261; x_wconf 89' lang='lat' dir='ltr'><strong>etiam</strong></span> <span class='ocrx_word' id='word_1_774' title='bbox 3415 4209 3581 4261; x_wconf 76' lang='lat' dir='ltr'><strong>inritis</strong></span> <span class='ocrx_word' id='word_1_775' title='bbox 3634 4218 3676 4261; x_wconf 90' lang='lat' dir='ltr'><strong>et</strong></span> <span class='ocrx_word' id='word_1_776' title='bbox 3723 4210 3860 4260; x_wconf 66' lang='lat' dir='ltr'><strong>renio</strong></span> 
     </span>
     <span class='ocr_line' id='line_1_112' title="bbox 2280 4280 3860 4332; baseline 0 0"><span class='ocrx_word' id='word_1_777' title='bbox 2280 4286 2496 4332; x_wconf 77' lang='lat' dir='ltr'><strong>rentibus</strong></span> <span class='ocrx_word' id='word_1_778' title='bbox 2519 4299 2636 4332; x_wconf 85' lang='lat' dir='ltr'><strong>cum</strong></span> <span class='ocrx_word' id='word_1_779' title='bbox 2708 4283 3009 4332; x_wconf 83' lang='lat' dir='ltr'><strong>etestatione</strong></span> <span class='ocrx_word' id='word_1_780' title='bbox 3040 4281 3177 4332; x_wconf 79' lang='grc' dir='ltr'><strong>ι·ἱιὶἱ.</strong></span> <span class='ocrx_word' id='word_1_781' title='bbox 3228 4282 3521 4332; x_wconf 80' lang='lat' dir='ltr'><strong>continuere</strong></span> <span class='ocrx_word' id='word_1_782' title='bbox 3573 4280 3860 4332; x_wconf 77' lang='lat' dir='ltr'><strong>consuerit:</strong></span> 
     </span>
    </p>
   </div>
   <div class='ocr_carea' id='block_1_111' title="bbox 2280 4280 3861 4349">
    <p class='ocr_par' dir='ltr' id='par_1_111' title="bbox 2280 4280 3861 4349">
     <span class='ocr_line' id='line_1_113' title="bbox 2280 4280 3861 4349; baseline -0.003 -14"><span class='ocrx_word' id='word_1_783' title='bbox 2280 4286 2496 4336; x_wconf 79' lang='lat' dir='ltr'><strong>tantibus</strong></span> <span class='ocrx_word' id='word_1_784' title='bbox 2519 4299 2636 4335; x_wconf 87' lang='lat' dir='ltr'><strong>cum</strong></span> <span class='ocrx_word' id='word_1_785' title='bbox 2667 4280 3009 4333; x_wconf 84' lang='lat' dir='ltr'><strong>detestatione</strong></span> <span class='ocrx_word' id='word_1_786' title='bbox 3040 4281 3177 4339; x_wconf 71' lang='lat' dir='ltr'><strong>t&#39;ilil,</strong></span> <span class='ocrx_word' id='word_1_787' title='bbox 3228 4282 3521 4349; x_wconf 85' lang='lat' dir='ltr'><strong>contingere</strong></span> <span class='ocrx_word' id='word_1_788' title='bbox 3573 4280 3816 4332; x_wconf 76' lang='lat' dir='ltr'><strong>consuerit</strong></span> <span class='ocrx_word' id='word_1_789' title='bbox 3842 4297 3861 4344; x_wconf 89' lang='lat'><strong><em>;</em></strong></span> 
     </span>
    </p>
   </div>
   <div class='ocr_carea' id='block_1_112' title="bbox 2280 4350 3862 4423">
    <p class='ocr_par' dir='ltr' id='par_1_112' title="bbox 2280 4350 3862 4423">
     <span class='ocr_line' id='line_1_114' title="bbox 2280 4350 3862 4423; baseline -0.002 -16"><span class='ocrx_word' id='word_1_790' title='bbox 2280 4370 2381 4408; x_wconf 89' lang='lat' dir='ltr'><strong>non</strong></span> <span class='ocrx_word' id='word_1_791' title='bbox 2410 4363 2679 4423; x_wconf 86' lang='lat' dir='ltr'><strong>prapterea</strong></span> <span class='ocrx_word' id='word_1_792' title='bbox 2727 4353 2894 4403; x_wconf 90' lang='lat' dir='ltr'><strong>rarius</strong></span> <span class='ocrx_word' id='word_1_793' title='bbox 2948 4350 3236 4403; x_wconf 83' lang='lat' dir='ltr'><strong>celebrandi</strong></span> <span class='ocrx_word' id='word_1_794' title='bbox 3269 4359 3357 4403; x_wconf 89' lang='lat' dir='ltr'><strong>aut</strong></span> <span class='ocrx_word' id='word_1_795' title='bbox 3388 4366 3532 4423; x_wconf 81' lang='lat' dir='ltr'><strong>sacra</strong></span> <span class='ocrx_word' id='word_1_796' title='bbox 3560 4367 3611 4423; x_wconf 71' lang='lat' dir='ltr'><strong>se</strong></span> <span class='ocrx_word' id='word_1_797' title='bbox 3635 4366 3862 4404; x_wconf 85' lang='lat' dir='ltr'><strong>commu-</strong></span> 
     </span>
    </p>
   </div>
   <div class='ocr_carea' id='block_1_113' title="bbox 2282 4418 3862 4493">
    <p class='ocr_par' dir='ltr' id='par_1_113' title="bbox 2282 4418 3862 4493">
     <span class='ocr_line' id='line_1_115' title="bbox 2282 4418 3862 4493; baseline -0.003 -16"><span class='ocrx_word' id='word_1_798' title='bbox 2282 4418 2434 4478; x_wconf 75' lang='lat' dir='ltr'><strong>nione</strong></span> <span class='ocrx_word' id='word_1_799' title='bbox 2467 4418 2705 4493; x_wconf 83' lang='lat' dir='ltr'><strong>privandi</strong></span> <span class='ocrx_word' id='word_1_800' title='bbox 2749 4423 3068 4476; x_wconf 81' lang='lat' dir='ltr'><strong>occasionem</strong></span> <span class='ocrx_word' id='word_1_801' title='bbox 3109 4432 3297 4483; x_wconf 85' lang='lat' dir='ltr'><strong>sumat,</strong></span> <span class='ocrx_word' id='word_1_802' title='bbox 3325 4418 3658 4493; x_wconf 28' lang='lat' dir='ltr'><strong>sed‘consulta</strong></span> <span class='ocrx_word' id='word_1_803' title='bbox 3685 4432 3746 4493; x_wconf 78' lang='lat' dir='ltr'><strong>et_</strong></span> <span class='ocrx_word' id='word_1_804' title='bbox 3761 4438 3862 4473; x_wconf 85' lang='lat' dir='ltr'><strong>an-</strong></span> 
     </span>
    </p>
   </div>
   <div class='ocr_carea' id='block_1_114' title="bbox 2283 4488 3863 4566">
    <p class='ocr_par' dir='ltr' id='par_1_114' title="bbox 2283 4488 3863 4566">
     <span class='ocr_line' id='line_1_116' title="bbox 2283 4488 3863 4566; baseline -0.005 -18"><span class='ocrx_word' id='word_1_805' title='bbox 2283 4488 2475 4549; x_wconf 33' lang='lat' dir='ltr'><strong>nuente.</strong></span> <span class='ocrx_word' id='word_1_806' title='bbox 2512 4495 2726 4566; x_wconf 68' lang='lat' dir='ltr'><strong>praelato</strong></span> <span class='ocrx_word' id='word_1_807' title='bbox 2776 4510 2865 4566; x_wconf 87' lang='lat' dir='ltr'><strong>seu</strong></span> <span class='ocrx_word' id='word_1_808' title='bbox 2915 4495 3210 4566; x_wconf 67' lang='lat' dir='ltr'><strong>confessore</strong></span> <span class='ocrx_word' id='word_1_809' title='bbox 3234 4508 3365 4566; x_wconf 61' lang='lat' dir='ltr'><strong>suo,_</strong></span> <span class='ocrx_word' id='word_1_810' title='bbox 3390 4488 3542 4566; x_wconf 78' lang='lat' dir='ltr'><strong>simul</strong></span> <span class='ocrx_word' id='word_1_811' title='bbox 3580 4498 3636 4566; x_wconf 35' lang='lat' dir='ltr'><strong>et‘</strong></span> <span class='ocrx_word' id='word_1_812' title='bbox 3663 4490 3863 4566; x_wconf 55' lang='lat' dir='ltr'><strong>afectu</strong></span> 
     </span>
    </p>
   </div>
   <div class='ocr_carea' id='block_1_115' title="bbox 2285 4558 3863 4632">
    <p class='ocr_par' dir='ltr' id='par_1_115' title="bbox 2285 4558 3863 4632">
     <span class='ocr_line' id='line_1_117' title="bbox 2285 4558 3863 4632; baseline -0.001 -12"><span class='ocrx_word' id='word_1_813' title='bbox 2285 4558 2534 4630; x_wconf 77' lang='lat' dir='ltr'><strong>trahente,</strong></span> <span class='ocrx_word' id='word_1_814' title='bbox 2572 4565 2881 4632; x_wconf 89' lang='lat' dir='ltr'><strong>ﬁducialiter</strong></span> <span class='ocrx_word' id='word_1_815' title='bbox 2905 4558 3136 4617; x_wconf 81' lang='lat' dir='ltr'><strong>accedat.</strong></span> <span class='ocrx_word' id='word_1_816' title='bbox 3169 4564 3291 4617; x_wconf 72' lang='lat' dir='ltr'><strong>Haec</strong></span> <span class='ocrx_word' id='word_1_817' title='bbox 3334 4561 3404 4615; x_wconf 86' lang='lat' dir='ltr'><strong>ibi</strong></span> <span class='ocrx_word' id='word_1_818' title='bbox 3442 4576 3471 4613; x_wconf 84' lang='lat' dir='ltr'><strong>a</strong></span> <span class='ocrx_word' id='word_1_819' title='bbox 3510 4558 3863 4628; x_wconf 83' lang='lat' dir='ltr'><strong>prudentibus</strong></span> 
     </span>
    </p>
   </div>
   <div class='ocr_carea' id='block_1_116' title="bbox 2285 4634 3099 4707">
    <p class='ocr_par' dir='ltr' id='par_1_116' title="bbox 2285 4634 3099 4707">
     <span class='ocr_line' id='line_1_118' title="bbox 2285 4634 3099 4707; baseline -0.009 -13"><span class='ocrx_word' id='word_1_820' title='bbox 2285 4647 2339 4694; x_wconf 88' lang='lat' dir='ltr'><strong>et</strong></span> <span class='ocrx_word' id='word_1_821' title='bbox 2364 4638 2630 4707; x_wconf 77' lang='lat' dir='ltr'><strong>religiosis</strong></span> <span class='ocrx_word' id='word_1_822' title='bbox 2662 4636 2907 4707; x_wconf 75' lang='lat' dir='ltr'><strong>Pati-ibus</strong></span> <span class='ocrx_word' id='word_1_823' title='bbox 2936 4634 3099 4707; x_wconf 79' lang='lat' dir='ltr'><strong>edita.</strong></span> 
     </span>
    </p>
   </div>
   <div class='ocr_carea' id='block_1_117' title="bbox 2363 4702 3861 4777">
    <p class='ocr_par' dir='ltr' id='par_1_117' title="bbox 2363 4702 3861 4777">
     <span class='ocr_line' id='line_1_119' title="bbox 2363 4702 3861 4777; baseline -0.004 -14"><span class='ocrx_word' id='word_1_824' title='bbox 2363 4719 2384 4745; x_wconf 73' lang='grc'><em>³</em></span> <span class='ocrx_word' id='word_1_825' title='bbox 2420 4702 2808 4777; x_wconf 65' lang='lat' dir='ltr'><strong>Inierpretatur</strong></span> <span class='ocrx_word' id='word_1_826' title='bbox 2834 4706 2919 4759; x_wconf 91' lang='lat' dir='ltr'><strong>hic</strong></span> <span class='ocrx_word' id='word_1_827' title='bbox 2946 4706 3110 4757; x_wconf 86' lang='lat' dir='ltr'><strong>abbas</strong></span> <span class='ocrx_word' id='word_1_828' title='bbox 3132 4706 3291 4777; x_wconf 79' lang='lat' dir='ltr'><strong>verba</strong></span> <span class='ocrx_word' id='word_1_829' title='bbox 3316 4703 3401 4777; x_wconf 82' lang='lat' dir='ltr'><strong>illa</strong></span> <span class='ocrx_word' id='word_1_830' title='bbox 3434 4702 3668 4777; x_wconf 73' lang='lat' dir='ltr'><strong>Apostoli</strong></span> <span class='ocrx_word' id='word_1_831' title='bbox 3696 4722 3708 4754; x_wconf 71' lang='grc' dir='ltr'>ς</span> <span class='ocrx_word' id='word_1_832' title='bbox 3738 4702 3861 4758; x_wconf 82' lang='lat' dir='ltr'><strong>Ideo</strong></span> 
     </span>
    </p>
   </div>
   <div class='ocr_carea' id='block_1_118' title="bbox 2288 4776 3862 4845">
    <p class='ocr_par' dir='ltr' id='par_1_118' title="bbox 2288 4776 3862 4845">
     <span class='ocr_line' id='line_1_120' title="bbox 2288 4776 3862 4845; baseline -0.002 -13"><span class='ocrx_word' id='word_1_833' title='bbox 2288 4781 2421 4833; x_wconf 91' lang='lat' dir='ltr'><strong>inter</strong></span> <span class='ocrx_word' id='word_1_834' title='bbox 2465 4796 2550 4833; x_wconf 84' lang='lat' dir='ltr'><strong>vos</strong></span> <span class='ocrx_word' id='word_1_835' title='bbox 2578 4776 2753 4832; x_wconf 31' lang='lat' dir='ltr'><strong>&#39;multi</strong></span> <span class='ocrx_word' id='word_1_836' title='bbox 2799 4776 3015 4845; x_wconf 87' lang='lat' dir='ltr'><strong>inﬁrmi.</strong></span> <span class='ocrx_word' id='word_1_837' title='bbox 3072 4788 3116 4828; x_wconf 90' lang='lat' dir='ltr'><strong>et</strong></span> <span class='ocrx_word' id='word_1_838' title='bbox 3168 4776 3469 4842; x_wconf 82' lang='lat' dir='ltr'><strong>imbecilles,</strong></span> <span class='ocrx_word' id='word_1_839' title='bbox 3523 4784 3568 4827; x_wconf 88' lang='lat' dir='ltr'><strong>ct</strong></span> <span class='ocrx_word' id='word_1_840' title='bbox 3608 4776 3862 4829; x_wconf 89' lang='lat' dir='ltr'><strong>dormiunt</strong></span> 
     </span>
    </p>
   </div>
   <div class='ocr_carea' id='block_1_119' title="bbox 2291 4847 3861 4915">
    <p class='ocr_par' dir='ltr' id='par_1_119' title="bbox 2291 4847 3861 4915">
     <span class='ocr_line' id='line_1_121' title="bbox 2291 4847 3861 4915; baseline -0.001 -12"><span class='ocrx_word' id='word_1_841' title='bbox 2291 4850 2463 4915; x_wconf 88' lang='lat' dir='ltr'><strong>multi,</strong></span> <span class='ocrx_word' id='word_1_842' title='bbox 2498 4850 2563 4904; x_wconf 93' lang='lat' dir='ltr'><strong>de</strong></span> <span class='ocrx_word' id='word_1_843' title='bbox 2595 4848 2905 4902; x_wconf 87' lang='lat' dir='ltr'><strong>inlirmitate</strong></span> <span class='ocrx_word' id='word_1_844' title='bbox 2936 4847 3189 4915; x_wconf 78' lang='lat' dir='ltr'><strong>spiritali.</strong></span> <span class='ocrx_word' id='word_1_845' title='bbox 3231 4862 3324 4898; x_wconf 85' lang='lat' dir='ltr'><strong>seu</strong></span> <span class='ocrx_word' id='word_1_846' title='bbox 3368 4849 3556 4899; x_wconf 90' lang='lat' dir='ltr'><strong>morbo</strong></span> <span class='ocrx_word' id='word_1_847' title='bbox 3595 4848 3771 4907; x_wconf 88' lang='lat' dir='ltr'><strong>animi,</strong></span> <span class='ocrx_word' id='word_1_848' title='bbox 3807 4860 3861 4903; x_wconf 88' lang='lat' dir='ltr'><strong>et</strong></span> 
     </span>
    </p>
   </div>
   <div class='ocr_carea' id='block_1_120' title="bbox 2291 4916 3855 4987">
    <p class='ocr_par' dir='ltr' id='par_1_120' title="bbox 2291 4916 3855 4987">
     <span class='ocr_line' id='line_1_122' title="bbox 2291 4916 3855 4987; baseline -0.004 -12"><span class='ocrx_word' id='word_1_849' title='bbox 2291 4932 2467 4975; x_wconf 87' lang='lat' dir='ltr'><strong>morte</strong></span> <span class='ocrx_word' id='word_1_850' title='bbox 2508 4920 2690 4976; x_wconf 88' lang='lat' dir='ltr'><strong>itidem</strong></span> <span class='ocrx_word' id='word_1_851' title='bbox 2731 4917 2980 4987; x_wconf 84' lang='lat' dir='ltr'><strong>spiritali,</strong></span> <span class='ocrx_word' id='word_1_852' title='bbox 3020 4919 3068 4970; x_wconf 86' lang='lat' dir='ltr'><strong>id</strong></span> <span class='ocrx_word' id='word_1_853' title='bbox 3101 4927 3203 4981; x_wconf 88' lang='lat' dir='ltr'><strong>est,</strong></span> <span class='ocrx_word' id='word_1_854' title='bbox 3239 4927 3462 4984; x_wconf 82' lang='lat' dir='ltr'><strong>peccato</strong></span> <span class='ocrx_word' id='word_1_855' title='bbox 3495 4916 3671 4971; x_wconf 75' lang='lat' dir='ltr'><strong>lethali</strong></span> <span class='ocrx_word' id='word_1_856' title='bbox 3704 4936 3714 4968; x_wconf 88' lang='lat'><strong>:</strong></span> <span class='ocrx_word' id='word_1_857' title='bbox 3745 4933 3855 4970; x_wconf 86' lang='lat' dir='ltr'><strong>cum</strong></span> 
     </span>
    </p>
   </div>
   <div class='ocr_carea' id='block_1_121' title="bbox 2291 4987 3858 5062">
    <p class='ocr_par' dir='ltr' id='par_1_121' title="bbox 2291 4987 3858 5062">
     <span class='ocr_line' id='line_1_123' title="bbox 2291 4987 3858 5062; baseline -0.003 -15"><span class='ocrx_word' id='word_1_858' title='bbox 2291 4994 2534 5062; x_wconf 89' lang='lat' dir='ltr'><strong>plerique</strong></span> <span class='ocrx_word' id='word_1_859' title='bbox 2568 4991 2752 5045; x_wconf 79' lang='lat' dir='ltr'><strong>Patres</strong></span> <span class='ocrx_word' id='word_1_860' title='bbox 2786 5000 2889 5042; x_wconf 89' lang='lat' dir='ltr'><strong>tam</strong></span> <span class='ocrx_word' id='word_1_861' title='bbox 2922 4989 3122 5062; x_wconf 72' lang='lat' dir='ltr'><strong>Grmci,</strong></span> <span class='ocrx_word' id='word_1_862' title='bbox 3156 5004 3315 5052; x_wconf 85' lang='lat' dir='ltr'><strong>quam</strong></span> <span class='ocrx_word' id='word_1_863' title='bbox 3362 4987 3535 5041; x_wconf 79' lang='lat' dir='ltr'><strong>Latini</strong></span> <span class='ocrx_word' id='word_1_864' title='bbox 3575 4990 3639 5042; x_wconf 91' lang='lat' dir='ltr'><strong>de</strong></span> <span class='ocrx_word' id='word_1_865' title='bbox 3668 4990 3858 5062; x_wconf 82' lang='lat' dir='ltr'><strong>morbis</strong></span> 
     </span>
    </p>
   </div>
   <div class='ocr_carea' id='block_1_122' title="bbox 2292 5060 3856 5128">
    <p class='ocr_par' dir='ltr' id='par_1_122' title="bbox 2292 5060 3856 5128">
     <span class='ocr_line' id='line_1_124' title="bbox 2292 5060 3856 5128; baseline -0.004 -11"><span class='ocrx_word' id='word_1_866' title='bbox 2292 5060 2348 5118; x_wconf 82' lang='lat' dir='ltr'><strong>et</strong></span> <span class='ocrx_word' id='word_1_867' title='bbox 2392 5062 2657 5116; x_wconf 91' lang='lat' dir='ltr'><strong>mortibus</strong></span> <span class='ocrx_word' id='word_1_868' title='bbox 2701 5061 3074 5128; x_wconf 85' lang='lat' dir='ltr'><strong>corporalibus</strong></span> <span class='ocrx_word' id='word_1_869' title='bbox 3114 5061 3561 5128; x_wconf 75' lang='lat' dir='ltr'><strong>interpre&#39;entur,</strong></span> <span class='ocrx_word' id='word_1_870' title='bbox 3614 5060 3791 5126; x_wconf 89' lang='lat' dir='ltr'><strong>quibus</strong></span> <span class='ocrx_word' id='word_1_871' title='bbox 3831 5077 3856 5111; x_wconf 77' lang='grc' dir='ltr'><strong>τι</strong></span> 
     </span>
    </p>
   </div>
   <div class='ocr_carea' id='block_1_123' title="bbox 2294 5131 3852 5200">
    <p class='ocr_par' dir='ltr' id='par_1_123' title="bbox 2294 5131 3852 5200">
     <span class='ocr_line' id='line_1_125' title="bbox 2294 5131 3852 5200; baseline -0.004 -13"><span class='ocrx_word' id='word_1_872' title='bbox 2294 5134 2406 5187; x_wconf 83' lang='lat' dir='ltr'><strong>Deo</strong></span> <span class='ocrx_word' id='word_1_873' title='bbox 2455 5133 2713 5187; x_wconf 76' lang='lat' dir='ltr'><strong>immissis</strong></span> <span class='ocrx_word' id='word_1_874' title='bbox 2756 5132 2908 5184; x_wconf 90' lang='lat' dir='ltr'><strong>multi</strong></span> <span class='ocrx_word' id='word_1_875' title='bbox 2956 5132 3095 5198; x_wconf 90' lang='lat' dir='ltr'><strong>apud</strong></span> <span class='ocrx_word' id='word_1_876' title='bbox 3140 5131 3449 5184; x_wconf 88' lang='lat' dir='ltr'><strong>Corinthios</strong></span> <span class='ocrx_word' id='word_1_877' title='bbox 3495 5132 3546 5184; x_wconf 88' lang='lat' dir='ltr'><strong>in</strong></span> <span class='ocrx_word' id='word_1_878' title='bbox 3605 5131 3852 5200; x_wconf 80' lang='lat' dir='ltr'><strong>primiliva</strong></span> 
     </span>
    </p>
   </div>
   <div class='ocr_carea' id='block_1_124' title="bbox 2294 5202 3857 5271">
    <p class='ocr_par' dir='ltr' id='par_1_124' title="bbox 2294 5202 3857 5271">
     <span class='ocr_line' id='line_1_126' title="bbox 2294 5202 3857 5271; baseline -0.004 -12"><span class='ocrx_word' id='word_1_879' title='bbox 2294 5204 2539 5259; x_wconf 85' lang='lat' dir='ltr'><strong>Ecclesia</strong></span> <span class='ocrx_word' id='word_1_880' title='bbox 2571 5204 2950 5270; x_wconf 88' lang='lat' dir='ltr'><strong>puniebantur,</strong></span> <span class='ocrx_word' id='word_1_881' title='bbox 2982 5204 3051 5255; x_wconf 92' lang='lat' dir='ltr'><strong>oh</strong></span> <span class='ocrx_word' id='word_1_882' title='bbox 3074 5202 3342 5271; x_wconf 83' lang='lat' dir='ltr'><strong>indignam</strong></span> <span class='ocrx_word' id='word_1_883' title='bbox 3375 5202 3719 5255; x_wconf 59' lang='lat' dir='ltr'><strong>Eucharistia‘,</strong></span> <span class='ocrx_word' id='word_1_884' title='bbox 3750 5216 3857 5266; x_wconf 88' lang='lat' dir='ltr'><strong>per-</strong></span> 
     </span>
    </p>
   </div>
   <div class='ocr_carea' id='block_1_125' title="bbox 2294 5272 3859 5345">
    <p class='ocr_par' dir='ltr' id='par_1_125' title="bbox 2294 5272 3859 5345">
     <span class='ocr_line' id='line_1_127' title="bbox 2294 5272 3859 5345; baseline -0.004 -15"><span class='ocrx_word' id='word_1_885' title='bbox 2294 5278 2620 5345; x_wconf 87' lang='lat' dir='ltr'><strong>ceptionem.</strong></span> <span class='ocrx_word' id='word_1_886' title='bbox 2661 5273 2828 5343; x_wconf 85' lang='lat' dir='ltr'><strong>Cujus</strong></span> <span class='ocrx_word' id='word_1_887' title='bbox 2873 5274 2949 5327; x_wconf 89' lang='lat' dir='ltr'><strong>rei</strong></span> <span class='ocrx_word' id='word_1_888' title='bbox 2995 5274 3096 5328; x_wconf 85' lang='lat' dir='ltr'><strong>alia</strong></span> <span class='ocrx_word' id='word_1_889' title='bbox 3140 5272 3386 5342; x_wconf 66' lang='lat' dir='ltr'><strong>quaedam</strong></span> <span class='ocrx_word' id='word_1_890' title='bbox 3428 5272 3859 5345; x_wconf 65' lang='lat' dir='ltr'><strong>exemplahabes</strong></span> 
     </span>
    </p>
   </div>
   <div class='ocr_carea' id='block_1_126' title="bbox 2292 5342 3855 5417">
    <p class='ocr_par' dir='ltr' id='par_1_126' title="bbox 2292 5342 3855 5417">
     <span class='ocr_line' id='line_1_128' title="bbox 2292 5342 3855 5417; baseline -0.003 -17"><span class='ocrx_word' id='word_1_891' title='bbox 2292 5342 2434 5415; x_wconf 88' lang='lat' dir='ltr'><strong>apud</strong></span> <span class='ocrx_word' id='word_1_892' title='bbox 2464 5342 2791 5417; x_wconf 82' lang='lat' dir='ltr'><strong>Cyprianum</strong></span> <span class='ocrx_word' id='word_1_893' title='bbox 2818 5345 2871 5397; x_wconf 89' lang='lat' dir='ltr'><strong>in</strong></span> <span class='ocrx_word' id='word_1_894' title='bbox 2898 5360 3148 5417; x_wconf 86' lang='lat' dir='ltr'><strong>sermone</strong></span> <span class='ocrx_word' id='word_1_895' title='bbox 3177 5347 3243 5399; x_wconf 90' lang='lat' dir='ltr'><strong>de</strong></span> <span class='ocrx_word' id='word_1_896' title='bbox 3276 5345 3458 5414; x_wconf 73' lang='lat' dir='ltr'><strong>lapsis,</strong></span> <span class='ocrx_word' id='word_1_897' title='bbox 3497 5342 3780 5398; x_wconf 84' lang='lat' dir='ltr'><strong>Palladium</strong></span> <span class='ocrx_word' id='word_1_898' title='bbox 3809 5342 3855 5395; x_wconf 89' lang='lat' dir='ltr'><strong>in</strong></span> 
     </span>
    </p>
   </div>
   <div class='ocr_carea' id='block_1_127' title="bbox 2294 5416 3571 5485">
    <p class='ocr_par' dir='ltr' id='par_1_127' title="bbox 2294 5416 3571 5485">
     <span class='ocr_line' id='line_1_129' title="bbox 2294 5416 3571 5485; baseline -0.005 -11"><span class='ocrx_word' id='word_1_899' title='bbox 2294 5416 2595 5481; x_wconf 77' lang='lat' dir='ltr'><strong>LausiaCis,</strong></span> <span class='ocrx_word' id='word_1_900' title='bbox 2627 5418 2988 5484; x_wconf 89' lang='lat' dir='ltr'><strong>Sophronium</strong></span> <span class='ocrx_word' id='word_1_901' title='bbox 3018 5417 3070 5469; x_wconf 91' lang='lat' dir='ltr'><strong>in</strong></span> <span class='ocrx_word' id='word_1_902' title='bbox 3099 5416 3258 5469; x_wconf 87' lang='lat' dir='ltr'><strong>Prato</strong></span> <span class='ocrx_word' id='word_1_903' title='bbox 3284 5416 3571 5485; x_wconf 84' lang='lat' dir='ltr'><strong>spirituali.</strong></span> 
     </span>
    </p>
   </div>
   <div class='ocr_carea' id='block_1_128' title="bbox 2368 5485 3852 5543">
    <p class='ocr_par' dir='ltr' id='par_1_128' title="bbox 2368 5485 3852 5543">
     <span class='ocr_line' id='line_1_130' title="bbox 2368 5485 3852 5543; baseline -0.003 0"><span class='ocrx_word' id='word_1_904' title='bbox 2368 5488 2393 5527; x_wconf 72' lang='grc' dir='ltr'>δ</span> <span class='ocrx_word' id='word_1_905' title='bbox 2421 5489 2614 5543; x_wconf 84' lang='lat' dir='ltr'><strong>Citavit</strong></span> <span class='ocrx_word' id='word_1_906' title='bbox 2643 5493 2803 5543; x_wconf 91' lang='lat' dir='ltr'><strong>etiam</strong></span> <span class='ocrx_word' id='word_1_907' title='bbox 2828 5488 2970 5542; x_wconf 91' lang='lat' dir='ltr'><strong>hunc</strong></span> <span class='ocrx_word' id='word_1_908' title='bbox 3000 5488 3175 5541; x_wconf 91' lang='lat' dir='ltr'><strong>locum</strong></span> <span class='ocrx_word' id='word_1_909' title='bbox 3201 5486 3494 5541; x_wconf 72' lang='lat' dir='ltr'><strong>Cassianus</strong></span> <span class='ocrx_word' id='word_1_910' title='bbox 3523 5487 3619 5540; x_wconf 88' lang='lat' dir='ltr'><strong>lib.</strong></span> <span class='ocrx_word' id='word_1_911' title='bbox 3642 5501 3689 5539; x_wconf 77' lang='lat' dir='ltr'><strong>v1</strong></span> <span class='ocrx_word' id='word_1_912' title='bbox 3713 5485 3852 5539; x_wconf 83' lang='lat' dir='ltr'><strong>Insti-</strong></span> 
     </span>
    </p>
   </div>
   <div class='ocr_carea' id='block_1_129' title="bbox 2298 5558 3852 5629">
    <p class='ocr_par' dir='ltr' id='par_1_129' title="bbox 2298 5558 3852 5629">
     <span class='ocr_line' id='line_1_131' title="bbox 2298 5558 3852 5629; baseline -0.005 -14"><span class='ocrx_word' id='word_1_913' title='bbox 2298 5569 2401 5616; x_wconf 91' lang='lat' dir='ltr'><strong>tut.</strong></span> <span class='ocrx_word' id='word_1_914' title='bbox 2442 5576 2562 5629; x_wconf 91' lang='lat' dir='ltr'><strong>cap.</strong></span> <span class='ocrx_word' id='word_1_915' title='bbox 2607 5561 2662 5626; x_wconf 89' lang='lat'><strong>8,</strong></span> <span class='ocrx_word' id='word_1_916' title='bbox 2702 5561 2789 5613; x_wconf 88' lang='lat' dir='ltr'><strong>ubi</strong></span> <span class='ocrx_word' id='word_1_917' title='bbox 2831 5558 2955 5613; x_wconf 90' lang='lat' dir='ltr'><strong>vide</strong></span> <span class='ocrx_word' id='word_1_918' title='bbox 2999 5568 3201 5613; x_wconf 86' lang='lat' dir='ltr'><strong>notata.</strong></span> <span class='ocrx_word' id='word_1_919' title='bbox 3251 5559 3417 5613; x_wconf 90' lang='lat' dir='ltr'><strong>Porro</strong></span> <span class='ocrx_word' id='word_1_920' title='bbox 3460 5558 3579 5629; x_wconf 74' lang='lat' dir='ltr'><strong>hzcc</strong></span> <span class='ocrx_word' id='word_1_921' title='bbox 3616 5558 3852 5629; x_wconf 85' lang='lat' dir='ltr'><strong>sententia</strong></span> 
     </span>
    </p>
   </div>
   <div class='ocr_carea' id='block_1_130' title="bbox 2302 5628 3853 5699">
    <p class='ocr_par' dir='ltr' id='par_1_130' title="bbox 2302 5628 3853 5699">
     <span class='ocr_line' id='line_1_132' title="bbox 2302 5628 3853 5699; baseline -0.003 -14"><span class='ocrx_word' id='word_1_922' title='bbox 2302 5631 2441 5699; x_wconf 91' lang='lat' dir='ltr'><strong>apud</strong></span> <span class='ocrx_word' id='word_1_923' title='bbox 2474 5628 2617 5686; x_wconf 80' lang='lat' dir='ltr'><strong>LXX</strong></span> <span class='ocrx_word' id='word_1_924' title='bbox 2642 5646 2746 5685; x_wconf 92' lang='lat' dir='ltr'><strong>non</strong></span> <span class='ocrx_word' id='word_1_925' title='bbox 2780 5632 3046 5698; x_wconf 90' lang='lat' dir='ltr'><strong>reperitur</strong></span> <span class='ocrx_word' id='word_1_926' title='bbox 3078 5629 3299 5684; x_wconf 85' lang='lat' dir='ltr'><strong>Levitici</strong></span> <span class='ocrx_word' id='word_1_927' title='bbox 3329 5645 3421 5689; x_wconf 81' lang='lat' dir='ltr'><strong>vn,</strong></span> <span class='ocrx_word' id='word_1_928' title='bbox 3450 5640 3509 5682; x_wconf 92' lang='lat' dir='ltr'><strong>ut</strong></span> <span class='ocrx_word' id='word_1_929' title='bbox 3532 5628 3621 5699; x_wconf 83' lang='lat' dir='ltr'><strong>hic</strong></span> <span class='ocrx_word' id='word_1_930' title='bbox 3648 5628 3853 5699; x_wconf 73' lang='lat' dir='ltr'><strong>citatur;</strong></span> 
     </span>
    </p>
   </div>
   <div class='ocr_carea' id='block_1_131' title="bbox 2304 5696 3854 5766">
    <p class='ocr_par' dir='ltr' id='par_1_131' title="bbox 2304 5696 3854 5766">
     <span class='ocr_line' id='line_1_133' title="bbox 2304 5696 3854 5766; baseline -0.005 -9"><span class='ocrx_word' id='word_1_931' title='bbox 2304 5696 2401 5757; x_wconf 82' lang='lat' dir='ltr'><strong>sed</strong></span> <span class='ocrx_word' id='word_1_932' title='bbox 2434 5704 2558 5757; x_wconf 91' lang='lat' dir='ltr'><strong>huic</strong></span> <span class='ocrx_word' id='word_1_933' title='bbox 2595 5702 2787 5755; x_wconf 90' lang='lat' dir='ltr'><strong>similis</strong></span> <span class='ocrx_word' id='word_1_934' title='bbox 2811 5696 2896 5755; x_wconf 84' lang='lat' dir='ltr'><strong>est</strong></span> <span class='ocrx_word' id='word_1_935' title='bbox 2924 5700 3145 5755; x_wconf 88' lang='lat' dir='ltr'><strong>Levitici</strong></span> <span class='ocrx_word' id='word_1_936' title='bbox 3181 5717 3295 5755; x_wconf 71' lang='grc' dir='ltr'><strong>χχιι</strong></span> <span class='ocrx_word' id='word_1_937' title='bbox 3337 5717 3351 5755; x_wconf 90' lang='lat'><strong>:</strong></span> <span class='ocrx_word' id='word_1_938' title='bbox 3393 5699 3572 5754; x_wconf 84' lang='lat' dir='ltr'><strong>Omnis</strong></span> <span class='ocrx_word' id='word_1_939' title='bbox 3603 5698 3748 5753; x_wconf 80' lang='lat' dir='ltr'><strong>homo</strong></span> <span class='ocrx_word' id='word_1_940' title='bbox 3779 5696 3854 5766; x_wconf 78' lang='lat' dir='ltr'><strong>qui</strong></span> 
     </span>
    </p>
   </div>
   <div class='ocr_carea' id='block_1_132' title="bbox 2307 5771 3857 5843">
    <p class='ocr_par' dir='ltr' id='par_1_132' title="bbox 2307 5771 3857 5843">
     <span class='ocr_line' id='line_1_134' title="bbox 2307 5771 3857 5843; baseline -0.001 -20"><span class='ocrx_word' id='word_1_941' title='bbox 2307 5776 2573 5843; x_wconf 78' lang='lat' dir='ltr'><strong>accesserit</strong></span> <span class='ocrx_word' id='word_1_942' title='bbox 2610 5774 2678 5825; x_wconf 91' lang='lat' dir='ltr'><strong>ad</strong></span> <span class='ocrx_word' id='word_1_943' title='bbox 2710 5789 2767 5825; x_wconf 87' lang='lat' dir='ltr'><strong>ea</strong></span> <span class='ocrx_word' id='word_1_944' title='bbox 2805 5788 2920 5841; x_wconf 76' lang='lat' dir='ltr'><strong>qua:</strong></span> <span class='ocrx_word' id='word_1_945' title='bbox 2953 5784 3249 5826; x_wconf 87' lang='lat' dir='ltr'><strong>consecrata</strong></span> <span class='ocrx_word' id='word_1_946' title='bbox 3288 5781 3431 5841; x_wconf 88' lang='lat' dir='ltr'><strong>sunt,</strong></span> <span class='ocrx_word' id='word_1_947' title='bbox 3466 5772 3520 5824; x_wconf 84' lang='lat' dir='ltr'><strong>in</strong></span> <span class='ocrx_word' id='word_1_948' title='bbox 3554 5787 3651 5843; x_wconf 85' lang='lat' dir='ltr'><strong>quo</strong></span> <span class='ocrx_word' id='word_1_949' title='bbox 3675 5778 3744 5824; x_wconf 81' lang='lat' dir='ltr'><strong>est</strong></span> <span class='ocrx_word' id='word_1_950' title='bbox 3769 5771 3857 5825; x_wconf 58' lang='lat' dir='ltr'><strong>imp</strong></span> 
     </span>
    </p>
   </div>
   <div class='ocr_carea' id='block_1_133' title="bbox 2308 5840 3270 5910">
    <p class='ocr_par' dir='ltr' id='par_1_133' title="bbox 2308 5840 3270 5910">
     <span class='ocr_line' id='line_1_135' title="bbox 2308 5840 3270 5910; baseline 0.005 -16"><span class='ocrx_word' id='word_1_951' title='bbox 2308 5840 2588 5906; x_wconf 84' lang='lat' dir='ltr'><strong>munditia,</strong></span> <span class='ocrx_word' id='word_1_952' title='bbox 2607 5842 2794 5910; x_wconf 84' lang='lat' dir='ltr'><strong>peribit</strong></span> <span class='ocrx_word' id='word_1_953' title='bbox 2819 5840 3001 5899; x_wconf 76' lang='lat' dir='ltr'><strong>coram</strong></span> <span class='ocrx_word' id='word_1_954' title='bbox 3031 5843 3270 5899; x_wconf 89' lang='lat' dir='ltr'><strong>Domina.</strong></span> 
     </span>
    </p>
   </div>
  </div>
