4022 6192
176 275 321 333 1225

959 264 1298 325 οοιιιτιο
1336 262 1504 323 XXII.
1533 290 1609 308 --
1634 260 1723 319 DE
1759 256 2145 320 NOCTURNIS
2182 252 2675 315 ILLUSIONIBUS.

3318 252 3462 313 19.26

170 390 303 446 liter
328 395 555 459 mystice
588 385 940 459 segregatur:
977 394 1003 422 α
1036 384 1096 441 Si
1130 385 1323 457 fuerit,
1376 382 1581 453 inquit,
1636 380 1768 433 inter
1795 379 1846 441 Α
1874 377 2111 433 ritalinm
2154 375 2484 430 medicorum
2527 371 2769 429 doctrina
2808 369 3122 441 discuteret,
3167 388 3285 443 quae
3323 380 3465 434 solet

172 498 266 538 vos
288 484 441 537 homo
470 482 557 554 qui
583 489 833 537 nocturno
872 478 1099 550 pollutus
1128 480 1192 532 sit
1218 479 1436 544 somnio,
1477 474 1770 550 egredietur

172 588 323 633 extra
351 587 540 643 castra,
579 584 627 630 et
654 592 757 630 non
784 584 1067 638 revertetur,
1086 573 1388 642 priusquam
1415 570 1482 624 ad
1509 584 1771 637 vesperam

174 671 383 726 ablutus
430 685 562 739 aqua
590 670 689 733 sit,
720 674 767 722 et
792 673 907 739 post
935 664 1060 719 solis
1088 680 1326 718 occasum
1368 662 1682 734 regredietur
1718 660 1769 713 in

173 766 349 812 castra
376 755 612 829 (Deuter.
640 752 756 825 xx).

793 842 1024 900 CAPUT
1065 841 1154 897 Vl.

177 942 329 1010 Quod
370 954 756 1009 nonnumquam
792 935 1011 1010 pollutio
1047 933 1300 1010 corporis_
1324 932 1479 999 culpa
1517 939 1681 1010 vacet,
1724 942 1773 985 et

308 1012 503 1066 inimici
533 1003 754 1082 factione
780 1003 1062 1076 contingat,
1096 1004 1332 1075 exemplo
1360 1003 1664 1058 ostenditur.

254 1126 459 1180 Verum
503 1132 560 1178 ut
604 1119 940 1178 manifestius
979 1116 1334 1188 approbetur,
1364 1114 1392 1155 ιι
1424 1116 1570 1186 quod
1612 1116 1771 1170 etiam

176 1217 383 1273 inimici
414 1216 649 1271 factione
677 1225 1080 1282 nonnumquam
1110 1209 1229 1264 haec
1258 1209 1503 1264 eliciatur
1543 1208 1772 1278 impuri-

181 1321 263 1366 tas
299 1329 309 1363 :
347 1321 368 1349 ο
401 1309 658 1365 Novimus
684 1308 930 1371 fratrem,
964 1303 1058 1374 qui
1088 1317 1209 1358 cum
1249 1303 1623 1358 castimoniam
1653 1316 1775 1357 cor-

179 1403 266 1459 dis
292 1412 347 1459 et
375 1400 617 1472 corporis
649 1414 861 1454 summa
889 1397 1380 1466 circumspectione
1407 1405 1567 1467 atque
1598 1396 1774 1451 humi-

181 1496 334 1552 litate
361 1494 709 1565 promeritam
743 1490 946 1561 jugiter
974 1488 1305 1559 possideret,
1334 1503 1397 1544 ac
1433 1504 1771 1558 nequaquam

180 1588 461 1643 nocturnis
490 1585 951 1642 ludificationibus
989 1591 1309 1652 tentaretur,
1343 1585 1562 1655 quoties
1590 1593 1773 1639 tamen

179 1698 238 1738 se
266 1682 332 1737 ad
357 1682 765 1752 percipiendam
796 1679 1234 1736 communionem
1260 1679 1597 1734 Dominicam
1630 1694 1773 1749 prte-

1873 488 1938 528 ex
1988 470 2283 527 abundanti
2332 470 2575 525 ciborum
2629 469 3055 539 praesumptione
3102 467 3458 540 descendere,

1872 579 2100 635 eamque
2129 570 2429 619 memorato
2454 562 2601 617 fratri
2627 562 3099 633 deprehenderent
3130 577 3233 617 non
3262 564 3462 633 inesse,

1873 667 2033 727 atque
2076 656 2216 711 hanc
2260 655 2564 711 illusionem
2606 671 2943 728 nequaquam
2990 656 3122 713 vitio
3166 659 3469 715 saturitatis

1874 755 2149 803 constaret
2176 762 2487 819 emergere;
2520 762 2586 803 eo
2612 748 2756 818 quod
2786 764 2885 805 nec
2918 749 3103 804 fratris
3133 760 3258 805 nota
3286 750 3471 806 distri-

1876 844 2055 898 ctione
2086 843 2413 899 solemnium
2445 842 2678 911 dierum,
2720 845 2915 915 quibus
2950 846 3043 901 illa
3074 847 3307 917 pollutio
3336 864 3470 902 con-

1874 938 2138 1009 tingebat,
2170 938 2424 1008 specialis
2450 940 2721 1007 exceptio,
2756 938 2861 995 hoc
2889 938 3012 995 illos
3042 949 3321 1010 pateretur
3350 940 3504 1019 Opi—1

1876 1032 1992 1086 nari
2024 1049 2035 1083 :
2066 1031 2131 1086 ad
2166 1030 2461 1087 secundam
2494 1026 2521 1067 ἀ
2552 1030 2712 1102 hujus
2736 1032 3056 1088 valetudinis
3082 1049 3297 1090 causam
3326 1026 3501 1094 illicol

1876 1122 2273 1178 transtulerunt
2319 1121 2684 1192 inquisitionis
2737 1123 3070 1194 indaginem,
3115 1126 3471 1182 discutientes

1876 1228 1945 1268 ne
1975 1213 2173 1269 animae
2202 1213 2431 1269 forsitan
2470 1214 2651 1285 culpa,
2690 1230 2818 1271 caro
2846 1216 3108 1272 exhausta
3133 1218 3338 1287 jejunio
3368 1222 3471 1274 im-

1878 1307 2031 1377 puris
2058 1308 2400 1363 illusionibus
2430 1319 2733 1379 urgeretur,
2766 1310 2962 1381 quibus
2993 1314 3153 1367 etiam
3184 1312 3474 1369 districtis-

1877 1400 1999 1455 simi
2028 1401 2149 1465 viri,
2183 1401 2459 1469 paululum
2488 1402 2616 1457 elati
2648 1403 2715 1458 de
2744 1403 2828 1457 sui
2861 1405 3106 1474 corporis
3139 1404 3338 1460 fuerint
3367 1422 3472 1477 pu-

1877 1493 2060 1557 ritate,
2091 1508 2187 1563 pcr
2216 1496 2489 1563 superbia
2514 1495 2701 1550 vitium
2731 1495 3067 1565 polluuntur,
3094 1497 3236 1568 quod
3265 1498 3475 1554 scilicet

1879 1585 2079 1641 donum
2113 1587 2448 1656 praecipuum
2492 1588 2606 1653 Dei,
2643 1587 2694 1642 id
2726 1598 2829 1654 est,
2862 1590 3108 1657 corporis
3134 1590 3470 1657 castitatem,

1879 1678 2129 1734 humanis
2175 1694 2236 1735 se
2274 1680 2485 1735 viribus
2522 1680 2824 1735 obtinuisse
2856 1681 3205 1738 crediderint.
3240 1683 3476 1738 Interro-

177 1787 449 1849 parasset,
486 1775 766 1832 immundo
805 1774 950 1830 ﬂuxu
986 1773 1265 1829 dormiens
1302 1773 1626 1829 fmdabatur.
1671 1773 1774 1840 Qui
1805 1778 2035 1841 Bgatus
2084 1770 2244 1839 igitur
2297 1778 2479 1826 utrum
2525 1771 2846 1826 industriam
2894 1786 3045 1827 suam
3097 1774 3168 1828 ita
3223 1789 3477 1843 capacem

181 1886 306 1926 cum
335 1870 507 1924 multo
534 1884 594 1924 se
624 1877 870 1938 tempore
905 1883 934 1922 a
973 1867 1338 1923 sacrosanctis
1363 1866 1637 1938 mysteriis
1669 1875 1777 1921 tre-

181 1960 340 2031 pidus
382 1960 706 2024 abstineret,
751 1957 969 2013 tandem
1010 1957 1153 2013 hanc
1195 1957 1264 2012 ad
1305 1958 1547 2013 seniores
1581 1956 1778 2013 detulit

180 2053 562 2123 quaestionem,
594 2051 896 2107 remedium
923 2050 1348 2121 impugnationis
1373 2066 1436 2105 ac
1460 2050 1669 2106 doloris
1692 2052 1778 2106 sui

180 2144 488 2200 medicabili
540 2158 731 2199 eorum
785 2142 1016 2199 consilio
1070 2149 1487 2198 consecuturum
1540 2157 1601 2197 se
1655 2156 1777 2197 esse

183 2235 483 2291 confidens.
518 2234 625 2291 Sed
653 2250 775 2290 cum
809 2235 1036 2304 primam
1061 2248 1283 2289 causam
1313 2235 1489 2289 morbi
1516 2233 1635 2303 ejus
1662 2235 1775 2304 spi-

1879 1865 2042 1936 hujus
2064 1866 2316 1922 crederet
2342 1879 2464 1922 esse
2484 1866 2719 1934 virtutis,
2750 1877 2809 1920 ut
2830 1881 2933 1936 ope
2960 1866 3129 1923 divini
3157 1883 3266 1923 non
3293 1876 3480 1939 egeret

1879 1958 2088 2023 auxilii,
2134 1973 2346 2013 summa
2392 1958 2533 2014 hunc
2572 1960 2794 2029 impium
2840 1975 3059 2016 sensum
3100 1963 3480 2018 exsecratione

1882 2052 2181 2121 detestans,
2217 2068 2340 2109 cum
2382 2066 2442 2108 se
2483 2052 2767 2109 humiliter
2802 2056 3124 2111 astruxisset
3158 2071 3227 2111 ne
3265 2055 3479 2111 caeteris

1880 2147 2100 2217 quidem
2132 2147 2328 2203 diebus
2351 2149 2600 2217 corporis
2629 2148 2919 2215 puritatem
2950 2148 3186 2205 retinere
3214 2149 3475 2217 potuisse,

1882 2239 1988 2293 nisi
2032 2238 2209 2292 divina
2257 2239 2313 2291 in
2362 2238 2615 2292 omnibus
2656 2239 2829 2307 gratia
2874 2238 3069 2293 fuisset
3109 2239 3350 2308 adjutus.
3398 2239 3479 2294 illi

1257 2342 1519 2402 ALARDI
1559 2346 1795 2404 GAZIEI
1833 2346 2400 2406 COMMENTARIUS.

263 2459 288 2485 ⁸
320 2447 399 2502 Ad
431 2447 572 2502 hunc
613 2446 785 2500 locum
816 2444 1064 2499 alludens
1094 2444 1154 2497 D.
1185 2442 1481 2512 Gregorius
1529 2460 1545 2499 :
1594 2443 1767 2497 Testa»

188 2530 434 2585 mentum,
459 2517 651 2587 inquit,
676 2519 855 2571 veteris
877 2515 1005 2586 legis
1024 2515 1282 2585 pollutum
1306 2514 1527 2566 Domino
1548 2514 1707 2570 dicit:
1724 2524 1774 2569 et

187 2594 283 2645 nisi
335 2590 499 2644 lotum
546 2606 707 2659 aqua,
753 2589 907 2642 etiam
934 2602 1110 2659 Ausque
1154 2588 1222 2636 ad
1268 2599 1530 2659 vesperam
1580 2587 1775 2659 intrare

188 2663 474 2717 Ecclesium
498 2655 603 2713 non
629 2659 881 2712 concedit.
916 2656 1066 2722 Quod
1096 2663 1267 2725 tamen
1301 2656 1453 2707 aliter
1481 2655 1774 2725 intelligens

190 2732 409 2804 populus
456 2727 879 2804 spiritalis,_‘(id
933 2736 1018 2781 est
1063 2724 1440 2804 Christianus)
1486 2724 1773 2804 quasiéper

188 2797 446 2860 somnium
472 2797 589 2853 eum
608 2799 764 2853 illudi
796 2797 1033 2867 reputat;
1065 2798 1150 2865 qui
1176 2805 1398 2848 tentatus
1420 2797 1771 2866 immunditia,

189 2875 331 2929 vanis
352 2870 665 2942 imaginibus
692 2871 752 2942 in
766 2866 1074 2942 cogitatione
1103 2868 1430 2942 inquinatur.
1464 2866 1571 2942 Sed
1596 2871 1775 2942 lauan-

189 2948 287 3000 dus
312 2954 382 2997 est
404 2940 562 3013 aqua,
587 2949 641 2992 ut
671 2941 879 3011 culpam
900 2940 1545 3013 cogitationum_lacrymis
1566 2940 1742 2993 abluat
1757 2958 1777 3007 ;

190 3029 235 3071 et
266 3016 366 3068 nisi
393 3009 537 3081 prius
564 3013 698 3085 ignis
730 3009 1338 3085 tentationisrecesscrit,
1374 3026 1518 3085 reum
1548 3026 1601 3062 se
1635 3020 1779 3085 quasi

192 3088 259 3140 ad
282 3079 565 3151 vesperam,
586 3079 979 3154 cognoscatulta
1002 3080 1132 3154 citat
1152 3079 1461 3154 Gratianus,
1481 3081 1604 3133 licet
1623 3083 1778 3148 paulo

195 3150 584 3213 aliter-habeat
621 3150 818 3223 origin.
870 3153 1135 3220 Gregorii.
1184 3150 1419 3223 Isidorus
1468 3166 1677 3222 quoque
1730 3155 1781 3207 in

194 3228 441 3285 eamdem
490 3218 813 3281 sententiam
858 3218 1161 3293 scribens:
1211 3218 1560 3288 Nocturnum,
1590 3218 1783 3293 inquit

199 3298 520 3362 (Comment.
552 3299 607 3351 in
642 3296 850 3349 Deuter.
890 3312 1005 3363 cap.
1040 3292 1141 3364 xx)
1170 3297 1428 3346 somnium
1457 3303 1531 3346 est
1568 3292 1781 3349 tentatio

196 3369 422 3433 occulta,
462 3384 549 3439 per
581 3383 735 3434 quam
767 3364 1031 3419 tenebrosa
1064 3365 1369 3439 cogitatione
1407 3374 1553 3435 turpe
1582 3365 1784 3439 aliquid

199 3436 510 3512 concipitur,
547 3439 685 3509 quod
725 3448 892 3490 tamen
929 3436 1165 3512 corporis
1200 3451 1352 3512 opere
1391 3452 1495 3488 non
1523 3437 1782 3504 expletur.

200 3513 309 3569 Sed
340 3506 542 3565 somnio
561 3506 824 3564 nocturno
852 3506 1083 3579 pollutus
1103 3507 1275 3577 egredi
1297 3516 1447 3560 extra
1463 3516 1631 3579 castra
1653 3523 1789 3579 pra:-

202 3586 391 3652 cipitur
426 3600 444 3636 :
492 3582 621 3652 quia
656 3580 885 3634 videlicet
920 3578 1144 3652 dignum
1182 3587 1274 3641 est,
1313 3587 1365 3628 nt
1394 3583 1480 3647 qui
1518 3578 1788 3652 immunda

204 3648 513 3725 cogitatione
538 3651 811 3725 polluitur,
837 3650 1107 3725 indignum
1139 3664 1193 3701 se
1229 3657 1529 3725 cunctorum
1554 3648 1791 3725 ﬁdelium

204 3719 855 3779 societatibusarbitretur.
887 3720 1070 3783 Culpa:
1088 3733 1196 3770 sua:
1218 3719 1456 3770 meritum
1475 3727 1594 3769 ante
1615 3719 1790 3771 oculos

207 3807 383 3869 ponat,
424 3804 471 3849 et
500 3810 561 3849 ea:
590 3796 838 3847 bonorum
867 3808 919 3844 se
946 3788 1329 3869 eatistimationc
1359 3788 1627 3868 despiciat.
1663 3787 1793 3869 εθι-

208 3858 380 3923 ῖιιιιιηι
402 3883 522 3937 ergo
552 3874 699 3917 extra
726 3868 895 3915 castra
923 3860 1087 3937 exire,
1127 3868 1203 3909 est
1234 3858 1373 3924 turpi
1406 3858 1796 3937 impugnatione

209 3929 536 3992 laborantém
564 3950 673 3988 sese
703 3948 764 3986 ex
800 3930 1173 3981 continentium
1206 3931 1592 3996 comparatione
1622 3929 1795 3996 despi-

208 4026 342 4064 cere.
389 4008 491 4071 Ωιιὶ
531 4005 596 4059 ad
632 4016 893 4072 vesperam
935 4014 1068 4069 aqua
1112 3996 1335 4072 lavatur,
1382 4015 1497 4051 cum
1543 4000 1797 4070 defectum

208 4096 362 4134 suum
399 4069 740 4147 conspiciens,
776 4071 844 4124 ad
872 4069 1182 4147 paenitentia:
1206 4069 1433 4123 lamenta
1456 4069 1796 4147 convertitur,

210 4159 270 4205 ut
292 4150 497 4221 ﬂetibus
525 4140 695 4221 diluat
716 4159 863 4221 omne
888 4140 1030 4213 quod
1060 4141 1292 4221 animum
1320 4141 1520 4221 occulta
1561 4144 1801 4221 inguina-

210 4212 351 4276 tione
373 4228 599 4272 accusat.
627 4214 731 4271 Sed
760 4222 873 4284 post
895 4212 1132 4268 accasum
1157 4212 1280 4284 solis
1302 4212 1372 4264 ad
1398 4222 1571 4265 castra
1599 4213 1798 4277 redeat,

209 4293 339 4365 quia
378 4282 768 4365 defervescente‘
798 4284 1090 4365 tentationis
1114 4282 1340 4365 Iardore,
1386 4298 1586 4337 necesse
1626 4295 1720 4365 est
1744 4292 1801 4365 ut

208 4353 401 4417 iterum
444 4353 689 4430 ﬁduciam
730 4354 1151 4430 ergagsocietatis
1206 4356 1396 4430 bonum
1434 4366 1621 4407 sumat.
1675 4353 1805 4430 _Post

211 4449 400 4502 aquam
440 4425 630 4504 quippe
674 4425 1003 4504 occumbente
1042 4426 1153 4504 sole
1191 4425 1261 4477 ad
1297 4436 1467 4504 castra
1504 4428 1801 4504 revertitur,

211 4495 301 4574 qui
343 4495 462 4575 posi
488 4495 713 4557 lamenta
744 4498 1053 4575 panitentia:
1084 4495 1385 4575 frigescente
1417 4498 1631 4575 flamma
1658 4497 1803 4566 cogi-

212 4567 423 4629 tationis
452 4575 673 4639 illicita,
712 4567 779 4623 ad
804 4570 1036 4639 ﬁdelium
1064 4567 1249 4618 merita
1269 4568 1627 4637 praesumenda
1648 4584 1807 4639 repag

1881 2443 2118 2497 'lnomas
2146 2441 2559 2515 cantipratanus
2587 2442 2681 2498 lib.
2712 2457 2748 2497 ιι
2780 2442 2933 2515 (Cap.
2966 2443 3059 2515 57)
3104 2463 3118 2499 :
3152 2444 3270 2499 Hoc
3311 2463 3479 2503 verme

1880 2515 2138 2568 daemonia
2166 2514 2479 2584 ﬁgurantur,
2510 2530 2625 2584 qute
2655 2514 2801 2567 nocte
2824 2514 3115 2569 hominibus
3144 2529 3393 2585 apparent
3421 2522 3477 2573 in

1879 2587 2093 2646 somnis.
2142 2595 2187 2638 et
2228 2600 2313 2638 eos
2360 2586 2638 2639 visionibus
2676 2586 3103 2655 pltantasmaticis
3146 2588 3388 2655 polluant
3431 2597 3483 2644 et

1879 2657 2127 2709 illudunt.
2160 2656 2226 2710 Et
2254 2655 2436 2710 subdit
2461 2656 2772 2725 exemplum
2805 2660 2868 2709 de
2894 2657 3152 2711 Monac/io
3176 2662 3259 2712 cui
3280 2662 3481 2715 daemon

1880 2727 2167 2791 insultavit,
2206 2728 2344 2795 quod
2379 2728 2425 2780 ei
2461 2729 2515 2780 in
2559 2730 2752 2781 somnis
2799 2728 3143 2795 pollutionem
3187 2733 3481 2789 excitasset.

1883 2798 1961 2852 De
1990 2798 2108 2871 hoc,
2146 2800 2340 2871 inquit,
2380 2800 2632 2868 quiddam
2654 2800 3014 2871 rridiculosum
3043 2801 3224 2871 legisse
3262 2818 3342 2855 me
3376 2820 3483 2856 me-

1879 2871 2026 2922 mini.
2056 2868 2184 2923 Cum
2210 2869 2429 2941 quidam?
2451 2870 2733 2923 monachus
2778 2874 2845 2922 ad
2895 2868 3155 2923 obsessum
3183 2888 3483 2941 energume-

1882 2942 2347 3013 numaccessisset,
2380 2940 2750 3013 circumstante
2778 2942 2937 3013 multo
2967 2942 3185 3013 populo,
3216 2940 3332 2995 eum
3364 2960 3485 2997 cum

1882 3010 2122 3063 irrisione
2161 3011 2389 3062 mordaci
2430 3010 2738 3063 daemonium
2776 3010 3072 3064 inclamavit
3102 3014 3320 3067 dicens:
3358 3013 3481 3080 Eia,

1882 3081 2067 3148 frater,
2109 3081 2208 3143 eia,
2250 3081 2499 3149 numquid
2538 3083 2811 3149 pulchram
2841 3082 2933 3135 tibi
2960 3083 3015 3135 in
3045 3082 3142 3135 hac
3184 3094 3332 3137 nocte
3363 3101 3482 3137 mu-

1886 3152 2061 3204 lierem
2086 3153 2142 3223 in
2171 3154 2365 3205 somnis
2390 3151 2627 3205 adduxi?
2656 3152 2877 3220 Quippe,
2901 3163 2951 3206 ut
2983 3164 3096 3220 post
3124 3156 3480 3223 confusionem

1885 3222 2167 3276 monachus
2192 3224 2387 3294 retulit,
2414 3224 2484 3294 Ain
2517 3225 2709 3294 somnis
2736 3226 2961 3290 pollutus
2992 3224 3161 3294 fuerat
3189 3225 3283 3278 illa
3314 3236 3483 3289 nocte.

1807 3266 1853 3330 C
1887 3266 3164 3368 ξῖέὶιῖἧῖᾶηἶεὲἓὲἱῖ[ἇὲιῗὲἓῖἶρέἐξ’ῐιίἷῖἐδῑίιῖᾇ
3191 3266 3283 3350 Ξξῖ
3294 3266 3480 3368 6ὲῖῘὲ

1889 3363 2069 3432 hujus.

1964 3446 1989 3507 (ξ
2020 3434 2131 3490 Hoc
2158 3435 2468 3505 exemplum
2495 3435 2679 3507 retulit
2704 3435 2767 3507 ι),
2799 3436 3040 3507 Thomas
3068 3453 3232 3507 supra
3261 3440 3479 3494 citatus.

1892 3504 2026 3561 Huic
2067 3509 2243 3562 simile
2280 3504 2385 3573 est,
2426 3506 2568 3575 quod
2618 3507 2669 3560 in
2703 3506 2825 3561 Vita
2860 3506 2924 3561 γ.
2965 3509 3108 3562 Petri
3139 3504 3220 3562 'de
3259 3511 3486 3565 Morono

1893 3578 2107 3647 legitur,
2141 3580 2325 3647 quiex
2352 3578 2685 3647 anachoreta
2711 3591 2956 3631 summus
2991 3578 3237 3646 pontifex
3267 3592 3484 3634 creatus

1893 3646 2069 3702 dictus
2114 3655 2197 3701 est
2234 3646 2561 3701 Caelestinus
2599 3646 2818 3715 quintus
2867 3663 2879 3698 :
2929 3648 3023 3700 sed
3065 3648 3377 3716 potitilicatu
3427 3665 3489 3705 se

1896 3717 2153 3772 abdicans
2181 3725 2233 3769 et
2269 3719 2321 3770 in
2355 3716 2647 3787 solitudine
2674 3716 2935 3787 reliquam
2963 3718 3126 3771 vitam
3161 3733 3346 3787 agens,
3380 3721 3490 3774 vir-

1898 3788 2101 3841 tutibus
2136 3801 2205 3857 ac,
2243 3786 2518 3840 miraculis
2557 3786 2756 3841 claruit
2793 3786 2807 3845 Ξ
2849 3804 2876 3842 a
2920 3804 3028 3857 quo
3062 3798 3118 3844 et
3147 3786 3280 3843 ordo
3308 3790 3489 3847 Coele-

1900 3858 2164 3911 stinoruin
2196 3856 2408 3911 initium
2433 3866 2486 3910 et
2513 3872 2712 3912 nomen
2739 3856 2969 3925 accepit.
2998 3858 3211 3915 Accidit
3237 3863 3400 3928 enim,
3428 3873 3487 3916 ut

1900 3930 2070 4001 refert
2101 3928 2290 3982 Petrus
2324 3928 2645 4001 Aliacensis,
2684 3938 2740 3983 ut
2779 3930 2851 3985 ob
2876 3933 3015 3984 sacri
3058 3930 3305 4001 mysterii
3335 3948 3491 3987 reve-

1902 4000 2131 4071 rentiam
2157 4014 2346 4068 magna
2371 4006 2420 4055 ei
2451 4000 2783 4068 perplexitas
2812 4005 3067 4065 oriretur,
3099 4000 3352 4071 quidnam
3386 4004 3493 4058 sibi

1903 4068 2170 4139 agendum
2226 4080 2393 4143 esset,
2448 4087 2569 4125 cum
2625 4084 2884 4127 nocturna
2938 4068 3236 4142 pollutione
3288 4087 3492 4143 corpus

1904 4141 2350 4215 suum__maculari
2378 4144 2905 4215 contingeretilicet
2933 4152 3111 4198 tamen
3136 4144 3346 4199 animus
3373 4141 3493 4215 ejus

1906 4210 2295 4266 mundissimus
2336 4213 2426 4267 tali
2460 4212 2817 4268 immunditite
2855 4230 2950 4281 pro
2991 4216 3196 4269 viribus
3239 4210 3495 4271 resistere

1907 4284 2190 4354 niteretur.
2241 4283 2310 4354 Et
2354 4297 2475 4338 cum
2525 4299 2555 4337 a
2603 4285 2872 4354 religiosis
2922 4284 3180 4341 fratribus
3226 4298 3498 4353 quaereret

1907 4353 2215 4420 consilium,
2241 4353 2287 4407 si
2312 4354 2504 4409 eodem
2537 4354 2623 4409 die
2651 4353 3031 4411 celebrandum
3064 4366 3209 4412 esset
3235 4357 3319 4412 vel
3354 4373 3385 4411 a
3408 4373 3499 4414 ce-

1911 4426 2211 4480 lebratione
2241 4426 2585 4494 cessandum,
2634 4441 2733 4481 nec
2775 4437 2921 4481 esset
2950 4443 3054 4481 una
3095 4428 3339 4482 omnium
3371 4444 3497 4482 sen-

1912 4496 2098 4560 tentia,
2140 4496 2261 4549 aliis
2287 4493 2383 4558 sic,
2421 4496 2539 4549 aliis
2569 4493 2731 4551 aliter
2770 4496 3129 4551 sentientibus
3175 4515 3188 4550 :
3226 4498 3311 4565 pia
3342 4512 3499 4553 mens

1912 4567 2031 4635 ejus
2054 4569 2103 4619 in
2123 4566 2287 4621 dubio
2309 4566 2596 4633 ﬂuctuans,
2619 4567 2687 4621 ad
2708 4568 2965 4622 auxilium
2986 4566 3494 4622 recurritdivinum.

212 4656 382 4708 ratur,
414 4655 471 4697 ut
494 4648 610 4716 jam
645 4635 699 4695 se
727 4659 758 4716 a
788 4635 982 4716 cwteris
1014 4639 1173 4716 longe
1209 4635 1320 4716 esse
1348 4652 1450 4689 non
1480 4635 1807 4716 testimet'qui
1835 4653 1889 4715 D
1914 4638 2146 4716 _Et_ecce
2188 4638 2239 4716 in
2278 4638 2483 4716 somnis
2526 4639 2784 4716 assistere
2824 4639 2877 4693 ei
2916 4640 3064 4716 _v_isus_
3106 4644 3190 4692 est
3226 4635 3496 4706 Christus,

210 4707 469 4772 mundum
494 4707 551 4767 se
577 4726 668 4782 per
703 4710 894 4782 obitum
919 4708 1097 4782 intimi
1128 4707 1331 4782 ardoris
1366 4708 1573 4782 gaudet.
1605 4709 1811 4782 llucus-

255 4804 319 4841 ue
338 4777 599 4839 lsidorus'.
627 4780 791 4837 Addit
811 4791 866 4835 et
884 4780 989 4834 alio
1013 4779 1132 4833 loco
1155 4777 1298 4847 (Lib.
1320 4792 1377 4831 ιιι
1402 4777 1638 4833 Sentent.
1660 4795 1707 4832 c.
1731 4780 1806 4848 6):

255 4804 319 4841 ue
338 4804 599 4839 ISIUOI'US.
627 4804 791 4837 AUUII.
811 4804 866 4835 et
884 4804 989 4834 auu
1014 4804 1132 4833 ιυυυ
1155 4804 1298 4847 μλιυ.
1320 4804 1377 4831 ιιι
1402 4804 1638 4833 causa".
1660 4804 1707 4832 υ.
1731 4804 1806 4848 u);

211 4804 319 4925 aui
358 4866 618 4909 nocturna
653 4852 891 4925 itlusione
928 4849 1195 4925 polluitur,
1239 4850 1470 4925 quamvis
1511 4858 1659 4902 extra
1700 4864 1810 4903 me-

210 4919 437 4982 moriam
458 4924 830 4997 cogitationum
841 4919 949 4997 sese
961 4920 1243 4997 persentiat
1253 4919 1586 4997 inquinatum
1600 4934 1620 4982 ;
1645 4929 1814 4997 tamen

212 5000 336 5061 hoc,
381 5007 435 5052 ut
476 4990 782 5057 tentaretur,
829 4990 997 5058 culpat
1032 5006 1141 5045 sua:
1179 4990 1394 5056 tribuat,
1435 5006 1679 5060 suamque
1712 4993 1813 5044 im-

211 5072 531 5123 munditiam
553 5066 729 5123 statim
751 5063 957 5135 ﬂetibus
983 5071 1169 5134 tergat.

291 5140 318 5178 δ
367 5140 426 5194 id
471 5147 576 5206 εει,
628 5132 831 5192 diaboli
878 5150 1042 5203 opera
1064 5132 1145 5206 ξει
1189 5133 1439 5206 illu‘sione
1486 5132 1712 5206 pollutio
1756 5135 1809 5189 in

212 5213 424 5269 somnis
472 5204 816 5281 procuretur.
860 5208 949 5281 Sic
1001 5204 1138 5281 infra
1190 5222 1203 5262 :
1251 5204 1497 5281 Occultas
1543 5205 1814 5281 diabolica:

215 5282 462 5355 factionis
476 5275 714 5355 'insidias
740 5277 1090 5355 perviderultt.
1124 5275 1254 5332 Item
1295 5296 1314 5355 ί
1340 5275 1520 5355 ριηηὶε
1545 5277 1817 5355 diabolica:

216 5346 466 5427 factionis
492 5367 644 5427 scena
664 5346 861 5427 detecta
884 5347 1213 5427 επηξιιιιλειιε
1228 5362 1258 5427 _:
1278 5346 1575 5427 Adversarii
1596 5348 1818 5427 factiosa

217 5418 398 5481 docuit
428 5422 785 5489 ludiﬁcatione
816 5419 1058 5491 prapelti.
1088 5419 1241 5485 Quod
1274 5418 1498 5491 pollutio
1527 5418 1817 5491 subinde_a

220 5498 447 5552 diabo.o
487 5504 808 5563 procuretur
836 5489 1705 5563 dormientibus,fdiserte‘docet
1751 5489 1814 5563 Ι).

216 5568 463 5627 Thomas
489 5560 555 5635 ('5
586 5580 665 5633 p.,
698 5581 750 5633 q.
785 5562 954 5635 80,7a.
985 5563 1039 5632 7)
1065 5579 1079 5615 ε
1114 5560 1575 5635 Qitandoque,eit,
1595 5560 1814 5635 pollutio

216 5631 525 5714 prooemia
562 5631 719 5714 causa
756 5631 1043 5714 extrinseca
1078 5633 1355 5702 spirituali,
1390 5631 1585 5685 scilicet
1615 5646 1677 5684 ea;
1705 5631 1812 5714 desk

218 5705 443 5766 inonum
463 5708 726 5771 illusione,
747 5706 838 5787 qui
857 5705 1218 5787 phantgsmata
1238 5717 1552 5787 commovere
1575 5710 1811 5787 possunt:

219 5797 291 5840 et!
326 5795 551 5851 quorum
585 5771 909 5848 apparitione
942 5776 1158 5845 pollutio
1182 5774 1440 5831 interdum
1466 5771 1805 5841 subsequitur.

679 5879 959 5943 Ρηιιοι..
1022 5873 1257 5936 XLIX.

1916 4708 2075 4777 hujus
2114 4707 2403 4763 dubietatis
2449 4709 2861 4779 perplexitatem
2901 4707 3221 4774 dissolvens,
3256 4722 3502 4779 eumque

1917 4779 2223 4850 parabolica
2268 4778 2620 4835 similitudine
2670 4784 2973 4843 instruens;
3027 4780 3173 4849 quod
3221 4778 3267 4833 si
3316 4778 3502 4835 asinus

1916 4865 2072 4915 suus,
2102 4850 2156 4905 id
2207 4858 2310 4916 est,
2345 4851 2553 4905 brutale
2593 4860 2646 4905 et
2692 4851 3004 4905 irrationale
3047 4865 3243 4920 corpus
3282 4864 3382 4919 pro
3420 4852 3506 4905 in-
3552 4854 3559 4887 ί

1919 4930 2043 4976 nata
2083 4920 2474 4977 consuetudine
2515 4936 2666 4975 suam
2701 4920 2907 4975 faceret
2945 4921 3362 4986 immunditiam,
3393 4936 3502 4975 non

1920 5002 2142 5062 propter
2177 4994 2283 5047 hoc
2308 5000 2489 5048 rector
2517 4992 2654 5061 ejus,
2686 4991 2739 5046 id
2767 5000 2871 5060 est,
2900 4991 3179 5062 rationalis
3205 4992 3438 5062 animus,
3473 5006 3502 5045 a

1921 5059 2189 5120 consensu
2220 5062 2513 5116 immunda:
2537 5059 2715 5117 carnis
2738 5060 3007 5117 illecebrae
3027 5063 3257 5127 alienus,
3282 5059 3511 5118 deberet

1922 5135 1990 5190 ab
2031 5148 2261 5190 ascensu
2306 5133 2633 5199 caelestium,
2685 5134 2787 5187 hoc
2829 5140 2933 5198 est,
2973 5147 3004 5188 a
3046 5133 3509 5201 contemplatione

1920 5205 2248 5266 divinorum,
2275 5206 2360 5259 vel
2379 5206 2447 5258 ab
2465 5205 2726 5258 exercitio
2747 5202 3105 5274 spiritualium
3125 5205 3507 5274 mysteriorum

1924 5287 2161 5344 torpere.
2206 5275 2322 5341 Qua
2363 5275 2567 5329 visione
2607 5276 2917 5330 consolatus
2942 5289 3130 5329 servus
3162 5274 3277 5338 Dei,
3313 5277 3510 5330 mentis

1924 5346 2631 5417 quietem,spiritualemque
2644 5346 2884 5401 laetitiam
2901 5346 3191 5417 resumpsit
3206 5345 3514 5415 intelligens

1924 5415 2466 5480 obiinvoluntariam,
2502 5416 2715 5485 legique
2751 5416 2946 5472 mentis
2978 5430 3090 5470 suae
3122 5426 3515 5485 repugnantem

1926 5488 2107 5543 carnis
2128 5486 2503 5556 pollutionem,
2535 5500 2640 5540 non
2663 5502 2786 5542 eum
2814 5494 3065 5554 oportere
3084 5501 3115 5541 a
3137 5486 3305 5542 divini
3334 5501 3514 5541 sacra-

1925 5560 2095 5615 menti
2124 5557 2505 5614 communione
2532 5571 2767 5613 cessare.
2801 5558 2927 5613 Hice
2954 5558 3049 5611 ibi.

1922 5629 2025 5757 (rd
2071 5631 2128 5685 1d
2159 5640 2261 5695 εει,
2296 5628 2680 5685 invaletudinis
2720 5645 2815 5687 seu
2871 5627 3217 5698 infirmitatis,
3268 5638 3325 5686 ut
3371 5642 3516 5701 saepe

1961 5711 2124 5757 ictum
2155 5711 2258 5757 est.

1961 5703 2124 5758 ictum
2155 5711 2258 5759 est.

3002 5871 3081 5933 39
