3986 6188
87 319 128 386 ἰ
142 327 272 387 229

892 320 1237 388 COLLATIO
1275 330 1442 388 XXII.
1477 360 1547 378 --
1578 332 1667 391 DE
1708 325 2101 400 NOCTURNIS
2139 331 2639 397 iLLUSIONlBUS.

3273 349 3413 408 sese

87 445 262 520 LVI).
293 446 396 515 Qui
430 452 557 502 sunt
579 443 666 500 isti
693 443 791 499 ﬁlii
821 453 874 502 et
900 445 1042 513 tilize,
1072 449 1268 520 quibus
1306 451 1360 506 in
1404 458 1612 508 tantum
1639 450 1726 508 isti
1753 453 1808 514 Α
1832 466 1976 511 vasus
1995 467 2181 512 earum
2206 453 2329 512 oleo
2357 453 2604 524 puritatis
2623 452 2870 524 internae,
2901 449 3121 512 claritas
3148 469 3212 514 ac
3234 461 3414 527 splen.

93 542 500 612 praeferuntur
553 539 809 607 eunuchi,
866 548 925 595 ut
971 540 1134 596 etiam
1180 537 1358 600 locum
1409 560 1472 600 ac
1528 560 1724 602 nomen

93 633 326 690 melius
353 633 627 703 accepturi
658 647 778 688 esse
808 631 1080 700 dicantur,
1110 632 1215 689 nisi
1245 634 1324 691 illi
1351 637 1525 694 sancti
1552 638 1644 708 qui
1670 638 1725 694 in

95 727 297 782 veteri
326 726 678 782 Testamento
701 725 754 780 in
779 725 1158 797 etmjugiorum
1185 729 1376 799 copula
1400 745 1726 800 permanen-

96 829 228 887 tes,
281 836 381 890 per
423 819 824 876 observantiam
865 820 1241 876 mandatorum
1281 821 1336 876 in
1379 822 1724 894 adoptionem

97 914 363 970 ﬁliorum
389 916 484 971 Dei
516 930 622 970 non
646 915 923 972 immerito
950 920 1350 986 pervenerunt?
1380 918 1534 988 Quod
1564 921 1725 976 etiam

97 1025 329 1066 nomen
369 1019 453 1066 est
487 1009 616 1065 illud
653 1009 796 1082 quod
827 1012 906 1066 eis
938 1011 1086 1066 velut
1114 1012 1441 1082 praecipuum
1471 1013 1725 1085 quiddam

103 1101 247 1157 vice
294 1103 756 1158 remunerationis
803 1118 1030 1158 summie
1072 1105 1423 1174 promittitur,
1472 1107 1573 1162 nisi
1623 1107 1727 1164 hoc

102 1195 278 1264 quod
308 1192 506 1250 Christi
525 1194 788 1252 vocabulo
809 1195 1040 1251 dicimur
1059 1211 1181 1253 esse
1202 1199 1491 1254 censendi?
1521 1199 1596 1255 De
1621 1215 1726 1270 quo

105 1288 355 1341 nomine
384 1286 510 1342 alibi
540 1302 636 1356 per
665 1287 981 1359 prophetam
1017 1289 1092 1343 ait
1126 1307 1138 1342 :
1173 1288 1240 1343 Et
1267 1307 1439 1346 servos
1467 1309 1604 1347 meos
1640 1309 1729 1348 vo-

109 1379 245 1432 cavi
286 1380 491 1434 nomine
529 1381 658 1450 alio,
701 1381 757 1434 in
794 1397 894 1452 quo
937 1382 1030 1453 qui
1068 1384 1440 1442 benedicendus
1467 1395 1540 1440 est
1570 1403 1729 1458 super

111 1481 343 1540 terram,
394 1473 722 1531 benedicatur
763 1476 817 1529 in
855 1474 987 1540 Deo,
1037 1477 1233 1544 Amen;
1278 1487 1326 1534 et
1366 1480 1454 1551 qui
1482 1482 1629 1552 jurat
1673 1483 1727 1538 in

107 1575 270 1620 terra
292 1567 493 1637 jurabit
518 1567 575 1621 iu
606 1567 737 1632 Deo,
765 1569 927 1622 Amen
951 1565 1086 1640 (Isa.
1116 1570 1265 1641 va).
1293 1570 1363 1627 Et
1390 1572 1585 1628 iterum
1611 1591 1624 1628 :
1657 1571 1728 1630 Et

109 1658 418 1728 vocabitur,
453 1659 655 1730 inquit,
684 1661 774 1716 tibi
810 1677 994 1717 nomen
1021 1679 1212 1718 novum
1235 1665 1375 1735 quod
1417 1681 1474 1721 os
1514 1665 1727 1724 Domini

109 1753 421 1806 nominauit
451 1750 598 1824 (Isa.
631 1753 796 1825 Lxu).
827 1754 1040 1822 Quique
1065 1771 1164 1825 pro
1195 1757 1293 1812 hac
1316 1757 1496 1814 cordis
1521 1767 1577 1814 et
1602 1775 1724 1816 cor-

1829 549 1929 605 dor
1980 549 2282 619 corporalis
2326 550 2651 621 virginitatis
2705 549 3106 622 exstinguitur;
3142 552 3415 614 interioris

1828 643 1973 704 enim
2004 643 2115 702 fotu
2149 642 2326 717 [Lipe.
2359 645 2416 700 iu
2446 662 2613 717 marg.
2645 645 2816 718 potu}
2854 661 2916 701 ac
2944 647 3138 716 pabulo.
3167 649 3417 719 puritatis

1827 737 2231 796 subministrari
2285 754 2509 795 necesse
2564 749 2648 796 est
2687 742 2858 798 etiam
2900 743 3157 798 exteriori
3209 745 3418 801 homini

1830 827 2153 897 castitatem,
2186 845 2413 900 eamque
2430 831 2632 902 jugiter
2661 832 2725 888 ad
2750 834 3208 903 perseverantiam
3239 836 3417 892 incor-

1830 922 2094 992 ruptionis
2121 931 2395 994 perpetrm
2423 923 2674 980 animari.
2709 924 2775 979 Et
2806 925 2926 980 ideo
2963 925 3123 981 fatuae
3162 927 3271 982 illae
3302 929 3416 983 vir-

1829 1013 1984 1083 gines
1996 1013 2288 1086 gloriosum
2302 1017 2488 1086 sponsi
2502 1017 2788 1074 thalamum
2803 1033 2922 1074 cum
2943 1017 3049 1076 illis
3064 1019 3418 1090 prudentibus

1831 1119 1938 1163 non
1971 1116 2248 1162 merentur
2279 1106 2505 1174 intrare,
2535 1124 2654 1179 quae
2680 1109 2952 1180 integrum
2980 1110 3230 1179 spiritum
3260 1127 3417 1166 suum

1831 1204 1886 1252 et
1913 1198 2148 1254 animam
2176 1207 2232 1254 et
2259 1213 2461 1270 corpus
2488 1199 2607 1255 sine
2629 1201 2848 1270 querela
2877 1203 2928 1257 in
2961 1201 3048 1258 die
3075 1203 3289 1260 Domini
3314 1220 3416 1258 no.

1830 1288 1928 1347 sui
1962 1288 2088 1346 Jesu
2118 1289 2322 1346 Christi
2353 1307 2462 1347 non
2501 1301 2880 1348 servaverunt.
2908 1293 2988 1348 illi
3029 1311 3260 1365 namque
3289 1302 3421 1351 sunt

1833 1380 1950 1438 veri
1971 1389 2134 1451 atque
2155 1382 2458 1453 incorrupti
2476 1384 2711 1455 virgines
2727 1384 2951 1449 Christi,
2971 1385 3050 1440 illi
3071 1386 3418 1442 admirabiles

1832 1479 1996 1542 atque
2027 1473 2230 1546 egregii
2260 1481 2580 1546 reputantur
2606 1475 2864 1542 eunuchi,
2893 1493 2997 1532 non
3027 1478 3119 1547 qui
3150 1486 3419 1544 metuunt,

1832 1564 1931 1622 sed
1958 1565 2152 1636 quibus
2182 1582 2294 1622 non
2324 1567 2459 1624 libet
2497 1568 2776 1640 fornicari,
2819 1584 2922 1625 nec
2950 1569 3041 1638 qui
3073 1569 3424 1640 impudicitiae

1830 1656 2133 1727 reprimunt
2172 1658 2354 1728 frena,
2388 1659 2488 1718 sed
2527 1661 2617 1731 qui
2666 1661 2838 1732 ipsam
2883 1676 3100 1732 quoque
3145 1663 3425 1718 minimam

1832 1753 2036 1810 mentis
2058 1752 2423 1812 titillationem
2477 1764 2532 1811 et
2583 1756 2897 1812 tenuissima
2938 1755 3178 1811 libidinis
3227 1757 3422 1811 incita.

109 1845 286 1914 poris
315 1845 574 1914 puritate,
607 1846 769 1902 etiam
802 1847 891 1902 illa
923 1849 1191 1919 praecipua
1215 1864 1282 1906 ac
1305 1851 1565 1922 singulari
1592 1853 1724 1909 δρι-
1753 1851 1799 1914 Β
1825 1858 2010 1916 menta
2027 1847 2296 1917 vicerunt,
2321 1860 2376 1903 et
2402 1864 2468 1904 eo
2492 1863 2662 1919 usque
2684 1856 3110 1905 extenuaveruut
3137 1845 3285 1904 illum
3309 1864 3429 1902 car—

114 1938 368 1993 titudine
394 1939 762 2009 perfruentur,
797 1951 823 1979 δ
852 1951 910 1998 ut
936 1943 1068 2000 illud
1107 1945 1378 2002 canticum
1403 1946 1607 2018 iugiter
1633 1963 1727 2005 can

113 2041 290 2096 nant,
331 2032 480 2100 quod
524 2048 688 2090 nemo
733 2034 873 2091 alius
922 2046 1233 2094 sanctorum
1276 2055 1478 2096 canere
1522 2051 1726 2110 ponet,

116 2125 241 2178 ui'si
266 2125 354 2179 isti
381 2125 484 2180 soli
509 2127 600 2196 qui
631 2136 931 2198 sequuntur
954 2143 1150 2201 agnum
1177 2143 1520 2204 quocumque
1545 2133 1728 2191 vadit?

126 2216 387 2287 Virgines
415 2220 556 2274 enim
583 2232 722 2284 suae,
749 2232 796 2276 et
821 2235 943 2278 cum
969 2226 1270 2281 mulieribus
1296 2243 1351 2282 se
1373 2244 1477 2282 non
1500 2228 1733 2298 coinqui-

118 2320 390 2366 naverunt
419 2311 605 2383 (Apoc.
647 2314 781 2385 snt).
812 2315 1045 2373 Proinde
1083 2319 1129 2374 si
1167 2319 1235 2375 ad
1274 2321 1417 2376 hanc
1457 2321 1730 2379 sublimis-

121 2403 337 2460 siuram
375 2407 641 2476 virginum
680 2408 908 2478 gloriam
949 2412 1197 2470 volumus
1238 2417 1545 2484 pervenire,
1586 2415 1734 2471 omni

125 2499 343 2555 siit-tute
365 2498 828 2571 incorruptionem
855 2505 1052 2560 mentis
1073 2521 1135 2560 ac
1159 2508 1380 2576 spiritus
1401 2509 1732 2566 excolamus.

126 2607 213 2650 ne
257 2592 313 2648 in
356 2593 572 2648 illarum
611 2593 984 2665 insipientium
1028 2601 1298 2670 virginum
1345 2600 1562 2672 (Matth.
1608 2605 1734 2676 xxv)

131 2702 377 2742 numero
405 2688 762 2760 eollabamur,
786 2692 983 2762 quibus
1012 2693 1214 2751 idcirco
1244 2710 1348 2750 non
1377 2704 1462 2752 est
1487 2703 1732 2770 reputate

129 2780 448 2852 virginitas,
507 2784 633 2853 quia
684 2799 716 2838 a
766 2787 1156 2844 cornmiatloue
1209 2790 1410 2844 carnali
1467 2792 1731 2849 immunes

130 2887 271 2930 sese
299 2876 674 2931 tantummodo
699 2888 1070 2944 servaverunt,
1105 2889 1160 2935 et
1201 2879 1269 2934 ob
1307 2881 1410 2936 hoc
1435 2882 1463 2921 ι’
1493 2884 1730 2953 virgines

129 2967 383 3040 quidem,
425 2969 522 3026 sed
565 2967 730 3026 fatua!
772 2982 1150 3042 nuneupantur
1186 2973 1312 3042 quia
1345 2974 1632 3029 deficiente
1675 2974 1730 3028 in

1831 1940 1918 1996 nis
1949 1942 2032 2012 (ut
2058 1942 2130 1997 ita
2159 1939 2423 2012 dixerim)
2446 1955 2690 2008 sensum,
2719 1952 2742 1982 ο
2761 1950 2820 1997 ut
2849 1956 2960 1997 non
2988 1940 3162 1996 solum
3191 1955 3254 1995 ex
3276 1954 3431 1994 com-

1834 2034 2080 2091 motione
2133 2035 2276 2106 ejus,
2335 2035 2485 2090 nulla
2534 2034 2921 2105 oblectatione,
2965 2035 3064 2094 sed
3120 2049 3190 2092 ne
3240 2032 3432 2104 exigua

1833 2129 2058 2200 quidem
2089 2128 2402 2186 titillatione
2436 2139 2744 2200 tangantur.

2436 2244 2668 2302 CAPUT
2706 2243 2800 2301 Vii

1841 2338 1992 2404 Quod
2042 2338 2582 2410 numquamittlgnum
2627 2346 2692 2410 se
2748 2338 3106 2410 communione
3152 2337 3431 2397 ﬂaminica

2259 2407 2522 2481 quispiam
2549 2407 2730 2464 debeat
2748 2409 3012 2481 judicare.

1912 2511 2083 2566 Tanta
2129 2521 2312 2566 autem
2353 2524 2450 2565 cor
2496 2517 2746 2566 nostrum
2791 2511 3113 2568 humilitatis
3164 2513 3430 2570 debemus

1839 2603 2040 2659 vallare
2057 2602 2327 2669 custodia,
2364 2611 2427 2657 ut.
2457 2601 2601 2657 hanc
2621 2602 2993 2658 deﬁnitionem
3023 2615 3282 2675 perpetua
3306 2621 3432 2662 sen-

1839 2712 1996 2754 suum
2043 2697 2340 2752 stabilitate
2371 2704 2649 2752 teneamus
2675 2739 2690 2763 ,
2732 2712 3075 2768 nequaquam
3131 2713 3232 2753 nos
3269 2713 3433 2769 posse

1839 2789 1906 2844 ad
1938 2797 2148 2844 tantum
2190 2787 2584 2859 puriﬁcatlo'nis
2633 2790 2885 2845 meritum
2929 2791 3252 2861 pervenire,
3297 2792 3433 2847 utsi

1839 2883 1956 2937 hanc
1975 2898 2100 2952 quae
2119 2897 2282 2953 supra
2301 2883 2413 2937 disi
2433 2897 2532 2952 per
2544 2883 2638 2938 Dei
2661 2883 2889 2953 gratiam
2904 2884 3085 2938 omnia
3114 2883 3428 2952 fecerimus,

1840 2973 1867 3013 ά
1898 2976 2150 3048 indignos
2202 2986 2381 3033 tamen
2424 2987 2526 3032 nos
2569 2977 2951 3033 communione
2999 2978 3141 3033 sacri
3184 2977 3432 3048 corporis

1227 3114 1483 3172 ALABDI
1523 3114 1752 3170 ΟΑΖᾸΞΙ
1788 3115 2360 3174 COMMENTARIUS.

136 3228 304 3282 modo
328 3229 596 3303 utilitatem
619 3231 880 3300 promittis
899 3229 1271 3303 continentibus
1285 3229 1581 3285 sanctis?N
1587 3247 1731 3285 omen
1763 3232 1808 3296 C
1838 3232 2061 3300 virgines
2085 3245 2255 3297 carne,
2289 3246 2396 3285 ηπ
2417 3231 2621 3302 spiritu,
2650 3232 2873 3303 uirgines
2903 3231 3098 3295 stultae.
3123 3247 3240 3300 quia
3263 3233 3434 3292 oleum

137 3307 402 3373 (utentum
441 3297 574 3354 dabo
605 3297 680 3355 eis
709 3320 728 3368 ;
757 3311 808 3356 et
837 3303 879 3353 si
904 3301 1054 3373 forte,
1074 3300 1158 3354 hic
1178 3301 1346 3372 ipsum
1367 3312 1616 3355 (utentum
1640 3320 1734 3368 pro

140 3372 401 3444 diuturno
453 3373 658 3425 conaris
682 3372 912 3444 accipere
931 3415 944 3433 ,
989 3372 1144 3437 addo,
1171 3375 1460 3436 accumula,
1494 3374 1696 3427 inculco
1721 3393 1740 3428 :

143 3440 268 3495 Nec
295 3459 534 3511 umquam
579 3445 761 3497 deerit.
792 3440 936 3508 Quid
965 3446 1149 3513 qttwris
1179 3446 1398 3514 amplius
1427 3446 1453 3497 ?
1494 3455 1740 3499 aeternum

143 3514 250 3566 hoc
279 3529 494 3577 nomen,
536 3516 788 3585 quidquid
819 3515 952 3569 illud
979 3526 1072 3578 est,
1114 3517 1422 3586 spadonibus
1457 3516 1566 3580 llei,
1603 3516 1740 3585 quod

144 3586 331 3657 utique
354 3587 578 3652 gloriam
605 3587 886 3655 quamdam
910 3589 1173 3657 propriam
1215 3589 1642 3654 excellentemque
1673 3589 1744 3641 si-

145 3656 412 3728 gniﬁcat;
451 3672 552 3708 non
599 3657 694 3710 erit
738 3656 1014 3712 commune
1032 3673 1150 3710 cum
1200 3657 1393 3720 multis,
1427 3660 1658 3728 quamvis
1685 3659 1741 3710 in

147 3726 337 3780 eodem
365 3743 521 3799 regno
562 3737 606 3780 et
653 3728 706 3780 in
727 3730 906 3799 eadem
942 3730 1091 3780 elonto
1118 3728 1427 3799 constitutis.
1452 3726 1740 3799 (Nuntich

145 3799 374 3870 fortasse
416 3796 463 3850 et
492 3811 673 3851 nomen
718 3798 911 3852 dictant
950 3807 1023 3851 est
1043 3839 1056 3861 ,
1087 3798 1224 3867 quod
1261 3813 1342 3850 eos
1372 3796 1560 3866 quibus
1588 3796 1742 3850 datur

145 3870 437 3933 distinguat
464 3885 496 3922 a
519 3871 733 3922 caeteris.

232 3949 258 3976 ⁸
305 3939 468 3994 Divus
513 3941 846 4010 Augustinus
889 3940 1027 3996 libro
1069 3939 1136 3994 de
1176 3939 1370 3994 Sancta
1398 3938 1736 4010 Virginitate,

151 4010 400 4077 virgines
431 4008 707 4079 alloqui-ns
731 4021 784 4066 et
807 4011 1144 4074 collaudatis,
1164 4011 1313 4079 inter
1344 4023 1537 4066 trattera
1567 4008 1642 4062 sic
1668 4012 1742 4064 ait

148 4075 340 4144 capite
364 4081 434 4135 GZ9
462 4099 474 4134 :
515 4075 715 4135 Videbit
736 4100 822 4136 vos
852 4092 1032 4136 cratera
1064 4075 1338 4134 multitudo
1368 4081 1602 4152 ﬁdelium
1628 4097 1742 4150 qua:

151 4155 365 4225 Agnum
389 4154 456 4205 ad
482 4154 577 4206 hoc
605 4156 743 4223 sequi
776 4171 874 4207 non
906 4156 1078 4219 valet;
1106 4154 1312 4220 videbit,
1343 4170 1433 4206 nec
1458 4154 1699 4208 invidebit
1722 4169 1743 4219 ;

147 4223 219 4280 et
253 4223 563 4278 collwtando
603 4226 763 4290 vobis,
807 4227 942 4292 quod
983 4227 1036 4280 in
1076 4243 1130 4280 se
1176 4241 1276 4279 non
1326 4224 1502 4292 habet,
1540 4225 1743 4280 habebit

149 4298 215 4350 in
239 4296 399 4348 nobis.
430 4295 569 4350 Nam
595 4306 642 4349 et
679 4298 814 4349 illud
851 4300 1109 4352 canticum
1136 4312 1319 4350 novum
1365 4299 1633 4367 proprium
1661 4312 1745 4367 ve-

149 4378 327 4421 strum
348 4368 514 4421 dicere
540 4384 643 4420 non
669 4370 854 4436 poterit
879 4385 896 4433 ;
937 4369 1118 4422 audire
1145 4380 1315 4420 autent
1341 4366 1550 4434 poterit,
1573 4376 1620 4420 et
1647 4366 1743 4420 ἄεν

153 4438 341 4491 lectori
371 4450 533 4492 vestro
562 4448 666 4492 tam
687 4441 953 4493 excellenti
982 4441 1133 4492 bona.
1166 4438 1274 4494 Sed
1302 4454 1388 4490 vos
1411 4441 1495 4505 qui
1522 4448 1569 4492 et
1601 4439 1742 4491 dice-

155 4510 228 4564 tis
250 4516 297 4560 et
324 4510 563 4566 audietis.
589 4511 707 4577 quia
738 4512 900 4564 ethoc
922 4510 1057 4579 quod
1080 4510 1260 4562 dicetis
1283 4509 1477 4579 a‘vobis
1497 4509 1742 4577 audietis,

1846 3321 1946 3357 non
1971 3304 2210 3358 [rubentes
2249 3305 2597 3358 excluduntur
2625 3321 2656 3358 a
2685 3303 2910 3374 Sponsa.
2949 3304 3010 3360 Si
3041 3313 3212 3359 autem
3241 3314 3290 3359 et
3327 3303 3436 3364 illa

1842 3390 1956 3446 qute
1993 3378 2212 3450 virgines
2244 3386 2395 3450 sunt,
2438 3373 2499 3428 ob
2540 3376 2673 3427 alias
2703 3385 2872 3450 tamen
2908 3391 3111 3450 causas,
3142 3377 3436 3446 virginitate

1844 3443 2118 3513 corporum
2158 3463 2258 3500 non
2299 3443 2594 3518 salvantur,
2639 3447 2762 3513 quid
2801 3446 2890 3512 ﬁet
2938 3447 3045 3499 illis
3082 3463 3195 3516 qua:
3221 3443 3434 3518 'prosti-

1841 3527 2048 3571 luerunt
2077 3518 2299 3570 membra
2329 3517 2542 3576 Christi,
2568 3527 2614 3568 et
2641 3525 2965 3570 mutaverunt
2996 3518 3241 3585 templum
3265 3521 3434 3574 sancti

1843 3587 2074 3656 Spiritus
2095 3589 2147 3640 in
2177 3586 2425 3652 lupanar,
2449 3594 2556 3640 etc.

1919 3669 1940 3695 ε
1976 3657 2106 3710 Haec
2131 3657 2267 3709 enim
2295 3665 2365 3724 est
2415 3656 2784 3724 consummatio
2831 3655 3114 3722 castitatis,
3148 3656 3225 3710 ait
3255 3657 3428 3718 abbas

1843 3723 2406 3797 Climremonltjollal.
2437 3725 2504 3779 i2
2549 3742 2664 3797 cap.
2699 3725 2846 3797 ult.),
2881 3737 2934 3778 ut
2982 3725 3280 3796 vigilantem
3318 3746 3431 3783 mo-

1844 3795 2068 3851 nachum
2098 3794 2366 3869 oblectatio
2398 3794 2626 3850 libidinis
2657 3794 2808 3849 nulla
2822 3794 3150 3869 perstringat,
3187 3802 3432 3868 utquies-

1841 3877 2039 3920 centeni
2052 3867 2371 3920 somniorum
2389 3885 2488 3920 non
2512 3868 2662 3940 fallat
2681 3867 2882 3940 illusio;
2903 3871 2994 3922 sed
3020 3884 3135 3921 cum
3154 3869 3431 3926 dormienti

1845 3948 2040 3991 taurum
2077 3956 2162 4009 per
2197 3940 2380 4004 sopita:
2420 3939 2601 3992 mentis
2641 3939 2889 3992 incuriam
2931 3941 3202 3992 commotio
3255 3946 3430 3998 carnis

1843 4010 2142 4080 obrepserit,
2174 4010 2608 4076 quemadmodum
2646 4010 2755 4064 siue
2803 4010 2913 4080 ulla
2955 4009 3250 4063 titillatione
3277 4012 3428 4066 volu-

1845 4077 2001 4151 ptatis
2021 4081 2243 4136 excitata
2262 4089 2335 4136 est
2359 4123 2372 4147 ,
2401 4082 2470 4134 ita
2493 4083 2645 4134 etiam
2676 4082 2782 4133 sine
2829 4077 2937 4133 ullo
2959 4081 3162 4151 pruritu
3198 4085 3428 4154 corporis

2014 4169 2186 4206 tescat.

1844 4162 2190 4279 ωᾟσιίῗξιῗσὲξί
2213 4223 2446 4294 dignitas
2466 4221 2668 4289 meriti,
2702 4218 2806 4274 alia
2831 4220 3232 4297 dispositionis;
3255 4222 3435 4297 digni-_

1845 4304 1956 4352 tate
1985 4297 2160 4350 meriti
2184 4310 2342 4350 neruo
2367 4306 2472 4349 tum
2495 4309 2688 4348 vecors
2709 4303 2811 4359 est,
2832 4302 2964 4350 utse
2992 4296 3212 4364 dignum
3242 4296 3430 4356 credat

1846 4367 2230 4422 communione
2277 4368 2409 4422 tanti
2449 4366 2807 4432 Sacramenti,
2849 4368 3002 4434 quasi
3051 4366 3167 4422 suis
3220 4369 3426 4424 meritis

1848 4437 1952 4491 hoc
1984 4439 2306 4494 beneﬁcium
2350 4439 2646 4502 debeatur;
2679 4445 2770 4492 aut
2797 4447 2999 4492 tantam
3053 4445 3330 4492 assecutus
3361 4441 3431 4494 sit

1847 4511 2046 4564 mentis
2085 4513 2395 4578 puritatem,
2421 4524 2483 4564 ac
2513 4509 2905 4578 perfectionem
2925 4549 2940 4574 ,
2981 4519 3235 4579 quantam
3266 4508 3429 4578 hujus

156 4581 366 4662 felicius
392 4576 718 4663 exsultabitis
740 4576 1117 4672 iucundiusqua
1145 4576 1445 4672 regnabitis.
1472 4579 1603 4672 μωὲ
1636 4576 1744 4632 Att-
1773 4612 1824 4672 Β
1849 4576 2187 4634 Sacramenti
2209 4580 2437 4662 dignitas
2465 4576 2536 4672 ac.
2555 4580 2809 4672 maies‘tps
2839 4576 3084 4672 requirit,
3103 4591 3234 4672 Δ(ξιξξη
3273 4576 3427 4672 (ωεξ-

155 4649 441 4722 ᾲυμιίιηιδ,
474 4663 529 4708 et
577 4649 753 4720 ipsum
787 4649 1118 4707 imitatus“.
1150 4649 1442 4722 Gregorius
1471 4650 1523 4704 in
1559 4649 1745 4705 Pasto-

157 4720 266 4780 i'ali
301 4720 452 4791 (Par.
483 4739 560 4790 ιιι,
594 4741 640 4778 c.
670 4723 740 4781 29
771 4729 786 4792 )
812 4744 822 4777 :
859 4723 1229 4795 Siugulariter,
1265 4721 1459 4786 inquit,
1488 4723 1746 4795 canticum

157 4795 312 4863 Agna
341 4805 555 4848 cantare
581 4808 673 4861 est,
702 4813 815 4849 cum
834 4811 892 4850 eo
922 4793 1300 4863 inperpetuum
1327 4809 1435 4862 pra:
1461 4797 1654 4847 cunctis
1684 4793 1748 4862 ﬁ-

160 4867 366 4922 delibus
393 4867 1024 4936 etiamdeincorruptioue
1046 4866 1214 4918 carnis
1241 4864 1646 4936 gaudere.Qued
1671 4873 1750 4917 ta-

159 4953 284 4991 men
312 4938 457 4992 electi
483 4940 653 4992 caueri
684 4935 938 4991 canticum
967 4938 1148 4990 audire
1169 4943 1401 5006 possunt,
1429 4935 1549 4989 licet
1579 4935 1750 4990 dicere

161 5020 466 5075 nequeant;
516 5013 639 5079 quia
693 5027 784 5077 per
827 5009 1127 5061 charitatem
1177 5006 1382 5075 quidem
1432 5007 1486 5060 in
1540 5007 1752 5061 illorum

163 5080 473 5133 celsitudine
513 5081 616 5134 laesi
643 5090 783 5146 sunt,
811 5080 1039 5147 quamvis
1079 5079 1147 5131 ad
1184 5091 1358 5131 eorum
1400 5079 1616 5146 prwmia
1646 5094 1750 5134 non

157 5161 464 5220 assurgunt.

239 5219 266 5258 δ
299 5219 614 5292 ilujusmndi
641 5222 908 5290 virgines,
933 5229 1042 5272 tam
1073 5220 1126 5273 in
1154 5220 1454 5292 masculino
1483 5235 1642 5292 quam
1675 5220 1753 5292 fe-

164 5291 386 5348 minino
406 5309 535 5349 sexu
558 5337 572 5362 ,
600 5294 799 5347 acriter
829 5291 1141 5360 perstringit
1175 5300 1229 5344 et
1251 5291 1502 5362 suggillat
1532 5291 1594 5345 D.
1630 5291 1753 5348 Hie-

164 5379 427 5434 ronymus
463 5367 514 5419 in
562 5361 786 5433 epistola
810 5364 875 5416 ad
904 5362 1251 5434 Eustochium
1276 5361 1344 5415 de
1370 5363 1616 5434 custodia
1647 5364 1755 5418 vir-

163 5432 407 5503 trinitatis
439 5437 581 5490 inter
601 5432 711 5490 alia
745 5436 986 5490 scribens
1025 5432 1230 5502 (Epist.
1263 5434 1430 5502 sint);
1464 5432 1752 5488 Timeamus

162 5505 314 5558 illum
343 5508 686 5575 prapltetiam,
723 5523 784 5558 ne
814 5509 863 5558 in
896 5504 1039 5557 nobis
1068 5506 1223 5575 etiam
1251 5503 1604 5574 compleatur:
1635 5505 1756 5560 Vir-

208 5526 314 5558 ιαιη
379 5526 686 5575 νορηειιαηι,
723 5526 784 5558 ne
814 5526 863 5558 m
896 5526 1039 5557 ηουιδ
1068 5526 1223 5558 cuum
1251 5526 1604 5574 compleatur:
1641 5526 1753 5560 vrr-

203 5579 310 5631 ines
342 5526 486 5630 bona:
508 5577 743 5642 deﬁcient
767 5577 944 5642 (Amos
972 5577 1104 5640 vm).
1153 5573 1372 5628 Observa
1416 5577 1540 5646 quid
1580 5576 1753 5630 dicat:

207 5647 240 5701 .‘l
263 5649 484 5718 virgines
514 5647 658 5718 bonas
682 5646 935 5718 deficient,
969 5647 1088 5713 quia
1106 5655 1236 5718 sunt
1260 5657 1308 5700 et
1338 5649 1561 5718 virgines
1582 5649 1753 5704 male.

174 5719 279 5786 Qui
309 5715 508 5787 viderit,
536 5717 718 5785 inquit,
752 5715 1019 5769 mulierem
1046 5715 1114 5768 ad
1144 5715 1602 5786 concupiscendam
1623 5735 1754 5787 eam,

171 5784 280 5862 iam
325 5784 610 5842 ruachatus
645 5799 719 5842 est
774 5803 888 5862 eam
910 5860 917 5862 Α
941 5791 996 5839 in
1044 5788 1197 5862 corde
1242 5784 1337 5844 suo
1392 5788 1629 5858 (Matth.
1661 5807 1694 5862 ν
1716 5784 1756 5862 >ζ

172 5859 320 5922 Perit
341 5875 459 5926 ergo
475 5871 526 5916 et
551 5873 714 5916 mente
739 5860 1020 5929 virginitas.
1054 5856 1180 5914 Istra
1200 5872 1319 5916 sunt
1341 5856 1558 5931 virgines
1587 5856 1757 5928 malti’,

1849 4666 1954 4719 que
1984 4654 2480 4706 communicaturus
2524 4652 2797 4705 humiliter
2846 4661 2965 4705 cum
2996 4650 3317 4706 centurione
3347 4651 3432 4706 di-

1847 4735 1971 4776 cere
2003 4722 2232 4776 debeat:
2263 4723 2496 4793 Dantine,
2520 4738 2622 4775 non
2643 4735 2754 4793 sum
2770 4724 2957 4793 dignus
2973 4730 3026 4776 stt
3042 4723 3200 4776 intres
3216 4723 3310 4776 sub
3330 4731 3433 4777 leco

1848 4803 1960 4846 tum
1983 4807 2151 4851 meum
2171 4834 2186 4858 ,
2211 4806 2319 4848 etc.
2359 4792 2580 4859 (Matth;
2611 4792 2748 4863 ηιι).
2793 4792 3031 4861 Dignitas
3060 4794 3432 4861 dispositionis

1851 4874 1936 4920 est
1967 4866 2157 4919 idonea
2189 4875 2244 4921 et
2271 4865 2576 4919 necessaria
2603 4867 2926 4932 praeparatio
2947 4865 3014 4918 ad
3042 4874 3251 4919 sacram
3283 4879 3433 4920 coms

1858 4936 2164 4990 munionem
2195 4937 2278 4991 vel
2303 4934 2551 4990 sacriﬁcii
2584 4935 2846 4989 incruenti
2873 4935 3236 5001 oblationem;
3272 4951 3434 5004 quam

1852 5008 1940 5077 qui
1965 5006 2345 5076 habet,digne;
2364 5009 2454 5077 qui
2475 5021 2578 5061 non
2601 5003 2780 5070 habet,
2797 5005 3012 5075 indigne
3033 5003 3432 5061 accederedici-

1856 5086 1946 5133 tur
1981 5079 2046 5133 ad
2075 5080 2179 5133 hoc
2203 5081 2632 5134 Sacramentum.
2666 5077 2741 5131 De
2779 5091 2882 5143 qua
2908 5077 3438 5146 praeparationeharc

1860 5165 1886 5204 a
1922 5150 2171 5206 Patrihus
2198 5151 2413 5205 concilii
2444 5148 2739 5203 Tridentini
2775 5149 2966 5202 tradita
2992 5157 3116 5200 sunt
3137 5156 3189 5201 et
3215 5147 3437 5202 definita

1859 5221 2026 5289 (δεδι.
2059 5235 2156 5275 xm
2181 5238 2300 5288 cap.
2324 5221 2382 5290 τ)
2408 5239 2420 5273 :
2456 5219 2517 5276 Si
2543 5237 2640 5273 non
2663 5221 2802 5274 decet
2828 5221 2895 5272 ad
2922 5227 3126 5272 sanctas
3155 5218 3290 5273 ullas
3319 5224 3437 5289 pm.
3502 5250 3505 5254 -

1858 5293 2052 5346 ctiones
2073 5295 2358 5364 quempiam
2385 5293 2623 5364 accedere
2649 5291 2750 5364 nisi
2776 5301 2970 5364 sancte,
2987 5299 3125 5364 certe
3149 5295 3247 5359 quo
3274 5292 3439 5364 magis

1859 5360 2108 5417 sanctitas
2157 5375 2202 5418 et
2223 5360 2231 5364 ’
2252 5364 2495 5416 diuinitas
2527 5361 2743 5416 caelestis
2788 5361 2945 5430 hujus
2977 5360 3302 5415 Sacramenti
3331 5365 3439 5414 tiro

1857 5435 2148 5490 Christiano
2176 5446 2433 5506 comperta
2473 5444 2569 5497 est,
2601 5449 2659 5485 eo
2689 5431 2990 5506 diligentius
3020 5443 3202 5506 cavere
3219 5431 3319 5506 ille
3359 5431 3441 5485 dc-

1860 5506 1958 5573 bet,
1990 5523 2056 5561 ue
2071 5505 2260 5576 absque
2286 5503 2474 5576 magna
2493 5504 2772 5558 reverentia
2793 5512 2840 5556 et
2865 5503 3136 5576 sanctitate
3161 5503 3233 5576 ad
3251 5505 3306 5556 id
3326 5507 3442 5576 perL

1861 5580 2154 5646 cipiendum
2175 5573 2390 5630 accedat
2412 5617 2427 5640 ,
2459 5576 2742 5645 pra’sertim
2775 5589 2886 5625 cum
2914 5575 3007 5646 illa
3030 5573 3180 5642 plena
3208 5574 3442 5643 formidi~

1861 5644 1942 5703 nis
1969 5649 2120 5703 verba
2147 5647 2288 5719 apud
2318 5644 2619 5719 Apostolum
2649 5648 2875 5719 legamus
2898 5662 2916 5697 :
2960 5644 3364 5719 Quintairducat
3389 5652 3444 5719 et

1865 5722 1982 5774 bibit
2016 5715 2241 5790 indigne,
2271 5723 2527 5790 judicium
2553 5717 2950 5790 srbrgmanducat
2989 5727 3035 5769 et
3065 5715 3208 5781 bibit,
3237 5731 3337 5790 non
3365 5716 3444 5768 di-

1857 5794 2103 5862 judicaus
2125 5787 2314 5859 corpus
2335 5790 2546 5845 Domini
2560 5790 2603 5858 (l
2627 5787 2747 5842 Cor.
2765 5792 2860 5859 at).
2879 5789 3054 5862 Quare
3072 5788 3446 5840 sanirnunicare

1868 5858 2055 5919 volenti
2092 5864 2433 5918 revocandum
2463 5871 2534 5918 est
2574 5862 2626 5914 in
2657 5858 2956 5915 memoriam
2996 5858 3110 5912 eius
3141 5869 3446 5916 vrmccutum
