4022 6192
603 296 736 356 1231

595 512 743 558 tanta
768 502 1023 571 majestas
1046 510 1150 567 est,
1175 511 1233 555 ut
1262 517 1420 557 nemo
1460 502 1558 557 bac
1590 502 1731 557 lutea
1756 518 1921 557 carne
1950 504 2185 558 circum-

595 596 754 652 datus
786 612 881 667 per
928 612 1085 651 suum
1130 597 1383 651 meritum
1424 598 1541 666 ejus
1569 596 1807 650 edulium
1834 638 1848 662 ,
1882 606 1936 651 et
1969 612 2072 650 non
2117 613 2182 651 ex

592 693 825 762 gratuita
862 693 1070 746 Domini
1102 692 1347 760 largitate
1375 692 1652 762 percipiat.
1686 690 1886 745 Deinde
1915 691 2037 761 quia
2063 692 2182 745 nul-

594 785 681 839 lus
729 786 801 839 ita
849 786 1272 855 circumspectus
1316 786 1365 839 in
1398 784 1555 854 hujus
1601 784 1782 838 mundi
1839 792 2011 853 potest
2060 798 2181 838 esse

591 880 875 945 conﬂictu,
907 890 964 935 ut
1001 897 1124 935 eum
1172 881 1362 934 saltem
1394 894 1514 933 rara
1546 879 1630 933 vel
1662 879 1797 933 levia
1832 888 2179 945 peccatorum

550 986 553 989 ‘
593 974 701 1027 tela
752 988 856 1027 non
902 974 1123 1039 feriant,
1157 972 1279 1039 quia
1314 970 1652 1039 impossibile
1709 979 1793 1024 est
1843 978 1900 1022 ut
1930 983 2037 1022 non
2086 976 2183 1021 aut

592 1064 928 1134 ignorantia,
969 1076 1062 1119 aut
1093 1064 1416 1133 negligentia
1437 1108 1449 1130 ,
1481 1073 1573 1116 aut
1604 1062 1861 1124 vanitate,
1896 1069 1988 1115 aut
2011 1060 2176 1114 obre-

591 1158 815 1226 ptione,
862 1168 949 1210 aut
982 1158 1343 1227 cogitatione,
1390 1164 1483 1209 aut
1524 1156 1875 1218 necessitate,
1922 1160 2015 1207 aut
2045 1152 2184 1207 obli-

590 1249 749 1303 viune
772 1259 1039 1318 peccetur.
1066 1250 1195 1303 Nam
1228 1250 1329 1303 etsi
1353 1248 1419 1303 ad
1448 1259 1551 1301 tam
1583 1248 1900 1317 prmcelsnm
1931 1246 2051 1315 quis
2075 1245 2182 1298 vir-

588 1348 764 1395 tutum
794 1342 1007 1396 culmen
1039 1341 1365 1404 ascenderit,
1402 1350 1462 1394 ut
1508 1340 1873 1411 Apostolicum
1913 1337 2047 1391 illud
2071 1352 2179 1393 non

585 1429 853 1500 iactanter
885 1433 1153 1488 exclamet
1187 1452 1197 1485 ε
1236 1432 1370 1485 Mihi
1402 1442 1572 1485 autem
1602 1449 1696 1503 pro
1727 1432 1937 1484 minimo
1967 1439 2039 1483 est
2067 1440 2121 1483 ut
2150 1447 2181 1483 a

590 1525 730 1578 vobis
750 1525 983 1596 judicer,
1014 1534 1103 1577 aut
1130 1525 1191 1577 ab
1223 1525 1447 1578 humano
1472 1525 1570 1587 die,
1605 1524 1693 1577 sed
1718 1540 1877 1593 neque
1906 1538 1984 1575 me
2009 1523 2178 1593 ipsum

586 1616 791 1688 judico,
818 1614 947 1669 nihil
977 1618 1113 1668 enim
1144 1615 1268 1667 mihi
1294 1616 1528 1669 conscius
1555 1631 1713 1679 sum;
1745 1614 1880 1669 sciat
1908 1629 1965 1668 se
1999 1623 2175 1667 tamen

588 1708 794 1777 absque
825 1716 1043 1775 peccato
1067 1723 1190 1763 esse
1222 1725 1327 1761 non
1364 1722 1543 1777 posse.
1578 1706 1762 1775 Neque
1800 1705 1944 1761 enim
1975 1704 2175 1759 frustra

1650 294 1928 354 JOANNIS
1966 295 2274 355 CASSIANI
2311 295 2807 355 COLLATIONES.

599 429 721 469 esse
750 410 1055 465 credamus.
1089 408 1331 464 Primum
1363 408 1488 479 quia
1530 408 1770 465 ctelestis
1797 410 1939 464 illius
1970 426 2180 465 manna:
2209 414 2259 473 Α
2287 425 2482 481 negare
2522 425 2626 464 non
2678 422 2995 479 possumus,
3024 406 3119 465 sed
3151 406 3291 464 inter
3320 415 3578 464 sanctum
3609 416 3670 464 et
3702 409 3891 469 imma~

3764 298 3889 356 ’23.

2286 504 2523 559 culatum
2570 502 2738 558 multa
2790 503 3045 557 distantia
3094 511 3197 561 est.
3248 502 3407 557 Aliud
3442 510 3530 559 est
3578 506 3737 561 enim
3779 523 3887 564 esse

2284 596 2594 668 quempiam
2623 604 2892 663 sanctum,
2938 596 2989 650 id
3021 604 3126 661 est,
3156 596 3341 651 divino
3378 597 3546 651 cultui
3598 613 3886 656 consecra-

2283 698 2395 745 tutn
2429 706 2443 753 ;
2490 690 2593 743 boc
2641 690 2785 743 enim
2820 705 3013 744 nomen
3044 705 3148 743 non
3188 690 3363 743 solum
3414 689 3770 759 hominibus,
3805 698 3885 750 sed

2283 783 2447 836 etiam
2477 782 2608 835 locis
2636 790 2689 836 et
2715 782 2949 837 vasculis
2978 783 3162 851 templi
3195 792 3359 852 atque
3395 783 3699 849 lebetibus,
3728 798 3887 841 attes-

2285 880 2435 927 tante
2458 872 2757 942 Scriptura,
2790 888 3082 929 commune
3112 882 3214 929 est.
3244 874 3402 928 Aliud
3431 884 3514 930 est
3540 885 3741 932 autem
3774 895 3885 935 esse

2285 964 2491 1033 absque
2540 974 2801 1034 peccato,
2853 965 2997 1035 quod
3054 964 3213 1020 unius
3262 966 3474 1021 Domini
3522 970 3711 1024 nostri
3766 971 3884 1027 Jesu

2284 1054 2485 1109 ChriSti
2513 1056 2855 1122 singulariter
2871 1057 3133 1111 convenit
3161 1057 3447 1127 maiestati,
3474 1060 3541 1116 de
3574 1078 3692 1130 quo
3725 1065 3880 1121 etiam

2285 1150 2576 1219 Apostolus
2602 1151 2750 1204 velut
2771 1151 3102 1220 pracipunm
3128 1152 3257 1219 quid
3282 1167 3343 1205 ac
3371 1155 3613 1222 speciale
3644 1172 3883 1224 pronun-

2280 1242 2377 1296 tiat
2410 1242 2593 1297 dicens
2630 1261 2640 1294 :
2683 1242 2781 1308 Qui
2810 1250 3077 1311 peccatum
3106 1260 3206 1297 non
3234 1244 3354 1313 fecit
3388 1243 3427 1315 (Ι
3463 1244 3613 1299 Petr.
3646 1248 3881 1318 tt).Satis

2282 1334 2426 1389 enim
2468 1335 2628 1389 vilem
2659 1346 2822 1405 atque
2849 1333 3124 1404 indignam
3155 1336 3271 1405 ejus
3318 1338 3608 1405 praeconiis
3664 1340 3880 1399 laudem

2280 1428 2434 1495 quasi
2462 1426 2885 1495 incomparabile
2908 1440 2971 1481 ac
2993 1426 3233 1481 divinum
3254 1427 3304 1481 ei
3327 1428 3533 1498 aliquid
3556 1432 3877 1503 assignavit,

2279 1518 2325 1571 si
2355 1519 2517 1571 etiam
2565 1534 2663 1573 nos
2708 1518 2967 1572 illibatam
3018 1519 3086 1573 ab
3135 1520 3277 1573 omni
3311 1532 3533 1588 peccato
3590 1539 3881 1593 possumus

2282 1608 2584 1678 transigere
2633 1610 2817 1666 vitam.
2872 1609 3084 1665 Rursus
3123 1612 3420 1680 Apostolus
3449 1615 3517 1667 ad
3573 1615 3877 1673 llebrwos:

2282 1695 2406 1753 Non
2431 1701 2566 1753 enim
2596 1700 2860 1763 habemus,
2891 1702 3086 1770 inquit,
3119 1704 3415 1771 pontiﬁcem
3439 1706 3533 1772 qui
3560 1723 3665 1761 non
3711 1713 3877 1779 possit

586 1802 731 1857 idem
777 1804 976 1857 Doctor
1002 1803 1244 1873 adjunxit
1287 1820 1297 1854 :
1348 1802 1454 1857 Sed
1505 1818 1604 1855 non
1644 1801 1696 1853 in
1733 1799 1829 1854 hoc
1860 1799 2174 1869 justi/icatus
2204 1798 2253 1859 B
2279 1792 2500 1860 εοηιραιὶ
2531 1792 2913 1861 ίηβνηιίιαίίὺαε
2940 1793 3126 1846 ποδιτί³
3153 1833 3168 1859 ν
3206 1803 3232 1829 ⁸
3263 1803 3515 1848 “malum
3565 1809 3740 1852 αυιεηι
3785 1818 3875 1871 ρετ

586 1910 731 1957 sum;
776 1894 825 1947 id
857 1904 968 1959 est,
1002 1910 1109 1949 non
1142 1895 1187 1948 si
1218 1910 1316 1962 ego
1354 1894 1557 1963 justum
1590 1908 1677 1947 me
1714 1908 1835 1947 esse
1864 1892 2170 1958 credidero,

584 1999 769 2039 veram
810 1985 1096 2039 confestim
1148 1986 1375 2055 gloriam
1432 1984 1749 2053 possidebo;
1798 1986 1884 2039 vel
1930 1984 2055 2053 quia
2087 1998 2173 2039 nte

583 2077 910 2131 conscientia
943 2092 1065 2132 mea
1094 2077 1293 2131 nullius
1320 2076 1528 2146 peccati
1554 2076 1977 2145 reprehensione
2017 2091 2171 2130 com-

582 2168 771 2239 pungit
796 2210 809 2233 ,
859 2168 1061 2224 idcirco
1102 2169 1299 2223 nullius
1346 2168 1527 2225 sordis
1565 2169 1889 2239 contagione
1931 2168 2172 2224 i'uscatus

582 2277 702 2317 sum
737 2278 751 2327 ;
790 2261 958 2316 multa
986 2262 1131 2317 enim
1163 2261 1325 2317 etiam
1352 2276 1527 2316 meam
1557 2260 1949 2316 conscientiam
1978 2260 2171 2323 latent,

584 2369 708 2425 qua:
728 2369 850 2408 cum
878 2354 986 2408 sint
1007 2353 1141 2408 mihi
1166 2352 1441 2424 incognita
1464 2360 1627 2423 atque
1654 2352 1903 2416 obscura,
1939 2352 2050 2406 Deo
2078 2366 2175 2405 no-

584 2456 639 2502 ta
662 2456 824 2516 atque
855 2446 1136 2500 manifesta
1167 2454 1311 2500 sunt.
1343 2444 1470 2500 ideo
1508 2445 1798 2512 subjiciens
1830 2463 1843 2495 :
1879 2444 1979 2509 Qui
2003 2451 2176 2497 autem

583 2555 683 2601 me,
716 2540 920 2607 inquit,
962 2538 1169 2609 judicat
1194 2536 1447 2591 Dominus
1478 2549 1554 2591 est
1580 2554 1598 2601 ;
1622 2537 1674 2591 id
1702 2547 1805 2601 est,
1830 2536 1898 2589 ab
1928 2537 2022 2590 illo
2052 2536 2175 2590 solo

582 2644 745 2699 quem
784 2638 988 2684 secreta
1020 2629 1261 2683 cordiutn
1301 2645 1407 2682 non
1456 2631 1655 2695 latent,
1690 2628 2083 2699 verumjudicii
2117 2630 2170 2684 in

582 2736 671 2777 me
692 2720 997 2790 proferetur
1026 2735 1280 2777 examen.

1176 2813 1405 2871 CAPUT
1448 2813 1585 2869 Vill.

586 2904 816 2977 Objectio
830 2904 1071 2961 Germani
1084 2906 1301 3032 abbatis,
1311 2923 1374 3032 fx
1386 2907 1463 2960 his
1479 2922 1595 3030 qua:
1609 2907 1672 2962 de
1681 2922 1831 2961 sacra
1844 2908 2173 2978 perceptione

1263 2996 1310 3032 ic
1335 2996 1364 3031 a
1393 2996 1489 3032 sun
1522 3018 1535 3031 .

1263 2996 1364 3032 ποια
1393 2996 1535 3032 sunt.

654 3069 984 3126 Germanus:
1011 3072 1185 3142 Supra
1209 3071 1410 3127 dictum
1439 3079 1524 3127 est
1554 3086 1659 3127 non
1692 3072 1795 3127 nisi
1819 3081 2034 3127 sanctos
2060 3086 2173 3128 coe-

2276 1882 2450 1935 omnia
2494 1899 2589 1954 pro
2626 1881 2965 1937 similitudine
2989 1883 3178 1951 absque
3220 1896 3432 1953 peccato
3460 1886 3651 1958 (Hebr.
3686 1892 3787 1961 tv).
3820 1891 3877 1947 Si

2274 1976 2439 2044 igitur
2464 1975 2628 2029 etiam
2659 1984 2887 2029 terrena:
2916 1974 3245 2029 humilitatis
3275 1986 3477 2033 nostrae
3502 1995 3622 2034 cum
3656 1982 3751 2034 illo
3781 1998 3879 2038 ex-

2273 2068 2422 2123 celso
2449 2067 2743 2138 divinaque
2765 2067 3028 2122 Pontiﬁce
3046 2066 3163 2123 haec
3185 2077 3368 2138 potest
3391 2086 3514 2127 esse
3539 2074 3871 2137 communio,

2274 2169 2333 2214 ut
2354 2161 2515 2215 etiam
2536 2176 2635 2215 nos
2658 2161 2863 2229 absque
2885 2160 2995 2215 ulla
3017 2162 3225 2229 peccati
3248 2161 3553 2221 offensione
3575 2176 3872 2231 tentemur,

2275 2269 2373 2309 cur
2411 2254 2704 2323 Apostolus
2735 2254 2837 2309 hoc
2870 2253 2922 2308 in
2962 2254 3055 2308 illo
3080 2255 3231 2309 velut
3260 2256 3471 2311 unicum
3504 2274 3568 2314 ac
3594 2260 3874 2331 singulare

2275 2346 2578 2416 suspiciens
2610 2347 2777 2419 [Lips.
2811 2348 2864 2399 in
2897 2363 3063 2418 marg.
3091 2346 3432 2420 suscipiens],
3459 2350 3578 2419 ejus
3607 2354 3874 2408 meritum

2275 2438 2342 2492 ab
2391 2438 2699 2493 hominibus
2749 2448 2894 2493 tanta
2944 2438 3209 2494 divisione
3260 2439 3557 2495 discrevit?
3588 2442 3709 2496 Hac
3736 2460 3876 2513 ergo

2274 2530 2391 2585 sola
2426 2530 2494 2585 ab
2531 2531 2782 2586 omnibus
2823 2531 2979 2586 nobis
3016 2533 3322 2601 exceptione
3360 2531 3735 2603 distinguitur,
3766 2537 3878 2603 qui

2275 2638 2374 2679 nos
2410 2638 2517 2678 non
2542 2624 2749 2695 absque
2773 2635 2996 2693 peccato
3020 2668 3035 2691 ,
3060 2626 3209 2681 illum
3233 2625 3349 2681 sine
3383 2636 3607 2695 peccato
3635 2639 3879 2684 constas

2275 2715 2448 2772 fuisse
2474 2726 2762 2773 tentatum.
2789 2719 2921 2787 Quis
2944 2721 3147 2775 etenim
3174 2719 3447 2775 hominum
3472 2721 3724 2790 quamvis
3759 2722 3874 2778 ior-

2276 2809 2347 2864 tis
2368 2821 2531 2881 atque
2558 2811 2787 2867 bellator
2814 2814 2903 2879 sit,
2954 2814 3241 2870 hostilibus
3269 2824 3440 2871 tamen
3467 2814 3589 2870 telis
3618 2816 3869 2884 plerum-

2278 2915 2384 2971 que
2410 2918 2516 2956 non
2546 2903 2770 2973 pateat?
2799 2903 2932 2971 Quis
2956 2907 3104 2960 velut
3145 2907 3539 2977 impenetrabili
3570 2921 3737 2962 carne
3759 2908 3869 2963 cir-

2276 2994 2565 3049 cumdatus
2586 3037 2601 3062 ,
2631 2997 2792 3052 tantis
2819 2995 3131 3066 praeliorum
3176 2998 3432 3067 periculis
3477 3001 3595 3053 sine
3623 2998 3869 3067 periculo

2278 3088 2608 3145 misceatur?
2631 3090 2725 3145 Ille
2747 3098 2928 3145 autem
2951 3090 3099 3146 solus
3121 3090 3400 3163 Speciosus
3421 3093 3587 3164 forma
3608 3107 3715 3163 prie
3739 3092 3868 3161 ﬁliis

584 3160 804 3214 lestium
862 3162 1343 3217 Sacramentorum
1397 3178 1518 3218 esse
1583 3163 1784 3218 debere
1835 3164 2167 3233 participes;

2281 3185 2545 3237 hominum
2571 3183 2741 3252 (Psal.
2788 3184 2936 3253 xuv)
2965 3160 3341 3241 conditionem
3390 3160 3579 3240 mortis
3608 3160 3868 3240 humana:

582 3266 727 3306 nunc
760 3252 1010 3320 adjicitur
1057 3254 1393 3321 impossibile
1418 3269 1545 3310 esse
1592 3256 1797 3310 homini
1828 3265 1883 3309 ut
1915 3256 2171 3313 immunis

566 3344 801 3413 penitus
848 3344 924 3399 sit
971 3360 1001 3398 a
1054 3344 1273 3402 delicto.
1300 3347 1358 3403 Si
1413 3348 1591 3404 nullus
1613 3364 1744 3418 ergo
1773 3349 1914 3405 liber
1942 3365 1971 3404 a
2004 3366 2168 3417 noxa,

582 3435 764 3493 nullus
792 3447 875 3492 est
922 3446 1159 3505 sanctus,
1212 3449 1268 3495 et
1296 3455 1635 3511 consequens
1688 3453 1771 3497 est
1808 3452 1865 3497 ut
1892 3443 2053 3500 homo
2079 3443 2171 3501 cui

582 3528 845 3584 sanctitas
886 3529 1059 3595 deest,
1088 3532 1469 3604 mysteriorum
1517 3532 1719 3587 Christi
1753 3538 2019 3606 particeps
2046 3552 2169 3592 esse

586 3635 696 3677 non
726 3624 929 3691 possit,
960 3632 1016 3679 et
1054 3639 1277 3695 regnum
1306 3624 1468 3681 etiam
1516 3626 1777 3682 ccelorum
1810 3643 2028 3698 sperare
2060 3645 2165 3685 non

586 3712 801 3779 debeat,
833 3715 978 3787 quod
1005 3716 1132 3771 solis
1158 3720 1360 3773 sanctis
1392 3718 1653 3775 Dominus
1684 3720 1987 3789 pollicetur.

1186 3809 1415 3867 CAPUT
1455 3810 1548 3867 IX.

586 3898 872 3968 Responsio
896 3900 1031 3968 quod
1060 3902 1208 3954 multi
1236 3905 1401 3955 sancti
1426 3918 1535 3957 esse
1564 3904 1780 3971 possint,
1818 3920 1962 3960 nemo
1992 3914 2161 3960 tamen

958 3972 1143 4043 absque
1175 3986 1379 4043 peccato
1406 3976 1506 4027 nisi
1532 3974 1789 4029 Christus.

651 4064 940 4121 Theonas:
992 4064 1185 4120 Multos
1215 4066 1431 4137 quidem
1484 4082 1605 4123 esse
1635 4078 1853 4123 sanctos
1894 4086 1957 4126 ac
1972 4072 2163 4139 justos

2283 3293 2405 3333 cum
2445 3280 2692 3333 universa
2740 3281 2921 3333 carnis
2963 3278 3255 3348 fragilitate
3294 3280 3620 3350 suscipiens,
3666 3279 3866 3335 nullius

2282 3378 2365 3423 est
2395 3384 2643 3437 umquam
2669 3370 2847 3423 sordis
2879 3371 3182 3423 maculatus
3227 3379 3450 3427 attactu.

2898 3502 3127 3558 CAPUT
3165 3502 3233 3558 Χ.

2276 3612 2427 3680 Quod
2463 3610 2601 3665 solus
2640 3608 2812 3664 Filius
3004 3614 3194 3697 absque
3246 3615 3357 3669 ulla
3406 3620 3610 3685 peccati
3664 3619 3863 3674 uulnere

2803 3694 2978 3738 uicerit
3006 3695 3331 3740 tentatorem.

2343 3798 2371 3837 ι’
2402 3798 2662 3854 'l'entatus
2686 3808 2772 3853 est
2794 3799 2939 3854 enim
2974 3799 3275 3855 secundum
3319 3801 3733 3859 similitudinem
3767 3822 3863 3860 no-

2270 3900 2439 3946 stram
2473 3889 2630 3962 (Heb.
2665 3889 2739 3961 tv)
2779 3891 3173 3961 gastrimargite
3213 3893 3447 3962 primum
3490 3895 3641 3959 vitio,
3700 3906 3759 3951 ut
3812 3900 3860 3953 ei

2270 3984 2501 4038 callidus
2540 3984 2631 4039 ille
2671 3999 2921 4054 serpens,
2952 3999 3017 4040 eo
3047 3984 3239 4040 ordine
3282 4003 3390 4056 quo
3419 3988 3591 4044 Adam
3615 3999 3737 4044 aute
3766 4007 3862 4045 se-

2270 4075 2498 4131 duxerat
2522 4076 2732 4147 (Cenes.
2762 4076 3143 4148 tn),esnrienti
3173 4093 3315 4135 escae
3335 4080 3602 4136 desiderio
3629 4094 3862 4136 conare-

1644 4158 1904 4213 ALARDI
1942 4160 2171 4217 GAZIEI
2213 4163 2782 4222 COMMENTARIUS.

579 4244 770 4301 Probet
795 4246 1019 4310 seipsum
1058 4246 1230 4299 homo.
1252 4244 1613 4301 Ecclesiastica
1643 4260 1817 4303 autem
1842 4254 2155 4307 consuetudo

579 4315 806 4387 declarat
835 4331 946 4367 eam
992 4317 1344 4387 probationem
1370 4322 1708 4373 necessariam
1732 4337 1840 4374 esse
1859 4364 1874 4381 ,
1903 4332 1955 4374 ut
1982 4324 2155 4377 nullus

576 4385 673 4440 sibi
708 4386 941 4438 conscius
968 4385 1199 4442 mortalis
1250 4391 1460 4455 peccati,
1489 4393 1812 4457 quantumvis
1840 4394 1932 4446 sibi
1962 4396 2156 4446 contri-

578 4466 659 4510 tus
682 4458 933 4533 videatur,
963 4459 1147 4533 absque
1175 4462 1441 4533 praemissa
1469 4460 1846 4516 Sacramentali
1877 4480 1969 4516 con
1978 4465 2159 4533 fessio-

577 4544 663 4605 ne,
694 4530 770 4605 ad
795 4544 991 4605 sacram
1041 4528 1419 4605 Eucharistiam
1436 4534 1684 4605 accedere
1713 4534 1923 4588 debeat:
1960 4528 2099 4605 quod
2127 4552 2158 4587 a

578 4596 887 4673 Christianis
934 4601 1187 4673 omnibus,
1216 4602 1366 4653 etiam
1390 4604 1454 4657 ab
1493 4605 1556 4657 iis
1583 4596 2158 4673 sacerdotibusfquibus

2264 4256 2379 4325 ﬁeri
2404 4263 2566 4331 potest
2596 4257 2831 4331 interiori
2861 4261 3030 4315 cordis
3073 4262 3331 4315 munditia
3360 4272 3405 4317 et
3432 4266 3675 4331 puritate,
3708 4274 3863 4330 atque

2262 4326 2505 4404 e_a'teriori
2524 4327 2806 4404 deuotionis
2821 4346 2881 4382 ac
2898 4331 3103 4404 pietatis
3123 4334 3289 4402 specie
3300 4326 3598 4404 peragatur.
3618 4326 3745 4389 Haec
3758 4326 3860 4389 ibi.

2265 4397 2434 4450 Porro
2464 4400 2740 4465 antiquam
2778 4397 2917 4454 hanc
2949 4401 3113 4456 fuisse
3149 4397 3585 4457 observationem
3616 4405 3866 4460 demono

2267 4476 2403 4519 strat
2429 4470 2589 4521 etiam
2617 4469 2664 4521 id
2690 4472 2832 4537 quod
2856 4488 2921 4525 ex
2948 4472 3254 4527 Sozomeno
3284 4481 3460 4525 narrat
3486 4472 3870 4533 Cassiodorus

2267 4537 2362 4610 li_b.
2390 4554 2481 4610 vin
2507 4539 2641 4593 llist.
2674 4542 2799 4609 trip.
2825 4556 2873 4595 c.
2902 4545 2949 4602 1.
2970 4544 3039 4597 de
3063 4543 3312 4598 Dioscoro
3331 4553 3381 4594 et
3405 4542 3628 4610 Eulogio
3654 4560 3867 4603 mona-

2267 4607 2388 4661 ChlS
2409 4608 2623 4680 [Egypli
2645 4607 3021 4667 sacerdotibus
3046 4614 3425 4668 sanctissimis:
3454 4607 3765 4680 Dioscorus,
3786 4620 3866 4673 in-

576 4686 642 4722 ea:
679 4670 839 4739 officio
865 4672 1153 4755 incubuerit
1177 4673 1579 4755 celebrare,_ha:c
1592 4686 1766 4755 sancta
1797 4670 2023 4745 synodus
2046 4693 2159 4755 per-
2188 4671 2236 4729 D
2262 4670 2528 4755 qnit,novn'
2540 4670 2761 4752 amplius
2783 4696 2982 4755 centum
3000 4685 3262 4738 monachis
3281 4685 3602 4755 praesidebat.
3622 4670 3865 4753 Quicum

579 4748 733 4811 pctuo
780 4744 1085 4795 servandum
1139 4761 1243 4797 esse
1271 4748 1520 4810 decrevit,
1564 4747 1714 4799 modo
1753 4744 1855 4799 non
1889 4751 2019 4801 desit
2058 4748 2160 4801 illis

579 4811 729 4888 copia
753 4812 1080 4888 confessoris.
1118 4814 1267 4881 Quod
1298 4818 1341 4867 si
1367 4818 1666 4888 necessitate
1690 4829 1899 4888 urgente
1926 4820 2163 4872 sacerdos

577 4880 769 4957 absque
798 4880 988 4957 prarvia
1018 4880 1333 4957 confessione
1378 4886 1709 4940 celebraverit
1728 4880 2161 4957 (quamprimum

578 4954 901 5021 COllﬁlt’aluT.
930 4954 1135 5011 Rursus
1163 4961 1213 5012 in
1235 4960 1455 5011 decreto
1484 4959 1551 5012 de
1582 4954 1951 5012 observandis
1970 4969 2024 5013 et
2045 4963 2162 5013 evi-

583 5025 763 5098 tandis
798 5026 848 5077 in
891 5029 1254 5084 celebratione
1299 5030 1473 5083 Missae
1518 5028 1693 5098 (Sess.
1726 5029 1891 5095 xxn):
1932 5030 2156 5096 Quanta,

524 5103 531 5111 ‘
575 5092 842 5163 inquiunt,
876 5112 1004 5149 cura
1041 5100 1330 5153 adhibenda
1372 5103 1437 5152 sit
1482 5092 1537 5153 ui
1565 5092 2161 5155 sacrosanctum'iiissa}

572 5166 897 5239 sacriﬁcium
926 5171 1063 5221 omni
1100 5170 1360 5239 religionis
1390 5174 1529 5223 cultu
1570 5186 1629 5222 ac
1668 5175 1995 5225 ueneratione
2023 5176 2157 5225 cele-

576 5233 780 5313 bretur,
814 5237 973 5313 quivis
1010 5240 1160 5309 facile
1196 5233 1493 5313 "existimare
1539 5244 1764 5311 poterit,
1804 5243 1889 5312 qui
1919 5244 2157 5313 cogitarit

574 5306 905 5383 maledictum
944 5306 1126 5364 insae:
1142 5313 1183 5363 is
1211 5310 1396 5364 litteris
1421 5306 1731 5365 eum'uocari
1760 5306 1849 5383 qui
1886 5306 2005 5383 [ιιεῆ
2029 5332 2156 5381 opus

572 5375 671 5452 ρει
705 5380 1014 5451 nyligenter
1058 5383 1266 5452 (Jerem.
1320 5390 1525 5445 sum).
1577 5384 1729 5447 Quod
1773 5375 1822 5436 si
1873 5375 2157 5441 nece-sario

573 5448 798 5520 fatemur
844 5448 1045 5505 nullum
1068 5448 1228 5505 aliud
1259 5470 1384 5520 opus
1415 5457 1543 5507 adeo
1574 5466 1810 5508 sanctum
1839 5472 1899 5508 ac
1924 5456 2157 5511 diuinum

570 5516 604 5570 ἐι
632 5516 824 5597 Christi
862 5521 1097 5587 ﬁdelibus
1126 5516 1334 5577 tractari
1361 5543 1532 5589 posse,
1564 5544 1717 5595 quam
1742 5526 1837 5579 hoc
1859 5529 2025 5597 ipsum
2055 5538 2154 5580 tre-

570 5589 814 5668 mendum
864 5599 1194 5668 mysteiinm,
1226 5613 1322 5668 quo
1358 5589 1689 5664 viviﬁca'illa
1722 5589 1888 5651 hostia
1924 5615 2022 5668 qua
2051 5598 2155 5652 Deo

571 5651 723 5737 fatri
750 5651 1063 5737 reconciliati
1104 5651 1282 5737 sumtis
1305 5667 1353 5714 in
1381 5651 1535 5717 altari
1562 5686 1649 5731 per
1673 5651 1961 5722 sacerdotes
1986 5676 2157 5737 quoti-

571 5720 1015 5804 Siﬁfﬁfﬂolalilr.
1062 5733 1186 5782 σατίε
1218 5734 1367 5804 ρῑίᾳηι
1406 5720 1616 5802 apparet
1650 5720 2088 5804 omnemiop‘er'mn
2109 5749 2156 5792 et

572 5783 889 5839 diliqmtiam
933 5794 985 5843 in
1003 5783 1073 5846 ’ρο
1099 5802 1396 5854 ponendam

2265 4751 2527 4825 presbyter
2554 4751 2701 4817 esset,
2736 4754 2990 4822 sacriﬁcia
3017 4756 3211 4825 faciens
3259 4751 3458 4809 omnem
3494 4751 3861 4825 perfectionem

2266 4822 2540 4898 adhibebat
2574 4826 2915 4877 examinanda
2947 4835 2993 4878 et
3017 4822 3295 4897 diligenter
3339 4822 3682 4898 dijudicando
3711 4846 3860 4883 acce-

2264 4894 2437 4945 dentes
2460 4893 2527 4945 ad
2554 4909 2700 4945 sacra
2745 4897 2992 4964 mysteria
3013 4938 3025 4957 ,
3060 4893 3137 4949 ita
3162 4906 3215 4949 ut
3246 4893 3510 4966 expiarent
3559 4909 3779 4951 mentem
3811 4914 3860 4954 et

2264 4966 2410 5036 mati_
2431 4966 2731 5036 cujuspiain
2758 4968 3117 5020 conscientiam
3157 4984 3258 5021 non
3288 4968 3550 5022 haberent.
3599 4970 3664 5023 Et
3704 4972 3860 5025 addit

2263 5035 2352 5111 de.
2376 5034 2598 5111 Eulogii)
2632 5053 2655 5111 ;Δ
2688 5034 2934 5111 Eulogius
2985 5038 3246 5108 presbyter
3287 5040 3449 5109 fertur
3477 5041 3857 5111 prtrsrientiam

2264 5102 2500 5158 habuisse
2520 5102 2911 5173 icogitation—um
2950 5102 3297 5176 quorumlibet
3327 5111 3396 5162 ad
3424 5102 3486 5165 se.
3518 5112 3852 5175 venientium,

2266 5190 2551 5251 eorumque
2580 5179 2768 5251 delicta
2816 5178 2990 5251 palam
3034 5182 3408 5251 redarguebat,
3443 5193 3490 5235 et
3520 5198 3855 5249 quacumque

2265 5246 2481 5324 latenter
2498 5249 2806 5324 cogitassent
2830 5250 2924 5301 sibi
2951 5251 3171 5324 revelata
3188 5246 3577 5324 iiianifestabrit.
3603 5252 3708 5317 Qui
3737 5246 3851 5308 vero

2264 5316 2462 5387 aliquid
2488 5316 2609 5369 muli
2637 5322 2925 5387 gessissent.
2957 5323 3035 5374 vel
3066 5339 3279 5389 pravum
3324 5316 3597 5378 consilium
3624 5316 3853 5377 habuis-

2262 5399 2400 5464 sent,
2428 5390 2491 5443 ab
2527 5389 2681 5442 altari
2710 5391 3068 5464 suspendebat,
3096 5395 3431 5463 manifestans
3470 5397 3542 5449 eis
3583 5406 3853 5464 peccatum

2299 5460 2401 5534 uod
2426 5471 2651 5528 egerant,
2677 5471 2723 5514 et
2745 5462 3015 5531 diligentia
3038 5460 3282 5534 purgatos
3310 5483 3488 5521 rursus
3515 5460 3849 5534 suscipiebat.

2316 5546 2392 5584 auc
2422 5533 2514 5583 ibi.

2339 5611 2363 5638 ι
2400 5600 2533 5655 Vide
2577 5603 2628 5655 in
2675 5602 2813 5657 hanc
2843 5606 3165 5661 sententiam
3195 5616 3376 5663 notata
3408 5608 3605 5664 Collat.
3629 5607 3684 5669 5,
3711 5624 3759 5661 c.
3796 5608 3846 5663 5.

2335 5670 2361 5709 δ
2396 5671 2467 5725 De
2493 5674 2691 5728 Christi
2725 5677 3109 5730 lcttlalinnibtts
3136 5680 3329 5734 eodem
3354 5682 3515 5733 modo
3556 5690 3615 5733 et
3658 5679 3847 5733 iisdem

2262 5741 2377 5797 fere
2402 5744 2581 5795 verbis
2604 5746 2861 5800 disseruit
2881 5748 3047 5801 abbas
3072 5748 3329 5814 Serapion
3358 5753 3542 5807 collat.
3567 5749 3603 5804 5
3637 5764 3760 5819 cap.
3793 5750 3844 5815 6,

2261 5825 2426 5879 quare
2448 5826 2915 5880 supervacaneum
2949 5820 3280 5891 iueritplura
3308 5823 3376 5879 de
3423 5822 3508 5879 his
3557 5830 3846 5876 annotare.
