3986 6188
115 340 272 398 1233

109 550 217 605 des
254 549 341 603 isti
373 564 530 618 partes
560 547 686 618 fiant
720 544 938 617 (Matth.
958 544 1055 617 tv).
1083 545 1189 603 Sed
1222 547 1425 601 nullum
1457 547 1723 616 recipiens

113 658 193 699 ex
232 642 334 697 hac
362 639 659 696 tentatione
694 646 993 707 peccatum,
1018 654 1139 693 cum
1172 639 1220 694 ei
1248 637 1477 694 facultas
1507 640 1722 694 indubi-

112 744 241 789 tata
274 740 614 802 suppeteret,
646 729 854 800 respuit
891 730 1069 787 cibum
1100 746 1258 801 quem
1287 732 1337 787 ei
1383 731 1721 801 deceptionis

110 827 328 882 artifex
362 825 665 895 ingerebat,
707 823 895 877 dicens
928 841 941 875 :
975 822 1099 877 Non
1155 824 1207 877 in
1261 826 1373 878 solo
1431 842 1562 895 pane
1601 826 1722 879 vivit

114 922 306 985 homo,
367 917 458 972 sed
505 918 563 969 in
621 916 762 970 omni
810 914 960 969 verbo
989 915 1128 985 quod
1159 918 1387 986 procedit
1422 918 1485 969 de
1513 932 1598 970 ore
1625 915 1722 971 Dei

112 1011 309 1081 (Deut.
343 1009 487 1079 vm).
507 1007 770 1064 Teutatus
800 1016 884 1063 est
912 1008 1075 1062 etiam
1098 1008 1391 1063 cenodoxia
1424 1010 1717 1064 secundum

114 1104 541 1160 similitudinem
572 1112 839 1169 nostram,
865 1117 985 1157 cum
1013 1103 1064 1158 ei
1090 1102 1293 1157 dictum
1323 1112 1441 1158 est:
1467 1104 1527 1158 Si
1549 1103 1720 1159 Filius

115 1198 228 1253 Dei
257 1214 334 1263 es,
357 1197 499 1249 mitte
525 1204 571 1249 te
595 1193 836 1249 deorsum
858 1193 1071 1264 (Matth.
1088 1194 1186 1265 tv).
1220 1194 1325 1250 Sed
1350 1195 1578 1250 subdola
1603 1197 1721 1249 dia—

112 1290 240 1344 boli
270 1287 612 1358 suggestione
641 1294 830 1355 captus
861 1301 967 1340 non
998 1296 1102 1349 est,
1144 1296 1198 1341 ct
1239 1287 1593 1342 vanissimum
1633 1303 1721 1344 se-

118 1381 415 1436 ductorem
442 1379 602 1433 etiam
635 1377 1041 1447 Scripturarum
1071 1377 1381 1446 objectione
1407 1378 1714 1448 confutans,

122 1472 257 1526 Non
284 1470 726 1538 tentabis,inquit,
753 1468 1031 1523 Dominum
1063 1468 1229 1523 Deum
1252 1479 1393 1523 tuum
1419 1470 1701 1541 (Deut.vn).

116 1564 388 1619 Tentatus
412 1573 494 1618 est
520 1562 682 1617 etiam
706 1570 919 1616 tumore
949 1561 1219 1630 superbiae
1243 1564 1539 1616 secundmn
1564 1564 1717 1616 simi-

118 1658 408 1713 litudinem
439 1666 704 1721 nostram,
734 1670 857 1711 cum
890 1654 995 1710 eia
1018 1653 1236 1710 diabolo
1264 1655 1714 1724 promitterentur

115 1748 306 1804 omnia
338 1762 504 1817 regna
532 1745 719 1801 mundi
738 1755 791 1802 et
819 1746 987 1816 gloria
1014 1762 1223 1811 eorum.
1241 1747 1335 1802 sed
1360 1748 1518 1803 irrisa
1547 1757 1707 1817 atque

916 338 1255 395 COLLATIO
1297 338 1463 396 XXII.
1491 369 1558 381 —
1583 340 1671 395 DE
1713 337 2101 398 NOCTURNIS
2138 340 2633 401 lLLUSIONlBUS.

28 454 41 487 ³
109 468 209 513 tur
242 456 521 511 illudere:
545 452 605 510 Si
634 452 831 521 Filius,
866 454 1138 522 inquiens,
1165 453 1259 509 Dei
1283 471 1359 521 es,
1392 454 1475 508 dic
1501 464 1556 508 ut
1588 455 1718 525 lapi-
1748 460 1799 517 Α
1826 465 1907 512 est
1934 456 2231 510 secundum
2263 456 2678 512 similitudinem
2710 467 2983 528 nostram,
3022 476 3140 516 cum
3166 463 3417 517 verbera-

3284 352 3422 408 ηδι

1827 556 1911 601 tus
1935 546 2272 617 ﬂagris,cum
2309 548 2499 617 palmis
2522 562 2859 613 catsus,cum
2887 559 3169 619 sputorum
3193 553 3417 608 horrore

1825 654 2106 707 reSpersus
2138 651 2243 707 est,
2274 656 2395 695 cum
2427 641 2494 696 ad
2521 649 2827 696 extremum
2861 645 3085 712 pertulit
3115 644 3292 699 crucis
3322 659 3417 700 ex-
3462 662 3479 683 τ

1823 735 2020 802 quisita
2047 733 2310 803 supplicia
2361 733 2580 803 (Matth.
2616 734 2806 805 xxvr);
2839 736 2934 791 scd
2968 738 3128 792 nullis
3158 753 3413 807 umquam

1824 839 1931 878 non
1960 824 2135 879 dicam
2169 827 2536 890 contumeliis,
2573 841 2759 880 verum
2794 842 2863 881 ne
2889 828 3166 897 suppliciis
3196 829 3414 899 quidem

1822 915 1889 971 ad
1944 926 2214 972 tumorem
2244 919 2328 972 vel
2378 918 2667 972 levissimae
2705 919 3095 989 indignationis
3147 920 3411 992 impulsus

1821 1016 1922 1073 est,
1957 1008 2080 1078 quia
2106 1009 2159 1063 in
2191 1010 2434 1079 patibulo
2464 1011 2790 1066 constitutus
2819 1012 3250 1068 misericorditer
3281 1027 3412 1081 pro-

1819 1101 2071 1156 clamavit
2128 1122 2140 1155 :
2189 1101 2367 1171 Pater,
2417 1106 2620 1175 ignosce
2665 1106 2760 1175 eis,
2787 1122 2892 1160 non
2919 1107 3056 1162 enim
3086 1107 3257 1161 sciunt
3284 1105 3409 1175 quid

1823 1196 2025 1265 faciunt
2054 1193 2205 1267 (Luc.
2238 1197 2420 1266 mn).

2418 1287 2643 1344 CAPUT
2684 1289 2774 1343 XI.

1892 1379 2041 1445 Quod
2062 1379 2118 1433 in
2160 1379 2501 1435 similitudine
2524 1382 2704 1451 carnis
2736 1382 2928 1451 peccati
2960 1381 3102 1437 sot'us
3141 1384 3330 1436 venerit

2502 1450 2757 1507 Christus.

1887 1564 2349 1629 Quemadmodum
2397 1581 2529 1621 vero
2578 1574 2633 1620 et
2688 1566 2821 1621 illud
2870 1566 3197 1635 accipietur,
3258 1566 3401 1635 quod

1813 1670 1937 1710 eum
1980 1656 2272 1726 Apostolus
2298 1658 2325 1697 δ
2358 1660 2409 1713 in
2459 1660 2810 1714 similitudine
2852 1660 3030 1715 carnis
3063 1660 3264 1728 peccati
3306 1674 3401 1713 ve.-

1811 1748 1956 1803 nisse
1983 1762 2371 1806 commemorat
2426 1750 2610 1823 (Rom.
2654 1752 2793 1821 vin),
2844 1752 2889 1806 si
2931 1753 3092 1806 etiam
3123 1766 3222 1805 nos
3253 1749 3399 1804 nulla

117 1841 410 1910 obiurgata
441 1849 525 1893 est
546 1839 783 1908 nequitia
809 1838 1423 1909 tentatorithespondil
1453 1840 1596 1894 enim
1620 1841 1701 1895 ei:
1736 1830 1784 1890 B
1811 1842 2015 1910 peccati
2074 1842 2196 1897 labe
2254 1844 2515 1912 pollutam
2568 1844 2771 1897 habere
2818 1856 3110 1912 possumus
3138 1842 3398 1896 carnem?

122 1930 281 1986 Vade
309 1941 466 1996 retro,
500 1930 724 1986 Satanas
750 1928 965 2001 (Matth.
998 1931 1103 2003 tv);
1129 1933 1380 2002 scriptum
1422 1942 1495 1987 est
1524 1934 1659 1986 enim
1688 1950 1707 1987 :

116 2024 407 2080 Dominum
460 2024 627 2079 Deum
677 2034 822 2079 tuum
873 2026 1139 2091 adorabis,
1168 2037 1213 2081 et
1262 2028 1343 2081 illi
1394 2030 1492 2083 soli
1523 2030 1709 2084 servies

117 2117 303 2188 (Deut.
336 2117 437 2187 vi).
461 2116 559 2171 His
583 2125 761 2171 autem
794 2118 1114 2173 testimoniis
1143 2118 1434 2174 edocemur
1465 2130 1523 2175 ut
1564 2122 1707 2176 lrau-

116 2210 365 2265 dulentis
396 2218 423 2247 ι
454 2211 885 2280 suggestionibus
908 2212 1112 2267 inimici
1151 2229 1249 2268 nos
1275 2230 1488 2285 quoque
1513 2216 1707 2270 simili-

116 2310 208 2358 ter
260 2302 583 2358 auctoritate
627 2304 1022 2372 Scripturarum
1070 2307 1362 2363 debeamus
1412 2309 1699 2365 obsistere.

118 2395 358 2450 Rursum
383 2404 617 2450 tentatus
656 2406 738 2451 est
767 2398 1017 2467 superbia
1050 2400 1346 2454 secundum
1391 2401 1705 2457 similitudi-

117 2502 246 2541 nem
278 2495 537 2550 nostrant,
568 2496 623 2541 ut
667 2487 807 2541 idem
837 2488 1157 2545 insidiarum
1206 2491 1400 2547 artifex
1453 2507 1703 2562 regnum,

119 2579 264 2649 quod
315 2579 384 2634 ab
427 2580 545 2649 ipso
576 2579 814 2635 oblatum
846 2592 972 2637 ante
1000 2594 1305 2652 respuerat,
1336 2600 1429 2652 per
1458 2584 1705 2640 homines

118 2673 167 2727 ei
194 2672 477 2726 moliretur
501 2674 778 2741 ingerere;
817 2674 912 2728 sed
957 2675 1159 2746 absque
1208 2689 1427 2745 peccato
1480 2677 1704 2733 insidias

120 2767 375 2820 tentantis
397 2766 581 2819 irrisit.
600 2764 729 2821 Cum
743 2767 877 2821 enim
901 2770 1217 2839 cognovisset
1245 2768 1396 2824 Iesus
1420 2770 1555 2839 quod
1582 2788 1702 2825 ven-

119 2860 220 2911 turi
241 2870 407 2913 essent
436 2869 489 2912 ut
510 2868 750 2927 raperent
777 2878 893 2914 eum
923 2873 971 2915 et
1001 2864 1225 2932 facerent
1253 2881 1371 2918 eum
1395 2882 1584 2935 regem,
1620 2870 1703 2935 fu-

116 2951 191 3020 git
221 2952 407 3004 iterum
432 2952 483 3004 in
529 2960 749 3006 montem
777 2954 887 3024 ipse
912 2955 1049 3008 solus
1078 2954 1096 3026 (
1123 2952 1281 3010 Joan.
1307 2958 1402 3026 vr).
1442 2957 1702 3013 Teutalus

1814 1933 1945 1989 Nam
1977 1945 2033 1991 et
2059 1935 2164 1991 hoc
2189 1936 2258 1991 de
2290 1938 2382 1992 illo
2400 1938 2490 2006 qui
2513 1937 2660 1990 solus
2687 1945 2769 1990 est
2791 1936 2993 2005 absque
3017 1942 3237 2004 peccato
3263 1942 3399 1986 tam-

1813 2044 1970 2098 quam
2000 2029 2272 2097 singulare
2296 2035 2669 2083 memoratur:
2697 2026 2841 2081 Misit
2861 2025 2997 2080 Deus
3019 2023 3218 2079 Filium
3245 2038 3399 2076 suum

1812 2122 1865 2176 in
1893 2122 2282 2176 similitudinem
2330 2122 2501 2175 carnis
2555 2121 2748 2192 peccati
2778 2118 2980 2189 (Galat.
3013 2116 3118 2187 tv);
3147 2117 3272 2186 quia
3301 2130 3398 2170 ve-

1811 2229 1927 2269 ram
1971 2215 2417 2285 atqueintegram
2449 2212 2752 2283 suscipiens
2798 2210 3161 2266 substantiam
3214 2206 3398 2263 carnis

1809 2306 2086 2372 humanae,
2118 2324 2226 2362 non
2258 2310 2432 2375 ipsum
2463 2314 2745 2376 peccatum
2777 2305 2827 2357 in
2853 2319 2937 2371 ea,
2962 2301 3056 2357 sed
3078 2297 3392 2355 similitudi-

1812 2414 1935 2453 nem
1986 2400 2189 2468 peceati
2234 2398 2542 2466 suscepisse
2597 2394 2898 2451 credendus
2942 2402 3045 2447 est.
3078 2388 3389 2446 Similitudo

1811 2492 1954 2548 enim
1986 2508 2091 2545 non
2126 2491 2191 2545 ad
2225 2491 2405 2544 carnis
2433 2492 2740 2551 veritatem,
2777 2498 2798 2525 ο
2830 2484 3129 2541 secundum
3163 2496 3387 2553 pravum

1808 2585 2164 2656 quorumdam
2195 2585 2575 2639 hzereticorum
2613 2596 2857 2647 sensum,
2911 2579 3007 2634 sed
3057 2578 3123 2633 ad
3176 2575 3389 2647 peccati

1808 2688 1889 2733 est
1913 2677 2197 2747 imaginem
2227 2674 2676 2731 referenda.Erat
2704 2674 2848 2728 enim
2879 2672 2934 2726 in
2963 2672 3081 2741 ipso
3105 2684 3239 2725 vera
3268 2667 3391 2739 qui-

1811 2770 1933 2825 dem
1965 2786 2118 2835 caro,
2154 2769 2251 2826 sed
2281 2769 2486 2836 absque
2517 2776 2758 2837 peccato,
2793 2764 2991 2820 similis
3035 2762 3242 2817 scilicet
3265 2775 3397 2831 pec-

1811 2862 2017 2920 catrici.
2051 2862 2183 2918 illud
2214 2861 2479 2931 siquidem
2510 2860 2577 2914 ad
2605 2858 2856 2914 humana:
2886 2854 3200 2913 substantize
3228 2852 3397 2924 perti-

1813 2969 1905 3014 net
1935 2958 2244 3024 veritatem,
2274 2956 2379 3012 hoc
2412 2971 2543 3011 vero
2565 2954 2632 3010 ad
2662 2954 2788 3010 vitia
2819 2952 3059 3008 refertur
3089 2959 3145 3007 et
3188 2962 3392 3005 mores.

1192 3114 1449 3169 ALARDI
1488 3114 1719 3171 GAZJEI
1756 3114 2322 3171 COMMENTARIUS.

194 3234 222 3262 ι
260 3225 723 3301 Quemadmodum
762 3227 1009 3283 Salvator
1054 3236 1236 3301 noster
1251 3243 1456 3301 omnes
1507 3229 1706 3284 diaboli
1732 3229 1779 3291 C
1813 3231 1982 3301 carnis
2012 3230 2307 3301 peccatricis
2336 3230 2439 3283 vult
2478 3228 2721 3301 intelligi.
2772 3226 2986 3301 Plenius
3016 3226 3078 3301 Ι).
3107 3223 3393 3301 Thomas:

121 3298 450 3369 tentationes
479 3299 878 3365 Scripturarum
910 3313 1005 3353 seu
1033 3298 1186 3353 verbi
1231 3299 1396 3353 divini
1454 3301 1704 3369 prmsidio

122 3367 335 3436 disjecit
362 3382 423 3421 ac
453 3369 694 3435 dispulit,
722 3370 792 3421 ita
830 3369 1121 3438 Apostolus
1163 3369 1408 3438 Ephesiis
1440 3367 1708 3425 consuluit

121 3448 185 3491 ut
214 3439 400 3493 eodem
426 3448 611 3493 contra
640 3440 967 3495 tentationes
993 3441 1255 3496 daemonis
1286 3451 1566 3497 uterentur
1598 3460 1612 3498 :
1638 3442 1705 3496 Et

121 3511 341 3585 galeam,
373 3509 849 3585 inquiens,_salutis
871 3514 1131 3585 assumite,
1146 3524 1194 3567 et
1211 3513 1443 3583 gladium
1467 3515 1704 3585 spiritus,

120 3581 262 3654 quod
291 3592 362 3633 est
392 3583 599 3654 verbum
638 3579 754 3654 Dei.
808 3582 1059 3654 Resistere
1108 3579 1503 3647 tentationibus,
1536 3586 1707 3654 inquit

124 3650 186 3705 Β.
204 3650 506 3725 Δ(ἓνεςονίιιδ
533 3652 862 3725 (ξιιίΜον-αι.
886 3670 933 3708 c.
962 3654 1107 3723 ttlt.),
1126 3658 1333 3708 omnino
1364 3671 1468 3708 non
1494 3650 1701 3725 sufficit,

122 3722 215 3792 qui
238 3725 379 3795 (hunc
407 3725 543 3795 verbi
562 3722 662 3795 (Dei
691 3733 862 3777 tenere
889 3726 1120 3795 gladium
1141 3728 1275 3778 male
1300 3728 1512 3777 vivendo
1560 3722 1705 3795 post-

122 3794 291 3864 ponit.
322 3792 392 3847 Et
420 3796 476 3848 8.
510 3794 868 3864 Hieronymus
890 3792 962 3847 'ad
997 3792 1700 3864 Eustochium(Epistﬂ‘l):

124 3863 336 3928 Statim,
362 3866 454 3929 ait,
486 3874 540 3917 ut
575 3863 730 3916 libido
759 3866 1043 3918 titillaverit
1071 3881 1293 3926 sensum,
1329 3876 1417 3917 aut
1437 3863 1440 3864 ⁷
1460 3865 1704 3916 blandum

122 3935 400 4005 voluptatis
428 3937 723 3991 incendium
744 3934 889 3989 dulci
908 3953 998 3988 nos
1011 3934 1181 3988 calore
1196 3934 1503 4005 perfuderit,
1528 3951 1702 3988 erum-

122 4021 310 4075 pamus
336 4009 388 4060 in
412 4023 580 4060 vocem
598 4022 614 4059 :
631 4007 879 4059 Dominus
901 4007 1181 4059 auxiliator
1201 4024 1361 4068 meus.
1393 4022 1494 4059 non
1522 4005 1704 4059 timebo

123 4076 253 4144 quid
276 4078 435 4145 faciat
476 4077 601 4129 milii
626 4093 746 4129 caro
781 4077 953 4146 (Psal.
986 4090 1174 4142 cxvu).
1205 4079 1295 4131 Sic
1325 4078 1383 4132 S.
1416 4078 1699 4139 Antonius,

125 4149 603 4219 testeAthanasio,
653 4148 955 4202 dicitionnm
987 4149 1371 4203 tentationibus
1400 4148 1706 4219 opponebat

124 4218 281 4287 quasi
313 4222 473 4272 telum
502 4220 649 4272 illum
678 4221 999 4274 versiculum
1034 4218 1483 4287 PSalmographi:
1518 4219 1702 4272 Domi-

125 4304 228 4361 nus
268 4290 393 4343 mihi
439 4291 671 4353 adiutor,
714 4307 813 4343 non
843 4290 1025 4344 timebo
1052 4292 1174 4360 quid
1204 4291 1355 4361 faciat
1384 4292 1505 4343 mihi
1529 4292 1701 4344 homo.

122 4356 375 4431 D_om.'nus
406 4362 530 4431 mihi
556 4363 766 4427 adjutor
809 4371 858 4415 et
883 4378 973 4431 ego
1000 4356 1281 4431 despiciam
1307 4364 1538 4415 inimicos
1568 4378 1703 4415 meos

126 4426 310 4502 (Psal.
334 4430 528 4499 vatt).
558 4426 629 4485 Et
653 4432 801 4485 illum
828 4448 844 4483 :
869 4426 1131 4502 EErsurgat
1171 4432 1331 4495 Deus,
1365 4443 1409 4485 et
1442 4433 1701 4497 dissipen~

125 4510 215 4552 tur
241 4500 432 4573 inimici
460 4506 598 4573 ejus,
638 4512 686 4556 et
724 4503 923 4571 fugiant
959 4500 1286 4573 qui‘odrruut
1326 4515 1439 4555 eum
1488 4519 1520 4555 a
1569 4502 1703 4570 facie

126 4585 261 4640 ejus.
290 4569 527 4642 Denique
550 4575 714 4627 abbas
746 4569 891 4627 Isaac
916 4569 1096 4628 collat.
1133 4573 1199 4625 10
1225 4569 1375 4641 (Cap.
1406 4572 1515 4641 10),
1546 4574 1703 4624 docet

125 4642 449 4697 versiculum
482 4644 630 4697 illum
661 4645 849 4707 psalmi
876 4658 1002 4697 ιλιι
1038 4660 1050 4695 :
1080 4642 1238 4706 Deus,
1283 4643 1336 4694 in
1382 4642 1703 4709 adjutorium

122 4727 292 4764 meum
342 4715 585 4778 intende;
618 4715 854 4780 Domine,
899 4715 967 4766 ad
1003 4713 1357 4783 adjuvandum
1384 4728 1462 4764 me
1490 4713 1700 4779 festina,

122 4795 248 4836 esse
272 4787 704 4855 potentissimum
735 4784 800 4839 ad
825 4784 1204 4855 expugnandus
1234 4797 1421 4855 omnes
1455 4783 1703 4855 tentatio-

124 4867 225 4906 nes
248 4855 559 4909 remedium.
594 4854 759 4908 Habet
782 4853 1060 4925 siquidem,
1086 4855 1281 4923 inquit,
1314 4854 1554 4925 adversus
1582 4853 1703 4905 uni~

124 4937 272 4975 versa
308 4925 608 4979 discrimina
640 4923 1010 4980 invocationem
1032 4924 1165 4988 Dei;
1195 4925 1339 4978 habet
1360 4923 1703 4975 humilitatem

125 4993 228 5063 piae
253 4999 615 5064 confessionis;
642 4998 787 5049 habet
808 4997 1172 5051 sollicitudinis
1194 5012 1253 5048 ac
1279 4995 1481 5047 timoris
1526 5010 1704 5063 perpe-

129 5064 205 5115 tui
223 5063 579 5132 vigilantiam;
600 5067 747 5119 habet
781 5068 1235 5120 considerationem
1251 5066 1547 5133 fragilitatis
1574 5080 1697 5130 suta,

127 5136 470 5192 exauditionis
492 5137 770 5205 fiduciam;
797 5136 1159 5204 conﬁdentiam
1180 5137 1445 5205 prtesentis
1475 5152 1703 5205 semper-

127 5220 227 5279 que
253 5210 469 5279 astantis
489 5208 739 5279 praesidii.
766 5206 870 5260 Hic
910 5206 1187 5261 versiculus
1234 5207 1461 5279 omnibus
1490 5206 1707 5276 infesta-

129 5277 267 5349 tione
277 5276 566 5332 daemonum
585 5279 938 5331 laborantibus
951 5276 1367 5349 inexpugnabilis
1384 5293 1560 5349 murus
1573 5285 1647 5349 est
1659 5285 1704 5329 et

127 5345 532 5415 impenetrabilis
554 5350 737 5411 lorica,
757 5365 816 5401 ac
834 5345 1204 5402 munitissimus
1217 5346 1577 5415 clypeusJizec
1591 5346 1703 5401 ille.

200 5413 229 5453 δ
267 5417 442 5491 Griece
461 5419 513 5475 ἰν
531 5420 832 5491 ὁμοιώματι,
855 5420 908 5473 itt
936 5413 1284 5491 similitudine
1305 5413 1494 5491 Quam
1523 5418 1707 5491 lectio-

127 5502 251 5557 nem
283 5488 369 5544 hic
394 5490 598 5545 Anetor
620 5488 836 5544 secutus
854 5500 959 5557 est,
984 5489 1076 5542 ubi
1106 5499 1281 5543 tamen
1309 5489 1513 5556 vulgata
1532 5489 1708 5543 versio

130 5555 325 5613 habet:
358 5560 427 5614 In
454 5561 859 5613 similitudinem.
892 5555 1094 5615 Dicitur
1142 5570 1321 5613 autem
1370 5555 1621 5612 Christus
1651 5560 1705 5614 in

132 5628 479 5684 similitudine
500 5632 583 5680 vel
616 5630 667 5681 in
704 5631 1105 5685 similitudinem
1135 5630 1312 5687 carnis
1366 5630 1571 5696 peccati
1617 5645 1708 5685 ve-

132 5700 295 5771 nisse,
326 5700 400 5752 ait
425 5697 789 5771 Tertulliauus
824 5701 997 5767 (Libro
1042 5699 1105 5751 de
1146 5703 1315 5754 Carne
1365 5700 1557 5755 Christi
1588 5716 1701 5771 cap.

131 5770 401 5841 xvr).rnon
430 5768 565 5837 quod
608 5769 995 5841 similitudinem
1039 5774 1209 5829 carnis
1256 5772 1528 5841 acceperit,
1559 5768 1706 5841 quasi

135 5840 407 5917 imaginem
434 5840 665 5911 corporis
692 5850 737 5899 et
762 5856 863 5898 non
888 5842 1177 5914 veritatem;
1205 5847 1292 5904 sed
1317 5840 1703 5903 similitudinem

1812 3299 1904 3364 (In
1936 3296 2312 3354 Commentario
2338 3304 2449 3371 ejus
2497 3300 2619 3370 lori)
2648 3296 2665 3353 Ξ
2701 3299 2761 3353 ln
2800 3298 3192 3353 similitudinem
3219 3296 3397 3349 carnis

1811 3376 2009 3441 peccati
2046 3389 2152 3426 non
2183 3382 2266 3425 est
2293 3370 2370 3425 sic
2401 3372 2804 3439 intelligendum
2837 3370 2988 3438 quasi
3042 3383 3233 3441 veram
3273 3380 3395 3420 car-

1811 3436 1933 3498 nem
1959 3460 2061 3497 non
2099 3443 2366 3507 habuerit,
2396 3444 2489 3496 sed
2522 3436 2692 3495 solum
2737 3436 2914 3495 carnis
2957 3436 3390 3502 similitudinem,

1809 3516 1959 3581 quasi
1986 3516 2393 3582 pliautasticam,
2415 3514 2551 3566 sicut
2576 3512 2850 3566 Manichtei
2884 3511 3104 3573 dicunt;
3128 3525 3251 3563 cum
3278 3510 3395 3576 ipse

1810 3584 2067 3639 Dominus
2095 3586 2237 3638 (“Cal
2266 3584 2425 3636 Luca:
2448 3586 2544 3635 ult.
2564 3602 2575 3634 :
2594 3583 2823 3647 Spiritus
2850 3595 3055 3632 carnem
3081 3591 3126 3632 et
3149 3596 3265 3633 ossa
3289 3595 3395 3631 non

1809 3658 1957 3708 habet
1989 3660 2118 3709 sicut
2149 3672 2225 3706 me
2266 3655 2451 3705 videtis
2482 3652 2685 3705 habere.
2723 3651 2872 3704 Unde
2904 3666 3006 3701 non
3036 3650 3208 3700 solum
3260 3648 3396 3700 dicit

1809 3727 1861 3778 in
1906 3725 2296 3778 similitudinem
2338 3725 2522 3785 carnis,
2584 3723 2674 3774 sed
2724 3724 2775 3772 in
2801 3719 3190 3773 similitudinem
3219 3717 3395 3768 carnis

1808 3796 2021 3864 peccati.
2053 3794 2165 3846 Non
2190 3797 2332 3845 enim
2353 3791 2534 3845 habuit
2565 3806 2788 3864 carnem
2812 3791 3040 3864 peccati,
3072 3788 3123 3840 id
3148 3795 3248 3864 est,
3266 3799 3391 3839 cum

1811 3858 2030 3932 peccato
2057 3872 2372 3929 Conceptam
2397 3872 2451 3916 et
2483 3877 2704 3930 peccato
2743 3862 3059 3920 obnoxiam,
3090 3858 3213 3932 quia
3263 3870 3392 3932 caro

1807 3927 1924 4003 ejus
1963 3933 2060 3986 fuit
2104 3927 2364 4002 concepta
2395 3927 2494 4000 per
2518 3933 2775 4001 Spiritum
2807 3937 3073 3991 sanctum,
3110 3927 3199 3996 qui
3256 3927 3395 4003 tollit

1808 3998 2108 4078 peccatum.
2143 3998 2330 4058 Matth.
2363 3998 2429 4078 ι)
2459 3998 2609 4078 Quod
2636 4005 2771 4078 enim
2791 4004 2941 4078 inea
2968 4011 3141 4078 natum
3190 4009 3287 4060 est,
3331 3998 3395 4078 de

1808 4071 2011 4150 Spiritu
2040 4086 2218 4150 sancto
2246 4084 2339 4130 est.
2375 4075 2478 4129 Sed
2528 4075 2714 4150 habuit
2758 4071 3165 4150 similitudinem
3196 4071 3392 4150 carnis

1809 4142 2033 4213 peccati,
2061 4148 2112 4200 id
2141 4154 2246 4211 est,
2275 4160 2490 4199 carnem
2520 4147 2749 4198 similem
2780 4142 2926 4197 carni
2978 4142 3285 4213 peccatrici,
3336 4142 3388 4193 in

1807 4210 1913 4273 hoc
1960 4218 2103 4288 quod
2150 4210 2270 4273 erat
2318 4217 2608 4286 passibilis.
2664 4216 2795 4269 Nam
2829 4226 2955 4267 caro
2999 4210 3235 4288 hominis
3266 4217 3393 4265 ante

1810 4285 2090 4358 peccatum
2148 4285 2382 4359 passio’ni
2431 4288 2676 4357 subjecta
2703 4303 2809 4341 non
2855 4292 2991 4339 erat.
3046 4285 3123 4338 lta
3172 4292 3392 4337 sanctus

1807 4360 2063 4416 Thomas.

1884 4444 1903 4469 ε
1925 4418 2209 4487 Marcionis
2227 4428 2626 4504 haeresiarchas,
2643 4439 2827 4504 contra
2848 4424 3391 4504 quemTet-titlljanus

1808 4502 1947 4556 libro
1992 4504 2248 4557 adversus
2297 4516 2419 4555 eum
2453 4501 2600 4554 edito
2638 4500 2706 4556 de
2746 4494 2921 4555 Carne
2966 4496 3193 4552 Christi:
3224 4494 3392 4547 Mani-

1808 4574 2103 4638 chazorum,
2133 4584 2319 4627 contra
2350 4586 2483 4639 quos
2516 4572 2574 4623 Ι).
2604 4572 2935 4637 Augnsdnus
2968 4568 3058 4621 lib.
3103 4567 3171 4618 de
3204 4565 3390 4617 llzere-

1812 4645 1959 4715 silius
1988 4654 2043 4696 et
2073 4644 2199 4697 alibi
2225 4644 2454 4715 pilSsiill;
2475 4642 3020 4715 Prisci]l_iai.istarui_u.
3044 4642 3225 4715 contra
3253 4647 3388 4715 qu‘os

1810 4714 1866 4767 S.
1903 4713 2010 4767 Leo
2041 4702 2276 4779 pontifex
2305 4702 2529 4778 epistola
2560 4713 2648 4767 95.
2676 4713 2738 4768 Hi
2769 4714 2910 4767 enim
2957 4707 3200 4784 hatretici
3220 4702 3385 4784 verba

1811 4775 2053 4857 Apostoli
2071 4775 2360 4857 perperam
2386 4784 2823 4857 interpretantes,
2839 4793 2892 4857 et
2907 4793 3062 4857 more
3085 4775 3386 4857 sophistico

1811 4847 2118 4925 qualeAqnid
2150 4847 2504 4918 exponentes,
2532 4847 2587 4907 ut
2616 4854 2878 4908 dialectici
2906 4852 3218 4925 loquuntur,
3242 4847 3391 4925 dice-

1812 4925 1938 4978 bant
1965 4922 2241 4978 Christum
2271 4940 2377 4996 non
2400 4940 2577 4996 veram
2597 4940 2832 4996 carnem,
2864 4922 2955 4976 sed
2979 4921 3388 4996 phantasticam

1811 4997 2187 5063 assumpsisse,
2212 4995 2616 5049 Similitudincm
2644 4995 2789 5048 illam
2821 4986 3022 5063 carnis
3068 4989 3277 5063 peccati
3318 4986 3390 5039 ad

1810 5058 2027 5121 carnem
2052 5058 2245 5134 ipsam,
2274 5082 2377 5119 oon
2410 5067 2473 5118 ad
2510 5078 2804 5133 peccatum,
2840 5061 3161 5134 referente»
3186 5058 3389 5110 Contra

1808 5129 2175 5209 Tertulliiaittls
2203 5136 2335 5209 (Lib.
2355 5152 2384 5209 γ
2398 5129 2938 5209 ερηιὶθα-Μαῑεὶοηεηι)
2957 5148 2975 5184 :
2992 5129 3120 5209 Non
3143 5142 3387 5209 magnum

1805 5212 1960 5279 foret,
1994 5207 2183 5279 inquit,
2210 5197 2516 5279 siSpiritus
2561 5206 2652 5279 Dei
2700 5221 2903 5279 carnem
2920 5197 3266 5279 remediaret‘,‘
3296 5197 3389 5249 sed

1808 5268 1852 5333 si
1878 5268 1995 5332 caro
2025 5268 2311 5350 etinsintilis
2334 5268 2651 5350 'peccatrici,
2680 5277 2819 5350 ‘dum
2862 5288 2993 5350 caro
3027 5280 3122 5329 est,
3144 5268 3242 5350 .sed
3285 5283 3390 5319 non

1811 5351 2022 5419 peccati.
2061 5346 2155 5419 Ita
2176 5345 2457 5400 similitudo
2484 5352 2550 5399 ad
2573 5346 2776 5419 titulum
2798 5344 2994 5419 peccati
3022 5344 3261 5419 pertinet,
3287 5354 3391 5388 non

1809 5411 1877 5473 ad
1908 5418 2205 5473 substantia-
2234 5419 2573 5469 mendacium.
2632 5417 2767 5469 Nam
2809 5430 2898 5468 nec
2927 5411 3210 5487 addidisset
3254 5421 3388 5487 ρεστ
3416 5421 3420 5429 ·

1810 5507 1951 5557 ωτι,
2005 5490 2049 5543 si
2097 5488 2401 5557 substantiae
2451 5488 2839 5540 similitudinem
2870 5486 3014 5557 vellet
3044 5478 3283 5557 intelligi,
3331 5484 3389 5529 ut

1812 5550 2019 5635 negaret
2048 5560 2326 5635 veritatem.
2362 5554 2583 5635 Tantum
2613 5559 2747 5635 enim
2767 5556 2934 5610 carnis
2965 5550 3391 5635 posuisset:_nort

1811 5626 2124 5703 et'peccati.
2161 5627 2429 5703 Curri‘vero
2455 5628 2527 5703 sic
2553 5628 2765 5703 struxit,
2818 5640 3005 5681 CABNIS
3050 5626 3391 5703 περίρρεε

1811 5686 2147 5760 substantiam
2173 5697 2514 5763 conﬁrmavit.
2547 5697 2599 5750 id
2622 5708 2715 5761 est,
2748 5686 2984 5761 carnem;
3016 5704 3061 5747 et
3092 5686 3391 5742 δὶηιὶιὶιιιάὶ·

1811 5790 1929 5829 nem
1957 5773 2024 5829 ad
2046 5772 2225 5827 vitium
2251 5762 2553 5827 substantia:
2574 5770 2772 5837 retulit,
2800 5768 2854 5823 id
2882 5777 2979 5833 est,
3006 5762 3073 5819 ad
3106 5768 3391 5831 peccatum.
