4022 6192
521 221 658 279 ηοξ

1587 211 1866 268 .IOANNIS
1907 210 2224 269 CASSIANI
2259 209 2758 268 COLLATIONES.

3693 217 3818 271 1936

516 339 760 397 Habebat
797 332 1210 390 similitudinem
1256 330 1436 386 carnis
1488 327 1720 399 peccati,
1783 342 1910 381 cum
1962 327 2109 382 velut
2137 328 2188 390 Α
2213 342 2405 397 magna
2429 341 2460 380 a
2486 327 2698 381 cunctis
2730 323 2822 395 qui
2845 338 2910 379 ex
2938 324 3215 394 utriusque
3238 338 3401 382 sexus
3423 328 3817 387 commixtione

515 433 681 489 homo
715 431 931 502 ignarus
964 443 1027 482 ac
1073 441 1174 496 pro
1201 424 1324 478 cibo
1353 421 1622 478 sollicitus
1650 430 2064 491 percontaretur
2095 433 2113 484 :_

521 527 656 594 Quot
669 540 824 596 pancs
839 521 1034 574 habetis
1051 517 1247 587 (Marc.
1267 515 1369 585 vr)?
1391 515 1498 569 Sed
1518 514 1658 569 sicut
1681 521 1899 584 peccato
1915 528 2116 584 nequa-

513 635 675 691 quam
690 634 818 672 caro
842 615 1004 679 illius,
1022 613 1091 666 ita
1116 625 1213 665 nec
1236 609 1412 664 anima
1440 610 1755 680 ignorantiae
1777 607 2114 679 subiacebat.

513 711 758 780 Denique
789 708 968 760 statim
1000 702 1330 773 evangelista
1359 701 1664 773 subjungit:
1694 701 1811 756 Hoc
1838 710 2007 756 autem
2034 701 2116 755 di-

515 804 656 856 cebat
681 798 835 852 Jesus
868 806 1071 849 tentans
1099 809 1216 848 cum
1234 810 1256 860 ;
1286 797 1393 864 ipse
1418 793 1550 846 enim
1575 793 1763 847 sciebat
1811 793 1936 862 quid
1983 802 2115 847 esset

517 898 750 964 facturus
775 887 958 959 (Joan.
991 887 1088 958 vr).
1119 885 1362 940 Habebat
1391 899 1612 940 carnem
1645 884 1882 940 similem
1921 899 2116 955 pecca-

517 982 666 1048 trici,
692 995 812 1035 cum
839 979 986 1034 velut
1017 978 1210 1034 sitiens
1241 993 1270 1032 a
1304 977 1645 1034 Samaritana
1673 977 1907 1033 muliere
1926 983 2115 1048 pasce-

518 1083 603 1129 ret
632 1083 850 1142 potum;
882 1071 975 1126 sed
1009 1086 1115 1124 non
1145 1078 1262 1125 erat
1292 1071 1498 1140 peccati
1531 1070 1696 1125 sorde
1728 1070 1958 1140 polluta,
1988 1070 2115 1140 quia

517 1166 827 1223 econtrario
859 1164 1053 1220 mulier
1083 1172 1368 1233 provocata
1391 1172 1475 1218 est
1511 1173 1696 1233 petere
1719 1179 1912 1234 aquam
1937 1166 2114 1218 vivam

519 1275 642 1330 qua:
672 1258 818 1312 illam
851 1271 1144 1327 numquam
1175 1255 1330 1310 sitire
1359 1258 1723 1326 permitteret,
1754 1257 1850 1312 sed
1880 1257 2035 1312 ﬁeret
2057 1257 2111 1312 in

519 1366 582 1407 ea
610 1351 731 1404 fons
776 1365 930 1420 aqua:
956 1347 1200 1403 salientis
1228 1347 1281 1404 in
1311 1346 1473 1403 vitam
1505 1357 1763 1403 aeternam
1797 1349 1978 1418 (Joan.
2015 1346 2113 1418 tv).

519 1444 766 1500 Habebat
823 1441 1002 1496 carnis
1059 1440 1211 1496 istius
1263 1441 1546 1496 veritatem
1599 1456 1720 1496 cum
1770 1441 2034 1496 dormiret
2062 1439 2115 1494 in

522 1537 679 1601 navi;
711 1535 806 1590 sed
834 1550 901 1589 ne
934 1534 1136 1605 pariter
1178 1533 1498 1602 navigantes
1530 1534 1732 1602 peccati
1762 1533 2116 1588 similitudine

525 1627 865 1693 fallerentur,
896 1642 1114 1698 surgens
1151 1627 1421 1694 imperavit
1451 1627 1610 1681 ventis
1643 1634 1688 1680 et
1715 1627 1866 1693 mari,
1897 1635 1943 1678 et
1974 1626 2114 1696 facta

2220 419 2566 492 producimur
2609 409 2868 473 distantia
2911 423 3253 488 segregatur’;
3284 413 3592 490 quodcum
3624 436 3814 480 omnes

2219 528 2326 568 non
2359 509 2797 575 similitudinem,
2829 505 2925 564 sed
2964 510 3250 563 veritatem
3292 513 3502 579 peccati
3552 512 3607 567 in
3659 529 3812 570 carne

2217 615 2515 677 gestemus,
2551 603 2644 659 ille
2671 618 2778 657 non
2802 601 3106 670 veritatem,
3127 603 3222 658 sed
3244 604 3665 662 similitudinem
3700 625 3810 678 pec-

2217 700 2323 755 cati
2354 708 2408 754 et
2434 713 2576 752 vera:
2606 698 2783 752 carnis
2812 700 3238 766 assumptionem
3267 702 3529 768 suscepit.
3574 700 3814 774 Denique

2217 790 2346 844 licet
2399 790 2655 859 scriptum
2710 789 2778 844 de
2837 803 2903 843 eo
2948 787 3001 842 in
3046 789 3179 844 Isaia
3230 791 3493 861 propheta
3551 793 3814 853 Pbariszei

2218 883 2559 955 apertissime
2590 883 2985 949 meminissent,
3015 885 3139 954 quia
3189 894 3461 954 peccatum
3515 905 3623 942 non
3681 892 3813 962 fecit,

2219 993 2310 1029 nec
2349 977 2584 1030 inventus
2613 984 2688 1030 est
2721 974 2874 1028 dolus
2903 975 2957 1028 in
2987 992 3074 1030 ore
3101 978 3211 1047 ejus
3266 975 3400 1049 (Isa.
3428 979 3548 1053 Lm)
3583 999 3595 1033 :
3639 995 3814 1040 tamen

2219 1066 2292 1123 ita
2317 1065 2668 1122 similitudine
2699 1065 2876 1122 carnis
2916 1068 3127 1138 peccati
3158 1067 3505 1138 fallebantur,
3558 1081 3619 1128 ut
3673 1076 3815 1133 dice-

2219 1167 2344 1213 rent
2376 1177 2386 1210 :
2423 1157 2554 1211 Ecce
2580 1157 2729 1211 homo
2755 1174 2912 1212 vorax
2941 1169 2988 1212 et
3033 1159 3236 1230 patator
3264 1163 3387 1232 vini,
3421 1165 3819 1235 publicanorum

2216 1259 2266 1306 et
2288 1261 2612 1323 peccatorum
2633 1251 2827 1303 amicus
2856 1247 3070 1320 (Matth.
3107 1249 3205 1321 xl).
3237 1249 3306 1306 Et
3352 1253 3418 1308 ad
3451 1255 3606 1310 illum
3631 1260 3721 1328 qui
3755 1261 3816 1314 il-

2215 1341 2511 1398 lutninatus
2543 1341 2719 1396 fuerat
2749 1355 2951 1395 caecum
2988 1360 2999 1394 :
3027 1339 3107 1396 Da
3129 1343 3350 1415 gloriam
3381 1345 3524 1410 Deo;
3547 1366 3646 1403 nos
3679 1353 3809 1406 enim

2217 1435 2405 1489 scimus
2433 1437 2555 1507 quia
2587 1436 2668 1488 hic
2693 1436 2845 1488 homo
2896 1446 3133 1504 peccator
3163 1445 3235 1490 est
3268 1436 3450 1507 (Joan.
3483 1441 3586 1511 ις).
3637 1442 3702 1496 Et
3743 1445 3812 1499 ad

2217 1526 2447 1582 Pilatum
2481 1546 2492 1581 :
2523 1527 2643 1581 Nisi
2673 1537 2799 1583 esset
2828 1527 2908 1580 ltic
2949 1517 3102 1581 homo
3129 1541 3395 1600 peccator,
3423 1550 3524 1587 non
3553 1551 3663 1589 eum
3690 1547 3806 1590 tra-

2220 1621 2528 1676 didissemus
2559 1623 2648 1674 tibi
2681 1620 2864 1694 (Joan.
2898 1623 3074 1691 xvnt).
3110 1623 3278 1694 Iiujus
3310 1639 3440 1695 ergo
3468 1627 3545 1684 rei
3572 1644 3689 1698 qua:
3719 1631 3801 1687 illi

524 1729 601 1776 est
631 1719 985 1790 tranquillitas
1017 1735 1203 1790 magna
1227 1717 1447 1791 (Matth.
1493 1719 1631 1788 vni).
1663 1718 1946 1774 Communi
1993 1733 2119 1773 cum
2147 1709 2198 1771 B
2226 1722 2432 1768 tantum
2466 1713 2751 1784 singularis
2782 1729 2843 1767 ac
2883 1715 3097 1785 propria
3151 1725 3256 1779 est,
3292 1718 3654 1787 mqualitatem
3704 1722 3811 1776 sibi

523 1813 776 1868 omnibus
815 1823 960 1868 Surie
990 1821 1216 1882 peccato
1246 1812 1494 1867 subditus
1540 1812 1843 1880 videbatur,
1879 1827 1999 1868 cum
2032 1812 2116 1867 di-

523 1914 742 1959 ceretur
776 1904 843 1958 de
872 1903 986 1971 ipso
1020 1923 1032 1957 :
1065 1903 1166 1957 Hic
1197 1904 1348 1958 homo
1379 1904 1423 1957 si
1470 1914 1596 1958 esset
1645 1908 1921 1976 prOpheta,
1966 1906 2119 1960 sciret

525 1997 700 2065 utique
729 2010 844 2066 qua
872 2006 920 2050 et
945 1996 1112 2065 qualis
1135 2006 1206 2049 est
1232 1997 1418 2049 mulier
1459 2013 1575 2067 qua:
1623 1997 1784 2068 tangit
1828 2015 1966 2064 eum,
1994 1998 2118 2070 quia

525 2089 790 2158 peccatrix
811 2097 883 2142 est
907 2105 927 2154 ;
953 2089 1046 2143 sed
1078 2089 1283 2159 peccati
1307 2106 1412 2144 non
1449 2091 1634 2145 habuit
1658 2093 1964 2160 veritatem,
1994 2093 2118 2161 quia

524 2182 901 2251 blasphemam
933 2183 1319 2251 cogitationem
1348 2199 1582 2255 arguens
1622 2184 1904 2249 Pharismi,
1935 2186 2117 2240 statim

526 2273 772 2329 mulieris
796 2283 1021 2344 peccata
1051 2274 1259 2330 dimisit
1281 2275 1460 2345 (Luca:
1481 2276 1599 2347 vn).
1619 2277 2116 2332 Peccatricemcum

528 2369 743 2422 ceteris
772 2383 965 2440 gerere
1013 2370 1305 2440 putabatur
1350 2384 1591 2440 carnem,
1623 2385 1744 2426 cum
1777 2371 1928 2425 velut
1958 2369 2119 2426 homo

527 2461 586 2517 in
617 2462 808 2518 mortis
847 2462 1166 2519 discrimine
1213 2464 1565 2529 constitutus.
1614 2473 1668 2524 et
1717 2465 2120 2524 imminentium

529 2552 917 2624 suppliciorum
944 2564 1150 2610 terrore
1177 2555 1462 2626 perculsus
1487 2566 1703 2612 oraret:
1731 2555 1904 2622 Pater,
1927 2559 1972 2611 si
2000 2573 2119 2625 pos-

528 2642 696 2710 sibile,
716 2653 937 2698 transeat
961 2661 991 2696 a
1012 2661 1091 2698 me
1112 2646 1249 2698 calix
1275 2646 1370 2700 iste
1388 2645 1604 2716 (Matth.
1633 2646 1813 2720 xxvr);
1838 2657 1910 2715 et,
1929 2645 2118 2702 Tristis

531 2746 603 2789 est
631 2737 809 2794 anima
838 2755 952 2792 mea
983 2755 1144 2808 usque
1170 2739 1238 2793 ad
1265 2749 1478 2796 mortem
1529 2741 1740 2812 (lbid.).
1773 2741 1879 2797 Sed
1909 2741 2118 2811 peccati

530 2829 839 2899 contagium
871 2829 1148 2889 nesciebat
1171 2831 1258 2885 illa
1290 2831 1532 2899 tristitia,
1579 2834 1704 2904 quia
1756 2834 1880 2889 vitae
1929 2843 2120 2889 auctor

532 2930 764 2976 mortem
816 2923 1114 2978 formidare
1168 2940 1275 2979 non
1325 2936 1555 2994 poterat.
1607 2927 1696 2980 Ait
1719 2927 1864 2981 enim
1900 2946 1912 2980 :
1951 2927 2118 2982 Nemo

535 3014 669 3066 tollit
699 3031 731 3067 α
762 3030 840 3066 me
867 3017 1091 3070 animam
1108 3033 1294 3087 meam,
1317 3018 1405 3072 sed
1427 3035 1518 3089 ego
1547 3035 1682 3088 pono
1705 3036 1862 3075 canta
1882 3036 1961 3075 me
1981 3023 2113 3091 ipso.

2224 1806 2575 1875 bIaSpltemia:
2629 1806 3011 1878 superbiaeque
3045 1807 3276 1863 crimine
3306 1809 3640 1882 vindicabit,
3671 1812 3816 1884 quis-

2225 1906 2345 1971 quis
2377 1915 2434 1954 se
2463 1916 2582 1954 esse
2611 1901 2724 1954 sine
2757 1909 2978 1970 peccato
3007 1917 3170 1956 ausus
3201 1903 3365 1958 fuerit
3385 1906 3644 1975 proﬁteri.
3670 1907 3817 1962 Con-

2223 2007 2455 2063 sequens
2487 1993 2630 2047 enim
2658 2002 2739 2045 est
2766 2003 2820 2045 ut
2844 1993 3254 2048 similitudinem
3287 1997 3469 2052 carnis
3497 2000 3723 2068 peccati,
3755 2007 3814 2054 et

2223 2101 2329 2141 non
2369 2085 2649 2140 veritatem
2691 2088 2916 2157 peccati,
2946 2081 3147 2143 habere
3172 2105 3231 2144 se
3254 2089 3398 2146 dicat

2805 2244 3038 2302 CAPUT
3079 2241 3213 2301 XIII.

2227 2355 2376 2424 Quod
2401 2373 2501 2410 non
2529 2355 2631 2411 sint
2660 2368 2762 2411 tant
2784 2361 2960 2431 gravia
2986 2374 3188 2430 peccata
3214 2373 3503 2417 sanctorum
3531 2376 3590 2420 ut
3615 2367 3693 2423 eis
3716 2386 3814 2424 att-

2455 2432 2623 2498 fertmt
2652 2432 2891 2484 meritum
2921 2441 3011 2485 aut
3037 2444 3210 2486 nonum
3251 2435 3559 2488 sanctitatis.

2295 2564 2565 2622 Caeterum
2600 2576 2625 2604 ι
2647 2568 2826 2637 justos
2852 2577 2908 2626 et
2935 2579 3144 2630 sanctos
3161 2571 3306 2626 viros
3327 2586 3432 2625 non
3453 2585 3580 2626 esse
3599 2571 3815 2628 immu-

2223 2673 2321 2712 nes
2350 2674 2380 2713 a
2408 2660 2566 2731 culpa
2590 2661 2876 2718 manifeste
2894 2663 3173 2733 Scriptura
3206 2665 3536 2734 pronuntiat,
3567 2665 3755 2722 dicens
3792 2685 3806 2720 :

2222 2748 2250 2788 δ
2284 2749 2484 2823 Septies
2515 2753 2569 2806 in
2599 2755 2682 2806 die
2709 2757 2857 2810 cadet
2873 2758 3050 2828 justus
3079 2767 3129 2810 et
3158 2765 3381 2829 resurget
3413 2756 3597 2827 (Prov.
3623 2759 3806 2828 xslv).

2222 2845 2360 2912 Quid
2387 2847 2531 2900 enim
2555 2847 2698 2902 aliud
2727 2859 2808 2904 est
2838 2849 3208 2920 caderequam
3240 2851 3498 2922 peccare?
3532 2852 3597 2908 Et
3626 2862 3810 2908 tamen

2221 2953 2342 2991 cum
2377 2938 2588 2994 dicatur
2628 2941 2829 3009 septies
2854 2941 3071 3008 cadere,
3107 2943 3457 2998 nihilominus
3488 2944 3810 3012 pronuntia.

2222 3037 2313 3084 uir
2337 3028 2536 3099 justus,
2563 3037 2664 3086 nec
2688 3031 2906 3101 iustitiae
2937 3033 3054 3102 ejus
3085 3035 3401 3102 praejudicat
3441 3035 3622 3103 lapsus
3645 3034 3812 3103 fragi-

532 3105 844 3164 Potestatem
871 3108 1032 3164 habeo
1061 3111 1286 3184 ponendi
1325 3128 1455 3178 eam,
1507 3122 1554 3166 et
1603 3123 1903 3185 potestatem
1951 3115 2114 3170 habeo
2144 3100 2191 3164 C
2221 3122 2390 3176 litatis
2421 3100 2696 3192 humanae,
2723 3125 2846 3194 quia
2875 3100 3098 3186 multum
3133 3100 3365 3182 interest
3413 3100 3557 3186 imor
3598 3100 3815 3196 justi-et

533 3203 716 3255 iterum
743 3203 977 3256 sumendi
1000 3220 1112 3257 eam
1137 3203 1320 3275 (Joan.
1353 3205 1439 3275 ι).

1144 3316 1375 3375 CAPUT
1411 3317 1523 3374 XII.

539 3405 694 3472 Quod
718 3407 847 3474 iusti
864 3417 918 3464 et
942 3410 1110 3464 sancti
1132 3426 1308 3466 omnes
1337 3428 1436 3465 non
1458 3420 1665 3482 [uerunt
1687 3411 1740 3467 in
1756 3415 2118 3483 similitudine,

997 3484 1089 3535 sed
1116 3483 1171 3536 in
1199 3483 1410 3538 veritate
1439 3485 1652 3555 peccati.

609 3569 667 3624 In
699 3569 803 3627 hoc
831 3583 964 3644 ergo
1011 3572 1102 3628 iiie
1149 3573 1314 3630 homo
1339 3577 1430 3647 qui
1453 3588 1609 3634 natus
1639 3591 1704 3634 ex
1754 3579 1973 3650 Virgine
2013 3589 2118 3648 est,

2227 3217 2526 3284 peccatoris
2544 3216 2777 3272 hominis
2804 3218 3032 3287 lapsum.
3060 3219 3220 3273 Aliud
3239 3226 3324 3276 est
3349 3220 3493 3274 enim
3525 3220 3816 3275 admittere

2227 3307 2455 3360 mortale
2483 3315 2785 3375 peccatum,
2819 3317 2872 3361 et
2901 3307 3046 3362 aliud
3072 3319 3153 3363 est
3181 3311 3510 3380 cegitatlone
3545 3321 3661 3382 qua:
3691 3325 3817 3380 pec-

2227 3407 2349 3452 cato
2369 3413 2476 3453 non
2505 3395 2992 3468 earetpraeveniri;
3029 3401 3113 3456 vel
3163 3403 3505 3472 ignorantiae,
3540 3415 3636 3458 aut
3682 3405 3818 3460 obli-

2228 3489 2398 3543 vionis
2447 3503 2653 3553 errore,
2685 3497 2775 3543 aut
2803 3489 3063 3546 facilitate
3091 3495 3252 3546 otiosi
3314 3496 3592 3549 sermonis
3651 3496 3816 3550 niteri-

2226 3583 2372 3652 dere,
2405 3591 2431 3622 ο
2455 3591 2551 3636 aut
2578 3581 2644 3637 ad
2667 3592 2922 3654 punctum
2945 3584 3002 3639 in
3019 3585 3146 3640 ﬁdei
3171 3583 3389 3642 theoria
3418 3587 3632 3658 aliquid
3664 3591 3816 3646 hesi-

1608 3739 1863 3801 ALARDI
1903 3743 2135 3802 CAZAZI
2174 3739 2742 3804 COMMENTARIUS.

611 3847 814 3933 f_Huic
840 3851 939 3933 S_S.
985 3854 1199 3933 Patrum
1236 3856 1506 3933 doctrinae
1551 3859 1845 3933 subscribit
1873 3863 2115 3933 synodus

536 3920 851 3998 Tridentinis
881 3923 964 3979 his
1011 3926 1187 3981 verbis
1225 3927 1407 3998 (Sese.
1440 3931 1473 3983 ϐ
1503 3947 1549 3982 c.
1581 3930 1671 3996 Η)
1695 3951 1712 3986 τ
1750 3931 1890 3987 Licet
1905 3920 1987 3986 ’θη
2015 3933 2114 3989 hac

536 3997 756 4073 mortali.
781 3995 885 4073 trita
910 3995 1244 4073 quantumuis
1265 4001 1426 4054 sancti
1447 4011 1506 4073 et
1519 3995 1662 4073 justi
1683 4007 1736 4055 in
1766 4003 1896 4057 let-ia
1933 4005 2114 4059 saltem

539 4072 586 4117 et
614 4065 1093 4146 quotidiana,‘qute
1137 4070 1290 4122 etiam
1340 4065 1870 4146 venialiadicnntur,
1905 4086 2115 4146 peccata

539 4137 846 4216 quandoque
873 4138 1098 4216 cadant;
1121 4155 1223 4192 non
1253 4152 1523 4216 propterea
1550 4144 1790 4197 desim"!
1831 4137 1939 4198 esse
1957 4148 2112 4216 justi.

543 4205 958 4276 Namjustomm
983 4209 1076 4261 illa
1115 4226 1214 4264 vos:
1239 4205 1310 4263 est
1331 4205 1420 4276 ,ἐι
1449 4215 1679 4276 humilis.
1714 4225 1759 4268 et
1798 4205 1987 4270 uerax}
2017 4216 2115 4270 Di-

540 4274 849 4359 mitte‘nobis
871 4277 1040 4359 debita
1066 4290 1275 4359 nostra;
1297 4274 1408 4359 quo
1425 4282 1482 4351 ﬁt
1509 4296 1565 4359 ut
1584 4274 1843 4359 jnstiipsi
1863 4304 1919 4339 eo
1949 4289 2114 4359 magis

540 4359 595 4426 se
625 4342 874 4414 obligatos
895 4348 962 4426 ad
992 4342 1363 4426 ambulandum
1392 4342 1443 4404 iii
1469 4355 1550 4406 via
1568 4342 1787 4426 iustitia:
1812 4360 1996 4410 sentire
2027 4342 2115 4412 Eie-

542 4416 721 4499 b‘cant,
761 4433 856 4499 quo
899 4419 1103 4499 liberati
1137 4422 1250 4499 jatn
1277 4416 1586 4499 operculo:
1608 4429 1737 4499 servi
1777 4438 1949 4481 autem
1991 4427 2115 4499 facti

541 4484 682 4567 gen,
715 4490 903 4567 sobrie,
926 4493 1087 4559 juste,
1115 4484 1506 4567 et‘pievi'ventes
1528 4484 1776 4567 proﬁcere
1802 4484 2001 4567 possint.
2024 4515 2115 4566 per

543 4558 799 4631 Christum
821 4558 1019 4625 Iesum,
1042 4575 1136 4614 etc.
1163 4561 1324 4631 (Vide
1346 4558 1692 4622 eollat.'20'e.
1722 4558 1844 4631 υιιί,
1863 4579 1908 4622 et
1937 4558 2111 4627 collat.

541 4628 612 4700 25
631 4646 678 4681 ε.
705 4632 737 4681 6
765 4637 813 4680 et
841 4631 990 4700 seq.).
1025 4628 1286 4688 Caeterum
1314 4635 1380 4688 ab
1411 4637 1494 4691 bis
1519 4649 1572 4692 et
1601 4628 1866 4694 similibus
1895 4651 2111 4696 senten-

545 4699 664 4764 tiis,
698 4683 1231 4781 quibus:generatim
1278 4709 1542 4764 asseritur
1579 4724 1769 4764 omnes
1820 4683 2068 4768 homines
2090 4757 2105 4781 ,
2136 4683 2191 4745 Ι)

541 4772 882 4837 qttanlttthis
903 4771 1079 4837 justos
1108 4789 1158 4830 et
1206 4790 1452 4845 sanctos,
1483 4794 1588 4834 non
1632 4796 1754 4836 esse
1782 4782 2051 4838 immunes
2079 4771 2109 4837 ti

544 4849 785 4920 peccato,
813 4853 1010 4920 praeter
1041 4845 1327 4920 Christum
1356 4848 1660 4914 Dominum,
1694 4853 1781 4920 qui
1803 4867 1912 4906 non
1946 4869 2110 4920 purus

543 4911 725 4972 homo,
750 4913 842 5002 seu
877 4925 1033 5002 verus
1063 4916 1206 4972 Deus
1234 4919 1476 5002 ebbotno
1501 4911 1860 5002 est,_ideoque
1879 4911 2110 5002 ᾁνᾶιμάρ-

541 5003 728 5059 ττητος,
774 4983 824 5036 id
848 4989 1410 5059 _est,7impeecabiii~;
1457 4983 1787 5059 excipienda-
1820 4983 1983 5048 etiam
2027 4983 2113 5050 est

547 5054 960 5127 lteri-aravirgo
990 5054 1150 5111 Maria
1171 5102 1184 5123 ,
1215 5075 1371 5127 quam
1417 5061 1513 5116 SS.
1544 5054 1734 5119 Patres
1779 5065 2002 5127 docent.
2041 5081 2108 5121 ex

543 5123 796 5187 singulari
827 5126 915 5179 Dei
949 5123 1261 5198 privilegio,
1294 5146 1387 5197 per
1416 5145 1630 5187 omnem
1671 5140 1833 5188 vitam
1862 5140 1927 5189 ab
1958 5123 2106 5192 omni

543 5208 766 5261 pre-roum
799 5198 1020 5250 liberam
1044 5208 1201 5264 atque
1232 5201 1516 5256 immunem
1543 5205 1835 5260 exstitisse.
1863 5206 2015 5262 Unde
2039 5209 2103 5263 D.

545 5267 914 5347 Augu.tiuus_(
931 5267 1042 5320 Lib.
1087 5271 1151 5322 de
1199 5269 1482 5347 Naturaft
1526 5273 1708 5328 Gratia
1751 5293 1795 5330 c.
1827 5276 1966 5347 56):
1997 5277 2109 5332 Ea:-

541 5347 712 5418 cepta,
746 5338 1151 5418 ittoiuit._sancta
1183 5343 1376 5418 pirgine
1400 5342 1600 5410 Maria,
1631 5347 1694 5400 de
1729 5365 1831 5418 qua
1851 5393 1864 5417 ,
1899 5338 2111 5418 propter

541 5405 780 5490 horrerent
823 5405 1058 5490 Homini,
1104 5405 1304 5490 nullan:
1333 5430 1540 5485 prorsus
1561 5405 1597 5485 ,'
1622 5405 1752 5490 cum.
1779 5405 1864 5474 de,
1887 5405 2108 5490 peccatis

539 5477 727 5562 genui,
751 5478 935 5562 [iuberi
962 5483 1076 5562 voto
1101 5477 1456 5562 qutestioiiern,
1487 5477 1588 5542 etc.
1638 5489 1701 5543 Et
1723 5477 1912 5545 eadem
1944 5505 2109 5562 syno-

674 5547 1010 5628 Tridenlina,
1042 5544 1164 5602 dunt
1203 5565 1361 5623 negat
1390 5544 1663 5630 huminem
1697 5544 1866 5615 semel
1897 5544 2102 5630 justiti-

917 5620 974 5696 -itl
999 5629 1104 5670 tota
1127 5631 1242 5696 ‘vtta
1265 5619 1424 5690 pucea
1435 5636 1497 5696 tu
1515 5629 1714 5696 omnia,
1740 5619 1915 5686 etiam.
1926 5633 2104 5696 venia-

536 5683 617 5734 ιιι
634 5714 650 5736 ,
673 5683 872 5742 vitare;
913 5683 1050 5738 hanc
1076 5683 1277 5758 adjeeii
1293 5695 1666 5766 exceptionem
1696 5683 1902 5771 (Sest:
1969 5683 2096 5762 iiii}.

2218 3864 2343 3936 23):
2379 3865 2500 3937 Nisi
2521 3881 2582 3919 ex
2605 3862 2936 3937 speeisii_Dei
2963 3861 3252 3937 privilegio,
3276 3867 3719 3937 quemadmodum
3749 3872 3816 3926 de

2222 3935 2371 4007 beata
2401 3935 2611 4007 Virgine
2634 3935 2772 3989 tenet
2807 3935 3059 3992 Ecclesia.

2292 4006 2320 4044 δ
2359 4006 2541 4070 Beda,
2568 4019 2664 4062 seu
2697 4007 2940 4075 quisquis
2962 4017 3150 4062 auctor
3179 4007 3571 4067 Commentarii
3598 4013 3646 4068 iu
3675 4027 3803 4067 eum

2221 4078 2425 4143 locum,
2457 4076 2646 4131 iisdem
2677 4093 2819 4144 pene
2842 4078 3022 4131 verbis
3046 4120 3059 4138 .
3086 4079 3278 4147 quibus
3313 4080 3400 4134 hic
3424 4083 3588 4137 abbas
3611 4101 3620 4134 :
3653 4084 3808 4148 Quo-

2220 4149 2403 4212 modo,
2435 4149 2640 4213 inquit,
2669 4151 2845 4222 justus
2873 4149 3204 4222 appellatur,
3242 4153 3332 4218 qui
3375 4153 3584 4222 cadere,
3615 4156 3666 4207 id
3696 4165 3808 4220 est,

2220 4231 2433 4296 peccare
2462 4219 2809 4296 memoratur?
2831 4220 2928 4273 nisi
2951 4221 3073 4296 quia
3094 4221 3157 4272 de
3171 4219 3368 4296 leuibus
3385 4219 3812 4296 quotidianisque

2219 4290 2452 4362 peccatis
2467 4289 2716 4352 loquitur,
2749 4293 2859 4343 sine
2896 4292 3080 4359 quibus
3109 4303 3200 4344 nec
3223 4289 3480 4362 jnstorum
3524 4289 3812 4362 quisquam

2218 4375 2328 4412 esse
2356 4361 2408 4432 in
2434 4360 2529 4432 huc
2556 4361 2658 4413 vita
2685 4364 2886 4431 potuit:
2909 4363 3033 4431 quia
3051 4360 3294 4415 nimirum
3318 4376 3404 4432 per
3425 4360 3808 4432 ignorantiam,

2219 4445 2308 4504 per
2333 4430 2669 4504 oblivionem,
2687 4430 2789 4498 per
2832 4430 3188 4502 cogitationem
3205 4476 3217 4500 ,
3243 4430 3327 4504 per
3353 4430 3634 4486 sermonem
3653 4475 3667 4498 ,
3706 4430 3812 4501 per

2218 4501 2597 4574 subreptionem
2621 4545 2637 4574 ,
2671 4519 2760 4574 per
2785 4501 3136 4574 necessitatem
3157 4545 3172 4566 ,
3201 4501 3288 4571 per
3312 4503 3646 4574 fragilitatem
3678 4522 3811 4560 car-

2222 4572 2320 4640 nis,
2357 4571 2574 4643 singulis
2596 4573 2794 4634 diebus,
2822 4572 2901 4626 vel
2928 4576 3091 4630 inviti.
3125 4575 3202 4628 vel
3228 4571 3470 4634 uolentes.
3506 4576 3812 4646 frequenter

2219 4649 2416 4717 reatum
2442 4645 2788 4709 incurrimus;
2813 4652 2858 4697 et
2883 4655 3053 4697 tamen
3083 4647 3300 4716 resurgit
3324 4645 3532 4717 justus,
3563 4647 3812 4703 videlicet

2214 4715 2333 4788 quia
2369 4717 2546 4788 justus
2588 4725 2691 4788 est,
2736 4731 2824 4768 nec
2845 4717 3084 4788 iustitiae
3113 4715 3241 4788 ejus
3273 4715 3582 4784 piteiudicut
3622 4719 3810 4788 lapsus

2215 4785 2454 4838 humanm
2483 4785 2804 4859 fragilitatis.
2841 4785 2992 4859 Unde
3017 4785 3144 4859 bene
3173 4795 3286 4839 cum
3319 4787 3381 4841 de
3409 4789 3542 4859 justi
3573 4785 3695 4843 casu
3727 4794 3809 4844 lo-

2213 4865 2477 4922 queretur,
2518 4873 2620 4910 non
2661 4858 2840 4923 addit,
2873 4857 2926 4910 in
2955 4858 3339 4926 malum;quia
3383 4857 3475 4911 etsi
3505 4861 3556 4912 in
3603 4859 3807 4915 niuium

2211 4935 2316 4988 est,
2349 4930 2487 4994 quod
2513 4928 2735 4992 cadunt;
2767 4943 2828 4981 ne
2856 4937 3023 4983 tamen
3054 4930 3106 4980 in
3146 4930 3283 4981 malo
3329 4931 3382 4981 in
3413 4931 3554 4999 quod
3593 4935 3799 4984 cecide-

2212 5005 2332 5050 runt
2362 4999 2555 5071 han-ere
2590 5001 2783 5071 possint
2801 5042 2828 5071 ,_
2856 4999 3004 5071 citius
3041 5001 3698 5071 resurgendoprocurant.
3738 5004 3806 5056 At

2211 5080 2393 5121 contra
2423 5069 2486 5121 de
2511 5069 2738 5135 rem-nbis
2759 5085 2776 5122 :
2805 5069 2962 5130 Imnii
2991 5079 3161 5123 autem
3187 5069 3203 5135 ,
3232 5069 3407 5138 inquit
3432 5113 3444 5128 ,
3477 5082 3718 5124 corruent
3747 5075 3802 5126 in

2211 5141 2406 5192 malum
2423 5141 2582 5212 .fquia
2602 5139 2831 5193 videlicet
2862 5141 3027 5212 impii,
3059 5149 3175 5194 cum
3201 5141 3514 5212 ceciderint,
3532 5145 3610 5194 re!
3635 5143 3805 5212 (quod

2213 5220 2286 5263 est
2312 5209 2540 5293 grauius)
2563 5215 2850 5293 cor-ruerint
2869 5255 2881 5276 ,
2911 5209 2966 5263 ut
2997 5211 3265 5293 Scriptura
3287 5211 3439 5277 dicit,
3468 5209 3522 5263 id
3551 5209 3803 5293 esté‘eum

2213 5281 2454 5354 capitalia
2498 5283 2716 5335 crimina
2753 5281 3176 5354 perpetrauerint,
3207 5286 3278 5335 ita
3315 5297 3408 5336 suo
3448 5285 3592 5354 casui
3625 5281 3801 5354 delec-

2212 5349 2370 5476 tandto
2396 5353 2681 5479 tamentam
2701 5396 2715 5418 ,
2744 5363 2799 5407 ut
2829 5349 2890 5407 ab
2918 5356 3014 5407 hoc
3055 5355 3268 5408 relevari
3297 5349 3595 5426 pwnltendo
3618 5352 3799 5423 despi-

2212 5435 2324 5477 ctnn
2356 5463 2366 5477 .
2447 5438 2524 5479 aee
2549 5441 2562 5478 t
2629 5463 2642 5478 .

2207 5423 2366 5477 ciunt.
2400 5423 2524 5479 Haec
2549 5423 2642 5479 ibi.

2283 5503 2308 5531 ο
2339 5493 2420 5568 Ad
2451 5506 2704 5568 punctum
2724 5539 2738 5562 ,
2771 5511 2866 5552 seu
2896 5501 3231 5568 momentum
3263 5493 3544 5568 temporis,
3574 5498 3640 5568 in
3663 5497 3795 5554 fidei

2208 5565 2420 5620 theoria
2452 5557 2756 5635 haesitare,
2801 5567 3063 5638 contingit
3105 5557 3317 5623 duobus
3361 5557 3556 5623 modis.
3608 5560 3800 5626 Primo

2205 5645 2330 5710 cum
2362 5647 2590 5710 assensu
2622 5639 2776 5694 ﬁrmo
2806 5647 3068 5710 etreerto,
3099 5653 3220 5710 cum
3248 5641 3366 5710 quis
3399 5643 3705 5708 spdntanee
3743 5643 3800 5702 et

2203 5705 2504 5767 deliberate
2548 5709 2712 5787 elegit
2759 5709 3006 5770 dubitare
3035 5705 3092 5770 et
3130 5705 3325 5771 dubius
3365 5705 3697 5788 permanere
3728 5715 3797 5773 de
