4022 6192
531 288 669 344 1259

1584 265 1864 324 JOANNIS
1902 261 2211 321 CASSIAM
2250 257 2735 318 COLLATIONES.

3662 263 3800 319 ιςιυ

527 401 805 457 “natura
831 403 991 462 atque
1035 387 1241 459 justitia
1265 400 1373 440 non
1405 384 1775 454 permansisse
1801 381 2107 437 credendus
2132 387 2183 445 Α
2210 391 2420 447 corpore
2441 377 2623 430 mortis
2654 376 2849 446 hujus!
2872 372 3057 430 Gratia
3090 374 3185 431 Dei
3210 391 3299 445 per
3319 372 3505 430 Iesum
3536 374 3789 435 Christum

525 492 643 549 est?
667 487 803 555 Quid
834 486 929 540 illo
946 483 1108 539 etiam
1129 492 1375 549 tempore
1407 487 1433 514 ι
1461 474 1720 547 numquid
1748 475 1962 529 ruinam
1993 488 2108 529 ma-

525 583 720 638 nifeste
749 576 1031 648 negandus
1059 583 1143 630 est
1173 570 1603 641 pertulisse,quo
1633 566 1968 632 imminente,
1987 579 2109 635 per-

515 668 833 731 secutorum
882 678 1053 733 metu,
1113 676 1195 721 ter
1242 662 1527 718 Dominum
1573 674 1773 729 negaro
1799 658 2108 727 compulsus

512 748 637 824 est?
673 765 780 821 Sed
805 762 1113 825 confestim,
1140 756 1474 829 paenitudine
1501 754 1885 824 subsequente,
1907 751 1935 789 δ
1960 766 2109 806 ama-

523 860 759 915 rissimis
785 856 1039 927 lacrymis
1072 852 1336 908 maculam
1369 849 1503 903 tanti
1548 848 1788 903 criminis
1817 846 2106 913 abluendo,

525 953 826 1009 sanctitatis
855 963 1013 1020 atque
1026 948 1247 1018 justitia:
1271 945 1521 999 meritum
1548 957 1653 997 non
1677 941 1855 995 amisit
1882 939 2107 1010 (Matth.

526 1048 705 1117 xxvi).
758 1046 833 1100 De
884 1046 1001 1113 ipso
1051 1044 1207 1111 igitur
1237 1056 1298 1092 ac
1328 1039 1395 1092 de
1444 1038 1562 1105 ejus
1593 1035 1862 1088 similibus
1910 1032 2111 1088 sanctis

525 1139 656 1194 illud
682 1138 842 1192 etiam
870 1135 1011 1205 quod
1045 1149 1074 1187 a
1101 1131 1269 1186 David
1300 1130 1511 1184 canitur
1537 1127 1795 1181 debemus
1826 1126 2108 1193 accipere:

526 1233 570 1285 Α
604 1232 819 1284 Domino
847 1244 1051 1299 gressus
1081 1226 1300 1280 hominis
1340 1224 1657 1294 diriguntur,
1712 1231 1757 1274 et
1814 1221 1948 1272 riam
2002 1220 2111 1290 ejus

525 1326 650 1377 volet
679 1324 847 1375 nimis.
881 1321 1010 1373 Cum
1034 1319 1298 1383 ceciderit,
1332 1334 1433 1371 non
1458 1315 1750 1376 collidetur,
1776 1314 1895 1384 quia
1927 1312 2111 1365 Domi-

527 1434 623 1471 nus
653 1416 895 1485 supponit
925 1430 1135 1466 manum
1163 1428 1313 1465 suam
1345 1409 1461 1480 (Ps.
1521 1407 1727 1477 xxxvi).
1760 1407 1925 1476 Cujus
1970 1406 2110 1459 enim

529 1524 746 1581 gressus
771 1523 800 1562 a
834 1508 1062 1561 Domino
1090 1506 1417 1573 diriguntur.
1441 1502 1568 1572 quid
1607 1500 1753 1555 aliud
1792 1509 1969 1570 potest
1992 1514 2113 1554 esse

530 1617 686 1671 quam
706 1599 913 1669 justus?
949 1598 1015 1652 Et
1039 1607 1216 1651 tamen
1239 1595 1306 1651 de
1336 1594 1439 1649 hoc
1464 1594 1580 1663 ipso
1610 1592 1805 1647 dicitur
1839 1608 1851 1644 :
1879 1607 1997 1643 cum
2023 1607 2109 1644 ce-

530 1694 732 1757 ciderit,
777 1708 878 1743 non
927 1689 1221 1743 collidetur.
1277 1687 1415 1755 Quid
1466 1697 1549 1741 est
1576 1703 1689 1739 cum
1717 1686 1974 1749 ceciderit,
2008 1684 2109 1738 nisi

2210 467 2491 524 Dominum
2522 479 2756 525 nostrum
2785 467 2959 537 (Rom.
3000 468 3119 538 vn).

2792 560 3021 618 CAPUT
3064 560 3203 617 XIV.

2213 654 2483 723 Quomodo
2511 654 2903 723 intelligendum
2932 654 2997 706 sit
3029 651 3161 705 illud
3192 652 3427 723 Apostoli
3454 668 3475 708 .'
3506 651 3635 709 Non
3670 658 3793 711 enim

2660 725 2793 794 quod
2820 725 2934 779 volo
2972 725 3158 777 bonum
3189 724 3345 795 facio.

2280 839 2414 895 Nam
2442 854 2564 896 cum
2603 838 2879 909 apostolus
2914 837 3112 893 Paulus
3148 838 3590 896 intestimabilem
3637 843 3791 915 abys-

2211 947 2331 989 sum
2362 932 2644 1003 puritatis,
2678 929 3057 986 resistentibus
3102 930 3497 999 cogitationum
3536 933 3794 1001 testibus,

2217 1026 2493 1093 penetrari
2524 1024 2592 1078 ab
2615 1024 2833 1078 homine
2858 1037 2963 1078 non
2995 1036 3156 1091 posse
3183 1037 3525 1091 cognoscens
3544 1067 3561 1091 ,
3588 1025 3685 1080 diu
3710 1042 3798 1082 ve-

2215 1116 2294 1171 lut
2326 1132 2422 1187 per
2452 1116 2721 1186 profunda
2761 1115 2998 1185 jactatus
3019 1157 3032 1181 ,
3066 1124 3191 1170 ante
3223 1115 3485 1172 dixisset:
3514 1116 3641 1172 Non
3670 1120 3799 1173 enim

2215 1211 2351 1279 quod
2398 1210 2510 1263 uolo
2541 1210 2762 1276 bonum,
2796 1210 2930 1281 facio
2953 1249 2969 1275 ,
3006 1209 3097 1262 sed
3121 1210 3259 1279 quod
3302 1210 3392 1263 odi
3428 1212 3631 1265 malum
3654 1255 3668 1279 ,
3710 1214 3805 1266 hoc

2213 1320 2312 1374 ago
2341 1302 2519 1375 (Rom.
2546 1303 2659 1373 vn).
2695 1303 2763 1357 Et
2784 1318 3031 1357 rursum:
3064 1301 3125 1357 Si
3141 1313 3313 1358 autem
3343 1305 3483 1373 quod
3527 1308 3673 1370 nolo,
3710 1307 3804 1361 hoc

2214 1394 2387 1463 facio;
2407 1398 2524 1466 jam
2554 1411 2657 1447 non
2699 1410 2789 1464 ego
2834 1410 3019 1461 aperor
3045 1393 3176 1446 illud
3197 1438 3210 1461 ,
3238 1395 3327 1447 sed
3352 1396 3492 1464 quod
3520 1397 3721 1450 habitat
3752 1401 3806 1451 in

2214 1504 2293 1541 me
2320 1498 2579 1558 peccatum
2604 1504 2622 1541 :
2652 1496 2699 1540 et
2738 1486 3067 1540 condelector
3100 1488 3201 1556 legi
3226 1484 3326 1539 Dei
3355 1489 3635 1541 secundum
3665 1492 3800 1543 inte-

2214 1582 2405 1635 riorem
2426 1581 2880 1647 hominem;uideo
2909 1592 3080 1634 autem
3108 1579 3265 1633 aliam
3289 1582 3451 1651 legem
3478 1584 3528 1634 in
3558 1581 3794 1637 membris

2214 1676 2341 1729 meis
2377 1686 2746 1746 repugnantem
2774 1674 2873 1745 legi
2920 1676 3104 1729 mentis
3150 1692 3306 1741 meat,
3338 1684 3387 1730 et
3428 1677 3674 1747 captiuum
3715 1694 3796 1732 me

530 1798 652 1837 cum
682 1784 885 1850 lapsum
918 1783 1127 1851 peccati
1154 1780 1383 1847 alicujus
1412 1778 1731 1833 incurrerit?
1754 1777 1877 1831 Non
1899 1777 2115 1831 collide-
2142 1786 2189 1845 Β
2219 1767 2487 1820 ducentem
2517 1768 2569 1819 in
2611 1767 2771 1839 legem
2813 1768 3011 1836 peccati
3037 1783 3155 1837 quin
3194 1778 3266 1821 est
3311 1769 3365 1821 in
3406 1770 3641 1823 membris
3673 1771 3800 1823 meis

529 1887 629 1940 tur,
653 1876 843 1943 inquit,
865 1875 916 1929 id
944 1884 1049 1941 est,
1083 1889 1417 1943 nequaquam
1465 1872 1554 1925 diu
1578 1872 1912 1941 opprimetur
1936 1871 2115 1925 incur-

527 1968 680 2022 sione
709 1969 909 2036 peccati
938 1984 953 2033 ;
982 1968 1075 2021 sed
1107 1967 1233 2020 licet
1263 1965 1329 2018 ad
1360 1978 1596 2034 praesens
1641 1964 1886 2017 videatur
1918 1964 2110 2034 elisus,

528 2072 708 2116 tamen
740 2061 919 2115 divino
964 2059 1107 2129 quod
1156 2058 1408 2127 implorat
1454 2066 1668 2112 erectus
1695 2056 1915 2119 auxilio,
1948 2054 2110 2111 celeri

526 2162 925 2219 resurrectione
955 2160 1299 2214 stabilitatem
1323 2158 1546 2227 justitiaa
1591 2172 1697 2211 non
1750 2156 1943 2210 amittit
1978 2174 1989 2208 :
2023 2157 2107 2210 vel

526 2263 740 2318 etiamsi
787 2260 852 2316 ad
903 2274 1145 2331 praesens
1192 2275 1286 2329 per
1317 2258 1657 2329 fragilitatem
1704 2261 1884 2313 carnis
1910 2257 2110 2328 aliquid

530 2364 834 2431 admiserit,
858 2362 1227 2433 suppositione
1260 2375 1449 2415 manus
1498 2360 1789 2415 Dominicze
1819 2359 2110 2428 reparabit.

527 2464 637 2520 Nec
667 2464 810 2519 enim
839 2473 1054 2517 sanctus
1081 2477 1202 2517 esse
1229 2462 1431 2517 desinit
1461 2470 1578 2530 post
1606 2461 1839 2526 ruinam,
1867 2460 1958 2530 qui
1990 2476 2112 2515 cum

529 2580 588 2619 se
612 2564 803 2617 fiducia
830 2578 1054 2632 operum
1086 2576 1304 2615 suorum
1331 2561 1613 2631 justificari
1670 2575 1773 2613 non
1824 2574 1986 2629 posse
2014 2575 2111 2616 co-

531 2674 775 2737 gnoscat,
821 2674 875 2719 et
919 2664 1080 2718 tantis
1130 2670 1473 2732 peccatorum
1510 2660 1740 2716 nexibus
1769 2662 1954 2717 credat
1997 2662 2113 2717 sola

532 2766 745 2822 Domini
766 2765 935 2837 gratia
961 2764 1316 2831 liberandum,
1344 2779 1464 2819 cum
1489 2764 1746 2833 Apostolo
1774 2764 2113 2833 proclamare

532 2888 638 2928 non
669 2871 866 2927 desinit
897 2886 911 2924 :
936 2868 1132 2938 Infelix
1173 2884 1265 2939 ego
1312 2868 1485 2934 homo,
1516 2868 1629 2937 quis
1658 2884 1739 2921 me
1769 2867 2002 2922 liberabit
2049 2870 2113 2923 de

2218 1858 2423 1928 (ibid);
2448 1859 2593 1912 omni
2620 1858 2699 1911 vel
2721 1873 2815 1912 sua
2836 1861 2918 1912 vel
2941 1869 3150 1913 natura:
3174 1859 3341 1928 ipsius
3371 1860 3661 1931 fragilitate
3683 1878 3805 1931 per—

2214 1960 2401 2017 specta
2424 1995 2436 2017 ,
2470 1961 2578 2004 tam
2612 1951 2888 2005 immensas
2914 1950 3218 2007 altitudinis
3244 1954 3495 2008 vastitate
3530 1956 3799 2010 conterri-

2219 2049 2333 2105 tus,
2368 2041 2436 2094 ad
2468 2043 2799 2096 tutissimum
2834 2051 3043 2111 portum
3089 2043 3257 2098 divini
3287 2046 3529 2116 confugit
3570 2047 3796 2113 auxilii;

2215 2142 2270 2187 et
2290 2134 2444 2198 quasi
2471 2133 2534 2188 de
2558 2135 2754 2205 navigii
2780 2134 2861 2188 sui
2884 2135 3139 2190 oneribus
3163 2138 3509 2194 mortalitatis
3524 2140 3795 2209 oppressi,

2216 2227 2449 2281 naturali
2477 2226 2793 2282 infirmitate
2818 2227 3138 2296 desperans,
3164 2228 3231 2282 ab
3257 2244 3320 2283 eo
3344 2230 3433 2284 cui
3460 2230 3797 2301 impossibile

2228 2316 2363 2370 nihil
2383 2326 2496 2384 cst,
2530 2317 2931 2387 naufragiorum
2958 2318 3201 2389 deposcit
3222 2320 3483 2387 remedia,
3512 2337 3637 2376 cum
3666 2339 3805 2392 quo—

2214 2407 2338 2461 dam
2364 2408 2659 2463 miserabili
2678 2409 2982 2465 vociferans
2998 2410 3213 2480 ejulatu:
3240 2421 3261 2447 ο
3283 2409 3487 2479 Infelix
3501 2429 3597 2481 ego
3614 2412 3797 2478 homo,

2216 2502 2331 2570 quis
2359 2517 2438 2554 me
2465 2501 2697 2555 liberabit
2719 2502 2782 2555 de
2810 2517 3024 2572 corpore
3046 2505 3213 2556 mortis
3237 2502 3391 2572 hujus
3413 2499 3641 2573 (Ibid)?
3662 2502 3798 2557 Sta-

2221 2592 2425 2662 timque
2456 2593 2855 2649 absolutionem
2886 2609 3045 2664 quam
3075 2594 3381 2661 deSperavit
3406 2593 3475 2648 de
3500 2593 3802 2648 imbecilli-

2216 2693 2330 2741 tate
2368 2694 2575 2741 naturae
2595 2729 2610 2754 ,
2640 2688 2706 2743 de
2750 2688 2844 2743 Dei
2875 2688 3209 2758 benignitate
3238 2688 3597 2757 praisumpsit,
3626 2688 3803 2742 conli-

2220 2779 2410 2833 denter
2436 2779 2777 2849 adjungens:
2811 2778 2834 2817 ά
2872 2778 3053 2834 Gratia
3086 2776 3184 2834 Dei
3211 2796 3300 2850 per
3330 2779 3591 2835 Christum
3616 2777 3799 2833 Domi-

2209 2888 2343 2925 num
2372 2882 2601 2926 nostrum
2633 2870 2685 2943 (Ι
2692 2872 2824 2941 bid.)

1599 2983 1856 3039 ALARDI
1889 2984 2119 3040 CAZIEI
2160 2984 2737 3045 COMMENTARIUS.

533 3084 735 3152 inquit,
752 3086 868 3154 jam
899 3082 1085 3154 etsine
1114 3079 1419 3132 discretione
1451 3076 1731 3154 Dominum
1763 3077 1985 3130 amabat.
2020 3076 2117 3154 Co-f
2146 3080 2187 3139 C
2225 3078 2355 3154 lium
2386 3081 2577 3150 gratiae
2618 3095 2729 3135 sua:
2772 3081 3250 3154 subministrante,
3296 3092 3348 3139 et
3374 3097 3471 3137 eos
3496 3082 3799 3136 misericor-

566 3149 696 3206 itare
717 3149 850 3205 enim
878 3152 1128 3204 debuisset
1165 3165 1277 3201 eum
1296 3165 1444 3216 quem
1471 3152 1734 3215 confessus
1758 3156 1867 3201 erat
1890 3165 1996 3202 esse
2027 3149 2117 3201 Dei

566 3173 696 3206 Itat'e
717 3173 850 3205 enim
878 3173 1128 3204 αευυιδιειι
1165 3173 1277 3201 cum
1296 3173 1444 3216 quem
1471 3173 1734 3215 cunjeuua
1758 3173 1867 3201 erus
1890 3173 1996 3202 esse
2027 3173 2116 3201 uet

532 3173 757 3282 i‘ilium,
782 3222 913 3273 nihil
941 3221 1288 3283 increpatione
1305 3221 1519 3289 dignum
1543 3227 1632 3289 aut
1659 3234 1810 3288 agere
1836 3227 1923 3270 aut
1948 3220 2117 3273 dicere

538 3310 705 3360 posse;
733 3292 1013 3359 expendere
1038 3292 1157 3341 item
1176 3290 1313 3356 quod
1336 3287 1545 3360 dixisset
1574 3287 1849 3360 Dominus,
1883 3302 2117 3353 oportere

534 3356 607 3418 sic
643 3356 755 3432 fieri
778 3356 805 3427 ,'
836 3378 895 3413 ac
926 3363 1037 3415 ideo
1077 3360 1241 3432 visum
1270 3376 1378 3412 esse
1405 3358 1572 3432 Patri.
1608 3356 1797 3432 Verum
1843 3362 2116 3432 quominus

534 3430 651 3487 haec
673 3433 1031 3502 perpenderet,
1055 3430 1243 3484 amoris
1274 3431 1504 3483 nondum
1544 3430 1789 3500 perfecti,
1822 3431 1910 3482 sed
1945 3430 2117 3484 adhuc

536 3506 689 3558 nimis
706 3502 919 3557 humani
954 3502 1269 3556 vehementia
1296 3502 1439 3572 fecit.

610 3584 633 3611 α
669 3574 884 3628 Minime
932 3574 1159 3628 scilicet.
1202 3571 1334 3637 Quis
1373 3572 1517 3627 enim
1570 3579 1729 3641 neget
1767 3580 1860 3624 aut
1904 3571 2119 3628 dubitet

542 3646 757 3701 Petrum
792 3644 1035 3713 negando
1057 3642 1331 3697 Christum
1364 3643 1603 3711 graviter
1634 3642 1898 3697 cecidisse
1923 3653 1977 3696 et
2008 3646 2117 3696 rni-

540 3732 662 3769 nam
695 3715 1019 3783 pertulisse?
1056 3714 1226 3769 Fuere
1265 3724 1445 3768 tamen
1477 3714 1565 3781 qui
1606 3713 1989 3767 existimarunt
2017 3714 2117 3768 Pe-

543 3796 715 3850 trum,
741 3802 864 3840 cum
891 3786 1163 3839 Christum
1189 3785 1422 3855 negavit,
1449 3795 1542 3837 aut
1571 3798 1677 3839 non
1709 3799 1988 3849 peccasse,
2023 3795 2116 3839 aut

540 3866 688 3911 certe
747 3857 1031 3911 mentitum
1087 3871 1197 3909 non
1251 3872 1405 3917 esse,
1458 3855 1588 3919 sed,
1640 3856 1785 3908 salva
1843 3856 2109 3921 veritate,

540 3929 793 3995 ambigue
822 3929 1078 3981 locutum.
1111 3926 1217 3980 Nec
1244 3928 1418 3991 enim,
1450 3926 1696 3990 aiebant,
1727 3924 2110 3991 mentiebatur,

540 3999 631 4067 qui
673 3996 942 4053 Christum
985 3998 1290 4063 hominem,
1328 4011 1520 4065 purum
1565 3996 1805 4067 scilicet,
1838 4008 1896 4067 se
1950 4010 2113 4050 nosse

540 4065 770 4135 negabat
796 4083 954 4138 quem
1002 4068 1168 4122 Deum
1201 4082 1384 4122 verum
1421 4066 1803 4138 cognoscebat.
1833 4065 1982 4138 Quos
2011 4082 2109 4119 no.

538 4132 683 4191 tas—se
726 4132 934 4193 videtur
980 4138 1044 4191 D.
1089 4138 1449 4208 Hieronymus
1487 4132 1569 4191 bis
1612 4136 1791 4208 verbis
1822 4132 1927 4208 (In
1973 4151 2111 4188 com-

537 4216 695 4259 ment.
725 4208 911 4261 Matth.
961 4210 1149 4276 xxw):
1186 4205 1310 4263 Scio
1339 4208 1618 4273 quosdam,
1650 4207 1736 4275 pio
1776 4205 1962 4272 affectu
1990 4222 2111 4276 erga

534 4278 823 4344 apostolum
853 4278 1100 4341 Petrum,
1144 4280 1314 4331 locum
1348 4279 1484 4332 hunc
1527 4279 1599 4330 ita
1628 4280 1987 4344 interpretatos
2008 4317 2022 4340 ,
2055 4288 2111 4330 ut

537 4348 757 4400 dicerent
790 4347 1003 4402 Petrtdn
1033 4364 1133 4401 non
1154 4350 1325 4421 Deum
1362 4364 1571 4421 negasse
1590 4390 1603 4411 ,
1625 4350 1716 4421 sed
1744 4348 2042 4421 hominem,
2062 4358 2109 4400 et

534 4432 640 4470 esse
667 4436 908 4474 sensum:
937 4421 1105 4473 nescio
1144 4419 1402 4473 hominem
1417 4414 1579 4488 ,'quia
1609 4418 1715 4470 scio
1759 4414 1948 4470 Deum.
1994 4416 2107 4471 Hoc

533 4504 686 4560 quam
733 4490 977 4560 frivolum
1017 4493 1116 4557 sit,
1150 4492 1373 4557 prudens
1404 4487 1561 4544 lector
1601 4488 1864 4557 intelligit.
1900 4487 1990 4560 Sic
2019 4489 2106 4541 de.

532 4558 749 4633 fendunt
788 4564 1113 4633 Apostolum,
1146 4573 1202 4615 ut
1230 4560 1396 4614 Deum
1442 4560 1695 4633 mendacii
1720 4574 1862 4633 reum
1890 4558 2103 4633 faciant.

532 4628 595 4683 Si
607 4632 749 4702 enim
782 4627 875 4685 isie
903 4650 1005 4686 non
1026 4634 1255 4702 negavit.
1284 4646 1404 4701 ergo
1436 4631 1677 4702 mentitus
1707 4638 1782 4681 est
1812 4627 2067 4682 Dominus
2088 4672 2101 4694 ,

529 4700 616 4771 qui
643 4700 876 4753 dixerat:
906 4704 1066 4754 Amen
1090 4700 1208 4755 dico
1232 4700 1493 4771 tibi.'quia
1519 4701 1614 4754 hac
1636 4708 1801 4761 nocte,
1831 4713 2105 4770 antequam

528 4768 698 4837 gallus
729 4779 924 4831 cantet,
970 4781 1044 4825 ter
1072 4790 1149 4827 me
1192 4768 1624 4844 negabis._Cerne
1654 4771 1777 4838 quid
1824 4768 2003 4823 dicati:
2032 4788 2102 4826 ne

526 4853 762 4912 oscinis,
790 4857 893 4912 non
912 4844 1185 4897 hominem.
1219 4844 1290 4897 Ita
1318 4844 1695 4912 Hieronymus.
1722 4847 1794 4893 At
1816 4856 2099 4912 quorsum,

526 4910 772 4979 inquies,
823 4910 926 4967 hoc
956 4916 1264 4983 exemplum
1312 4910 1759 4983 allegat‘Auclor,
1803 4911 1946 4979 qttod
1983 4911 2100 4979 ejus

525 4995 691 5053 scopo
715 4990 769 5036 et
794 4994 1109 5051 argumento
1138 4985 1295 5053 hujus
1319 4998 1439 5051 cap.
1470 4984 1646 5049 potius
1680 4997 1986 5053 repugnare
2015 4984 2096 5036 vi-

526 5050 706 5123 detur,
754 5050 875 5121 quo
904 5056 1064 5110 docet
1109 5050 1322 5108 sanctos
1354 5050 1407 5107 et
1430 5054 1605 5123 justos
1634 5056 1685 5107 in
1719 5052 1819 5106 hac
1844 5055 1954 5123 vita
1987 5068 2091 5106 non

524 5133 643 5193 esse
667 5122 932 5176 immunes
973 5140 1002 5177 a
1032 5127 1201 5193 culpis
1229 5125 1529 5178 venialihus
1568 5134 1623 5177 et
1649 5122 2010 5192 qu0tidianis,
2039 5134 2095 5178 ut

522 5189 723 5264 dictum
751 5201 862 5264 est,
891 5209 1012 5247 cum
1040 5189 1251 5248 constet
1282 5196 1419 5249 hanc
1447 5195 1590 5249 Petri
1613 5189 1952 5264 negationem
1984 5208 2089 5248 non

516 5259 688 5335 fuisse
710 5263 926 5335 culpam
958 5264 1136 5319 levem
1167 5276 1219 5317 et
1246 5265 1530 5335 venialem,
1556 5265 1648 5317 sed
1677 5259 2091 5335 gravissimam?

519 5329 585 5383 Ii.
618 5333 751 5395 Quia
794 5334 860 5386 de
888 5334 1045 5400 culpa
1076 5335 1218 5389 Petri
1243 5334 1446 5389 leviore
1475 5329 2047 5390 fecerat'mentionem
2068 5376 2084 5401 ,

516 5415 617 5469 qua
641 5417 797 5475 suum
842 5405 1104 5458 intentum
1133 5406 1485 5473 probaverat,
1516 5422 1638 5460 cum
1670 5407 1913 5475 proclive
1940 5414 2087 5460 esset

516 5477 576 5520 ut
604 5472 651 5520 ei
682 5471 1024 5547 _objicer_etur
1067 5471 1169 5547 alia
1194 5477 1340 5547 Petri
1381 5479 1539 5542 culpa
1582 5471 1739 5547 longe
1780 5478 1996 5547 gravior
2026 5476 2080 5529 in

508 5539 800 5619 {mutatione
841 5540 1041 5619 Christi
1054 5584 1085 5619 ν
1115 5546 1237 5598 huic
1281 5539 1565 5613 objectioni
1597 5539 1890 5619 oceurr'ens
1917 5545 2084 5619 docet

510 5602 621 5684 hoc,
644 5607 783 5655 l'etri
819 5602 1081 5684 exemplo
1109 5624 1321 5669 sanctos
1348 5602 1405 5668 ct
1440 5618 1617 5683 ju5tos
1657 5617 1929 5670 interdum
1960 5616 2081 5684 qui-

508 5660 919 5752 ﬂfglg‘t‘aliler
953 5660 1053 5728 labi
1087 5692 1138 5731 et
1173 5660 1394 5744 peccare
1417 5660 1558 5746 ,Jsed
1814 5660 2079 5752 lapsuum-

508 5736 753 5793 write“.
775 5735 887 5790 Deo
909 5735 1242 5806 supponente
1263 5735 1481 5803 manum
1510 5735 1761 5817 suam,id
1791 5735 2074 5816 estjvauiti-

2138 4455 2188 4514 D

2180 5696 2808 5826 ξῖςςίίρςῖοξῖ.φίηίίέιῖιτε’ίῖ
2836 5687 3209 5826 atmiis:

2181 5766 2237 5808 ut
2262 5766 2541 5823 unrysost.

2221 3149 2363 3222 diter
2395 3156 2638 3220 erigente
2667 3171 2679 3205 :
2715 3152 2941 3221 proinde
2964 3155 3090 3209 licet.
3112 3156 3175 3207 ad
3211 3149 3423 3222 tempus
3452 3153 3671 3208 subinde
3703 3168 3801 3205 ex-

2218 3221 2404 3274 cidant
2432 3239 2459 3275 a
2485 3222 2693 3289 justitia
2719 3234 2773 3275 et
2805 3225 3126 3289 sanetitate;
3161 3240 3270 3278 non
3295 3221 3371 3278 ita
3405 3235 3609 3289 tamen,
3641 3235 3697 3277 ut
3722 3238 3795 3276 ex

2220 3290 2343 3365 albo
2365 3292 2634 3365 justurum
2665 3295 2875 3360 penitus
2903 3295 3219 3359 eradantur,
3244 3295 3371 3365 quia
3407 3310 3502 3363 per
3530 3294 3804 3360 pteniten-

2220 3361 2364 3424 tiam,
2394 3363 2585 3414 saltem
2619 3373 2916 3433 extremam
2948 3374 3003 3416 et
3026 3361 3276 3428 finalem,
3319 3366 3386 3417 ad
3408 3361 3682 3433 justitiam
3711 3379 3808 3419 re-

2218 3440 2515 3493 vertuntur,
2551 3440 2603 3484 et
2648 3432 2840 3485 merita
2873 3433 3298 3497 praecedentium
3347 3432 3623 3489 bonorum
3654 3450 3807 3490 recu-

2217 3509 2437 3567 perant;
2464 3509 2518 3553 et
2563 3501 2665 3554 hoc
2706 3510 2788 3554 est
2816 3502 2959 3566 quod
2993 3505 3068 3556 ait
3097 3502 3381 3557 Psaltnista
3407 3523 3418 3556 :
3447 3504 3643 3559 Justus
3692 3523 3806 3560 cum

2215 3572 2475 3635 ceciderit,
2512 3588 2615 3624 non
2662 3570 2959 3637 collidatur,
2991 3574 3068 3626 sic
3107 3573 3394 3637 nimirum,
3436 3584 3497 3627 ut
3540 3579 3594 3628 in
3651 3587 3807 3631 teter-

2217 3657 2341 3694 num
2380 3654 2583 3709 pereat,
2614 3652 2668 3696 et
2695 3658 2722 3693 ιι
2756 3642 2870 3696 Deo
2901 3643 3202 3711 abjiciatur,
3240 3644 3417 3698 instar
3446 3648 3595 3701 vasis
3625 3648 3809 3702 collisi

2216 3721 2297 3785 et_
2318 3713 2606 3785 confracti.
2650 3712 2908 3777 Loquitur
2938 3716 3077 3767 enim
3120 3717 3186 3768 de
3217 3715 3413 3769 electis
3439 3758 3453 3779 ,
3483 3732 3623 3785 quos
3659 3718 3807 3773 Deus

2219 3782 2488 3860 infnllibili
2515 3785 2684 3860 gratia
2708 3784 2773 3860 ad
2806 3800 3023 3860 regnum
3059 3785 3332 3852 perducit:
3355 3782 3633 3860 quia'quos
3662 3806 3803 3860 prep-

2217 3856 2510 3927 destinavit,
2543 3855 2637 3927 hos
2660 3866 2706 3908 et
2727 3856 3065 3925 justi/ienuit;
3092 3871 3223 3925 quos
3246 3865 3432 3911 autem
3460 3855 3799 3927 justiﬁcavit,

2216 3922 2318 3976 ltus
2348 3935 2401 3977 et
2428 3922 2772 3992 glurilicabt't.

2291 3993 2316 4030 δ
2346 3996 2402 4050 S.
2428 3995 2537 4050 Leo
2562 3997 2798 4062 pontifex
2819 4010 2984 4050 serm.
3004 3997 3037 4052 9
3061 3997 3126 4052 de
3157 3999 3408 4066 passione
3432 3999 3665 4053 Domini:
3688 3998 3793 4051 Fe~

2214 4062 2368 4138 lices,
2402 4067 2514 4128 ait,
2540 4078 2712 4138 sancte
2740 4066 3013 4137 Apostole,
3042 4062 3279 4137 [acri/ma?
3309 4079 3439 4134 tuae,
3480 4087 3592 4138 quis
3609 4071 3673 4121 ad
3702 4072 3793 4122 (ιὶ-

2214 4133 2454 4188 luendum
2506 4136 2712 4204 culpam
2762 4133 3082 4203 negationis,
3132 4133 3365 4192 virtutem
3403 4133 3536 4193 sacri
3580 4140 3798 4195 habuere

2215 4204 2556 4267 baptismatis.
2591 4207 2775 4267 Adfuit
2816 4208 2953 4260 enim
2993 4209 3204 4263 dextera
3233 4209 3447 4264 Domini
3473 4212 3633 4265 nostri
3668 4212 3801 4265 Jesu

2215 4273 2437 4342 Christi,
2469 4292 2584 4351 quo:
2610 4273 2863 4351 labentem
2890 4285 2963 4342 te,
2992 4281 3288 4349 priusquam
3311 4283 3616 4351 dejicereris,
3650 4284 3767 4335 excf
3786 4314 3801 4321 ν

2215 4355 2382 4411 peret,
2429 4357 2475 4400 et
2496 4349 2817 4418 firmitatem
2848 4351 3019 4418 standi
3059 4352 3111 4403 in
3151 4352 3264 4418 ipso
3306 4349 3519 4403 cadendi
3556 4354 3801 4418 pericqu

2212 4418 2464 4488 recepisti.
2496 4417 2638 4470 Vidit
2683 4420 2735 4472 in
2765 4428 2811 4471 te
2857 4417 3109 4475 Dominus
3137 4417 3235 4473 non
3261 4422 3408 4488 [idem
3446 4420 3645 4487 ﬁctam,
3679 4438 3797 4476 non

2214 4485 2537 4559 dilectionem
2561 4506 2792 4541 aversam
2808 4529 2822 4552 ,
2846 4490 2936 4541 sed
2965 4485 3297 4544 constantiam
3320 4485 3471 4559 fuisse
3497 4494 3785 4546 turbatam.

2211 4554 2505 4631 Abundaoit
2547 4560 2733 4625 ﬂetus,
2782 4559 2865 4631 ubi
2912 4576 3015 4631 non
3068 4563 3249 4631 defecit
3291 4554 3533 4629 affectus,
3566 4572 3612 4614 et
3664 4562 3797 4631 fons

2210 4626 2477 4682 charitatis
2521 4631 2642 4682 lavit
2690 4630 2840 4683 verba
2891 4626 3181 4699 formidinis
3213 4649 3232 4685 :
3272 4626 3361 4686 nec
3404 4626 3675 4686 tardatum-
3716 4646 3799 4688 est

2208 4701 2491 4773 [emedinm
2512 4702 2831 4773 abolitionis,
2866 4700 2949 4752 ubi
2974 4717 3074 4754 non
3100 4704 3196 4769 fuit
3208 4704 3467 4773 judicium
3492 4704 3793 4759 voluntatis.

2209 4765 2326 4844 Cito
2355 4772 2526 4844 itaque
2554 4770 2618 4844 in,
2644 4771 2957 4844 soliditatem
2984 4765 3131 4825 suam
3171 4765 3324 4825 rediit
3366 4785 3511 4844 petra
3532 4815 3546 4839 ,
3590 4785 3798 4830 tantam

2204 4840 2455 4905 recipiens
2499 4842 2887 4916 fortitudinem,
2916 4851 2971 4893 ut
2998 4844 3133 4909 quod
3176 4853 3295 4916 tunc
3326 4840 3379 4896 in
3412 4844 3603 4897 Christi
3633 4863 3797 4916 expa-

2202 4913 2643 4983 verat_passione,
2674 4913 2729 4983 in
2759 4926 2854 4963 suo
2885 4922 2996 4983 post
3036 4914 3290 4983 supplicio
3324 4932 3428 4968 non
3458 4916 3675 4969 timeret.

2278 4990 2299 5017 ο
2331 4978 2531 5053 Corpus
2560 4982 2739 5034 mortis
2769 4982 3024 5106 aspellat,
3048 4978 3220 5052 inquit
3251 4986 3610 5106 llieronztnus
3640 4985 3792 5055 (Lib.

2278 5052 2389 5106 μοι.
2423 5054 2473 5106 in
2504 5052 2681 5106 Rufin.
2713 5066 2759 5104 c.
2873 5092 2887 5106 .
2916 5054 3051 5106 quod
3079 5055 3232 5106 vitiis.
3262 5066 3309 5106 et
3340 5073 3453 5106 mor
3490 5059 3564 5106 is.
3595 5066 3641 5106 et
3672 5074 3792 5106 ver-

2278 4999 2299 5017 υ
2331 4999 2531 5053 [λοι-ρας
2560 4999 2739 5034 morus
2769 5000 2799 5033 a
2872 4999 3024 5045 enat,
3048 4999 3220 5052 inquit
3251 4999 3447 5038 ttteron
3494 5002 3610 5039 mus
3640 4999 3792 5055 (Lib.

2199 5050 2389 5126 tApol.
2423 5052 2681 5126 in‘Ru/in.
2713 5066 2759 5104 c.
2789 4999 2887 5126 (ξς,
2916 5054 3051 5126 quod
3079 5055 3232 5121 vitiis,
3262 5066 3309 5107 et
3340 5002 3565 5123 morbis,
3595 5066 3641 5109 et
3670 5074 3794 5126 per.

2198 5122 2598 5187 turbationibus,
2621 5140 2682 5175 ac
2713 5121 2865 5174 morti
2893 5121 3158 5193 subjaceat
3178 5166 3193 5190 ,
3220 5126 3382 5179 donec
3421 5121 3558 5180 cum
3580 5121 3793 5181 Christo

2195 5194 2515 5268 resurgatjn
2536 5193 2746 5268 gloria;
2784 5204 2842 5268 et
2869 5196 3057 5263 fragile
3089 5197 3252 5268 prius_
3276 5197 3443 5251 lutum
3472 5211 3794 5268 excoquatur

2193 5261 2392 5331 fervore
2425 5261 2650 5333 Spiritus
2680 5266 2844 5318 sancti
2871 5261 2934 5317 in
2957 5261 3136 5318 testam
3174 5265 3573 5333 solidissimam,
3603 5261 3793 5322 demu-

2194 5341 2312 5386 tans
2338 5334 2592 5411 gloriam,
2627 5351 2729 5411 non
2761 5334 3139 5411 _natur_am._lta
3177 5335 3562 5411 Hieronymus.
3599 5339 3792 5394 Potest

2193 5412 2371 5458 tamen
2389 5405 2658 5477 genitivus
2677 5405 2830 5473 hujus
2855 5404 3046 5460 referri
3064 5407 3225 5477 etiam
3245 5409 3311 5462 ad
3333 5404 3562 5464 mortem
3580 5411 3787 5477 ipsam,

2189 5481 2249 5551 _ut
2274 5489 2464 5531 sensus
2498 5475 2566 5530 sit
2591 5493 2605 5531 :
2632 5476 2710 5551 De
2729 5492 2940 5551 corpore
2965 5476 3145 5551 mortis
3167 5477 3329 5547 hujus
3362 5481 3413 5535 id
3444 5489 3559 5547 est,
3585 5480 3641 5534 in
3668 5475 3791 5551 quo

2188 5543 2290 5616 hoc
2319 5562 2488 5613 genus
2517 5549 2703 5602 mortis
2732 5543 2894 5601 etiam
2927 5546 3124 5600 invitus
3154 5543 3429 5616 experior.

2258 5614 2284 5651 α
2316 5618 2519 5682 Duplex
2540 5618 2702 5671 lectio
2723 5617 3125 5692 apud_Grazcos.
3157 5614 3339 5689 Aliqui
3370 5623 3509 5684 enim
3546 5624 3785 5692 legunt:

3256 5694 3474 5764 gratias
3486 5710 3597 5764 ego
3633 5696 3784 5761 Deo,

2659 5756 2801 5811 omit.
2836 5758 2945 5827 η).
2970 5767 3023 5815 et
3049 5756 3407 5832 Hicronimus
3433 5756 3629 5838 (Epist.
3665 5756 3775 5824 ist

3960 5816 3969 6065 l
