3986 6188
40 385 250 449 1211

741 505 974 563 CAPUT
1012 505 1131 562 XV.

51 618 326 694 Objicit
370 620 660 677 Germanus
682 663 697 689 ,
728 637 793 677 ex
818 630 1146 691 peccatorum
1175 639 1392 693 persona
1420 621 1726 692 Apostolum

760 694 868 747 hwc
896 696 1110 748 dixisse.

168 786 560 844 Germanus:
606 788 761 843 Multi
813 788 919 843 hoc
967 788 1324 859 apostolicum
1377 790 1448 845 ita
1499 789 1727 859 intelligi

51 877 329 934 debere
361 880 633 935 deﬁniunt
656 920 673 947 ,
710 891 765 935 ut
811 880 915 936 hoc
958 898 1083 937 cum
1115 898 1222 937 non
1252 898 1320 937 ex
1360 899 1452 937 sua
1480 926 1494 949 ,
1540 883 1634 938 sed
1663 899 1727 938 ex

59 980 485 1038 peccatorum
547 987 785 1044 persona
852 973 1059 1030 dixisse
1108 976 1481 1042 conﬁrment,
1539 992 1727 1032 eorum

59 1063 340 1118 scilicet
373 1066 461 1135 qui
500 1066 750 1122 volentes
784 1067 1109 1134 semetipsos
1137 1084 1167 1123 ιι
1197 1070 1573 1138 corporalibus
1607 1071 1728 1127 ille-

67 1156 313 1211 cebris
373 1171 436 1212 ac
475 1158 845 1228 voluptatibus
894 1160 1172 1217 abstinere
1206 1204 1221 1229 ,
1282 1162 1529 1218 obstricti
1585 1165 1731 1220 vitiis

70 1249 406 1318 pristinis,
441 1259 495 1305 et
521 1252 884 1307 oblectatione
912 1253 1214 1309 carnalium
1260 1258 1571 1325 passionum
1604 1272 1731 1327 cap-

81 1340 312 1409 tivati,
350 1342 675 1411 semetipsos
707 1344 963 1400 cohibere
986 1361 1093 1401 non
1125 1357 1377 1416 possunt,
1409 1349 1536 1403 dum
1566 1359 1591 1386 ι
1623 1350 1732 1403 iuo-

76 1431 218 1487 lita
269 1434 676 1491 consuetudine
724 1438 1021 1508 vitiorum,
1073 1440 1217 1493 velut
1265 1440 1463 1494 immiti
1496 1442 1727 1510 quadam

83 1527 443 1597 tyrannidis
489 1528 857 1586 dominatione
886 1572 901 1597 ,
953 1530 1241 1601 depressi,
1306 1534 1369 1587 ad
1423 1534 1727 1590 libertatem

83 1620 416 1689 pudicitiae
468 1624 739 1689 respirare
792 1638 897 1678 non
952 1634 1200 1694 possunt.
1253 1625 1538 1694 Quomodo
1584 1628 1726 1683 enim

86 1708 294 1765 beato
347 1710 613 1779 Apostolo
644 1755 660 1780 ,
718 1730 878 1783 quem
931 1715 999 1769 ad
1053 1730 1319 1771 summum
1378 1718 1727 1787 perfectionis

89 1805 302 1861 totius
331 1806 545 1862 culmen
577 1850 589 1874 ,
618 1818 831 1863 certum
862 1817 947 1865 est
974 1812 1286 1879 pervenisse
1313 1854 1327 1877 ,
1362 1814 1491 1867 illud
1525 1815 1727 1884 poterit

92 1899 436 1955 convenire
466 1902 609 1970 quod
640 1902 769 1957 dicit

94 1990 296 2061 facio,
330 1993 426 2045 sed
450 1996 588 2063 quod
614 1996 699 2049 odi
726 1998 938 2063 malum,
970 1998 1064 2052 hoc
1088 2017 1204 2071 ago.
1236 2000 1369 2055 Illud
1396 2003 1555 2056 etiam
1583 2006 1725 2072 quod

100 2084 420 2154 subjttngit
454 2105 467 2140 :
504 2086 563 2141 Si
593 2098 761 2141 autem
790 2090 927 2156 quod
956 2091 1076 2143 nolo
1104 2133 1117 2157 ,
1169 2094 1263 2147 hoc
1305 2111 1403 2164 ago
1429 2137 1443 2156 ,
1483 2098 1597 2168 jam
1625 2113 1728 2150 non

101 2193 225 2248 ego
254 2194 445 2247 operor
474 2179 609 2232 illud
633 2223 647 2245 ,
690 2184 778 2235 sed
803 2185 940 2253 quod
982 2185 1177 2239 habitat
1210 2189 1261 2239 in
1298 2206 1377 2242 me
1420 2192 1729 2260 peccatum?

102 2267 243 2322 Nec
280 2285 389 2324 non
423 2272 583 2325 etiam
616 2271 720 2327 hoc
753 2292 765 2327 :
800 2274 1139 2331 Condelector
1182 2282 1317 2332 enim
1361 2280 1463 2349 legi
1510 2280 1607 2335 Dei
1651 2298 1731 2335 se-

109 2362 370 2417 cundum
394 2364 687 2420 interiorem
710 2368 999 2438 hominem;
1031 2373 1177 2425 video
1199 2384 1367 2427 autent
1389 2375 1545 2427 aliam
1569 2376 1730 2445 legem

109 2456 185 2508 in
221 2459 463 2511 membris
506 2462 663 2530 meis,
712 2476 1091 2534 repugnantem
1124 2468 1221 2538 legi
1262 2472 1443 2523 utentis
1489 2486 1612 2523 mea:
1636 2511 1651 2534 ,
1684 2480 1732 2523 et

112 2548 395 2616 captivum
446 2567 523 2603 me
574 2553 846 2608 ducentem
883 2558 937 2609 in
979 2558 1140 2630 legent
1169 2562 1402 2629 peccati,
1435 2578 1547 2628 qute
1577 2572 1650 2614 est
1681 2563 1733 2613 in

755 389 1097 449 COLLATIO
1133 382 1325 446 XXIII.
1356 420 1427 430 —
1460 388 1548 445 DE
1586 387 1813 445 VELLE
1851 386 2089 447 BONUM
2130 386 2219 443 ET
2258 384 2494 444 AGERE
2534 387 2802 445 MALUM.

3269 394 3411 448 12η

1751 512 1806 569 Α
1832 501 2071 556 membris
2104 503 2229 557 meis
2262 501 2441 571 (Rom.
2465 501 2582 575 vn).
2614 503 2670 558 In
2702 519 2811 575 quo
2840 504 3002 573 igitur
3030 506 3144 560 hac
3168 521 3416 575 persona:

1830 597 2145 667 apostolica:
2188 607 2415 666 possunt
2463 596 2748 667 coaptari?
2790 596 2928 665 Quid
2971 599 3114 653 enim
3163 608 3249 654 est
3290 599 3419 658 boni

1831 691 1975 761 quod
2008 691 2096 746 ille
2128 708 2234 745 non
2265 692 2504 761 potuerit
2530 691 2793 761 implere?
2825 692 2890 746 Et
2920 694 3263 761 econtrario,
3292 695 3421 765 quid

1833 784 1965 839 illud
1993 794 2077 841 est
2100 786 2228 839 mali
2258 786 2402 856 quod
2436 786 2626 842 nolens
2654 793 2707 840 et
2733 785 2945 852 odiens,
2981 796 3163 841 tamen
3191 796 3423 855 cogente

1834 890 2027 933 natura
2056 920 2070 945 ,
2111 877 2311 933 invitus
2352 878 2674 934 admiserit?
2707 878 2786 932 Ad
2831 894 2991 948 quam
3043 894 3171 932 vero
3217 881 3423 946 peccati

1832 971 2007 1041 legem
2035 971 2318 1026 electionis
2349 986 2443 1026 vas
2468 1012 2483 1039 ,
2522 972 2573 1025 in
2605 986 2711 1041 quo
2740 967 2987 1025 Christus
3037 970 3294 1026 Dominus
3337 971 3420 1026 lo-

1833 1064 2101 1134 quebatur
2121 1107 2133 1129 ,
2170 1064 2343 1134 potuit
2371 1065 2616 1135 captivus
2644 1064 2878 1118 adduci?
2908 1064 3008 1131 Qui
3038 1079 3159 1119 cum
3204 1079 3422 1119 omnem

1833 1157 2255 1214 inubedientiam
2280 1201 2295 1225 ,
2346 1170 2402 1215 et
2428 1175 2643 1215 onmem
2694 1160 3042 1214 extollentem
3072 1175 3130 1215 se
3161 1160 3423 1216 adversus

1835 1249 2008 1305 Deum
2040 1250 2378 1307 altitudinem
2411 1252 2737 1321 captivasset
2764 1250 2831 1321 (ll
2854 1249 2974 1305 Cor.
3004 1250 3091 1321 x),
3126 1250 3194 1306 de
3224 1262 3423 1308 semet-

1833 1344 1951 1413 ipso
1978 1360 2099 1399 cum
2131 1344 2327 1399 ﬁducia
2371 1344 2744 1414 proclamabat
2777 1361 2789 1396 :
2823 1342 3026 1397 Bonum
3070 1360 3287 1412 agonem
3313 1360 3423 1399 cer-

1834 1439 1973 1503 tari,
2021 1455 2229 1492 cursum
2266 1439 2620 1493 consummavi
2641 1477 2657 1504 ,
2697 1437 2853 1505 ﬁdem
2892 1436 3117 1502 servavi;
3150 1436 3213 1489 de
3238 1446 3422 1491 cancro

1831 1533 2057 1600 reposita
2102 1542 2175 1586 est
2218 1532 2345 1585 mihi
2388 1548 2578 1586 corona
2610 1531 2872 1599 justitiw,
2910 1546 3062 1599 quam
3088 1530 3266 1583 reddet
3295 1529 3423 1583 mihi

1836 1626 2083 1682 Dominus
2109 1628 2162 1681 in
2186 1628 2278 1682 illa
2299 1629 2380 1683 die
2400 1630 2575 1697 justus
2588 1628 2757 1701 judezc
2785 1627 2851 1697 (Il
2884 1626 3020 1681 Tim.
3054 1624 3130 1698 4).

2419 1720 2644 1776 CAPUT
2686 1720 2828 1777 XVI.

2199 1815 2398 1869 Dilatio
2427 1815 2701 1887 preposin
2729 1815 3055 1884 quaestionis.

812 1920 825 1957 :
876 1903 997 1958 Non
1028 1906 1163 1959 enim
1192 1908 1330 1977 quod
1359 1911 1472 1962 volo
1500 1909 1685 1962 bonum
1710 1951 1725 1975 ,
1759 1929 1806 1988 Β
1906 1906 2156 1962 Tlieonas
2191 1924 2203 1958 :
2238 1907 2531 1961 latrantem
2566 1920 2651 1960 me
2682 1906 3009 1959 tutissimum
3058 1905 3258 1959 silentii
3292 1920 3423 1974 por-

1836 2008 1970 2067 tum,
1998 2014 2183 2055 rursus
2209 1998 2275 2053 ad
2302 2000 2627 2053 immensum
2652 1996 3087 2067 prolundissima:
3110 1995 3427 2065 quaestionis

1838 2095 2059 2165 pelagus
2081 2108 2341 2149 revocare
2363 2090 2670 2157 conamini;
2701 2091 2797 2145 sed
2819 2090 3277 2160 opportunitatem
3305 2089 3427 2145 ﬁda:

1836 2188 2087 2245 stationis
2118 2187 2376 2257 amplexi,
2413 2186 2501 2240 hic
2526 2186 2748 2240 interim
2776 2198 2942 2238 cursu
2972 2193 3077 2237 tam
3109 2184 3280 2253 longae
3310 2183 3425 2238 col-

1840 2281 2061 2335 lationis
2086 2294 2311 2335 emenso
2335 2321 2349 2347 ,
2383 2277 2766 2332 taciturnitatis
2795 2279 3089 2330 anchoram
3124 2274 3388 2343 jaciemus
3407 2314 3425 2341 ,

1840 2385 1898 2430 ut
1923 2378 2154 2429 crastina
2186 2372 2274 2427 die
2296 2412 2312 2438 ,
2361 2370 2408 2425 si
2453 2377 2633 2424 tamen
2662 2368 2813 2422 nulla
2841 2368 2921 2421 vis
2954 2365 3290 2437 tempestatis
3325 2365 3421 2419 0b-

1840 2467 2081 2531 stiterit,
2129 2466 2257 2518 ﬂatu
2291 2464 2537 2534 prosperi
2567 2464 2793 2533 spiritus
2821 2461 3145 2532 explorato,
3179 2459 3405 2529 disputa-

1843 2561 2005 2615 tionis
2036 2561 2156 2615 vela
2187 2558 2504 2629 pandatnus.

1215 2675 1471 2729 ALARDI
1512 2676 1745 2731 GAZAEI
1781 2675 2351 2733 COMMENTARIUS.

118 2769 315 2843 quiest.
344 2761 401 2829 8)
516 2763 806 2843 Algasiam.
828 2767 943 2843 _Alii
973 2783 1102 2824 vero
1126 2771 1329 2843 iVXéPIC
1357 2776 1445 2824 τοῦ
1474 2777 1602 2825 Θεοῦ
1626 2810 1651 2843 ,7
1675 2772 1726 2824 itt

119 2834 407 2956 genitivo:
430 2834 479 2886 id
501 2844 603 2915 est.
624 2838 795 2906 gratia
814 2838 931 2901 Dei,
956 2856 1076 2908 sup.
1106 2834 1355 2895 liberabit
1379 2858 1483 2903 me,
1513 2857 1619 2894 non
1640 2842 1722 2895 lex

195 2916 309 2956 OVSI
336 2947 346 2956 .
394 2918 499 2956 non
546 2921 690 2956 \‘Ires
733 2920 968 2956 naturae:
1003 2920 1162 2956 aliine
1210 2911 1310 2956 hnc
1357 2912 1517 2956 mndn
1570 2914 1722 2956 vertit

195 2908 309 2983 oysi
336 2947 365 2983 ,.
394 2918 499 2957 non
546 2908 690 2959 vires
733 2920 969 2975 naturae;
1003 2920 1163 2978 atque
1209 2911 1310 2966 hoc
1357 2912 1517 2967 modo
1570 2914 1727 2967 vertit

123 2981 327 3027 uoster
353 2981 644 3043 interpres.

214 3043 456 3124 :‘nlnolita
486 3063 581 3102 seu
605 3049 904 3105 inveterata
931 3052 1183 3124 vitiorum
1207 3055 1544 3109 consuetudo
1566 3069 1722 3121 quam

128 3114 369 3191 difﬁcile
397 3130 613 3191 curetur
637 3160 651 3183 ,
688 3130 884 3184 pra‘ter
914 3123 1018 3176 alia
1047 3123 1341 3191 Scriptura:
1375 3114 1680 3179 testimonia
1707 3167 1723 3189 ,

129 3187 304 3266 docet
330 3188 611 3266 evidenter
638 3192 726 3245 illa
755 3192 1012 3247 Jeremiaz
1040 3187 1305 3249 sententia
1325 3238 1338 3259 ,
1373 3212 1475 3266 qua
1510 3187 1725 3250 inveteé

134 3264 317 3341 ratam
365 3259 1031 3341 1[urticarum__perstringit
1075 3266 1346 3341 malitiam,
1372 3259 1405 3319 ε’
1431 3267 1489 3322 Si
1530 3276 1728 3322 mutare

134 3337 310 3398 potest
337 3329 582 3402 .i/Ethiops
626 3329 812 3407 pellem
857 3329 1003 3388 suam
1029 3376 1041 3396 .
1084 3346 1174 3391 aut
1218 3340 1413 3407 pardus
1458 3342 1729 3392 varietates

136 3415 303 3476 suos;
328 3408 375 3476 et
403 3418 489 3455 vos
521 3407 754 3470 poteritis
786 3405 1082 3476 benefacere
1105 3453 1119 3476 ,
1154 3405 1270 3461 cum
1302 3410 1582 3463 didiceritis
1622 3427 1731 3462 ma-

140 3470 256 3523 lunt
288 3469 500 3549 (larem.
522 3469 677 3549 ’xttt).
714 3476 833 3530 Non
865 3469 1069 3544 natura,
1103 3469 1271 3549 inquit
1302 3481 1497 3536 ioidem
1544 3481 1732 3536 Hiero-

142 3534 340 3619 nymus
365 3585 379 3609 ,
413 3546 505 3619 sed
546 3534 707 3600 nimia
748 3534 1119 3606 consuetudine
1161 3534 1208 3605 et
1259 3534 1437 3606 amore
1480 3534 1729 3619 peccandi
1759 3534 1804 3595 (ἶ

144 3612 436 3691 ﬁrmatum,
462 3616 535 3669 sic
560 3628 623 3691 ut
666 3619 720 3671 in
760 3632 997 3674 naturam
1027 3639 1328 3677 conversum
1358 3612 1611 3677 videatur.
1664 3623 1731 3677 Et

144 3688 204 3736 in
236 3684 573 3767 Epistolaad
608 3688 807 3767 Laetam
845 3692 912 3745 de
944 3694 1281 3767 institutione
1328 3695 1448 3767 lilia:
1480 3713 1509 3767 7:
1531 3765 1538 3767 ξ
1562 3693 1727 3763 Difﬁ-

146 3767 330 3830 cuuer,
357 3759 550 3827 inquit,
575 3761 828 3822 eraditur,
858 3765 994 3829 quod
1017 3765 1165 3816 rudes
1188 3765 1348 3817 animi
1378 3759 1727 3830 perbiberunt.

149 3825 343 3905 Recens
391 3825 515 3905 testa
563 3832 653 3883 diu
699 3825 1025 3905 etgsaporem
1067 3836 1246 3887 retinet
1288 3844 1335 3885 et
1378 3825 1586 3887 odorem
1633 3849 1733 3901 quo

148 3900 371 3972 primum
399 3900 593 3972 imbuta
625 3913 716 3956 est.
752 3900 979 3957 Basilius
1005 3906 1056 3957 in
1084 3905 1301 3972 [tegulis
1332 3905 1499 3957 fusius
1527 3900 1730 3968 disput.

148 3964 302 4047 (cap._
322 3968 397 4047 6).
416 3968 743 4047 Consuetudo
764 3984 1005 4047 vetustate
1027 3964 1460 4047 ﬁrma'tanatura:
1483 3977 1593 4047 vim
1606 3964 1737 4030 solet

152 4040 392 4094 nancisci.
408 4040 829 4114 Clirysostomus
846 4046 898 4099 in
915 4045 957 4099 ll
974 4040 1039 4099 ad
1054 4046 1301 4101 Corinth.
1318 4062 1436 4115 cap.
1454 4048 1485 4099 lt
1505 4064 1516 4099 :
1538 4045 1734 4114 Magna

582 4253 1088 4363 COLLA
1113 4254 1378 4361 T10
1476 4164 2991 4367 magna—Emi,

1807 4169 2157 4183 *-

1833 2780 1905 2824 est
1936 2768 2318 2823 consuetudinis
2360 2764 2630 2836 tyrannis;
2654 2766 2885 2836 adeoque
2910 2778 3116 2833 magna,
3137 2772 3194 2836 ut
3216 2761 3428 2836 perinde
3472 2764 3481 2779 ‘

1832 2853 1982 2912 cogat
2013 2859 2073 2894 ac
2106 2854 2309 2912 natura.
2345 2834 2584 2912 Denique
2608 2837 2745 2912 hanc
2768 2834 3429 2912 dil‘ticultatent_in_seipsp

1830 2904 2087 2981 expertus
2116 2911 2181 2964 D.
2214 2908 2543 2978 Augustinus
2584 2906 2833 2981 eamdem
2850 2906 3087 2981 prolixe
3135 2904 3431 2981 declaravit

1833 2976 2231 3036 in'narratione
2259 2976 2370 3033 suae
2396 2976 2789 3032 Conversionis.
2847 2976 2936 3030 Sic
2979 2977 3124 3030 enim
3155 2976 3295 3028 inter
3326 2976 3429 3028 alia

1831 3053 1929 3107 lib.
1948 3064 2043 3109 vni
2054 3052 2186 3119 Cap.
2213 3052 2267 3119 5)
2293 3048 2711 3104 Confessionum
2729 3063 2741 3100 :
2760 3046 2975 3119 Ligatus
2999 3062 3141 3099 eram
3164 3062 3265 3098 non
3292 3049 3429 3119 ferro

1832 3126 2026 3189 alieno,
2060 3115 2151 3177 sed
2180 3115 2295 3176 mea
2326 3122 2494 3190 ferrea
2523 3120 2807 3172 voluntate.
2846 3116 2992 3171 Velle
3028 3133 3197 3169 meum
3228 3115 3431 3190 tenebat

1834 3188 2069 3251 inimicus
2093 3212 2112 3260 ;
2147 3204 2193 3248 et
2221 3188 2343 3247 inde
2371 3191 2498 3245 mihi
2524 3201 2755 3243 catenam
2786 3194 2998 3258 fecerat,
3030 3197 3080 3242 et
3109 3188 3428 3260 constrinxe-

1835 3278 1917 3321 rat
1944 3283 2025 3321 me
2049 3284 2067 3320 :
2094 3259 2295 3337 quippe
2314 3280 2387 3337 rex;
2410 3262 2669 3337 uoluntate
2695 3276 2929 3331 perversa
2962 3262 3101 3329 facta
3120 3270 3201 3337 est
3234 3259 3432 3337 libiao;

1837 3349 1883 3392 et
1911 3341 2035 3391 dum
2059 3330 2276 3391 servitur
2303 3336 2506 3388 libidini
2529 3375 2542 3395 ,
2580 3330 2719 3401 facta
2746 3345 2820 3386 est
2845 3332 3198 3397 consuetudo;
3230 3340 3277 3383 et
3296 3330 3433 3401 idum

1840 3409 2201 3464 consuetudini
2241 3424 2345 3461 non
2369 3400 2664 3467 resistitur,
2695 3405 2833 3471 facta
2864 3413 2936 3457 est
2966 3403 3257 3471 necessitas.
3293 3400 3434 3453 Beda

1840 3480 1894 3536 in
1924 3497 2045 3549 cap.
2074 3480 2139 3533 15'
2169 3479 2328 3533 Lucae
2360 3480 2473 3531 haec
2505 3477 2571 3529 de
2603 3470 2833 3549 Zaéliaao
2855 3491 2874 3549 _:
2911 3472 3197 3549 lutrantem
3225 3470 3435 3524 Iericho

1840 3544 2170 3607 Saluatorem
2216 3550 2387 3602 sidere
2427 3546 2688 3617 quwrcbat
2715 3561 2745 3617 :7
2774 3545 2863 3617 sed
2889 3560 3002 3617 pra:
3028 3544 3176 3594 turba
3196 3558 3309 3617 non
3338 3559 3433 3617 po-

1841 3634 2007 3686 terat;
2039 3623 2160 3691 quia
2190 3624 2372 3689 gratia:
2393 3612 2544 3691 quam
2587 3612 3046 3691 mundoSalrator
3070 3612 3245 3662 attulit
3260 3613 3435 3691 parti-

1839 3682 2015 3755 cipare
2052 3682 2328 3759 cupiebat;
2368 3682 2457 3739 sed
2500 3684 2956 3759 inclita‘ritior‘um
2989 3682 3300 3759 consuetudo
3326 3721 3339 3743 ,
3373 3697 3435 3759 ne

1837 3750 1907 3815 ad
1952 3750 2130 3815 uotuni
2168 3750 2451 3829 perveniret
2475 3798 2489 3820 ,
2542 3754 2791 3808 obstabat.
2829 3752 3024 3829 Eadem
3054 3750 3241 3818 quippe
3273 3750 3434 3829 lturba

1838 3834 2008 3886 noxia:
2030 3821 2439 3894 consuetudinis,
2470 3843 2587 3896 quia
2610 3841 2801 3899 cwcum
2826 3824 3153 3899 clamantem2
3176 3835 3243 3899 ne
3265 3821 3433 3874 lumen

1841 3912 2026 3962 peteret
2055 3942 2068 3964 ,
2102 3891 2607 3967 increpabat,’etiam
2658 3896 3021 3967 suspicientem
3060 3891 3432 3961 publicanum,

1841 3992 1903 4027 ηε
1930 3972 2111 4027 Jesum
2140 3973 2343 4037 videat,
2379 3972 2568 4024 tardat.

2728 4160 2892 4170 ι--ο-

2232 4164 2616 4177 _.__——_———

3409 4154 3434 4172 ει

1221 4444 1378 4518 Quae
1412 4452 1504 4506 est
1534 4446 1725 4505 tertia
1757 4444 2005 4505 abbatis
2035 4443 2318 4504 Theonis

1001 4589 1100 4639 DE
1153 4588 1415 4640 VELLE
1470 4590 1869 4639 BONUME'I
1934 4591 2205 4642 AGERE
2260 4592 2564 4642 MALUM.

647 4815 878 4873 CAPUT
921 4816 1201 4874 PRIMUM.

225 4912 447 4967 Beversa
492 4907 652 4978 igitur
695 4910 815 4965 luce
848 4952 863 4975 ,
918 4925 1039 4964 cum
1081 4910 1148 4965 ad
1202 4918 1225 4947 ι
1282 4908 1725 4979 perscrutandam

156 5008 390 5079 abyssum
418 5002 729 5075 apostolicae
757 5005 1068 5074 qureslimtis
1092 5020 1302 5059 summa
1325 5020 1355 5058 a
1380 5004 1535 5058 nobis
1560 5018 1725 5058 senex

155 5102 551 5171 compelleretur
582 5099 872 5168 instantia,
909 5101 979 5154 ita
1016 5099 1209 5155 effatus
1235 5107 1358 5154 est:
1391 5096 1723 5153 'l‘cStimonia

1758 4818 1813 4878 1)
1838 4816 2032 4887 quibus
2078 4820 2311 4887 probare
2359 4821 2672 4885 conamini,
2724 4819 3030 4889 apostolum
3066 4816 3293 4871 Paulum
3327 4831 3433 4872 non

1829 4926 1893 4966 ex
1924 4926 2041 4975 sua,
2074 4912 2168 4967 sed
2213 4923 2558 4981 peccatorum
2589 4913 2794 4967 dixisse
2822 4926 3049 4981 persona
3082 4928 3093 4962 :
3127 4909 3245 4964 Non
3286 4909 3421 4962 enim

1829 5006 1966 5076 quod
1995 5005 2109 5058 volo
2141 5006 2352 5071 bonum,
2384 5008 2555 5078 facio;
2584 5007 2674 5060 sed
2695 5007 2835 5075 quod
2860 5005 2947 5058 odi
2973 5005 3165 5057 malum
3188 5005 3283 5056 hoc
3305 5018 3423 5073 ago.

1834 5096 1927 5152 Vel
1962 5098 2095 5153 illud
2144 5116 2155 5151 :
2204 5098 2265 5154 Si
2291 5111 2463 5153 autem
2494 5102 2634 5171 quod
2667 5102 2787 5154 nolo
2817 5106 2912 5152 hoc
2949 5097 3086 5167 facio
3115 5137 3128 5162 ,
3167 5100 3283 5169 jam
3331 5112 3431 5149 non

1209 5214 1463 5270 ALARDI
1505 5213 1740 5270 ΕΑΖᾹΞΙ
1777 5214 2339 5271 COMMENTARIUS.

232 5322 255 5350 α
287 5314 531 5383 Abyssum
557 5311 856 5383 apostolicce
882 5311 1202 5383 quiestionis,
1234 5308 1352 5364 vel.
1387 5318 1441 5383 ut
1474 5307 1723 5383 superius

162 5385 282 5439 dixit
307 5377 511 5449 (Collat.
536 5377 602 5437 Ἦ
638 5400 751 5453 cap.
784 5381 932 5448 ult.),
966 5377 1270 5434 immensum
1302 5377 1723 5453 profundissima:

162 5457 432 5526 quwstionis
480 5450 1104 5528 pelagus‘uliyperbolice
1158 5459 1315 5528 Vocat
1366 5450 1720 5528 quaestionem

162 5519 352 5595 quidem
384 5519 518 5579 satis
553 5519 843 5579 difﬁcilem
859 5534 913 5578 et
939 5524 1227 5595 obscuram
1259 5520 1326 5573 de
1371 5519 1548 5573 verbis
1569 5520 1724 5595 _Apo-

164 5587 273 5651 stoli
303 5599 359 5650 ad
395 5599 549 5649 ltum.
581 5610 701 5659 cap.
737 5610 806 5648 vlt
837 5609 1054 5661 nupera
1074 5594 1345 5647 Germano
1368 5587 1717 5661 propositam,

165 5681 214 5724 et
255 5669 358 5720 huic
402 5665 675 5719 collatioui
729 5659 1059 5718 reservatam
1095 5682 1106 5714 :
1156 5665 1308 5731 cujus
1356 5676 1563 5715 summa
1608 5659 1724 5713 haec

166 5751 241 5794 cst
269 5758 279 5789 :
309 5741 380 5790 An
415 5737 481 5787 ibi
514 5735 763 5802 loquatur
805 5734 1098 5801 Apostolus
1129 5735 1181 5788 in
1213 5748 1443 5803 persona
1479 5740 1724 5801 peccato-

169 5826 292 5871 rum.
315 5818 365 5862 ut
386 5807 599 5861 volebat
621 5805 944 5869 Germanus,
970 5822 1035 5858 an
1062 5806 1114 5861 in
1137 5821 1367 5875 persona
1390 5820 1507 5871 sua,
1535 5803 1725 5873 suique

172 5882 397 5940 similium
426 5877 479 5938 id
508 5887 592 5938 est
617 5876 919 5943 iustorum?
948 5875 1046 5937 Vel
1074 5919 1090 5945 ,
1121 5877 1243 5935 aliis
1274 5878 1452 5936 verbis
1478 5893 1491 5931 :
1526 5878 1610 5933 An
1643 5878 1724 5931 lo-

1830 5315 2027 5372 quatur
2058 5306 2126 5360 de
2158 5304 2469 5361 hominibus
2498 5308 2700 5376 impiis,
2735 5308 2786 5360 in
2820 5308 3024 5371 peccati
3054 5315 3195 5360 statu
3225 5306 3426 5358 consti-

1830 5378 1958 5431 tutis
1990 5386 2043 5431 et
2068 5378 2406 5441 carnalibus;
2458 5394 2523 5431 an
2556 5395 2687 5433 vero
2714 5380 2781 5433 de
2808 5378 2968 5445 justis
2997 5419 3011 5441 ,
3063 5393 3157 5443 per
3195 5378 3425 5445 gratiam

1830 5452 2031 5503 renatis
2080 5456 2137 5503 et
2183 5448 2593 5516 spiritualibus,
2640 5450 2810 5515 qualis
2859 5459 2966 5501 erat
3025 5448 3260 5503 Paulus?
3290 5449 3419 5512 Quae

1829 5518 2046 5589 quidem
2080 5520 2312 5586 quaestio
2342 5536 2446 5572 non
2480 5521 2618 5575 adeo
2663 5520 2903 5573 difﬁcilis
2950 5530 3033 5574 cst
3066 5531 3117 5573 et
3151 5518 3423 5589 profunda

1831 5601 1890 5644 ut
1939 5591 2063 5645 huic
2101 5590 2279 5643 abbati
2322 5591 2433 5643 visa
2471 5604 2573 5644 est.
2624 5592 2753 5645 Nam
2800 5600 3030 5658 utroque
3071 5593 3228 5645 modo
3262 5589 3424 5643 verba

1832 5662 2077 5729 Apustoli
2105 5662 2305 5729 exponi
2336 5677 2493 5729 posse
2523 5662 2675 5716 docet
2714 5662 2773 5715 1).
2806 5661 3143 5729 Augustinus
3170 5706 3183 5725 ,
3219 5673 3272 5716 et
3304 5672 3425 5727 post

1829 5748 1949 5789 eum
1985 5733 2045 5787 ἱ).
2080 5732 2337 5795 'l‘ltutnas,
2378 5749 2475 5787 nec
2508 5734 2705 5788 desunt
2734 5736 2948 5802 utrique
2975 5735 3107 5800 ptrti
3132 5733 3212 5787 sui
3237 5741 3422 5786 aucto-

1824 5820 1912 5861 res
1941 5817 1994 5861 et
2036 5813 2333 5860 assertores
2364 5806 2567 5877 antiqui
2624 5816 2676 5877 et
2706 5806 2933 5877 probati.
2988 5805 3231 5861 Priorem
3278 5804 3422 5877 enim

1827 5879 2219 5945 expositionem
2257 5874 2592 5937 tradiderunt
2618 5874 3043 5946 Chi-ysostoutus
3068 5919 3086 5945 ,
3129 5874 3423 5942 Theopby-
