3986 6188
556 354 693 417 1247

1604 353 1885 411 JOANNIS
1924 346 2238 408 CASSIANI
2274 340 2763 403 COLLATIONES.

3796 333 3919 391 liii

555 473 802 546 quamvis
832 488 939 528 non
972 472 1148 529 solum
1176 470 1243 526 ad
1275 483 1519 540 praisens
1553 468 1693 525 bona
1737 478 1793 524 et
1834 468 1983 523 utilia
2010 467 2140 533 sint,
2168 476 2224 536 Α
2247 462 2598 529 semetipsum
2642 456 2858 521 stabile,
2903 454 3036 510 nihil
3066 448 3467 513 immutabile,
3506 447 3679 546 nihil
3723 450 3907 507 bonum

555 582 743 622 verum
773 566 934 621 etiam
966 564 1165 619 donum
1197 562 1521 617 :eternitatis
1554 560 1851 631 acquirunt,
1884 568 2061 615 tamen
2091 557 2137 613 si

555 657 752 713 divinas
804 654 1283 723 contemplationis
1330 654 1541 709 meritis
1585 652 1966 718 conferantur,
2016 650 2139 705 vilia

555 761 743 821 atque,
776 759 831 804 ut
862 748 935 802 ita
966 747 1220 813 dixerim,
1250 745 1539 801 vendibilia
1574 748 1953 801 censebuntur.
1986 744 2055 799 Et
2084 752 2141 798 ut

556 841 695 898 hanc
738 841 985 897 eamdem
1017 842 1478 912 comparationem
1526 840 1694 896 etiam
1738 840 2138 909 Scripturarum

557 936 846 990 conﬁrmet
871 934 1190 999 auctoritas,
1219 948 1401 989 nonne
1429 934 1499 988 de
1530 933 1797 988 universis
1822 946 1942 1000 qua;
1968 947 1997 984 a
2027 932 2141 986 Deo

557 1038 735 1084 creata
787 1038 944 1096 sunt,
990 1029 1321 1099 generaliter
1362 1029 1638 1097 Scriptura
1680 1027 2019 1098 pronuntiat,
2061 1024 2145 1079 di-

559 1135 691 1176 cens
714 1137 728 1173 :
759 1119 824 1173 Et
851 1137 963 1174 ecce
990 1122 1164 1175 omnia
1185 1136 1301 1189 qua:
1323 1120 1443 1189 fecit
1475 1120 1634 1185 Deus,
1665 1127 1809 1173 erant
1840 1120 1969 1172 bona
1995 1115 2143 1169 valde

560 1215 771 1288 (Genes.
800 1215 875 1287 1)?
897 1216 965 1270 Et
993 1217 1188 1271 iterum
1217 1233 1229 1268 :
1268 1213 1517 1270 Universa
1541 1230 1656 1284 qua:
1683 1216 1802 1284 fecit
1830 1212 1989 1277 Deus,
2015 1211 2146 1264 bona

561 1310 614 1363 in
659 1320 883 1381 tempore
926 1324 1021 1363 suo
1072 1307 1241 1380 (Eccl.
1295 1307 1516 1377 xxxix)?
1547 1307 1673 1361 Haec
1713 1308 1879 1376 igitur
1928 1319 2045 1373 quae
2092 1304 2144 1357 in

561 1402 816 1473 praesenti
861 1417 969 1456 non
1002 1402 1177 1456 solum
1225 1400 1367 1455 bona
1398 1399 1739 1469 simpliciter,
1764 1412 1951 1452 verum
1982 1396 2146 1450 etiam

563 1510 685 1550 cum
733 1493 1103 1549 additamento
1143 1492 1302 1547 valde
1349 1491 1489 1546 bona
1535 1488 1981 1561 pronuntiantur;
2024 1495 2150 1541 sunt

563 1592 712 1643 enim
742 1604 930 1643 revera
965 1588 1019 1641 in
1046 1587 1150 1641 hoc
1177 1586 1380 1641 mundo
1408 1584 1871 1640 commorantibus
1898 1581 2053 1638 nobis
2081 1580 2149 1634 ad

564 1697 719 1737 usum
752 1682 900 1747 vitae,
930 1688 1025 1734 aut
1051 1679 1117 1733 ad
1150 1680 1398 1749 corporis
1428 1676 1774 1741 medicinam,
1803 1684 1896 1729 aut
1936 1674 2002 1728 ad
2051 1672 2149 1725 ali-

567 1788 728 1841 quam
771 1785 991 1826 causam
1043 1772 1243 1840 ignotae
1274 1771 1430 1825 nobis
1473 1770 1720 1824 utilitatis
1768 1765 2146 1834 accommoda,

2240 554 2344 609 nisi
2382 552 2559 608 deitas
2588 553 2723 615 sola,
2761 564 2953 606 omnes
2986 562 3119 604 vero
3165 552 3469 603 creaturae
3499 553 3577 597 ut
3610 543 3899 599 beatitudi-

2240 661 2361 701 nem
2404 645 2724 700 aeternitatis
2770 644 2857 698 vel
2898 640 3377 698 immutabilitatis
3412 638 3780 704 obtineant,
3810 656 3893 695 eos

2241 738 2344 792 hoc
2371 752 2467 807 per
2493 751 2654 792 suam
2698 744 2967 801 naturam,
2998 733 3096 789 sed
3133 748 3235 805 per
3263 732 3569 788 creatoris
3604 733 3703 787 sui
3740 738 3891 801 parn-

2240 831 2569 901 cipationem
2615 839 2669 884 et
2717 830 2945 899 gratiam
2998 836 3468 900 consequuntur,
3532 838 3757 882 tenere
3808 827 3891 884 hac

2244 924 2497 978 meritum
2520 922 2781 979 bonitatis
2808 921 3042 977 creatori
3071 935 3172 977 suo
3200 920 3432 977 collata:
3468 934 3600 974 non
3642 931 3891 990 possunt.

2854 1079 3085 1136 CAPUT
3124 1080 3217 1134 IV.

2248 1197 2539 1253 Bonitatem
2584 1197 2860 1251 humanam
2887 1174 3038 1263 atque
3058 1197 3327 1268 justitiam
3356 1212 3471 1268 non
3511 1212 3647 1249 esse
3682 1195 3884 1253 bonan.

2451 1270 2497 1323 si
2524 1268 2710 1322 divina:
2736 1267 2953 1321 bonitati
2983 1284 3041 1321 ac
3063 1267 3291 1339 justitia:
3321 1267 3690 1337 conferatur.

2320 1406 2471 1473 Quod
2511 1406 2557 1459 si
2591 1405 2753 1459 etiam
2795 1402 3258 1459 manifestioribus
3297 1401 3497 1457 adhuc
3544 1402 3883 1457 testimoniis

2250 1502 2408 1572 hujus
2428 1499 2713 1555 sententiae
2737 1499 2996 1553 rationem
3021 1497 3356 1553 voluerimus
3374 1506 3678 1559 astruere,
3706 1512 3883 1550 nonne

2250 1608 2371 1648 cum
2395 1592 2561 1646 multa
2590 1591 2926 1658 pronuntiari
2952 1590 3095 1644 bona
3123 1590 3176 1645 in
3207 1588 3519 1659 Evangelio
3551 1589 3878 1659 legerimus,

2253 1695 2309 1741 et
2338 1685 2586 1739 arborem
2620 1684 2841 1747 bonam,
2876 1691 2930 1738 et
2960 1682 3271 1737 thesaurum
3296 1682 3544 1747 bonum,
3585 1691 3649 1736 et
3678 1682 3876 1734 bonum

2254 1777 2528 1832 hominem
2561 1784 2616 1831 et
2642 1774 2841 1829 bonum
2870 1789 3113 1839 servum,
3143 1774 3269 1843 quia
3300 1790 3407 1827 non
3445 1784 3657 1845 potest,
3683 1774 3869 1842 inquit,

568 1864 654 1917 vel
692 1872 841 1916 001⁸ιο
869 1862 921 1915 ill
956 1876 1022 1915 ϐο
1052 1863 1216 1916 Cliam
1258 1863 1416 1915 Valde
1455 1862 1614 1928 bona.
1646 1860 1788 1930 (100d
1830 1860 2023 1927 Ῑασίαηῑ
2061 1874 2152 1911 ηοε
2182 1859 2229 1921 Β
2257 1871 2411 1925 arbor
2451 1871 2582 1923 bona
2620 1869 2782 1922 malos
2824 1868 3027 1937 [ructus
3066 1868 3253 1934 facere,
3307 1875 3356 1920 et
3397 1868 3575 1920 bonus
3616 1866 3776 1920 homo
3815 1869 3873 1919 de

566 1955 851 2007 invisibilia
878 1954 974 2007 Dei
1004 1971 1036 2007 a
1066 1967 1301 2009 creatura
1328 1955 1509 2007 mundi
1537 1970 1627 2024 per
1653 1970 1712 2007 ea
1740 1969 1855 2023 qute
1874 1953 2013 2023 facta
2032 1960 2151 2005 sunt

566 2044 824 2097 intellecta
876 2044 1210 2113 conspicere,
1265 2045 1622 2114 sempiternam
1670 2060 1871 2113 quoque
1917 2044 2151 2095 virtutem

568 2140 698 2209 ejus,
729 2153 792 2189 ac
830 2136 1149 2191 divinitatem
1178 2136 1352 2208 (Rom.
1386 2136 1447 2206 ι),
1478 2151 1546 2191 ex
1582 2143 1727 2189 tanta
1765 2144 1982 2203 tamque
2007 2134 2155 2187 ordi-

568 2236 694 2283 nata
726 2228 1009 2283 molitione
1032 2229 1255 2283 fabrica}
1283 2229 1574 2283 mundialis
1597 2238 1651 2283 et
1679 2229 1919 2283 omnium
1950 2242 2069 2297 qua:
2099 2227 2153 2280 in

572 2334 637 2374 ca
663 2331 791 2375 sunt
818 2321 1192 2387 subsistentia,
1219 2321 1611 2391 contemplari;
1637 2322 1751 2376 haec
1772 2330 1948 2375 tamen
1975 2320 2155 2376 omnia

575 2429 671 2468 nec
701 2414 827 2469 boni
858 2429 1056 2469 nomen
1082 2414 1368 2480 tenebunt,
1393 2415 1437 2468 si
1461 2414 1640 2469 futuro
1670 2414 1749 2469 illi
1780 2413 1978 2469 saeculo
2004 2428 2157 2469 com-

574 2518 852 2573 parentur,
874 2506 965 2561 ubi
981 2506 1245 2561 bonorum
1262 2508 1406 2562 nulla
1423 2509 1746 2574 immutatio,
1763 2509 1909 2563 nulla
1926 2518 2159 2563 estveraa

573 2598 922 2652 beatitudinis
944 2598 1282 2653 formidanda
1296 2601 1591 2669 corruptio.
1608 2601 1773 2669 Cujus
1796 2600 1982 2653 mundi
1998 2600 2162 2653 beati-

574 2688 704 2742 tudo
722 2689 794 2741 ita
812 2688 1167 2743 describitur:
1193 2685 1305 2741 Erit
1325 2688 1420 2743 lux
1440 2689 1576 2744 luna:
1587 2690 1717 2743 sicut
1738 2692 1827 2744 lua:
1840 2692 1983 2755 solis,
2003 2702 2048 2745 et
2071 2691 2162 2746 lux

575 2776 696 2831 solis
720 2778 1133 2847 septempliciter,
1159 2779 1289 2832 sicut
1315 2780 1403 2833 lux
1427 2790 1615 2850 septem
1637 2780 1835 2835 dierum
1856 2781 2036 2853 (Isaia:
2055 2782 2158 2853 ιιι).

583 2868 773 2938 Magna
805 2870 966 2938 igitur
992 2869 1109 2924 haec
1139 2880 1193 2925 et
1216 2871 1472 2940 praeclara
1498 2872 1692 2927 intuitu
1725 2880 1885 2944 atque
1916 2875 2160 2941 mirilica,

580 2958 628 3012 si
661 2960 856 3016 futuris
875 2976 940 3015 ex
965 2960 1073 3017 ﬁde
1098 2962 1611 3032 rcpromissionibus
1640 2964 2013 3038 conferantur,
2037 2982 2166 3022 con-

582 3052 731 3106 tiuuo
780 3053 992 3108 vanitas
1038 3054 1409 3123 apparebunt,
1457 3055 1670 3111 dicente
1716 3058 1879 3113 David
1917 3075 1933 3117 :
1981 3058 2167 3113 Omnia

583 3148 715 3199 sicut
744 3148 1095 3199 vestimentum
1126 3157 1453 3213 veterascent,
1478 3159 1526 3203 et
1556 3151 1686 3203 sicut
1712 3152 2023 3220 opertorium
2050 3169 2163 3205 mu-

2253 1964 2385 2016 bono
2417 1962 2657 2015 thesauro
2679 1961 2846 2013 cordis
2872 1961 2951 2012 sui
2980 1962 3174 2028 profert
3204 1959 3380 2023 bona;
3404 1969 3487 2023 et,
3520 1956 3703 2028 Euge,
3737 1974 3875 2011 serta

2257 2055 2385 2107 bone
2430 2063 2477 2107 et
2526 2053 2695 2120 fidelis
2730 2051 2947 2122 (Matth.
2979 2066 3081 2117 vtt,
3114 2065 3216 2113 xtl,
3256 2066 3354 2113 xv;
3387 2049 3555 2103 Luca:
3588 2049 3777 2112 xvml;
3812 2057 3867 2101 et

2255 2146 2441 2213 utique
2472 2144 2573 2199 ltos
2601 2158 2790 2197 omnes
2820 2141 3120 2196 secundum
3154 2156 3212 2194 se
3242 2141 3418 2195 bonos
3448 2156 3575 2195 esse
3618 2156 3731 2194 non
3768 2140 3866 2192 du-

2256 2237 2402 2292 bium
2434 2238 2613 2292 sitzsi
2642 2236 2995 2306 respiciamus
3045 2234 3111 2288 ad
3164 2234 3461 2289 bonitatem
3514 2233 3640 2297 Dei,
3694 2234 3865 2286 nullus

2257 2348 2442 2388 eorum
2462 2331 3107 2403 pronuntiabiturbonus,
3126 2328 3342 2383 dicente
3370 2328 3629 2391 Domino,
3650 2336 3680 2362 ι
3700 2327 3862 2380 Nemo

2259 2424 2421 2478 bonus
2449 2424 2548 2477 nisi
2582 2423 2721 2476 solus
2750 2422 2891 2475 Deus
2923 2420 3116 2493 (Marc.
3149 2419 3233 2490 x).
3265 2418 3423 2488 Cujus
3454 2420 3664 2472 intuitu
3699 2420 3861 2472 etiam

2260 2516 2361 2584 ipsi
2395 2515 2645 2583 apostoli,
2678 2513 2769 2580 qui
2796 2512 3078 2567 electionis
3111 2510 3297 2565 merito
3343 2508 3638 2563 bonitatem
3677 2523 3857 2576 gene-

2261 2608 2337 2660 ris
2370 2606 2587 2659 humani
2628 2602 2809 2657 multis
2847 2611 3203 2657 excesserant
3233 2598 3407 2665 modis,
3434 2597 3563 2650 mali
3595 2610 3732 2651 esse
3760 2595 3853 2649 di-

2262 2706 2480 2761 contur,
2516 2695 2740 2749 Domino
2770 2694 2841 2747 ita
2872 2694 2937 2747 ad
2965 2708 3061 2748 eos
3084 2694 3370 2760 loquente:
3400 2690 3456 2744 Si
3479 2705 3603 2758 ergo
3625 2704 3720 2741 vos
3738 2705 3853 2741 cum

2262 2789 2375 2841 sitis
2405 2788 2549 2850 mali,
2585 2787 2743 2839 nostis
2778 2785 2911 2839 bona
2942 2784 3066 2837 data
3098 2784 3223 2836 dare
3258 2780 3381 2851 [iliis
3419 2782 3623 2843 vestris,
3663 2790 3849 2849 quanto

2264 2881 2428 2950 magis
2457 2878 2617 2932 Pater
2644 2889 2804 2932 vester
2829 2880 2917 2947 qui
2943 2878 2995 2931 in
3025 2878 3163 2931 ralis
3193 2886 3289 2941 est,
3312 2875 3455 2928 dabit
3486 2874 3677 2928 bonum
3706 2873 3846 2943 spiri-

2265 2979 2373 3025 tum
2399 2971 2681 3041 petentibus
2706 2986 2759 3024 se
2790 2969 3006 3039 (Matth.
3036 2970 3165 3041 vit)!
3201 2968 3449 3037 Denique
3476 2967 3621 3020 sicut
3644 2964 3673 3003 δ
3702 2965 3847 3018 boni-

2265 3074 2347 3120 tas
2377 3075 2559 3120 nostra
2589 3078 2841 3133 supernae
2868 3062 3119 3117 bonitatis
3143 3062 3346 3116 intttitu
3373 3063 3428 3114 in
3450 3060 3712 3113 malitiam
3740 3074 3845 3111 ver-

2270 3159 2419 3221 titur,
2451 3159 2523 3212 ita
2550 3155 2711 3211 etiam
2735 3154 2945 3224 justitia
2966 3164 3149 3208 nostra
3166 3153 3388 3219 divinae,
3418 3152 3617 3206 collata
3640 3150 3841 3220 justitia:

581 3239 710 3291 tabis
732 3254 834 3304 eos,
859 3248 905 3291 et
928 3239 1292 3303 mutabuntur;
1314 3248 1369 3291 tu
1387 3249 1560 3292 autent
1583 3242 1717 3294 idem
1742 3244 1850 3312 ipse
1872 3260 1943 3308 es,
1966 3252 2013 3297 et
2040 3244 2163 3297 anni
2191 3227 2236 3292 C
2268 3267 2449 3321 panno
2480 3258 2825 3306 menstruam;
2874 3247 3070 3301 similis
3117 3246 3430 3314 deputatur,
3464 3246 3680 3298 dicente
3718 3243 3833 3296 Isaia

581 3331 656 3381 tui
700 3346 803 3382 non
848 3330 1081 3396 deﬁcient
1112 3327 1237 3397 (Ps.
1277 3332 1381 3398 οι).
1428 3330 1572 3399 Ergo
1611 3334 1732 3402 quia
1775 3335 1908 3387 nihil
1940 3346 2024 3389 est
2066 3352 2162 3405 per

2271 3342 2565 3413 propheta:
2590 3352 2611 3380 ο
2646 3342 2797 3397 Sicut
2826 3356 3025 3410 pannus
3049 3347 3396 3404 menstruam,
3428 3340 3680 3391 universa
3693 3338 3811 3407 justi

1639 3448 1897 3505 ALARDI
1935 3451 2163 3510 GAZIEI
2201 3455 2741 3515 COMMENTARIUS

656 3570 683 3598 ι
722 3561 823 3636 Per
862 3571 1110 3636 naturam
1158 3563 1387 3632 scilicet,
1436 3572 1494 3620 ut
1538 3568 1787 3636 superius
1831 3566 2037 3625 dictum
2085 3582 2171 3629 est

586 3630 739 3759 (Cap.
766 3634 845 3702 ⁵5).
873 3632 1005 3687 Nam
1037 3634 1206 3704 ipsius
1229 3630 1463 3691 essentia
1502 3648 1585 3692 est
1608 3630 1903 3708 'ipsissima
1933 3641 2166 3700 bonitas.

636 3704 703 3758 lia
749 3716 925 3759 autem
960 3707 1138 3759 omnia
1173 3722 1203 3759 a
1238 3706 1347 3759 Deo
1380 3708 1517 3759 bona
1566 3720 1693 3759 sunt
1736 3726 1832 3759 ner
1878 3715 2166 3759 narlininn-

636 3704 703 3758 lia
749 3716 925 3759 autem
960 3707 1203 3785 omniaha
1237 3706 1347 3785 Deo
1380 3708 1517 3785 bona
1566 3704 1693 3785 sunt
1736 3726 1832 3780 per
1878 3715 2169 3785 participa-

586 3776 823 3851 tipnem,
856 3786 914 3830 ut
935 3776 1102 3851 docet
1131 3778 1193 3831 Β.
1235 3777 1522 3847 Dionysius
1566 3776 1834 3851 Areopag.
1880 3776 1947 3838 de
1994 3776 2167 3841 Divin.

586 3844 741 3900 Num.
771 3862 889 3922 cap.
992 3865 1006 3901 :
1041 3846 1179 3900 Nam
1207 3844 1667 3922 quemadmodum,
1716 3844 1889 3922 inquit
1913 3894 1927 3921 ,
1960 3858 2040 3910 sol
2078 3859 2172 3912 iste

588 3932 689 3996 non
729 3919 1064 3996 cogitatione,
1108 3927 1193 3971 aut
1232 3918 1640 3996 electione,_sed
1687 3940 1746 3977 eo
1780 3918 2058 3996 i—pso'quod
2099 3938 2171 3982 est

588 3988 847 4067 illuminat
890 3989 1083 4067 omnia,
1121 4005 1234 4067 qua:
1272 4007 1363 4058 pro
1410 3994 1558 4044 modo
1602 4011 1695 4067 suo
1723 3988 2170 4067 participationem

590 4060 718 4111 lucis
764 4059 1077 4125 admittunt;
1123 4060 1196 4113 ita
1241 4070 1290 4115 et
1325 4078 1577 4115 summum
1620 4059 1752 4117 illud
1788 4059 1974 4119 bonum
2013 4071 2171 4122 solem

587 4146 836 4206 superans
883 4133 1015 4206 (non
1050 4146 1196 4206 secus
1219 4146 1280 4184 ac
1327 4132 1559 4206 obtusam
1595 4135 1866 4205 imaginem
1912 4140 2172 4206 primitiva

591 4201 872 4251 excellente
914 4199 1131 4275 forma),
1159 4202 1268 4271 ipsa
1316 4218 1409 4254 sua
1453 4199 1737 4256 substantia
1780 4199 2013 4260 omnibus
2058 4225 2173 4275 qua:

588 4278 853 4347 funt-Lpro
874 4281 1028 4347 captu
1047 4273 1327 4347 cujusque,
1344 4276 1496 4347 totius
1521 4275 1758 4326 bonitatis
1784 4275 1953 4346 injicit
1975 4273 2169 4332 radios.

590 4336 667 4410 I_ta
706 4336 1009 4410 Dionysius.
1047 4336 1181 4410 Vide
1213 4336 1285 4395 ibi
1315 4341 1580 4410 insignem
1624 4336 2073 4401 couune'ntarium
2108 4350 2168 4402 ι).

594 4406 816 4460 Thomas
844 4407 1148 4476 Aquinatis.

666 4476 694 4515 δ
737 4478 881 4532 Dure
904 4478 957 4532 id
981 4478 1203 4543 dictum,
1226 4488 1281 4533 et
1305 4494 1473 4548 grano
1500 4481 1628 4535 salis
1650 4482 2028 4539 condiendmn.
2054 4488 2169 4543 Non

592 4549 735 4603 enim
763 4548 961 4604 desinit
983 4564 1106 4604 esse
1130 4564 1257 4604 vera
1289 4553 1521 4618 bonitas,
1556 4562 1605 4606 et
1635 4553 1837 4620 justitia
1872 4558 1924 4610 in
1958 4557 2173 4615 homine

592 4620 844 4696 justo,_et
891 4622 1060 4696 multo
1100 4621 1277 4675 minus
1328 4620 1382 4696 in
1434 4623 1689 4696 malitiam
1736 4629 2092 4696 convertitur,
2126 4633 2168 4684 si

592 4704 729 4768 cum
764 4690 875 4768 Deo
918 4690 1260 4768 conferatur;
1290 4694 1384 4768 sed
1412 4693 1532 4768 quia
1573 4703 1717 4768 tanta
1748 4708 1830 4750 est
1874 4690 2089 4768 puritas'
2120 4710 2175 4755 et

591 4761 894 4833 sublimitas
942 4762 1199 4833 bonitatis
1245 4772 1299 4817 et
1342 4763 1570 4832 iustitiae
1614 4766 1841 4833 divinae,
1874 4761 1954 4823 ἰιι
1998 4772 2172 4827 omnis

594 4829 872 4911 hominum
900 4843 952 4911 et
978 4832 1291 4911 angelorum
1320 4829 1618 4911 bonitas‘et
1641 4829 1846 4906 justitia
1875 4841 1924 4895 ei
1954 4855 2172 4910 compa-

596 4911 705 4953 rata
762 4902 1023 4968 iniustitia
1083 4902 1295 4970 potius,
1347 4914 1403 4960 et
1450 4902 1655 4961 malitia
1704 4911 1969 4965 videatur.
2025 4902 2173 4966 Sicut

595 4972 768 5043 stella:
794 4973 1107 5027 clarissimae
1137 4985 1262 5027 sunt
1290 4975 1341 5028 in
1373 4991 1453 5043 se,
1484 4986 1660 5033 tamen
1689 4994 1872 5035 coram
1896 4982 2009 5035 sole
2037 4996 2173 5036 con-

598 5042 753 5118 tiiiuo
781 5044 1285 5118 tenehrescunt_._Et
1327 5046 1427 5100 hoc
1454 5058 1536 5101 est
1577 5051 1719 5118 quod
1768 5052 2049 5105 Psalmista
2100 5053 2173 5106 ait
2220 5054 2229 5064 '

596 5110 834 5194 (Psalm:
874 5116 1041 5184 CXLII)
1081 5132 1122 5194 ε-
1145 5114 1267 5194 Non
1296 5110 1616 5194 justiﬁcatur
1672 5122 1725 5172 in
1759 5131 2040 5194 conspectu
2088 5131 2172 5176 tuo

597 5185 760 5235 omnis
789 5185 954 5260 vivens
966 5199 986 5260 ξ
1012 5185 1368 5260 et_J_oh_._cap.
1398 5203 1452 5241 Ix
1482 5205 1493 5238 :
1535 5188 1664 5243 Vere
1693 5192 1798 5244 scio
1821 5185 1956 5259 quod
1984 5194 2056 5245 ita
2084 5194 2170 5260 sit,

597 5262 643 5305 et
668 5253 805 5328 quod
833 5271 933 5328 non
952 5254 1326 5326 justi/imbitur
1348 5260 1499 5310 homo
1523 5253 1842 5328 compositus
1871 5261 1999 5320 Deo.

672 5334 705 5404 °_
735 5322 879 5404 Satis
896 5322 1195 5404 improprie
1226 5330 1600 5404 accommodat
1630 5322 1727 5404 suo
1754 5336 2028 5404 proposito
2059 5332 2173 5387 haec

597 5395 758 5469 verba
805 5395 977 5451 Isaiae.
1017 5395 1135 5469 Non
1175 5396 1320 5451 enim
1362 5398 1598 5467 loquitur
1631 5395 1791 5455 Isaias
1832 5395 1884 5456 in
1931 5418 2045 5469 sua,
2079 5404 2173 5458 sed

598 5465 652 5522 in
682 5481 915 5543 persona
942 5467 1158 5543 populi,
1195 5482 1295 5523 nec
1334 5469 1401 5524 de
1422 5465 1689 5543 (cperihus
1720 5472 2008 5541 iustorum,
2033 5465 2177 5543 prae-

599 5537 790 5614 sertim
824 5536 1292 5605 Christianorum;
1340 5541 1433 5595 sed
1472 5536 1548 5598 de
1589 5536 1846 5612 operibus
1892 5536 2176 5614 impiorum

598 5607 931 5684 Judteorum,
966 5620 1023 5664 ut
1046 5619 1194 5684 patet
1221 5625 1286 5665 ex
1319 5620 1465 5677 textu
1488 5654 1504 5678 ,
1537 5607 1643 5669 nec
1674 5614 1743 5669 de
1772 5607 2051 5684 quibusvis
2087 5631 2180 5670 eo-

599 5680 850 5735 rumdem
870 5682 1161 5753 cperibus,
1191 5684 1344 5753 quasi
1374 5683 1553 5737 omnia
1585 5695 1769 5740 essent
1790 5680 2049 5753 "peccata,
2081 5688 2179 5742 sed

602 5758 807 5828 εεηιμιιι
850 5750 917 5828 αθ
948 5750 1340 5828 (ξρθτίδιεεῌμίε
1390 5756 1639 5828 unanimi.
1675 5750 1916 5828 justiﬁes
1961 5750 2180 5828 reputa-

601 5816 764 5887 bant;
789 5827 918 5884 puta
946 5816 1015 5877 de
1043 5820 1341 5884 sacriﬁciis,
1374 5816 1694 5892 n'eome'niis;
1742 5826 1966 5895 aliisque
2007 5816 2205 5885 me;

2275 3576 2470 3631 muniis
2501 3576 2761 3642 Judaicis,
2796 3576 2849 3630 in
2891 3576 3083 3645 quibus
3109 3574 3475 3637 conﬁdebant,
3507 3588 3642 3641 quas
3668 3588 3697 3627 e
3721 3588 3829 3645 con-

2274 3649 2441 3701 trario
2490 3648 2620 3701 dicit
2667 3644 2925 3718 pmpheta
2984 3646 3187 3700 similes
3225 3661 3346 3718 esse
3389 3661 3571 3715 panno
3624 3644 3833 3718 mulieris

2274 3715 2808 3788 menstruatquuo
2859 3717 2987 3772 nihil
3036 3717 3402 3785 immundius,
3446 3730 3514 3770 eo
3566 3715 3703 3785 quod
3742 3730 3829 3788 non

2274 3800 2420 3843 recta
2468 3785 2790 3851 intentione,
2822 3804 2925 3843 nec
2955 3790 3094 3842 sicut
3140 3789 3451 3855 oportebat,
3495 3788 3564 3838 ah
3609 3787 3713 3839 illis
3754 3785 3833 3836 tie-

2276 3870 2395 3913 rent
2416 3876 2433 3925 ;
2458 3860 2599 3913 unde
2628 3870 2681 3913 et
2705 3861 2851 3912 Isaia:
2872 3858 2999 3912 dicit
3024 3858 3283 3912 Dominus
3308 3877 3320 3910 :
3354 3856 3439 3911 Ne
3468 3857 3693 3923 offeratis
3717 3857 3831 3907 ultra

2274 3932 2583 3998 sacri/icium
2615 3930 2841 3999 frustra;
2871 3932 3130 3983 incensum
3152 3929 3465 3981 abominatio
3490 3940 3564 3981 est
3592 3926 3725 3979 mihi.
3750 3926 3830 3978 Ce-

2276 4000 2454 4054 lendas
2475 4012 2665 4054 vestras
2688 4011 2733 4056 et
2755 4000 3101 4053 solemnitates
3123 4010 3316 4054 vestras
3341 3999 3502 4051 adivit
3524 3999 3687 4050 animo
3709 4013 3825 4047 mea.

2276 4071 2359 4124 Ex
2405 4071 2486 4124 his
2516 4082 2661 4135 patet
2700 4086 2859 4140 quam
2897 4086 3002 4124 non
3042 4071 3214 4124 solum
3256 4072 3441 4139 impie,
3471 4070 3565 4123 sed
3597 4080 3645 4140 et
3676 4070 3827 4140 inepte

2275 4156 2341 4194 ex
2383 4140 2482 4194 hoc
2521 4142 2639 4194 loco
2664 4136 2918 4210 colligant
2946 4140 3238 4194 Lutherani
3264 4136 3428 4194 omne
3457 4155 3592 4207 opus
3620 4136 3827 4210 hominis

2274 4211 2593 4277 Christiani,
2625 4209 2965 4281 etiam’justi,
2994 4226 3115 4266 esse
3164 4223 3458 4280 peclatum.
3494 4210 3642 4281 Quod
3672 4210 3710 4261 si
3738 4209 3829 4260 ali-

2275 4281 2491 4349 quando
2518 4282 2681 4336 verba
2708 4283 2795 4335 illa
2820 4280 2925 4349 per
2953 4281 3507 4337 accommodatiooem
3538 4286 3602 4335 de
3625 4280 3771 4347 justis
3787 4291 3832 4333 et

2280 4366 2465 4405 eorum
2497 4353 2751 4422 operibus
2780 4353 3048 4418 dicuntur,
3082 4370 3187 4406 non
3242 4356 3313 4407 ita
3355 4352 3655 4419 accipienda
3697 4363 3831 4413 sunt,

2275 4426 2426 4491 quasi
2454 4426 2633 4475 omnia
2667 4438 2827 4490 opera
2852 4423 3126 4492 justorum
3158 4424 3267 4478 sint
3310 4422 3594 4482 immunda,
3631 4433 3683 4473 et
3715 4436 3833 4487 pec-

2277 4504 2415 4557 cata,
2450 4504 2503 4546 ut
2538 4494 2624 4547 isti
2655 4494 2962 4548 blaterones
2992 4496 3199 4557 volunt,
3235 4494 3329 4549 sed
3357 4494 3435 4545 vel
3465 4506 3525 4544 es
3555 4506 3828 4557 compara-

2276 4563 2421 4616 tione
2449 4563 2513 4616 ad
2553 4563 2789 4617 divinam
2817 4564 3103 4632 justitiam,
3133 4565 3224 4619 cui
3250 4565 3473 4619 humana
3498 4560 3694 4632 justitia
3723 4563 3832 4613 col-

2279 4632 2409 4696 lata,
2434 4649 2612 4702 panno
2641 4630 2983 4689 menstruatte
3002 4636 3194 4689 similis
3221 4635 3523 4704 deputatur,
3551 4643 3605 4685 ut
3632 4630 3717 4685 hic
3746 4649 3832 4685 cx-

2278 4705 2523 4771 ponitur;
2560 4705 2647 4759 vel
2681 4707 2802 4774 quia
2834 4705 2990 4759 bonis
3023 4707 3283 4773 operibus
3298 4703 3593 4760 miscentur
3620 4703 3831 4774 subinde

2278 4786 2438 4839 Opera
2471 4772 2715 4841 quaedam
2749 4778 2909 4840 mala,
2934 4785 2987 4828 et
3017 4772 3169 4829 multi
3197 4776 3459 4838 defectus,
3499 4784 3551 4827 et
3581 4772 3829 4843 negligen-

2279 4845 2367 4915 tia:
2397 4846 2779 4910 interveniunt,
2813 4856 3099 4915 qumsunt
3144 4854 3362 4914 peccata
3407 4844 3539 4898 levia
3582 4853 3627 4897 et
3675 4844 3830 4910 quoti-

2277 4913 2456 4975 diana,
2500 4931 2619 4983 qtue
2672 4916 2794 4967 licet
2832 4913 3058 4983 inmitia:
3104 4913 3313 4970 laudent
3359 4925 3412 4968 et
3459 4919 3697 4967 meritum
3735 4930 3827 4966 non

2278 4985 2496 5047 tollant;
2532 4987 2777 5039 minuunt
2808 4995 3015 5048 tamen,
3052 4996 3108 5041 et
3152 4985 3398 5041 nonnihil
3441 4985 3827 5047 commaculant,

2276 5064 2436 5124 atque
2464 5054 2533 5106 ita
2566 5057 2905 5124 aliquatenus
2937 5071 3112 5123 panno
3155 5064 3503 5111 menstruam!
3532 5053 3827 5107 assimilant.

2277 5123 2632 5179 Bellarminus
2656 5126 2721 5179 ad
2752 5136 3124 5194 argumentum
3157 5128 3534 5179 haereticorum
3566 5140 3624 5177 ex
3656 5127 3827 5179 eodem

2277 5194 2399 5247 loco
2429 5195 2720 5275 obiectum,
2752 5197 3043 5264 respondet
3072 5199 3123 5249 in
3153 5198 3296 5277 hunc
3327 5196 3542 5249 modum
3566 5194 3701 5317 (Lib.
3726 5212 3757 5249 ll
3778 5200 3826 5248 de

2278 5263 2546 5317 Monacltts
2575 5280 2691 5317 can.
2729 5265 2814 5317 15l
2841 5283 2853 5317 :
2885 5265 2964 5317 Ad
3006 5269 3209 5317 tertium
3237 5267 3354 5317 dico
3397 5283 3512 5317 cum
3543 5266 3567 5317 1
3596 5282 3826 5317 ieronunto

2278 5263 2546 5336 Monacliis
2575 5280 2691 5331 cap.
2729 5265 2814 5335 15)
2841 5283 2853 5319 :
2885 5265 2964 5319 Ad
3006 5269 3209 5321 tertium
3237 5267 3354 5319 diro
3397 5283 3512 5318 cum
3543 5263 3827 5336 Hieronymo

2280 5335 2487 5392 ibidem.
2544 5336 2845 5405 prop/tatam
2894 5338 3031 5405 loqui
3072 5339 3125 5390 in
3182 5352 3398 5402 persona
3446 5335 3826 5405 gravissimorum

2279 5416 2631 5477 peccatorum,
2663 5408 2751 5477 qui
2789 5409 2831 5460 si
2857 5424 2957 5477 qua
2993 5424 3147 5475 opera
3185 5407 3313 5460 bona
3360 5407 3635 5477 faciebant,
3668 5409 3824 5460 saltem

2278 5477 2565 5546 moraliter,
2608 5494 2665 5531 ea
2693 5478 3027 5549 inquinabant
3048 5478 3363 5532 admixtione
3390 5479 3658 5549 multorum
3680 5478 3823 5549 crimi-

2280 5564 2443 5620 num:
2473 5566 2564 5603 nos
2610 5547 2780 5620 autem
2823 5566 2925 5602 non
2965 5551 3026 5602 de
3058 5549 3433 5619 peccatoribus,
3468 5547 3560 5620 sed
3597 5550 3654 5601 de
3689 5548 3823 5620 justi:

2282 5619 2556 5689 loquimur,
2594 5636 2704 5673 cum
2746 5619 2969 5673 dicimus
3008 5618 3235 5674 homines
3273 5634 3424 5688 posse
3458 5618 3615 5687 legem
3652 5618 3821 5672 servare

2283 5689 2360 5757 (et
2385 5690 2461 5744 sic
2489 5705 2611 5746 esse
2639 5690 2831 5758 iustos)
2862 5702 2906 5743 et
2933 5691 3084 5744 etiam
3102 5689 3323 5760 amplius
3348 5692 3547 5758 facere;
3575 5706 3655 5744 nec
3682 5700 3821 5742 tamen

2280 5760 2600 5833 admittimus
2621 5761 2793 5833 omnia
2817 5777 2971 5833 opera
2997 5760 3272 5833 peccatoris
3299 5763 3586 5814 necessario
3610 5776 3708 5815 esse
3728 5777 3818 5829 pec-

2284 5841 2416 5885 cata.
2466 5829 2608 5887 Nam
2659 5829 3007 5889 Isaias'non'
3032 5839 3285 5898 comparat
3333 5846 3495 5896 opera
3536 5843 3817 5899 peccatorum
