3986 6188
173 355 324 418 ωε)

785 360 1124 420 εοιιΑτιο
1164 364 1350 422 XXIII.
1384 395 1452 409 --
1484 370 1570 424 DE
1613 368 1771 426 VELI

1881 368 2118 427 BONUM
2158 369 2249 426 ET
2289 369 2522 428 AGERE
2560 370 2802 428 MALUM

3311 382 3452 438 {250

167 482 267 537 tite
290 486 484 535 nostra
512 477 691 550 (Isaia:
720 479 888 551 uiv).
919 481 988 537 Et
1012 493 1070 538 nt
1096 484 1297 555 aliquid
1324 484 1502 541 adhuc
1543 486 1762 543 eviden-
1793 496 1845 554 Α
1872 489 2018 544 tione
2043 488 2318 558 justiticet,
2351 490 2536 547 dicens
2562 508 2576 545 :
2605 491 2909 561 Justiﬁcata
2935 500 3010 546 est
3038 493 3265 548 Sodoma
3293 515 3356 552 ex
3381 510 3450 556 te.

169 574 291 629 tios
313 570 635 636 inferamus,
666 579 692 607 ⁸
723 572 855 640 legis
882 588 1100 644 quoque
1131 577 1302 642 ipsius
1330 589 1598 647 pracepta
1627 579 1767 634 vita-

166 662 272 729 lia,
305 678 424 734 quae
451 663 649 718 dicitur
680 665 922 719 ordinata
956 683 1047 739 per
1075 669 1285 737 angelos
1312 669 1366 722 in
1397 686 1554 724 manu
1578 672 1771 725 media-

167 758 306 812 toris
335 754 540 825 (Gatat.
572 756 678 825 ut),
708 765 762 812 et
792 757 861 813 de
902 773 1007 828 qua
1044 759 1184 814 idem
1227 761 1537 831 Apostolus,
1587 761 1771 833 Itaque

161 846 283 912 lex,
310 847 506 916 inquit,
535 856 739 913 sancta,
765 857 812 902 et
830 849 1136 903 mandatum
1165 862 1399 904 sanctunt
1427 862 1475 906 et
1495 855 1704 924 justum
1723 861 1772 907 et

164 943 369 996 bonum
400 938 579 1010 (Rom.
613 940 736 1010 vn),
765 941 811 996 si
863 941 1183 1010 perfectioni
1233 944 1555 1014 evangelicae
1583 945 1768 1001 conle-

165 1041 390 1096 rantur,
416 1032 640 1086 minime
671 1032 808 1087 bona
837 1033 1020 1087 divino
1067 1035 1482 1103 pronuntiantur
1527 1037 1768 1103 oraculo,

110 1151 127 1183 έ
165 1123 250 1178 ait
285 1125 431 1179 enim
459 1142 471 1178 :
496 1121 565 1178 Et
584 1123 611 1161 δ
633 1124 752 1178 dedi
782 1126 851 1178 eis
878 1134 1132 1197 prwcepta
1160 1143 1262 1180 non
1282 1125 1436 1195 bona,
1470 1138 1516 1182 et
1535 1130 1771 1201 justitias

164 1214 229 1266 in
278 1215 461 1284 quibus
507 1231 610 1268 non
652 1217 816 1269 vivent
865 1217 918 1269 in
955 1218 1030 1270 eis
1079 1216 1296 1288 (Ezech.
1326 1220 1445 1290 xx).
1479 1221 1772 1289 Apostolus

167 1320 396 1374 quoque
441 1306 512 1360 ita
562 1306 687 1360 novi
735 1307 940 1362 lumine
988 1307 1320 1364 Testamenti
1363 1311 1590 1380 gloriam
1640 1313 1774 1382 legis

169 1397 418 1452 afﬁrmat
455 1398 698 1466 obtundi,
747 1407 806 1452 ut
851 1414 969 1453 eam
1020 1401 1320 1470 evangelici
1368 1405 1773 1470 comparatione

170 1488 408 1556 fulgoris
455 1505 553 1545 nec
589 1490 946 1560 gloriﬁcatam
992 1505 1114 1546 esse
1159 1494 1488 1560 pronuntiet,
1533 1494 1769 1549 dicens:

178 1591 206 1618 ο
241 1579 382 1634 Nam
422 1597 514 1635 nec
555 1581 836 1651 gloriosum
884 1591 958 1636 est
1005 1584 1059 1635 id
1107 1584 1244 1654 quod
1287 1586 1633 1656 glori/Scotum
1675 1597 1770 1655 est,

170 1682 386 1744 propter
414 1671 742 1727 excellentem
761 1674 978 1744 gloriam
1004 1674 1071 1746 (ll
1096 1673 1215 1729 Cor.
1244 1677 1350 1746 In).
1375 1674 1402 1712 ἀ
1427 1678 1598 1744 Quam
1624 1695 1774 1735 com-

172 1767 520 1836 parationem
554 1767 715 1821 etiam
750 1768 800 1821 in
827 1776 981 1837 parte
1003 1770 1300 1836 contraria,
1329 1770 1380 1823 id
1407 1779 1514 1836 est,
1554 1772 1605 1825 in
1649 1787 1773 1842 pec-

1871 579 1940 634 Et
1969 581 2162 636 iterum
2188 599 2201 634 :
2235 581 2372 646 Quid
2393 584 2529 636 enim
2557 585 2780 653 peccavit
2803 600 2948 638 soror
2969 594 3061 639 tua
3093 585 3360 641 Sodoma?
3386 590 3454 642 Et

1864 674 2169 744 justiﬁcavit
2205 676 2433 729 animam
2467 692 2612 730 suam
2645 680 2930 733 aversatrix
2958 677 3158 746 Israel,
3190 698 3461 752 compara—

1871 767 2008 820 tione
2038 769 2466 838 prtevaricatricis
2495 768 2654 825 Iudae
2681 770 2897 844 (Ezech.
2930 774 3062 846 xw).
3093 774 3172 830 Ita
3217 776 3380 846 igitur
3407 786 3462 832 et

1871 858 2248 916 universarum
2289 863 2480 916 merita
2526 863 2806 928 virtutum,
2853 880 2973 935 quae
3013 867 3263 936 superius
3306 883 3458 924 com-

1871 953 2176 1022 prehendi,
2231 970 2352 1010 cum
2403 971 2499 1026 per
2545 971 2606 1011 se
2652 956 2790 1012 bona
2836 967 2996 1029 atque
3042 963 3278 1027 pretiosa
3329 963 3457 1028 sint,

1873 1050 2051 1098 tamen
2102 1044 2361 1100 theoricae
2392 1047 2658 1101 claritatis
2705 1049 3110 1116 comparatione
3158 1051 3455 1106 fuscantur.

1873 1132 2069 1189 Multos
2095 1136 2296 1190 etenim
2341 1146 2561 1192 sanctos
2606 1140 2851 1208 quamvis
2897 1140 3158 1196 bonorum
3206 1157 3456 1210 Operum,

1871 1228 2102 1282 terrenis
2142 1237 2322 1285 tamen
2361 1231 2555 1286 studiis
2590 1241 2903 1302 occupatos,
2935 1249 2964 1286 a
2996 1235 3459 1304 contemplatione

1871 1322 2069 1376 summi
2094 1322 2247 1378 illius
2267 1323 2393 1380 boni
2427 1325 2711 1379 retrahunt
2739 1340 2800 1380 ac
2826 1329 3122 1384 retardant.

2499 1436 2724 1492 CAPUT
2762 1439 2827 1492 V.

1957 1525 2234 1582 Neminem
2255 1544 2453 1582 summa
2475 1529 2555 1582 illi
2587 1531 2715 1583 bono
2739 1532 2993 1586 intentum
3043 1550 3150 1589 esse
3169 1536 3370 1608 jugiter

2582 1618 2730 1672 posse
2748 1643 2761 1656 .

1947 1697 1970 1725 ο
2015 1687 2148 1742 Nam
2197 1689 2317 1759 quis
2346 1690 2584 1759 eripiens
2627 1691 2843 1762 inopem
2881 1694 2948 1748 de
2979 1710 3142 1750 manu
3175 1697 3460 1755 fortiorum

1873 1777 1991 1848 ejus
2020 1821 2034 1844 ,
2085 1789 2139 1834 et
2169 1796 2396 1850 egenum
2427 1793 2479 1835 et
2515 1797 2800 1852 pauperem
2831 1801 2859 1838 a
2891 1785 3268 1856 diripientibus
3292 1806 3414 1845 eum
3442 1806 3458 1856 ;

171 1869 424 1915 catorum
462 1859 672 1915 meritis
702 1861 1120 1932 compensandis
1150 1862 1427 1932 Scriptura
1454 1877 1764 1934 conservat,
1795 1882 1844 1940 Β
1870 1873 1992 1940 quis
2027 1881 2315 1928 conterens
2360 1875 2530 1928 molas
2557 1875 2861 1946 iniquorum
2887 1923 2900 1946 ,
2933 1889 2988 1933 et
3015 1880 3082 1934 de
3123 1883 3302 1936 medio
3332 1883 3464 1938 den-

175 1962 240 2005 ut
263 1965 356 2006 eos
386 1951 477 2020 qui
509 1951 678 2006 multo
721 1951 900 2006 minus
930 1952 1078 2022 impii
1127 1963 1276 2021 sunt,
1326 1954 1570 2024 pejorum
1603 1956 1774 2012 colla-

1884 1962 2013 2015 tium
2044 1978 2229 2017 eorum
2258 1964 2476 2032 rapinas
2503 1975 2855 2035 extorquens,
2889 1969 2942 2021 in
2977 1970 3094 2039 ipso
3123 1972 3466 2026 intercessio-

1249 2069 1510 2125 ALARDI
1547 2071 1778 2128 GAZASI
1814 2074 2382 2133 COMMENTARIUS.

175 2164 437 2226 sordibus,
477 2162 567 2216 sed
611 2177 780 2229 panno
817 2161 1047 2222 sordido.
1079 2161 1135 2214 in
1176 2178 1278 2232 quo
1318 2173 1438 2217 sunt
1478 2172 1649 2232 partes
1687 2169 1768 2218 ni-

179 2238 322 2298 tida,
358 2247 402 2287 et
434 2245 604 2298 partes
646 2232 931 2304 maculans.
983 2233 1106 2286 llaec
1154 2233 1290 2301 ipse,
1321 2250 1440 2304 quia
1471 2239 1534 2287 ad
1568 2236 1767 2290 intelli-

175 2307 418 2378 gentiam
449 2304 597 2378 illius
620 2303 901 2378 sententia;
920 2319 1032 2378 non
1060 2319 1244 2371 parum
1278 2303 1411 2360 lucis
1438 2306 1689 2378 alterunt.

253 2387 280 2415 α
309 2377 363 2432 Id
393 2387 496 2437 est,
525 2373 775 2446 salutaria
805 2375 1046 2446 quidem,
1075 2385 1128 2446 et
1155 2385 1362 2440 sancta,
1392 2377 1488 2430 sed
1537 2392 1641 2430 non
1670 2392 1767 2446 per

178 2464 242 2504 se
273 2448 337 2501 ad
365 2449 597 2502 salutem
636 2456 688 2500 et
721 2444 885 2516 vitam
915 2443 1152 2498 efﬁcacia
1172 2488 1187 2512 ,
1218 2447 1318 2500 nisi
1347 2448 1619 2501 mediante
1645 2443 1766 2516 gra-

177 2519 280 2574 tia.
314 2518 550 2573 Illustrat
582 2515 721 2588 hunc
751 2515 928 2568 locum
956 2516 1019 2568 D.
1062 2516 1423 2588 Hieronymus
1467 2515 1672 2572 eisdem
1711 2531 1768 2573 et

176 2591 301 2644 aliis
327 2590 547 2655 insuper
589 2586 879 2654 Scriptura:
908 2589 1190 2641 sententiis
1228 2604 1246 2640 :
1270 2586 1762 2654 Considerandum,

175 2659 429 2730 inquitlin
453 2659 532 2712 ls.
561 2674 607 2712 c.
638 2659 802 2730 Liuv),
836 2658 971 2730 quod
992 2659 1197 2729 justitia
1224 2675 1340 2726 qua:
1360 2660 1412 2710 in
1443 2657 1553 2729 lege
1576 2668 1675 2723 est,
1698 2661 1766 2712 ad

178 2728 625 2799 comparationem
659 2728 998 2799 Evangelicce’
1020 2731 1278 2796 puritatis,
1307 2728 1643 2782 immunditia
1673 2747 1768 2783 no-

179 2805 426 2856 minetur.
457 2799 666 2854 Etenim
693 2815 796 2852 non
824 2809 894 2852 est
937 2799 1283 2870 gloriﬁcatum
1313 2801 1454 2870 quod
1485 2800 1625 2869 prius
1653 2801 1764 2868 glo-

178 2873 447 2942 riﬁcatum
473 2871 593 2939 fuit,
638 2879 850 2939 propter
880 2869 1208 2926 excellentem
1233 2869 1475 2941 gloriam.
1523 2870 1671 2926 Unde
1718 2879 1766 2925 et

176 2941 481 3014 Apostolus,
502 2958 590 3014 qui
618 2942 901 3014 secundum
915 2942 1176 3010 justitiam
1193 2958 1305 3014 gnte
1328 2944 1376 2994 in
1395 2941 1506 3014 lege
1530 2954 1626 3009 est,
1653 2943 1767 2996 uni-

174 3011 328 3084 versa
354 3011 711 3084 compleverat,
745 3011 868 3063 dicit
897 3028 952 3064 se
975 3016 1144 3065 omnia
1176 3012 1388 3066 duxisse
1414 3011 1510 3082 pro
1534 3017 1726 3065 damno
1747 3058 1762 3081 ,

176 3097 238 3138 ut
261 3083 518 3139 Christum
531 3083 876 3154 lucrifaceret.
893 3090 938 3134 et
959 3095 1163 3154 propter
1180 3085 1482 3136 eminentem
1505 3084 1768 3136 scientiam

178 3156 399 3210 Domini
427 3154 584 3208 nostri
609 3152 737 3206 Jesu
762 3151 974 3215 Christi,
1005 3151 1211 3221 propter
1236 3170 1384 3222 quem
1423 3165 1605 3206 cuncta
1631 3154 1769 3207 arbi-

181 3237 357 3280 tratur
382 3226 528 3297 quasi
551 3231 799 3297 stercora,
826 3233 880 3274 ut
909 3223 1170 3297 Christum
1201 3224 1514 3297 lucrifaciat,
1551 3235 1597 3278 et
1629 3227 1768 3297 inve:

179 3300 364 3352 niatur
393 3295 492 3350 non
531 3296 717 3348 habens
748 3310 892 3347 suam
905 3295 1184 3363 justitiam.
1214 3310 1330 3364 qua:
1350 3296 1402 3346 in
1425 3295 1532 3364 lege
1560 3303 1652 3362 est,
1677 3296 1767 3348 sed

180 3383 281 3438 per
303 3368 457 3436 ﬁdem
478 3366 687 3431 Christi,
715 3380 831 3438 qua:
869 3374 942 3438 est
983 3381 1044 3418 ex
1082 3364 1191 3419 Deo
1225 3367 1435 3436 justitia
1458 3364 1500 3436 (ι
1525 3365 1642 3420 Cor.
1676 3381 1763 3431 Ill;

182 3435 394 3509 Philip.
423 3438 526 3507 tu).
559 3438 622 3509 Et
653 3435 786 3489 infra
817 3435 1076 3509 :_Siquis
1114 3435 1274 3507 igitur
1302 3447 1411 3507 post
1451 3435 1768 3509 evangelium

184 3503 407 3574 Christi,
433 3503 496 3562 et'
524 3508 796 3580 adventum
823 3503 951 3560 Filii
1128 3503 1422 3578 ptedagogte
1445 3503 1767 3580 legis'obser-

178 3591 275 3636 vat
302 3576 842 3645 cceremonias,audiat
865 3577 1112 3647 populum
1139 3576 1461 3647 conﬁtentem
1486 3576 1622 3648 quod
1654 3597 1767 3633 om-

184 3655 271 3705 nis
292 3653 384 3706 illa
405 3651 612 3723 justitia
635 3664 805 3716 panno
832 3649 1185 3723 sordidissimo
1211 3661 1555 3716 comparetur,
1588 3652 1669 3723 cui
1692 3721 1698 3723 Α
1721 3658 1770 3703 et

190 3723 380 3778 Esther
405 3719 644 3776 diadema
670 3734 850 3790 suum,
870 3719 1007 3787 quod
1054 3727 1163 3773 erat
1212 3723 1364 3790 regiae
1387 3722 1654 3789 potestatis
1682 3721 1769 3772 in-

185 3795 359 3866 signe,
405 3799 689 3866 comparat,
717 3789 852 3866 quod
881 3805 1201 3866 nequaquam
1233 3789 1510 3866 voluntate,
1567 3789 1654 3841 sed
1682 3805 1773 3842 ne-

186 3859 427 3919 cessitate
455 3864 688 3934 portabat
710 3861 882 3934 dicens
913 3874 930 3912 :
963 3859 1044 3912 Tu
1069 3861 1168 3934 scis
1210 3861 1555 3934 necessitatem
1581 3874 1768 3924 meam,

186 3937 441 4005 quoniam
456 3929 686 3987 detestor
712 3932 916 4005 signum
941 3930 1193 4005 superbiai
1220 3945 1364 4005 mete,
1410 3929 1557 4005 quod
1593 3938 1772 4005 estsu-

189 4000 286 4078 per
312 4014 466 4078 caput
503 4019 691 4064 meum,
722 4003 775 4055 in
803 4001 977 4055 diebus
1005 4002 1307 4055 ostensionis
1343 4015 1465 4053 mea:
1502 4000 1773 4078 abominor

191 4071 352 4138 illud,
377 4071 512 4129 sicut
542 4090 771 4144 pannum
797 4081 1140 4136 menstruum,
1183 4087 1275 4124 nec
1315 4078 1462 4140 porto
1500 4072 1554 4124 in
1597 4071 1772 4125 diebus

192 4148 383 4217 quietis
413 4143 556 4215 mete(
569 4143 774 4207 Esther,
793 4145 926 4212 xw).

270 4216 298 4255 ιι
327 4218 502 4271 Habes
547 4211 690 4269 hanc
733 4213 1057 4269 sententiam
1103 4212 1228 4268 alibi
1269 4211 1509 4268 nonnihil
1539 4212 1777 4282 explica-

196 4299 308 4344 tam
337 4286 547 4354 (Collat.
577 4285 668 4351 2|,
699 4301 817 4353 cap.
851 4282 960 4354 55).

276 4370 298 4397 ε
331 4355 507 4414 Verba
536 4355 778 4426 Apostoli
806 4356 858 4409 in
891 4355 1100 4426 vulgata
1127 4356 1376 4412 versione
1400 4355 1731 4426 subobscure
1758 4371 1771 4409 :

201 4429 344 4484 Nam
375 4444 467 4482 nec
497 4425 842 4499 glori/Scotum
865 4436 937 4478 est
961 4425 1156 4499 ,qnpdA
1170 4427 1357 4480 claruit
1403 4427 1458 4499 in
1505 4425 1602 4478 hac
1632 4436 1776 4494 parte

199 4510 414 4570 propter
434 4495 760 4570 excellentem
779 4497 997 4569 gloriam
1018 4495 1086 4568 (II
1102 4495 1235 4570 _Co_r:
1269 4500 1370 4564 tu).
1417 4495 1631 4570 Sensus
1651 4507 1771 4570 est:

197 4566 340 4641 quod
371 4569 576 4641 claruit,
604 4569 655 4623 id
683 4566 797 4631 est,
814 4570 896 4622 lex
921 4566 1357 4641 qumglorillcata
1385 4575 1480 4641 _est_
1525 4568 1574 4618 in
1620 4567 1776 4634 legis-

199 4635 375 4697 latore
401 4640 600 4709 Moyse,
634 4654 738 4692 non
769 4653 896 4709 vere
925 4635 1220 4704 glorilicata
1245 4644 1334 4709 est
1383 4635 1436 4690 in
1468 4635 1567 4688 hac
1596 4647 1772 4703 parte,

199 4712 258 4768 id
285 4724 385 4776 ρει,
425 4707 822 4775 comparatione
860 4708 992 4777 legis
1037 4707 1382 4777 evangelicae,
1439 4715 1656 4774 promer
1684 4721 1777 4761 ex-

202 4784 491 4852 cellentem
519 4781 636 4852 ejus
657 4780 900 4852 gloriam.

1871 2170 2180 2244 conscientia
2210 2168 2514 2244 delictorum
2553 2174 2729 2227 oculos
2774 2191 2874 2228 non
2927 2177 3148 2230 audebat
3191 2179 3461 2244 attollere,

1869 2241 2204 2315 superbientis
2231 2240 2780 2315 Phnrismicotlatione
2804 2247 2862 2313 fit
2887 2248 3104 2315 justior.
3145 2247 3212 2300 Et
3243 2240 3466 2304 Thamar

1868 2311 1962 2383 sub
1993 2314 2160 2383 specie
2180 2315 2457 2365 meretricis
2485 2313 2620 2381 fallit
2641 2311 2858 2380 Jntlam,
2887 2311 2939 2369 et
2969 2319 3129 2383 ipsius
3165 2323 3467 2374 sententiam

1868 2381 1953 2447 qui
1979 2380 2220 2454 deceptus
2248 2393 2342 2441 est.
2369 2380 2592 2454 meretur
2622 2385 2803 2437 audire
2831 2402 2851 2438 :
2881 2380 3182 2454 Justiﬁcata
3213 2397 3289 2442 est
3323 2389 3466 2443 Tha-

1869 2466 1980 2525 mar
2003 2452 2162 2519 magis
2189 2469 2346 2525 quam
2369 2469 2458 2523 ego
2491 2453 2699 2524 (Cenes.
2731 2457 2986 2525 xxxvm).
3018 2452 3103 2510 Ex
3142 2460 3326 2525 quibus
3353 2477 3466 2514 om-

1868 2519 2018 2573 nibus
2038 2519 2357 2588 approbatur
2377 2519 2481 2576 rion
2500 2519 2680 2578 solum
2714 2527 2782 2577 ad
2804 2519 3243 2592 comparationem
3274 2531 3465 2585 divinat

1871 2593 2154 2668 majestatis
2178 2591 2407 2668 homines
2438 2611 2756 2664 nequaquam
2811 2591 2925 2668 esse
2964 2605 3241 2668 perfectos,
3271 2601 3360 2653 sed
3394 2618 3460 2654 ne

1868 2661 2172 2737 angelorum
2218 2664 2423 2729 quidem
2473 2661 2520 2717 et
2551 2661 2844 2719 creterorum
2872 2661 3140 2721 hominum
3182 2661 3270 2737 qui
3302 2672 3467 2724 virtu-

1871 2739 1978 2784 tum
1999 2734 2224 2787 culmina
2253 2737 2671 2800 conscenderunt,
2706 2746 2812 2792 etc.

1945 2812 1966 2839 θ
2017 2802 2074 2855 ln
2116 2819 2335 2877 summa
2387 2824 2398 2857 :
2444 2806 2562 2876 quis
2588 2821 2849 2863 exercens
2894 2822 3058 2877 opera
3105 2812 3230 2864 vitae
3269 2812 3465 2867 activae

1869 2881 2046 2946 potest
2085 2875 2245 2930 simul
2293 2875 2488 2931 vacare
2539 2875 3026 2946 contemplationi?
3085 2881 3284 2935 Eodem
3350 2883 3464 2938 fere

1869 2944 2030 2997 modo
2057 2956 2435 3019 percunctatus
2466 2957 2548 3019 est
2577 2944 2875 3019 Germanus
2897 2950 3000 3003 col.
3036 2951 3083 3017 l,
3111 2967 3160 3005 c.
3193 2952 3294 3004 ηε
3335 2954 3465 3019 Quis

1869 3024 2031 3084 potest
2076 3015 2250 3086 fragili
2276 3033 2425 3070 carne
2465 3017 2835 3086 circumdatus,
2863 3020 2938 3071 ita
2965 3015 3076 3072 esset
3099 3023 3220 3074 huic
3251 3015 3466 3078 them-ia:

1869 3075 2296 3160 semper'aﬁixus,
2322 3098 2377 3160 ut
2406 3103 2681 3160 numquam
2702 3075 2885 3158 cogiiet
2914 3090 2978 3143 de
3005 3091 3182 3159 fratris
3213 3075 3461 3160 adventu,

1870 3154 1933 3229 de
1964 3154 2251 3211 visitatione
2281 3157 2495 3226 inﬁrmi,
2539 3154 2602 3211 de
2633 3154 2782 3229 apere
2803 3154 3082 3226 manuum,
3113 3164 3192 3216 vel
3236 3172 3370 3216 certe
3400 3154 3465 3218 de

1870 3226 2184 3299 humanitate
2228 3230 2512 3299 peregrinis
2562 3232 2640 3282 vel
2665 3226 3069 3285 advenientibus
3127 3233 3412 3287 exhibenda
3438 3237 3463 3288 .’

1875 3295 2137 3375 Postremo
2161 3295 2272 3370 quis
2302 3295 2412 3375 pen
2435 3300 2816 3375 _in_terpel_l_etur
2839 3306 3068 3375 corporis
3096 3303 3260 3372 ipsius
3285 3307 3460 3375 provi-

1869 3368 2034 3446 s_i_one,
2062 3372 2137 3446 vel
2167 3368 2322 3446 cura?
2349 3368 2450 3446 Qui
2475 3368 2642 3424 abbas
2670 3371 2845 3427 Moses
2873 3368 2944 3446 ita
2975 3368 3252 3441 resptindit
3270 3368 3462 3446 {(Cap.

1872 3440 1963 3502 15,
1995 3441 2260 3516 c_ollat._i)
2290 3457 2309 3494 :
2359 3440 2625 3496 lnhwrere
2650 3446 2857 3516 quidem
2891 3443 2999 3516 Deo
3031 3440 3238 3516 iugiter,
3275 3440 3327 3500 et
3350 3440 3468 3501 con-

1875 3511 2192 3587 templationi
2224 3511 2821 3587 ejus,‘_quemadnzodun_t
2843 3511 3039 3587 dicitis,
3056 3511 3468 3587 inseparabiliter

1873 3583 2128 3658 copulari,
2160 3583 2475 3658 impossibile
2502 3593 2575 3635 est
2611 3583 2808 3635 homini
2835 3584 2986 3636 istius
3036 3583 3213 3658 carnis
3262 3588 3469 3658 fragili-

1875 3661 1978 3704 tate
2015 3652 2352 3705 circumdato.
2403 3651 2594 3704 Verum
2626 3662 2823 3720 oportet
2867 3670 2957 3706 nos
3001 3656 3132 3706 scire
3162 3651 3466 3711 ubi—noStrm

1873 3723 2052 3774 mentis
2089 3722 2426 3772 intentionem
2455 3721 2730 3774 debeamus
2760 3721 2943 3774 habere
2993 3724 3221 3787 deﬁxam
3249 3765 3261 3784 ,
3309 3736 3354 3776 et
3397 3731 3466 3782 ad

1873 3807 2026 3858 quam
2072 3791 2460 3860 destinationem
2499 3807 2697 3860 semper
2740 3794 2926 3844 anima:
2955 3803 3146 3846 nostra:
3171 3809 3466 3852 revocemus

1873 3861 2136 3922 intuitum,
2166 3870 2271 3914 etc.
2305 3859 2473 3915 Porro
2500 3861 2564 3914 ad
2593 3859 2912 3928 ampliorem
2937 3864 3095 3929 hujus
3126 3865 3226 3917 loci
3258 3865 3464 3922 clarita-

1877 3939 1982 3984 tem
2007 3931 2310 3985 necessaria
2341 3932 2564 3984 omnino
2593 3933 2812 3986 videtur
2852 3933 2913 3986 D.
2950 3935 3173 3987 Thomas
3220 3935 3466 3992 doctrina

1876 4001 2017 4071 (2-2,
2039 4017 2091 4070 q.
2127 4001 2251 4073 182,Δ
2290 4011 2392 4073 art.
2421 4002 2509 4072 5),
2542 4018 2645 4070 qua
2671 4006 2887 4071 quaerit,
2919 4015 2968 4058 et
2999 4005 3236 4073 explicat
3285 4017 3462 4060 utrum

1875 4073 1979 4124 vita
1996 4071 2393 4145 contemplativa
2413 4071 2725 4141 impediatur
2748 4091 2837 4140 per
2863 4076 3018 4145 vitam
3040 4071 3303 4130 activam?
3319 4078 3467 4145 quod

1877 4152 1961 4198 est
2005 4141 2166 4217 hujus
2212 4142 2401 4217 capitis
2443 4153 2840 4212 argumentum.
2892 4143 3216 4213 Dicendum,
3266 4141 3464 4217 inquit,

1876 4215 2012 4286 quod
2053 4215 2158 4266 vita
2185 4214 2350 4267 activa
2396 4223 2566 4286 potest
2608 4217 2924 4268 considerari
2951 4228 3202 4286 quantum
3241 4219 3310 4271 ad
3337 4214 3464 4273 duo.

1882 4285 1995 4341 Uno
2038 4286 2191 4338 modo
2225 4292 2471 4353 quantum
2500 4284 2568 4338 ad
2614 4286 2784 4355 ipsum
2809 4284 3035 4340 studium
3080 4298 3128 4341 et
3165 4291 3468 4343 exercitium

1875 4357 2187 4411 exteriorum
2216 4357 2511 4429 actionum;
2555 4365 2601 4409 et
2621 4357 2705 4429 sic
2732 4358 3058 4426 manifestum
3089 4369 3163 4413 est
3193 4361 3330 4429 quod
3359 4365 3466 4414 vita

1877 4429 2043 4480 activa
2065 4427 2277 4501 impedit
2293 4427 2767 4501 contemplativam,
2797 4429 2850 4481 in
2878 4442 3126 4499 quantum
3151 4427 3469 4501 impossibile

1879 4509 1949 4551 est
1977 4501 2114 4567 quod
2143 4499 2329 4569 aliquis
2359 4499 2514 4552 simul
2542 4507 2818 4564 occupetur
2847 4504 2985 4552 circa
3013 4499 3288 4554 exteriores
3317 4505 3470 4554 actio-

1880 4585 1966 4621 nes
1991 4579 2036 4621 et
2062 4569 2249 4622 divina:
2269 4569 2690 4635 contemplationi
2725 4577 2884 4621 vacet.
2939 4571 3056 4622 Alio
3099 4570 3251 4622 modo
3303 4581 3469 4638 potest

1878 4639 2193 4692 considerari
2222 4641 2324 4691 vita
2349 4641 2516 4692 activa
2540 4649 2789 4708 quantum
2817 4641 2884 4691 ad
2917 4639 3035 4701 hoc,
3083 4643 3219 4708 quod
3248 4641 3467 4694 interio-

1879 4725 1959 4782 res
1985 4710 2187 4782 animai
2209 4710 2467 4782 passiones
2498 4713 2754 4782 componit
2774 4720 2823 4782 et
2854 4712 3081 4763 ordinat.
3131 4711 3194 4764 Et
3215 4723 3470 4782 quantum

1879 4779 1946 4854 ad
1974 4777 2089 4854 hoc,
2143 4777 2244 4832 vita
2274 4780 2437 4854 activa
2475 4777 2682 4854 adjuvat
2713 4781 2780 4832 ad
2804 4777 3305 4852 contemplationem,
3347 4799 3468 4854 qua:

279 4851 305 4889 ά
337 4844 887 4922 Similis'planelocus
913 4858 996 4904 est
1021 4849 1144 4904 huic
1163 4846 1509 4922 consentiens
1527 4846 1776 4922 idemque
1802 4844 1857 4907 D
1880 4850 2159 4922 impeditur
2206 4866 2293 4922 per
2350 4844 2780 4904 inordinationem
2809 4844 3107 4922 interiorum
3141 4844 3466 4922 passionum.

203 4925 510 4980 luculentus
537 4917 676 4993 apud
709 4920 1182 4993 DiHieronymnm
1228 4922 1263 4972 l.
1294 4935 1308 4972 l
1339 4917 1595 4993 adyersus
1629 4917 1769 4993 Pela-

204 4999 400 5067 gianos
425 4990 595 5070 (Capt:
611 4993 665 5062 6)
703 5009 716 5046 :
750 4990 888 5058 Quid
912 4994 1095 5070 mirum
1116 4992 1374 5070 Linquit‘,
1414 4990 1467 5070 in
1510 4991 1784 5044 collatione

208 5060 503 5122 sanctorum
524 5060 655 5118 alios
678 5079 783 5116 esse
825 5061 1076 5125 meliores,
1102 5060 1254 5115 alios
1283 5060 1574 5130 inferiores,
1611 5077 1726 5115 cunt
1755 5074 1790 5130 ς

207 5138 470 5192 contrario
502 5137 556 5189 in
585 5133 862 5188 collatione
889 5142 1208 5200 peccatorum
1232 5133 1323 5184 hoc
1338 5127 1554 5199 intelligi
1577 5133 1735 5197 possit
1756 5127 1784 5184 1

208 5211 292 5266 Ad
343 5206 674 5262 Hierusalem
718 5204 923 5264 dicitur,
966 5219 1081 5271 qua
1110 5203 1285 5255 multis
1322 5212 1642 5270 peccatorum
1673 5209 1783 5255 erat

207 5280 450 5349 confossa
470 5277 796 5332 vulneribus:
818 5271 1116 5349 usti/icatg
1137 5283 1211 5326 est
1232 5271 1457 5349 Sodoma
1482 5287 1544 5325 ex
1565 5271 1781 5349 te._ANon

207 5343 348 5424 quod
377 5351 606 5424 Sodoma
635 5361 802 5424 per-se
823 5347 969 5424 j_u_st_a
987 5343 1216 5424 sit,:quw
1234 5345 1293 5424 lin
1309 5355 1530 5424 aeternos
1545 5343 1782 5424 collapsa

207 5414 402 5477 cineres
429 5421 570 5475 audit
591 5414 678 5487 per
711 5415 1022 5468 Ezechielem
1061 5414 1101 5469 ί
1137 5414 1364 5487 Sqdoma
1411 5416 1703 5487 restituetur
1723 5415 1783 5487 in

211 5484 718 5562 antiquum_(l£xech.
746 5502 840 5562 xvi
859 5490 898 5553 ).
943 5487 1045 5562 Sed
1065 5484 1200 5562 quod
1223 5485 1607 5562 comparatione
1628 5485 1785 5562 sce_l_e-_

209 5553 419 5618 ratioris
447 5553 774 5614 Hierusalem
821 5557 926 5609 lucc
944 5553 1089 5628 justo
1116 5553 1362 5628 videatur.
1394 5553 1494 5607 Illa
1524 5558 1661 5607 enim
1690 5555 1785 5610 Dei

210 5633 410 5687 Filium
441 5629 740 5691 trucidavit;
766 5629 872 5680 htec
898 5625 1104 5694 propter
1143 5625 1521 5679 abundantiam
1559 5642 1704 5691 panis
1737 5635 1787 5680 et

213 5701 582 5772 perluxurim
610 5697 1014 5772 mggnitudinem
1039 5695 1494 5772 excessitmodum
1525 5695 1778 5772 libidinis.

216 5764 535 5826 Publicanus
566 5768 620 5821 in
649 5764 947 5837 Evangelia,
975 5767 1063 5834 qui
1084 5769 1391 5834 percutiebat
1421 5776 1592 5836 pectus
1606 5764 1784 5834 (Lacte

213 5841 396 5908 xvm),
425 5841 571 5909 quasi
618 5839 912 5896 thesaurum
959 5837 1324 5907 cogitationum
1349 5839 1709 5909 pessimarum,
1735 5847 1784 5892 et

1887 4918 2034 4993 [Inde
2078 4917 2360 4993 Gregorius
2409 4922 2530 4973 dicit
2558 4923 2611 4974 in
2648 4935 2788 4975 sexto
2839 4921 3116 4976 Moralium
3141 4917 3301 4992 '(Cap.
3327 4924 3418 4993 27)
3452 4941 3465 4978 :

1884 4990 2012 5045 Cum
2041 4990 2488 5060 contemplationis
2511 5008 2680 5045 arcem
2718 4993 2880 5057 aliqui
2931 5003 3100 5047 tenere
3145 4990 3466 5060 desiderant,

1881 5062 2047 5136 prius
2080 5079 2133 5114 se
2183 5063 2237 5136 in
2287 5078 2466 5136 campo
2508 5079 2600 5136 per
2630 5063 2924 5136 exercitium
2953 5066 3118 5136 operis
3147 5065 3381 5136 probent,
3415 5073 3470 5117 ut

1883 5132 2099 5205 sollicite
2133 5134 2317 5199 sciant,
2352 5134 2395 5186 si
2425 5133 2569 5186 nulla
2595 5137 2711 5205 jam
2743 5132 2876 5186 mula
2918 5132 3169 5200 proximis
3211 5134 3467 5202 irrogant,

1883 5203 1929 5257 si
1958 5204 2190 5270 irrogata
2227 5222 2258 5255 (ι
2289 5205 2535 5272 proximis
2562 5203 2916 5273 (equanimiter
2945 5213 3151 5270 portant
3171 5245 3186 5270 ,
3215 5207 3260 5258 si
3285 5207 3469 5259 oblatis

1884 5274 2028 5328 bonis
2055 5275 2414 5346 temporalibus
2438 5291 2761 5344 nequaquam
2789 5291 2927 5327 mens
2957 5276 3138 5346 ltetitia
3160 5274 3394 5342 solvitur,
3425 5278 3471 5329 si

1885 5344 2162 5399 subtractis
2186 5362 2288 5399 non
2310 5346 2465 5398 nimio
2495 5361 2705 5399 marore
2731 5347 3014 5398 sauciatur.
3048 5344 3120 5397 Ac
3147 5346 3334 5398 deinde
3355 5363 3472 5413 per-

1887 5416 2112 5486 pendant
2135 5418 2180 5469 si
2208 5433 2323 5469 cum
2348 5416 2414 5468 ad
2442 5417 2738 5485 semetipsos
2769 5416 3022 5468 introrsus
3047 5416 3283 5484 redeunt,
3319 5418 3371 5469 in
3411 5433 3470 5469 co

1886 5486 2021 5554 quod
2063 5487 2355 5553 spiritantia
2400 5487 2672 5551 rimantur,
2724 5501 3045 5555 nequaquam
3085 5502 3250 5539 secum
3298 5503 3472 5540 rerum

1887 5557 2248 5621 temporalium
2269 5557 2471 5610 umbras
2494 5557 2721 5614 trahant,
2747 5559 2823 5609 vel
2848 5557 3062 5627 fortasse
3085 5566 3272 5610 tractas
3313 5573 3472 5609 manu

1886 5629 2206 5682 discretionis
2224 5626 2446 5696 abigant.
2482 5627 2562 5680 Ex
2577 5627 2671 5679 hoc
2695 5643 2813 5694 ergo
2833 5626 3130 5680 exercitium
3155 5630 3270 5682 vitae
3295 5629 3472 5681 active

1885 5704 2081 5770 confert
2105 5701 2172 5750 ad
2201 5697 2823 5770 contemplativam,quod
2842 5701 3036 5768 quietat
3055 5698 3322 5770 interiores
3356 5715 3472 5765 pas-

1889 5771 2057 5824 siones
2081 5813 2096 5836 ,
2133 5785 2207 5841 ex
2241 5769 2446 5841 quibus,
2471 5770 2834 5841 phantasmata
2857 5769 3198 5841 proveniunt,
3244 5785 3335 5841 per
3360 5785 3472 5840 qua

1889 5839 2248 5909 contemplatio
2278 5840 2575 5910 impeditur.
2609 5839 2684 5896 Ita
2716 5842 2777 5897 S.
2806 5839 3064 5897 Thomas.
