3986 6188
550 372 686 446 last
1601 365 1882 441 towns
1918 364 2234 439 cassum
2269 377 2760 440 commones.
3741 381 3880 437 res:

548 506 634 562 nis
676 513 873 574 apere,
903 500 1100 557 divine
1129 497 1432 570 maiestatis
1475 497 1702 570 gloriam
1733 499 1912 569 quieta
1951 503 2131 556 mente
2156 498 2207 560 Α
2231 498 2474 566 quoniam
2503 497 2572 551 ad
2601 512 2662 552 ea
2698 509 2816 568 qtae
2839 494 2964 550 mihi
2994 511 3124 569 apus
3151 502 3303 552 erant
3337 504 3391 552 et
3422 494 3516 550 his
3553 494 3659 563 qui
3681 511 3880 552 mecm

544 597 805 668 suspiciat
833 594 1004 665 lLips.
1034 596 1090 648 in
1113 607 1280 664 marg.
1311 590 1633 665 suscipiat]?
1664 593 1793 660 Quis
1820 592 2128 648 alimoniam
2231 597 2368 654 sunt,
2402 589 2828 644 ministraverunt
2849 603 3029 644 manus
3046 589 3162 644 isne
3190 587 3405 661 (Actor.
3439 583 3581 660 xx).
3617 583 3735 643 Vel
3764 605 3874 645 cum

543 689 868 760 pauperibus
898 685 1278 742 administrans
1304 728 1319 753 ,
1371 691 1462 740 aut
1509 685 1913 741 advenientium
1943 685 2130 741 turbas
2233 682 2808 739 Thessalonicensibus
2837 682 3100 749 scribens,
3136 678 3201 736 In
3227 681 3414 736 labore
3444 691 3501 736 et
3545 682 3877 754 fatigatione

539 779 802 840 benevola
828 781 1166 836 humanitate
1195 779 1518 848 suscipiens,
1543 779 1596 834 in
1621 793 1686 835 eo
1713 780 1973 850 temporis
1994 793 2126 850 pun-
2230 787 2375 833 nocte
2397 786 2443 831 et
2474 775 2558 831 die
2595 785 2861 848 operatum
2885 792 2944 832 se
2970 777 3134 833 fuisse
3169 783 3406 832 teStatur
3427 769 3502 847 (ll
3533 773 3748 831 Thess.
3782 781 3870 847 in).

540 883 630 931 cto
655 885 764 944 quo
801 885 901 943 pro
947 872 1361 928 necessitatibus
1407 870 1632 927 fratrum
1669 872 1899 928 sollicita
1946 881 2127 928 mente
2229 868 2436 937 Quibus
2467 868 2594 926 licet
2618 884 2806 941 magna
2837 867 3014 926 eidem
3060 870 3378 924 meritorum
3427 867 3744 938 stipendia
3791 885 3872 938 pa-

541 963 886 1033 distenditur,
916 964 1335 1020 immensitatem
1366 975 1612 1034 superna
1632 963 1978 1020 beatitudinis
2003 975 2130 1036 spe-
2230 969 2502 1031 rarentur,
2551 971 2730 1019 tamen
2775 976 2930 1017 mens
2973 963 3095 1034 ejus
3139 962 3388 1033 quamvis
3433 965 3649 1016 sancta
3710 973 3870 1032 atque

541 1054 792 1122 caletur;
837 1063 892 1112 et
929 1063 1052 1111 eum
1098 1058 1380 1127 praesentis
1406 1055 1530 1112 vitae
1559 1054 1852 1126 angoribus
1875 1055 2128 1127 curisque
2231 1055 2506 1125 sublimis,
2559 1071 2665 1113 non
2711 1065 2924 1129 poterat
2972 1071 3080 1111 non
3121 1055 3189 1110 ab
3235 1053 3325 1110 illa
3355 1052 3581 1111 cmlesti
3647 1057 3866 1112 theoria

540 1147 870 1214 concutitur,
922 1147 1086 1204 futuri
1134 1147 1318 1204 saacull
1367 1157 1569 1204 statum
1600 1149 1814 1206 elevato
1841 1159 1869 1203 a
1898 1149 2128 1205 terrenis
2231 1147 2531 1205 intentione
2559 1149 2762 1205 terreni
2791 1149 2972 1219 operis
2999 1147 3287 1218 aliquando
3317 1146 3540 1204 divelli.
3597 1145 3865 1221 Denique

540 1240 807 1311 cuntagiis
835 1239 1002 1297 corde
1030 1239 1356 1312 prospiciat?
1405 1240 1560 1297 Unde
1597 1235 1787 1298 beatus
1825 1236 1991 1296 David
2036 1253 2127 1295 so-
2230 1253 2353 1296 cum
2387 1255 2446 1295 se
2478 1240 2645 1296 tantis
2670 1253 2734 1296 ac
2758 1237 2954 1295 talibus
2984 1239 3144 1294 ditari
3173 1238 3442 1294 fructibus
3470 1252 3777 1310 cerneret,
3815 1253 3860 1298 et

540 1332 651 1386 lum
684 1334 788 1388 hoc
832 1333 1033 1387 bonum
1062 1333 1264 1388 homini
1290 1345 1412 1388 esse
1441 1333 1705 1388 definiens
1727 1378 1740 1402 ,
1795 1331 1908 1387 Deo
1929 1332 2128 1402 iugiter
2231 1333 2543 1388 econtrario
2577 1331 2804 1388 theoriaa
2835 1329 3038 1388 bonum
3065 1323 3233 1387 corde
3263 1339 3553 1402 pensaret,
3609 1350 3682 1388 ac
3714 1336 3858 1390 velut

541 1423 810 1480 inhaerere
847 1423 1145 1489 desiderat,
1180 1422 1364 1478 dicens
1403 1439 1418 1476 ε
1474 1421 1610 1477 lli/ii
1646 1433 1820 1478 autem
1865 1421 2128 1477 adhwrere
2230 1421 2287 1478 in
2318 1436 2422 1479 una
2451 1421 2608 1480 lance
2637 1433 2914 1481 tantorum
2936 1423 3184 1479 laborum
3219 1424 3561 1493 profectum,
3594 1427 3655 1479 in
3691 1426 3855 1481 altera

545 1516 653 1572 Deo
697 1518 882 1572 bonum
929 1529 1027 1584 est,
1077 1533 1268 1588 ponere
1296 1518 1354 1570 in
1392 1515 1619 1572 Domino
1662 1518 1772 1572 Deo
1797 1533 1940 1590 spent
1964 1533 2129 1572 meam

541 1611 723 1688 (Psal.
758 1610 951 1682 um).
975 1611 1131 1679 Quod
1162 1611 1324 1666 etiam
1351 1610 1711 1668 Ecclesiastes
1738 1626 1769 1664 a
1797 1612 2011 1667 nemine
2038 1611 2127 1680 ju-

539 1717 746 1766 storum
772 1705 889 1762 sine
919 1701 1143 1775 querela
1164 1703 1351 1774 perfici
1373 1716 1531 1773 posse
1557 1703 1915 1774 pronuntians
1944 1721 1959 1762 :
1993 1703 2129 1769 Quia

541 1818 642 1858 non
667 1811 742 1857 est
769 1800 920 1854 homo
951 1801 1154 1872 justus,
1185 1796 1281 1865 ait,
1335 1797 1390 1851 in
1420 1805 1557 1852 terra
1593 1797 1679 1869 qui
1728 1797 1886 1867 faciat
1915 1796 2125 1861 bonum,

2229 1513 2650 1574 delectationem
2697 1515 2896 1573 divinas
2949 1515 3429 1587 contemplationis
3480 1521 3847 1588 appenderet,

2231 1609 2326 1664 diu
2382 1610 2632 1666 examine
2681 1607 2915 1680 pectoris
2971 1609 3054 1663 sui
3102 1605 3516 1679 quodammodo
3558 1613 3846 1682 castigato,

2232 1705 2260 1740 ⁸
2292 1697 2419 1757 dum
2450 1699 2598 1758 illum
2630 1703 2757 1758 hinc
2787 1699 3033 1758 laborum
3072 1701 3340 1772 stipendia
3395 1703 3682 1760 immensa
3706 1703 3847 1759 deie-

2231 1791 2562 1860 etant,illinc
2575 1793 2904 1851 desiderium
2919 1793 3138 1850 unitatis
3157 1805 3209 1851 et
3229 1793 3630 1866 inseparabilis
3643 1793 3838 1851 Christi

541 1906 590 1952 et
616 1909 719 1950 non
746 1901 918 1963 peccet
943 1890 1304 1964 (Ecclss.vu).
1337 1891 1466 1960 Quis
1495 1887 1638 1946 enim
1669 1903 1920 1958 umquam
1948 1904 2128 1960 quam-
2157 1879 2207 1951 Β
2233 1887 2464 1942 societas
2495 1887 2660 1942 etiam
2685 1887 2752 1940 ad
2781 1885 3168 1942 resolutionem
3200 1889 3384 1942 carnis
3407 1887 3633 1952 invitat,
3660 1888 3842 1942 anxius

539 1991 622 2045 vis
653 1988 958 2060 praecipuus
997 1988 1236 2042 omnium
1283 1986 1551 2056 jnstorum
1590 1994 1750 2054 atque
1794 1993 2123 2051 sanctorum,

541 2082 702 2152 hujus
727 2079 973 2150 corporis
992 2079 1224 2134 vinculis
1245 2077 1546 2146 colligatus,
1577 2089 1846 2130 summum
1897 2075 1998 2130 hoc
2033 2075 2129 2130 bo-

541 2189 670 2232 num
699 2174 772 2229 ita
803 2172 1086 2244 possidere
1114 2171 1353 2241 potuisse
1378 2169 1683 2225 credendus
1711 2178 1794 2226 est
1814 2214 1830 2240 ,
1881 2177 1942 2224 ut
1970 2185 2127 2224 num-

540 2283 702 2342 quam
729 2283 758 2324 a
789 2267 972 2324 divina
997 2261 1452 2334 contemplatione
1494 2263 1777 2319 discedens
1800 2305 1815 2330 ,
1849 2276 1918 2318 ne
1963 2277 2128 2335 parvo

541 2361 756 2434 quidem
789 2371 1032 2431 tempore
1052 2359 1120 2414 ab
1146 2371 1212 2412 eo
1240 2356 1331 2428 qui
1359 2355 1510 2414 solus
1536 2355 1715 2411 bonus
1740 2363 1853 2426 est,
1901 2355 2132 2411 terrenis

540 2454 963 2526 cogitationibus
992 2459 1208 2522 putetur
1229 2449 1496 2516 allectus;
1530 2451 1619 2520 qui
1651 2462 1946 2518 numquam
1963 2448 2129 2502 ullam

541 2549 669 2618 cibi,
713 2548 873 2604 ullam
900 2545 1224 2613 indumenti,
1257 2545 1553 2600 aliarumve
1604 2541 1902 2598 carnalium
1950 2555 2128 2595 rerum

541 2639 771 2711 gesserit
795 2653 983 2694 curam
1027 2655 1043 2694 :
1092 2651 1384 2705 numquam
1408 2635 1478 2690 de
1508 2635 1735 2690 fratrum
1764 2636 2130 2703 susceptione,

543 2732 611 2787 de
642 2730 746 2786 loci
779 2729 1224 2792 commutatione,
1274 2727 1343 2782 de
1367 2725 1578 2782 cellulas
1607 2727 1906 2782 structione
1931 2727 2136 2783 soliici«

541 2831 652 2891 tus,
677 2830 944 2892 autOpem
969 2819 1203 2892 aliquam
1225 2818 1442 2873 humani
1461 2819 1792 2890 concupierit
1808 2817 2133 2889 adiumenti,

544 2925 641 2974 aut
665 2913 864 2986 inopia:
893 2907 1179 2970 sterilitate
1208 2921 1436 2968 vexatus
1465 2910 1615 2967 illam
1664 2911 1990 2967 sententiam
2022 2911 2132 2966 Do-

542 3010 753 3068 minicm
775 3007 1159 3078 increpationis
1188 3006 1510 3062 incurrerit:
1536 3005 1622 3061 Ne
1639 3005 1858 3062 solliciti
1875 3007 1988 3060 sitis
2014 3007 2135 3060 ani-

544 3119 642 3162 ma:
665 3107 847 3160 vestrm
872 3103 999 3176 quid
1021 3101 1361 3172 manducetis,
1387 3115 1555 3171 neque
1592 3103 1796 3174 corpori
1824 3109 1989 3156 vestro
2011 3101 2136 3172 quid

544 3199 842 3254 induamini
873 3195 1091 3268 (Matth.
1127 3195 1244 3266 vi)?
1271 3195 1520 3262 Denique
1543 3195 1719 3264 ipsum
1746 3196 1895 3250 illum
1919 3204 2136 3266 aposto-

2232 1978 2446 2035 tandem
2501 1979 2796 2049 proclamat
2840 1988 2895 2035 et
2937 1979 3067 2036 dicit
3099 1999 3111 2033 ε
3139 1979 3166 2018 δ
3205 1977 3347 2048 Quid
3394 1981 3593 2053 eligam
3636 1984 3837 2052 ignoro,

2229 2081 2465 2130 comlor
2491 2084 2665 2130 autem
2702 2091 2730 2130 e
2757 2075 2954 2130 duobus
2979 2117 2994 2142 ,
3033 2076 3350 2131 desiderium
3397 2077 3595 2130 habens
3625 2076 3838 2130 dissolvi

2232 2177 2422 2222 etcum
2452 2167 2662 2224 Christo
2711 2179 2840 2234 esse,
2885 2168 3050 2222 multo
3092 2170 3226 2223 enim
3270 2169 3496 2235 melius;
3535 2179 3842 2241 permanere

2232 2272 2404 2317 autem
2434 2265 2486 2318 in
2512 2277 2667 2318 carne
2705 2263 3051 2322 necessarium
3079 2264 3246 2334 magis
3295 2273 3510 2334 propter
3555 2281 3650 2318 vos
3681 2251 3842 2336 (Phi-

2234 2355 2328 2428 hp'
2348 2354 2412 2428 ¹)’
2852 2424 3082 2482 CAPUT
3110 2425 3198 2483 Vl.

2332 2519 2660 2591 Quantopere
2679 2520 2958 2592 Apostolus
2982 2521 3208 2591 fratrum
3234 2520 3437 2575 ntalem
3459 2520 3707 2573 αἰτίη-ΙΙ.

2307 2631 2438 2690 Cum
2471 2635 2634 2705 igitur
2653 2635 2838 2692 multis
2867 2636 3045 2692 modis
3075 2636 3207 2692 boni
3235 2636 3382 2705 huius
3411 2636 3832 2706 excellentiam,

2236 2728 2442 2784 cunctis
2479 2731 2638 2785 etiam
2667 2730 3072 2800 pradicationis
3103 2743 3216 2786 sum
3261 2731 3523 2786 ﬂuctibus
3556 2735 3836 2802 pratuliso

2239 2829 2346 2889 set,
2383 2831 2559 2877 tamen
2589 2823 2894 2892 charitatis,
2921 2821 3039 2879 sine
3068 2839 3169 2893 qua
3201 2838 3358 2879 nemo
3385 2823 3680 2880 Dominum
3714 2839 3831 2896 pro-

2238 2924 2479 2971 meretur
2501 2956 2516 2982 ,
2569 2917 3034 2986 contemplatione
3061 2916 3408 2973 submittitur
3438 2935 3455 2970 :
3508 2933 3578 2973 ac
3622 2929 3832 2989 propter

2237 3009 2363 3066 illos
2412 3011 2610 3084 quibus
2656 3011 2834 3067 adhuc
2880 3014 2983 3076 lac,
3013 3013 3162 3067 velut
3211 3011 3487 3068 nutricula
3515 3053 3534 3077 ,
3587 3013 3831 3068 uberibus

2245 3106 2572 3177 evangelicis
2597 3104 2968 3176 immulgebat,
3007 3115 3029 3144 ε
3062 3104 3422 3162 divulsionem
3455 3103 3727 3161 aCbristo
3744 3102 3832 3158 sibi

2239 3198 2458 3269 quidem
2491 3199 2725 3262 noxiam,
2774 3199 2868 3252 scd
2902 3199 3120 3254 caeteris
3151 3201 3526 3255 necessariam
3559 3215 3670 3254 non
3697 3213 3832 3254 recu-

545 3292 655 3347 lum
685 3292 906 3346 Paulum
931 3327 946 3353 ,
1000 3290 1090 3358 qui
1121 3288 1363 3342 omnium
1391 3297 1700 3344 sanctorum
1737 3289 1978 3344 laborem
2009 3301 2134 3359 pas-
2161 3279 2209 3344 C
2241 3299 2345 3347 sat.
2399 3291 2610 3345 Etenim
2639 3290 2707 3346 ad
2736 3291 3058 3346 electionem
3091 3293 3252 3362 hujus
3278 3291 3724 3363 potissimumrei
3750 3291 3830 3346 illa

544 3383 758 3439 sionum
787 3380 1180 3436 numerositate
1208 3377 1638 3448 transcenderat,
1663 3396 1998 3454 nequaquam
2031 3384 2133 3442 hoc

546 3474 771 3544 implere
797 3471 1041 3544 potuisse
1068 3470 1406 3527 confidenter
1434 3469 1749 3541 astruimus,
1780 3473 1897 3544 ipso
1916 3476 1972 3532 in
1990 3476 2138 3532 Acti-

549 3567 648 3625 bus
676 3567 1060 3639 Apostolorum
1107 3565 1391 3637 discipulis
1432 3574 1721 3624 attestante
1769 3587 1782 3621 :
1833 3567 1946 3642 Ipsi
1994 3574 2137 3627 scitis

2242 3387 2410 3443 nimia
2441 3385 2658 3457 pietatis
2683 3386 2882 3441 virtute
2909 3383 3269 3458 cumpeliitur,
3327 3401 3434 3458 qua
3464 3403 3568 3457 pro
3598 3389 3628 3434 ι
3674 3387 3829 3442 salute

2249 3481 2476 3538 fratrum
2528 3494 2777 3548 suorum,
2806 3480 2853 3536 si
2895 3491 3038 3536 esset
3069 3481 3348 3551 possibile,
3372 3483 3547 3538 etiam
3601 3477 3825 3537 ultimum

2247 3575 2608 3632 anathematis
2655 3575 2857 3630 malum
2917 3581 3161 3645 optasset
3223 3575 3532 3632 incurrere.
3601 3575 3822 3646 Optem

1620 3727 1878 3784 ALARDI
1915 3730 2152 3790 GAZAEI
2193 3731 2758 3793 COMMENTARIUS.

621 3856 648 3885 ι
689 3845 918 3917 Pulchre
948 3843 1075 3900 huic
1119 3844 1526 3917 loeo_quadrat
1553 3843 1676 3917 (haec
1712 3845 1790 3917 (D.
1852 3848 2138 3917 Augustini

546 3919 808 3973 sententia
835 3916 974 3987 (Lib.
1003 3932 1114 3977 XIX,
1147 3918 1209 3969 de
1237 3913 1388 3970 Civil.
1429 3932 1477 3968 c.
1510 3913 1636 3985 19):
1686 3916 1861 3970 Otium
1905 3913 2139 3975 sanctum

2241 3858 2482 3906 vestrum
2506 3856 2560 3902 et
2588 3848 2840 3917 gaudium
2870 3847 3015 3903 ﬁdei.

2319 3932 2341 3959 ε
2377 3921 2511 3986 Quia
2538 3923 2705 3991 multo
2749 3920 2958 3982 melius,
2989 3919 3163 3986 inquit
3195 3918 3271 3990 (id
3299 3929 3384 3991 est
3405 3965 3422 3988 ,
3449 3921 3738 3991 jucundius
3781 3931 3822 3975 et

545 3990 728 4071 quaerit
750 3989 972 4071 Charitas
1000 3989 1247 4071 ueritatis,
1283 3988 1540 4068 negotium
1570 3990 2011 4071 jttslttmususcjpt't
2052 4009 2142 4071 ηρ·
2241 3992 2532 4061 optabilius
2561 3990 2718 4071 mihi)
2761 3991 2973 4045 dissolvi
3002 4000 3052 4045 et
3076 4007 3183 4071 esse
3209 3988 3325 4045 cum
3351 3988 3569 4047 Christo
3593 4010 3822 4071 {persia-

545 4057 755 4116 cessitas
783 4060 1073 4115 charitatis.
1106 4057 1310 4132 (Quam
1333 4059 1591 4132 sarcinam
1625 4059 1667 4112 si
1695 4060 1872 4112 nullus
1899 4057 2137 4132 imponit,

546 4133 882 4204 percipienda
907 4140 1056 4204 atque
1095 4129 1665 4204 intuendwiuacandum
1693 4139 1766 4182 est
1790 4129 2016 4204 _veritali.
2074 4135 2135 4188 Si

546 4199 719 4257 autem
745 4199 1053 4271 imponitur,
1077 4202 1403 4268 suscipienda
1431 4208 1504 4252 est
1527 4209 1732 4271 prapter
1753 4199 2020 4271 charitatis
2043 4220 2138 4254 ne-

547 4268 850 4327 cessitatem.
876 4271 983 4327 Sed
1011 4287 1102 4324 nec
1116 4273 1186 4323 sic
1217 4273 1421 4324 omnino
1443 4268 1672 4323 ueritatis
1697 4268 1970 4324 delectatio
1997 4273 2140 4327 dese-

545 4342 708 4395 renda
731 4352 825 4406 est,
851 4357 914 4394 ne
935 4342 1270 4394 subtrahetur
1288 4342 1380 4395 illa
1403 4341 1649 4409 suauitas,
1672 4349 1720 4392 et
1747 4343 2010 4409 opprimat
2039 4345 2140 4397 ista

545 4412 840 4466 necessitas.
874 4412 1002 4482 Haec
1030 4408 1764 4482 Augustinus(VﬁideS.Thﬁo.
1784 4408 1915 4479 2-2,
1940 4431 1988 4482 q.
2012 4416 2138 4482 182,

547 4492 650 4536 art.
681 4482 757 4553 1).
795 4481 996 4553 Eodem
1025 4491 1235 4551 spectat
1263 4481 1488 4553 insignis
1511 4490 1688 4535 textus
1706 4481 2003 4539 Innocentii
2033 4497 2141 4539 ter-

549 4556 609 4609 tii
642 4556 695 4609 in
719 4551 853 4610 iure
891 4552 1164 4610 Cauonico
1197 4554 1280 4608 his
1310 4551 1492 4606 Verbis
1515 4567 1805 4622 expressus
1846 4554 2048 4621 (Extra
2079 4558 2141 4611 de

546 4625 801 4698 Regular.
825 4643 943 4698 cap.
975 4625 1145 4696 Licet)
1171 4642 1184 4678 :
1211 4625 1317 4698 lla
1342 4623 1749 4698 seintperiregiula
1775 4627 2140 4682 inviolabiliter

546 4697 859 4766 observetur,
885 4696 940 4751 ut
970 4699 1147 4751 nullus
1167 4697 1357 4766 absque
1384 4696 1589 4750 licentia

547 4779 826 4840 prce-sumat
865 4770 1133 4823 occasione
1177 4783 1495 4840 quacumque
1520 4768 1748 4822 deserere
1793 4768 2136 4840 pustulatum

548 4842 626 4912 (-id
655 4849 760 4900 est.
804 4841 1244 4909 episcOpatum);
1288 4840 1532 4909 quoniam
1568 4840 1698 4913 sicut
1724 4845 1896 4913 majus
1939 4843 2133 4896 bonum

546 4915 731 4966 minori
754 4912 884 4966 bona
909 4913 1250 4983 praponitur,
1281 4913 1355 4964 ita
1376 4912 1656 4964 communis
1704 4912 1902 4966 utilitas
1923 4915 2136 4981 speciali

546 4984 760 5038 utilitati
809 4984 1098 5055 prrefertur.
1145 4982 1212 5036 Et
1243 4985 1295 5036 in
1334 4985 1435 5056 illoc
1467 4999 1589 5036 casu
1638 4992 1770 5056 recte
1816 4987 2136 5056 prteponitur

2239 4079 2362 4116 nere
2389 4072 2561 4116 autem
2589 4064 2643 4115 in
2672 4078 2845 4127 carne,
2876 4063 3216 4117 necessarium
3246 4075 3466 4132 propter
3497 4081 3586 4118 ros
3615 4064 3817 4133 (Philip.

2244 4135 2308 4206 1).
2342 4133 2432 4206 Est
2459 4144 2632 4186 autem
2649 4135 2774 4206 jure
2796 4133 3140 4206 admirandus
3169 4133 3371 4188 divinus
3404 4135 3722 4206 Αροιιοιιη(
3753 4136 3818 4187 ait

2245 4153 2308 4199 1).
2342 4153 2431 4186 δεῖ
2459 4153 2632 4186 autem
2685 4153 2774 4186 ure
2796 4153 3140 4188 aamtranaus
3169 4153 3371 4188 αιυηιεη
3404 4153 3722 4206 Αρωιοηιε(
3753 4153 3818 4187 ιιι

2245 4153 2678 4274 Theudor-elusi
2710 4205 2848 4272 quod
2895 4206 3052 4258 vitam
3101 4221 3218 4258 cum
3266 4206 3452 4272 multis
3499 4206 3752 4258 laboribus
3781 4214 3823 4257 ct

2247 4276 2491 4398 periculis
2543 4278 2876 4345 conjunclam
2905 4276 3172 4329 hominum
3215 4276 3401 4329 salutis
3444 4291 3609 4330 causa
3654 4287 3826 4346 praetu-

2272 4357 2384 4398 ml.

2272 4357 2384 4399 erit.

2314 4417 2343 4454 ά
2374 4417 2645 4472 Praeterea
2673 4432 2792 4486 quas
2821 4416 2948 4470 alibi
2977 4416 3036 4470 in
3067 4416 3208 4472 hanc
3238 4416 3474 4486 Apostoii
3499 4419 3826 4470 sententiam

2243 4490 2560 4555 scripsimus
2584 4485 2803 4557 (Collat.
2821 4487 2874 4554 9,
2899 4501 3016 4556 cap.
3051 4488 3163 4557 18),
3185 4485 3469 4542 mirandum
3493 4501 3560 4539 ex
3583 4487 3645 4540 Β.
3685 4487 3825 4540 Tiso-

2245 4575 2328 4630 ma
2357 4561 2500 4629 (212,
2525 4575 2575 4628 q.
2612 4560 2737 4623 182,
2765 4569 2865 4613 art.
2886 4558 2942 4630 2)
2963 4563 3126 4614 vitam
3149 4557 3609 4630 contemplativsm
3632 4571 3826 4612 secun-

2219 4629 2373 4684 .dum
2402 4645 2464 4685 se
2491 4642 2543 4684 et
2564 4630 2882 4696 simpliciter
2908 4629 3028 4686 esse
3051 4630 3276 4700 majoris
3301 4629 3666 4700 meritiquam
3693 4631 3829 4684 acti-

1672 4702 1842 4751 ωηιηὲ
1877 4701 2138 4770 pontiﬁcis
2165 4702 2220 4764 D
2245 4717 2386 4757 vam.
2437 4701 2593 4756 Unde
2642 4700 2931 4767 Gregorius
2984 4699 3178 4756 liomiL
3207 4705 3242 4758 5
3279 4716 3444 4768 super
3486 4699 3826 4756 Erechielem

2244 4774 2375 4828 dicit
2417 4790 2431 4826 :
2467 4772 2876 4840 Contempla2iva
2931 4781 3002 4826 est
3031 4775 3202 4842 major
3238 4775 3420 4827 merito
3445 4787 3602 4843 quam
3630 4773 3830 4826 actito:

2245 4847 2368 4914 quia
2397 4845 2504 4896 hac
2549 4843 2604 4895 in
2652 4859 2752 4896 usu
2799 4845 3066 4914 prmsentis
3095 4845 3266 4914 aperis
3291 4844 3512 4904 laborat,
3542 4845 3599 4896 in
3624 4857 3722 4912 quo
3747 4861 3827 4897 ne-

2246 4913 2382 4969 cesse
2413 4922 2484 4967 est
2521 4914 2776 4981 proximis
2805 4913 3103 4977 subvenire;
3129 4913 3233 4969 illa
3261 4927 3382 4970 vero
3428 4931 3616 4980 sapore
3661 4916 3826 4967 intima

2247 4996 2513 5039 uenturam
2533 4987 2648 5056 jam
2693 4986 2915 5057 requiem
2941 4984 3202 5057 degustat,
3249 4986 3465 5039 scilicet
3518 4985 3574 5040 in
3600 4997 3828 5040 euntem-

549 5056 788 5110 eloctrina
810 5052 1041 5122 silentio,
1083 5054 1377 5110 sollicitudo
1414 5052 1875 5123 contemplationi,
1903 5052 1951 5109 et
1988 5057 2136 5110 labor
2205 5058 2487 5126 oplatiouc
2521 5052 2636 5109 Dei.
2689 5056 2871 5126 Potest
2910 5052 3085 5109 tamen
3116 5057 3430 5123 contingere
3456 5057 3601 5124 quod
3648 5057 3826 5123 aliquis

545 5129 724 5198 quieti.
755 5128 836 5181 Ad
878 5129 1015 5198 quod
1056 5131 1232 5197 utique
1272 5125 1649 5198 designandum
1700 5127 1996 5194 unigenitus
2039 5127 2136 5180 Dei

549 5197 690 5268 ﬁlius
712 5199 866 5253 Jesus
893 5197 1129 5253 Christus
1147 5214 1250 5252 non
1278 5198 1341 5251 de
1362 5197 1591 5250 Ruclsele
1623 5199 1902 5250 secundum
1931 5214 2140 5251 carnem

2249 5125 2301 5182 in
2329 5127 2584 5196 operibus
2609 5127 2736 5180 vitae
2763 5125 2950 5180 activa
2979 5127 3103 5195 plus
3131 5137 3405 5181 mereatur
3432 5134 3596 5194 quam
3625 5129 3760 5182 alius
3780 5130 3825 5180 in

2248 5201 2502 5267 operibus
2516 5197 3084 5266 vitmcoutemplativae
3101 5216 3112 5248 :
3132 5207 3252 5264 puta
3267 5199 3308 5250 si
3327 5197 3828 5266 propter-inundan-

549 5280 701 5324 natus
724 5281 822 5337 est,
843 5269 931 5324 sed
952 5271 1016 5342 de
1040 5268 1138 5323 Lia
1162 5269 1372 5342 (Gates.
1401 5270 1553 5342 uix)
1580 5284 1601 5342 ;_
1613 5281 1709 5342 nec
1732 5268 1919 5342 legitur
1943 5287 2063 5342 eum
2089 5269 2144 5342 in
2246 5272 2376 5324 tiam
2394 5269 2878 5342 divinismoris,u_t
2893 5269 3006 5338 ejus
3031 5271 3276 5342 voluntas
3294 5269 3605 5342 impleatur,
3625 5281 3829 5342 propter

551 5342 758 5413 domum
783 5357 929 5413 suam
958 5339 1129 5395 Maria
1155 5337 1430 5412 recepisse,
1459 5339 1550 5392 sed
1575 5337 1790 5393 Martha
1823 5339 2042 5413 (Matth.
2073 5341 2136 5412 ι).

548 5412 678 5468 Ilaec
712 5412 964 5478 pontifex.

621 5484 649 5524 δ
673 5485 728 5539 ld
749 5494 852 5550 est,
877 5483 1097 5554 ancipiti
1127 5482 1400 5539 desiderio
1445 5482 1716 5549 utrimque
1756 5481 2050 5553 impellor;
2084 5492 2140 5539 et

551 5565 731 5612 utrum
758 5557 826 5612 de
847 5556 1056 5612 duobus
1087 5555 1295 5621 malim,
1343 5555 1556 5623 ignem,
1599 5569 1705 5608 una
1759 5569 1825 5610 ex
1857 5564 2008 5623 parte
2037 5569 2137 5609 cu-

554 5631 706 5697 piens
734 5639 834 5697 per
859 5639 1084 5683 mortem
1115 5627 1337 5681 dissolvi
1360 5634 1416 5679 et
1442 5641 1564 5681 esse
1583 5640 1705 5697 cum
1725 5626 1969 5691 Christo,
1993 5626 2137 5696 quod

554 5696 625 5769 (si
657 5696 776 5752 mea
825 5708 1029 5754 tantum
1057 5698 1342 5753 commode
1367 5696 1630 5769 spectem)
1659 5700 1832 5753 multo
1859 5699 1990 5752 mihi
2022 5712 2136 5751 me-

554 5766 658 5821 lius
684 5778 801 5832 est;
851 5770 958 5824 alia
983 5778 1160 5822 autem
1189 5781 1256 5823 ex
1304 5781 1479 5837 parte,
1527 5766 1854 5837 permanere
1887 5770 1940 5824 in
1973 5784 2135 5824 carne

557 5839 921 5910 necessarium
946 5845 1168 5910 propter
1193 5851 1313 5904 vos,
1357 5838 1413 5910 id
1441 5847 1545 5903 est,
1590 5839 1851 5910 vitsmiet
1895 5854 2136 5910 praesen—

551 5907 690 5963 tiam
722 5915 900 5962 meam
924 5908 1079 5963 vobis
1104 5908 1462 5971 necessariam
1512 5915 1664 5975 puto,
1714 5909 1781 5962 ad
1831 5909 2131 5978 profectum

2245 5343 2416 5410 ipsius
2437 5341 2666 5411 gloriam
2698 5339 2966 5395 interdum
2998 5341 3230 5394 sustinet
3265 5356 3292 5392 a
3315 5339 3614 5396 dulcedine
3649 5339 3827 5394 divina

2242 5414 2726 5498 contemplatio-nis
2755 5412 2821 5467 ad
2847 5421 3060 5498 tempus
3097 5414 3337 5498 separari
3369 5429 3384 5476 ;
3434 5412 3584 5494 sicut
3612 5415 3828 5498 Aposto—

2244 5485 2329 5539 lus
2351 5486 2561 5540 dicebat
2587 5485 2654 5540 ad
2683 5487 2839 5539 Rom.
2864 5499 2917 5537 rx
2948 5501 2960 5534 :
3006 5482 3262 5554 Optabam
3295 5498 3393 5555 ego
3429 5483 3544 5553 ipse
3568 5485 3826 5536 aristaeus

2245 5572 2356 5610 esse
2402 5573 2434 5609 a
2480 5557 2684 5612 Christo
2729 5569 2822 5626 pro
2873 5555 3124 5622 fratribus
3167 5555 3311 5608 meis.
3361 5553 3522 5626 Quod
3568 5567 3825 5623 exponens

2240 5627 2665 5706 Chrysostomus
2690 5625 2743 5682 in
2767 5627 2863 5681 lib.
2878 5629 2958 5706 ,σε
2977 5626 3426 5706 Compnnetione,
3449 5625 3742 5706 dici”
3759 5629 3822 5692 t):

2245 5697 2335 5753 Ita
2360 5694 2539 5753 'tatam
2586 5709 2805 5753 mentem
2842 5697 2953 5766 ejus
2996 5697 3308 5750 demerserat
3354 5712 3502 5766 auter
3532 5694 3754 5760 cavisti,
3783 5707 3824 5748 ιιι

2241 5771 2400 5823 etiam
2425 5772 2563 5840 quod
2593 5772 2638 5826 ei
2669 5781 2776 5842 pro
2805 5765 3007 5822 steteris
3025 5767 3262 5821 omnibus
3282 5765 3569 5820 amabilius
3591 5775 3826 5832 crinem

2243 5851 2360 5893 eum
2381 5841 2608 5907 Christo,
2630 5856 2810 5897 rursus
2835 5839 3084 5910 idipstun,
3117 5839 3239 5908 quis
3261 5839 3340 5891 in
3367 5838 3600 5908 plices-et
3616 5837 3820 5904 Christe,

2243 5853 2360 5893 eum
2381 5853 2608 5907 Christo,
2630 5856 2810 5897 rursus
2835 5853 3084 5908 torpeant,
3117 5853 3239 5908 quis
3261 5853 3340 5891 tu
3367 5853 3600 5908 placeret
3616 5853 3820 5904 unm,

2243 5919 2608 5966 contemneret.
