3986 6188
573 295 721 356 1255
1640 282 1925 344 JOANNIS
1962 278 2279 341 CASSIANI
2314 271 2804 336 COLLATIONES.
3801 259 3906 317 ηδε

573 429 695 471 cum
724 406 944 467 sublimi
975 404 1183 463 homini
1214 417 1327 461 non
1368 400 1545 458 dicam
1591 416 1690 471 pro
1734 402 1842 453 vita
1884 415 1948 454 ac
1990 399 2168 455 salute
2204 406 2241 458 Λ
2276 391 2621 465 cogitationis
2672 384 2942 458 improbae
2987 380 3291 440 vanitatem
3340 383 3596 435 secutus
3646 373 3907 471 [βόεια

572 515 754 562 nostra
779 546 794 571 ,
827 504 921 559 sed
953 501 1116 558 etiam
1152 514 1247 570 pro
1280 496 1510 567 alicujus
1540 495 1677 550 lucri
1709 492 1997 549 commodo
2036 507 2167 562 sup.
2274 506 2437 561 marg.
2481 483 2827 556 cogitationis
2870 479 3129 551 improbae
3170 477 3431 571 vanitate
3476 469 3782 571 securus]
3818 471 3905 525 ab-

574 599 870 671 plicamus,
898 603 1065 650 totam
1099 565 1305 647 inveum
1335 598 1391 645 et
1416 565 1613 644 mentis
1639 597 1690 643 et
1720 586 1965 657 corporis
1996 587 2167 640 aciem
2270 582 2546 640 scesserit.
2578 578 2663 634 llli
2691 585 2871 632 autem
2905 574 2997 643 qui
3027 573 3217 629 oculos
3247 568 3445 625 cordis
3475 565 3571 671 sui
3606 573 3897 634 contegus:
3936 565 3937 595 ’

575 659 908 762 derigentes,
940 686 1009 742 de
1039 693 1173 739 nutu
1203 683 1322 752 ejus
1352 680 1560 751 trepida
1591 678 2005 749 exspectatione
2037 692 2166 748 pen-
2270 689 2456 734 crasso
2486 671 2765 728 velamine
2810 668 3064 723 vitiorum
3087 706 3102 732 ,
3142 678 3210 721 ac
3230 705 3247 731 ,
3291 659 3634 762 secundum
3688 671 3899 762 sentes-

577 751 799 849 denius,
832 751 941 836 non
972 751 1319 833 mediocriter
1345 773 1740 840 formidantes,
1774 787 1842 826 ne
1864 769 2006 842 quod
2033 770 2173 824 forte
2276 768 2403 822 tiam
2451 763 2790 828 Salvatoris,
2842 759 3067 814 videntes
3108 755 3475 849 nonquident,
3523 762 3585 807 et
3632 751 3899 849 audiens;

579 846 822 946 ineptum
855 882 948 929 aut
978 875 1337 941 incongruum
1366 869 1588 925 verbum
1617 865 2045 922 misericordiam
2078 878 2174 917 au—
2277 876 2378 914 non
2404 858 2656 921 audiunt,
2688 870 2849 925 neque
2889 849 3187 923 intelligunt
3208 846 3461 946 blatta.
3498 862 3623 901 xm
3646 846 3670 917 )
3695 887 3712 910 ,
3747 846 3835 898 vis
3865 847 3903 898 ia

580 940 779 1024 dientis
826 972 1073 1031 avertat;
1122 940 1232 1018 tum
1283 961 1479 1017 deinde
1524 960 1569 1014 si
1616 958 1770 1013 nobis
1816 958 1868 1011 in
1919 956 2038 1010 foro
2082 961 2175 1008 aut
2276 950 2588 1007 recessibus
2618 946 2850 1019 pectoris
2882 943 2970 999 sui
3000 943 3165 999 etiam
3207 940 3305 995 illa
3349 954 3479 1012 quae
3521 953 3755 1009 magna
3802 954 3906 991 sua:

580 1060 820 1132 iudicum
872 1056 1212 1112 saecularium
1268 1052 1629 1108 tribunalibus
1677 1048 2030 1113 constitutis,
2088 1061 2177 1101 as-
2279 1054 2334 1100 et
2381 1042 2638 1114 capitalia
2682 1039 2909 1097 crimina
2955 1035 3424 1104 contemplantur,
3481 1032 3689 1132 nullas
3740 1044 3904 1132 autem

584 1127 811 1210 sistente
844 1151 1007 1206 etiam
1041 1157 1262 1205 econtra
1314 1144 1665 1210 adversario,
1699 1142 1753 1197 in
1785 1140 1961 1195 media
1990 1153 2177 1210 prose-
2281 1137 2671 1209 cogitationum
2719 1133 3135 1202 subreptiones,
3182 1129 3276 1185 sed
3321 1143 3511 1200 neque
3564 1127 3712 1182 illos
3764 1127 3819 1182 in
3861 1143 3905 1179 se

584 1246 803 1305 cutione
857 1251 1018 1315 atque
1066 1239 1362 1305 conﬂictu,
1422 1235 1622 1303 tussis,
1676 1241 1949 1298 screatus,
2002 1230 2174 1295 risus,
2282 1233 2523 1289 lubricos
2578 1228 2933 1297 occultosque
2986 1223 3230 1294 pruritus
3284 1222 3379 1293 qui
3436 1230 3713 1275 mentem
3774 1231 3905 1274 tenus

585 1338 869 1403 oscitatio,
926 1314 1151 1390 Somnus
1202 1329 1541 1401 obrepserit,
1591 1337 1791 1398 quanta
1832 1325 1886 1379 in
1940 1320 2180 1393 pernicie
2281 1333 2443 1395 atque
2480 1320 2671 1378 subtili
2711 1317 3063 1389 suggestione
3101 1321 3524 1386 compungunt,
3579 1327 3699 1367 nec
3738 1314 3904 1382 capti-

2285 1418 2481 1472 vitates
2524 1413 2723 1469 animm
2762 1426 2875 1467 sum
2918 1415 3144 1480 possunt
3184 1406 3434 1477 purgatis
3482 1404 3798 1460 obtutibus
3829 1408 3902 1459 in-

2286 1511 2460 1575 tueri,
2490 1508 2587 1564 sed
2618 1503 3002 1562 inverecundis
3033 1517 3251 1573 semper
3280 1501 3749 1571 cogitationibus
3782 1517 3901 1555 era-

2283 1611 2510 1675 gantes,
2552 1615 2652 1657 nec
2697 1599 2893 1655 dolere
2934 1604 3170 1660 norunt,
3216 1610 3343 1650 cum
3386 1596 3460 1648 ab
3509 1592 3619 1647 illa
3665 1605 3904 1649 contem.

2286 1695 2569 1765 platione,
2622 1706 2743 1762 quae
2793 1688 3088 1759 singularis
3139 1696 3266 1747 est.
3321 1684 3758 1749 distrahuntur,
3812 1702 3901 1738 nec

589 1442 831 1488 nostram
862 1425 1302 1499 vigilantissimns
1331 1422 1581 1477 inimicus
1612 1419 1956 1475 severitatem
1984 1414 2181 1485 judicis

587 1524 956 1583 commovebit
986 1519 1228 1576 invidia?
1260 1518 1477 1586 Quanto
1509 1514 1680 1585 magis
1707 1527 1829 1567 cum
1875 1511 1953 1564 illi
1998 1506 2183 1563 occul-

590 1629 769 1676 torum
802 1618 1043 1673 omnium
1076 1614 1345 1684 cOguitori
1402 1624 1504 1680 pro
1553 1606 1853 1663 imminenti
1907 1612 2181 1675 perpetua:

593 1713 789 1771 mortis
822 1709 1062 1782 periculo
1088 1706 1456 1777 supplicamus
1478 1744 1491 1768 ,
1522 1699 1829 1771 praesertim
1869 1713 1987 1752 cum
2028 1711 2060 1749 e
2102 1693 2185 1748 di-

590 1822 750 1863 verso
781 1779 1008 1859 callidus
1042 1800 1298 1857 seductor
1327 1798 1531 1867 pariter
1566 1804 1621 1849 et
1659 1791 1981 1849 criminator
2021 1787 2185 1843 assis.
2224 1802 2263 1859 Β
2293 1786 2497 1842 habent
2556 1784 2702 1855 quod
2767 1797 2825 1838 se
2895 1781 3114 1837 doleant
3174 1779 3432 1834 amisisse
3467 1820 3486 1846 ,
3560 1780 3773 1850 quippe
3822 1781 3901 1846 qui

592 1908 708 1965 tat,
737 1898 944 1952 intenta
972 1906 1133 1964 atque
1161 1890 1395 1947 sollicita
1419 1890 1665 1944 oratione
1690 1883 1985 1956 judicantis
2014 1882 2187 1952 pietas

594 1988 938 2060 imploranda
966 1988 1083 2043 est?
1108 1986 1220 2042 Nec
1247 1985 1447 2055 injuste
1473 1999 1580 2037 non
1609 1981 1785 2035 solum
1810 1979 1910 2033 levi
1944 1987 2186 2045 peccato,

595 2082 690 2138 sed
722 2082 885 2137 etiam
916 2079 1239 2150 gravissimo
1266 2076 1494 2133 crimine
1522 2070 1818 2140 impietatis
1849 2069 2184 2136 astringitur,

594 2175 683 2247 qui
728 2187 946 2245 precem
994 2171 1227 2227 Domino
1270 2166 1538 2231 fundens,
1588 2161 1768 2217 subito
1815 2176 1845 2213 a
1892 2167 2187 2229 conspectu

595 2268 714 2339 ejus
757 2267 911 2340 quasi
950 2266 1019 2321 ab
1062 2262 1235 2320 oculis
1278 2276 1386 2315 non
1418 2256 1654 2313 videntis
1688 2268 1787 2309 nec
1819 2252 2087 2306 audientis
2112 2292 2127 2317 ,
2163 2260 2188 2288 ι

2284 1887 2523 1935 mentem
2562 1891 2718 1932 suam
2762 1873 3171 1944 ingruentibus,
3204 1880 3265 1925 ut
3304 1871 3539 1926 libitum
3590 1881 3720 1939 est,
3764 1870 3899 1939 cogi-

2288 1969 2587 2026 tationibus
2637 1965 3045 2037 expandentes,
3100 1962 3238 2018 nihil
3293 1961 3513 2017 habent
3563 1964 3897 2032 propositum

2289 2063 2438 2134 quod
2488 2059 2866 2131 principaliter
2920 2065 3180 2120 teneant,
3228 2055 3316 2110 vel
3367 2054 3523 2126 quod
3576 2054 3897 2109 omnimodis

2288 2156 2699 2227 concupiscant.
2734 2154 2863 2209 Haec
2890 2167 3023 2208 sane
3054 2165 3154 2206 nos
3183 2151 3237 2205 in
3270 2149 3423 2205 hunc
3452 2165 3713 2206 errorem
3741 2162 3896 2204 causa

2292 2250 2596 2322 praecipitat
2621 2247 2747 2319 quia
2768 2246 2796 2285 δ
2826 2246 3254 2323 ἀναμαρτησίας,
3285 2243 3339 2299 id
3368 2254 3457 2300 est
3477 2284 3497 2312 ,
3530 2244 3894 2315 impeccantiz

1672 2365 1929 2423 ALARDI
1972 2361 2209 2420 GAZAEI
2246 2360 2821 2420 COMMENTARIUS.

598 2470 765 2540 magis
797 2466 1019 2540 Domino
1050 2465 1161 2540 Deo
1191 2464 1547 2540 universorum
1571 2477 1689 2540 cum
1727 2459 1863 2540 omni
1893 2456 2188 2540 ltuiiitlitate

598 2550 646 2595 et
689 2526 931 2610 puritatis
971 2537 1248 2610 devotione
1276 2533 1682 2610 supplicandum
1726 2529 1841 2582 est!
1889 2526 2190 2610 EtJnon'in

599 2596 948 2674 multiloquio,
991 2607 1082 2659 sed
1133 2596 1573 2671 puritaté'cordis
1602 2610 1666 2674 et
1688 2599 2079 2674 con_tpun_ctioue
2109 2596 2190 2650 la-

603 2670 903 2749 crymarunt
932 2691 1026 2727 nos
1054 2670 1295 2726 exaudiri
1321 2674 1569 2725 sciamus.
1608 2670 1708 2725 Ubi
1741 2670 1865 2723 vide
1898 2670 2192 2731 Tui'repre-

602 2760 829 2804 malum.

676 2828 703 2855 ει
739 2814 1065 2885 Evagatione
1094 2812 1308 2869 scilicet
1333 2822 1634 2883 spontanea
1663 2822 1718 2868 et
1750 2811 2053 2885 voluntaria
2072 2852 2087 2877 ,
2121 2811 2189 2865 de

606 2905 708 2962 qua
764 2882 1025 2943 Dominus
1062 2887 1333 2962 populum
1366 2882 1743 2962 :lsraeliticum
1797 2885 1936 2962 apud
1994 2882 2185 2962 lsaiam

608 2952 926 3031 prophetam
966 2952 1167 3012 acriter
1204 2957 1554 3026 reprehendit
1579 2957 1806 3031 dicens:
1836 2952 2075 3025 Populus
2106 2952 2191 3007 hic

604 3027 752 3089 labiis
792 3047 872 3084 nte
908 3031 1167 3094 honorat;
1208 3045 1296 3081 cor
1336 3039 1507 3081 autem
1544 3044 1721 3081 eorum
1762 3027 1910 3097 longe
1954 3036 2024 3077 est
2056 3041 2086 3077 a
2114 3041 2191 3077 me

607 3105 708 3176 (Is.
727 3102 899 3174 xxix).
923 3101 1037 3176 Qua
1068 3101 1134 3176 d_e
1165 3118 1221 3176 re
1250 3102 1488 3176 graviter
1510 3102 2192 3176 necminuscongrueuter

611 3167 736 3231 huic
766 3167 884 3229 loco
915 3167 1137 3226 disserit
1163 3171 1225 3224 D.
1254 3167 1554 3238 Cyprianus
1586 3171 1685 3225 lib.
1714 3170 1781 3222 dc
1803 3170 2055 3223 Orattoiie
2086 3167 2192 3219 Do-

611 3247 806 3300 minica
834 3260 849 3297 :
886 3242 1138 3308 Quando,
1171 3241 1377 3307 inquit,
1411 3251 1605 3293 stamus
1636 3242 1704 3293 ad
1736 3241 2043 3301 orationem,
2076 3238 2185 3306 fra-

611 3332 712 3369 tres
742 3314 1057 3367 dilectissimi
1078 3310 1345 3380 ,_vigilare
1373 3319 1419 3362 et
1450 3312 1742 3362 incumbere
1770 3310 1837 3362 ad
1880 3323 2052 3380 preces
2073 3317 2186 3380 toto

609 3386 763 3439 rorde
792 3384 1051 3435 debemus.
1086 3378 1341 3439 Cogitatio
1369 3382 1534 3433 onmis
1566 3380 1792 3433 carnalis
1832 3378 1889 3432 et
1920 3378 2188 3433 sazcularis

610 3454 892 3518 abscedat,
933 3468 1024 3506 nec
1052 3449 1335 3521 quidquam
1367 3460 1488 3503 tunc
1519 3452 1724 3504 animus
1753 3467 1906 3519 quam
1935 3449 1987 3503 id
2022 3450 2191 3502 solum

608 3529 793 3600 cOgitet
823 3524 979 3600 quod
1004 3521 1435 3600 precatum-Ideo
1477 3533 1524 3576 et
1561 3522 1800 3600 sacerdos
1841 3530 1959 3574 ante
1996 3521 2191 3600 oratio-

608 3592 743 3664 nein,
776 3592 1077 3666 praefatione
1105 3594 1392 3666 praemissa,
1420 3603 1570 3662 parat
1602 3597 1825 3666 fratrum
1865 3600 2059 3666 mentes
2089 3592 2188 3666 -

607 3661 814 3725 cendo:
844 3661 1065 3723 S'ursum
1096 3661 1255 3719 corda
1274 3708 1287 3731 ,
1322 3676 1377 3720 ut
1404 3667 1529 3719 dum
1555 3661 1828 3735 respondet
1864 3663 2001 3733 plebs
2026 3677 2043 3713 :
2079 3661 2189 3715 lia-

609 3743 782 3795 bemus
811 3740 878 3792 ad
915 3737 1190 3792 Dominum
1212 3781 1226 3802 ,
1256 3738 1593 3790 admoneatur
1621 3734 1753 3789 nihil
1780 3737 1925 3789 aliud
1955 3752 2007 3788 se
2033 3750 2189 3803 quam

606 3811 891 3867 Dominum
935 3813 1162 3883 c0gitare
1192 3808 1375 3883 debere
1401 3825 1419 3862 :
1466 3807 1754 3862 Claudatur
1784 3816 1965 3883 contra
2004 3806 2188 3883 adver—

607 3885 803 3937 sarium
834 3878 1043 3945 pectus,
1085 3892 1132 3934 et
1171 3881 1268 3933 soli
1312 3879 1420 3933 Deo
1459 3889 1679 3951 pateat;
1729 3895 1819 3931 nec
1862 3880 1928 3931 ad
1970 3878 2188 3951 seenint

608 3953 804 4007 hostem
832 3951 929 4007 Dei
950 3998 963 4021 ,
994 3963 1217 4019 tempore
1245 3948 1497 4005 orationis
1525 3953 1669 4004 adire
1697 3951 1963 4017 patiatur;
1992 3948 2188 4013 obrepit

608 4030 900 4095 frequenter
924 4036 968 4077 et
1003 4032 1267 4091 penetrat;
1296 4032 1343 4074 et
1370 4022 1625 4095 subtiliter
1654 4022 2044 4095 faltenspreces
2069 4036 2187 4073 nos-

606 4092 715 4151 tras
757 4114 790 4149 a
835 4095 940 4149 Deo
987 4102 1162 4147 avocat
1189 4136 1203 4158 ,
1253 4104 1308 4145 ut
1350 4093 1499 4146 aliud
1529 4092 1810 4145 habeamus
1839 4093 1892 4143 in
1921 4092 2105 4155 corde,
2139 4099 2185 4143 et

607 4168 752 4220 aliud
784 4168 837 4219 in
878 4182 1027 4227 voce,
1056 4162 1267 4233 quando
1306 4164 1586 4217 intentione
1624 4164 1823 4216 sincera
1862 4161 2041 4233 debeat
2082 4178 2185 4214 non

608 4241 745 4291 uocis
774 4252 932 4289 sonus
954 4277 967 4299 ,
1001 4232 1089 4287 sed
1119 4235 1323 4286 animus
1352 4243 1400 4287 et
1428 4250 1609 4287 sensus
1639 4248 1803 4285 orare.
1857 4232 1984 4294 Quae
2012 4240 2184 4285 autem

607 4306 824 4375 segnitia
861 4314 934 4356 est
974 4305 1195 4375 alienari
1221 4312 1279 4375 et
1324 4304 1438 4375 rapi
1478 4304 1664 4373 ineptis
1702 4301 2110 4375 cogitationibus
2134 4312 2185 4356 et

608 4372 1042 4446 profanis,_cu_m_
1080 4373 1354 4446 Dominum
1392 4372 1711 4443 deprecaris,
1748 4372 1898 4446 quasi
1936 4373 2001 4446 sit
2040 4372 2185 4446 aliud

606 4440 740 4516 quod
770 4444 932 4513 magis
962 4442 1142 4516 debeas
1168 4440 1589 4516 cogitat-equoin
1619 4444 1755 4510 quod
1794 4458 1909 4516 cum
1948 4440 2061 4496 Deo
2101 4445 2183 4497 lo-

606 4512 777 4586 queris
801 4522 822 4570 Υ
850 4512 1115 4579 Quomodo
1159 4522 1205 4586 te
1248 4513 1418 4586 audiri
1458 4530 1489 4565 a
1529 4512 1637 4567 Deo
1676 4514 1938 4583 postulas,
1978 4530 2095 4567 cum
2136 4524 2185 4571 te

606 4581 715 4659 ipse
744 4606 846 4641 non
879 4586 1109 4639 audias?
1136 4585 1208 4659 vis
1239 4599 1345 4637 esse
1374 4581 1541 4638 Deum
1580 4581 1852 4659 memorem
1898 4586 1973 4659 tui
1998 4630 2012 4653 ,
2059 4603 2177 4639 cum

605 4656 757 4732 rogas
778 4700 794 4725 ,
837 4660 1043 4732 quando
1087 4666 1141 4708 tu
1188 4656 1298 4723 ipse
1340 4670 1547 4732 memor_
1573 4657 1646 4709 tui
1679 4673 1781 4711 non
1807 4657 1922 4711 sis?
1949 4659 2043 4732 hoc
2071 4668 2177 4723 est,
2209 4672 2260 4732 D

604 4728 679 4783 ab,
697 4731 839 4784 hoste
870 4731 923 4781 in
954 4738 1113 4780 totum
1142 4742 1245 4798 non
1274 4742 1452 4780 cavere
1478 4744 1495 4791 ;
1528 4728 1623 4780 hoc
1652 4736 1725 4781 est
1749 4770 1764 4793 ,
1811 4731 2020 4798 quando
2062 4744 2180 4782 oras

603 4800 772 4857 Deum
792 4840 807 4863 ,
838 4801 1150 4868 majestatein
1180 4796 1275 4851 Dei
1301 4799 1609 4869 negligentia
1632 4796 1890 4865 offendere
1913 4817 1930 4863 ;
1957 4798 2055 4869 hoc
2083 4810 2179 4867 est,

603 4871 817 4940 vigilare
848 4870 1007 4923 oculis
1029 4910 1043 4933 ,
1078 4876 1127 4923 et
1155 4868 1307 4923 corde
1338 4868 1603 4936 dormire;
1634 4888 1749 4923 cum
1791 4872 1968 4923 debeat
1999 4868 2179 4925 Chris-

603 4944 772 4998 tianus
820 4950 863 4994 et
914 4956 1030 4994 cum
1073 4940 1262 4993 dormit
1309 4940 1499 5011 oculis,
1555 4944 1712 4995 corde
1754 4943 2004 5011 vigilare,
2053 4941 2184 4996 sicut

602 5016 851 5083 scriptum
882 5021 954 5066 est
984 5027 1049 5083 ea:
1074 5027 1295 5082 persona
1330 5010 1573 5067 Ecclesia:
1601 5010 1854 5082 loquentis
1885 5013 1937 5065 in
1965 5010 2182 5083 Cantica

603 5080 923 5139 canticorum
949 5099 966 5137 :
997 5080 1109 5151 Ego
1134 5082 1333 5154 dormio
1351 5123 1365 5146 ,
1394 5092 1440 5135 et
1470 5100 1558 5136 cor
1586 5080 1752 5136 meum
1784 5086 1964 5154 vigilat
1990 5082 2181 5154 (Cant.

601 5169 636 5207 ν
659 5156 698 5223 ).
735 5158 1060 5223 Quapmpter
1091 5152 1311 5206 sollicite
1349 5164 1395 5205 et
1436 5165 1585 5207 caute
1622 5152 1903 5219 Apostolus
1942 5152 2182 5207 admonet

601 5225 773 5280 dicens
796 5241 813 5279 :
846 5226 1042 5279 lnstate
1068 5224 1289 5277 orationi
1315 5223 1582 5295 vigilantes
1611 5225 1663 5277 in
1696 5241 1754 5276 ea
1782 5223 1919 5292 (Col.
1946 5226 2050 5295 IV),
2086 5226 2183 5278 do-

601 5312 719 5350 cens
750 5298 939 5349 scilicet
965 5304 1011 5347 et
1039 5297 1310 5348 ostendens
1334 5310 1420 5347 eos
1448 5294 1723 5362 impetrare
1750 5296 1888 5362 quod
1919 5295 2181 5363 postulant

599 5367 664 5439 de
694 5367 798 5439 Deo
826 5382 1006 5439 posse,
1038 5363 1330 5439 qttos_Detts
1360 5366 1541 5439 viderit
1583 5368 1636 5419 in
1679 5367 1906 5439 oratione
1944 5368 2178 5437 vigilare.

598 5434 675 5495 Ita
720 5437 779 5493 S.
808 5434 1128 5508 Cyprianus.
1173 5435 1228 5488 In
1272 5451 1390 5504 quin
1430 5436 1592 5508 verba
1634 5436 1803 5491 sancti
1847 5434 2087 5491 doctoris
2126 5448 2183 5493 et

598 5506 877 5580 martyris,
898 5506 1210 5580 arGrattuno
1238 5508 1399 5560 citata
1429 5506 1814 5577 (DeConsecra.
1841 5509 1960 5561 dist.
1985 5511 2033 5574 l,
2056 5525 2176 5577 cap.

600 5577 883 5647 Quando),
916 5579 1106 5632 doctor
1137 5577 1408 5648 Navarrus
1445 5580 1576 5633 satis
1616 5582 1852 5648 amplum
1896 5589 1950 5631 et
1991 5580 2176 5633 utilem

596 5652 767 5705 edidit
796 5652 1249 5705 commentarium
1274 5690 1289 5716 ,
1324 5647 1417 5717 qui
1448 5650 1513 5705 de
1544 5647 1791 5706 oratione
1819 5661 1874 5705 et
1912 5650 2058 5704 horis
2089 5664 2180 5704 ca-

595 5721 807 5777 nonicis
832 5720 1165 5773 inscribitur.

669 5788 699 5827 ³
723 5789 799 5842 ita
828 5788 1102 5857 Cuychius
1127 5806 1143 5849 ;
1175 5806 1283 5861 qua
1312 5806 1449 5849 voce
1478 5806 1610 5846 usus
1636 5792 1795 5847 etiam
1824 5790 1889 5846 D.
1917 5791 2183 5863 Hierony-

2293 2470 2412 2510 mus
2454 2456 2505 2510 in
2556 2458 2825 2525 prommio
2866 2455 2966 2510 lib.
2999 2469 3053 2510 tv
3097 2454 3399 2511 Comment.
3446 2456 3502 2509 in
3549 2455 3890 2519 Jeremiam,

2292 2542 2524 2597 eamque
2576 2526 2991 2595 impeccantiam
3049 2526 3764 2597 similiterrinterpretatur.
3819 2530 3892 2581 At

2292 2597 2586 2676 C_ia_coni_us
2611 2600 2975 2676 ἀναμαρτήτου
3007 2597 3175 2676 legit:
3205 2596 3329 2667 quod
3358 2597 3467 2651 fere
3500 2597 3659 2676 idem‘
3686 2606 3814 2676 est,
3846 2599 3892 2651 si

2292 2671 2351 2725 τὸ
2376 2670 2731 2743 ἀναμάρτητον
2762 2670 3108 2743 substantive
3134 2681 3394 2743 sumatur,
3422 2670 3889 2743 quemadmodum

2295 2738 2691 2810 sumitur'cap.
2722 2742 2785 2796 ξι
2840 2752 2895 2795 et
2944 2738 3140 2794 ultimo
3192 2739 3349 2807 hujus
3395 2740 3753 2805 collationis,
3806 2742 3886 2794 uhi

2296 2813 2575 2885 quaeritur,
2606 2824 2779 2866 utrum
2816 2810 3451 2885 possibileAsit'bumante
3494 2813 3799 2885 substantiae
3837 2814 3885 2865 τό

2296 2882 2676 2959 ἀναμάρτητον,
2702 2881 2986 2959 possidere.
3030 2882 3200 2938 Sicuti
3220 2882 3384 2959 apud
3406 2881 3671 2944 Latinos,
3705 2884 3749 2937 si
3784 2898 3881 2937 rem

2297 2954 2544 3022 Spectes,
2577 2956 2769 3009 eadem
2803 2964 2932 3010 sunt
2958 2955 3268 3008 innocentia
3291 2964 3349 3007 et
3373 2954 3726 3007 innocentem
3755 2968 3881 3014 esse,

2298 3034 2391 3103 aut
2420 3026 2537 3103 sine
2572 3036 2820 3103 peccato,
2848 3025 3239 3103 quodproprie
3276 3023 3488 3079 dicitur
3517 3028 3879 3103 ἀναμάρτητογ.

2301 3093 2397 3175 Est
2438 3097 2583 3175 enim
2628 3093 2890 3175 inpendat,
2933 3093 3718 3175 velvapépmpnpeccatum';
3759 3101 3879 3175 unde

2301 3166 2703 3243 ἀναμάρτητος-’ζ
2727 3166 2777 3222 t'd
2810 3176 2927 3233 est,
2961 3166 3197 3243 vacuus,
3223 3166 3325 3243 aut
3354 3166 3642 3243 immunis_
3671 3183 3713 3243 a_
3738 3170 3877 3243 culpa

2302 3249 2357 3292 et
2387 3237 2627 3307 peccato.
2665 3239 2934 3294 Cmterum
2967 3255 3074 3293 non
3109 3238 3235 3291 mihi
3266 3238 3469 3305 placet,
3498 3254 3603 3294 nec
3626 3237 3749 3293 huic
3770 3240 3877 3292 loco

2292 3310 2583 3384 congruit,
2614 3312 2756 3379 quod
2786 3310 3077 3364 Ciaconius
3107 3311 3470 3384 thematis-mtas
3496 3311 3663 3364 vertit
3692 3312 3875 3384 impec-

2295 3382 2648 3457 cabilitatem.
2675 3384 3072 3457 Ἀναμάρτηζον,
3106 3382 3313 3457 inquit,
3348 3391 3425 3457 est
3454 3382 3868 3457 impeccabiluas,

2289 3452 2397 3504 sive
2422 3452 2803 3518 impeccantia,
2834 3452 2991 3519 quasi
3028 3467 3157 3508 vero
3185 3454 3324 3505 idem
3354 3452 3432 3506 sit
3464 3453 3869 3521 impeccabilitas

2292 3530 2348 3576 et
2378 3522 2773 3589 impeccantia:
2810 3524 2911 3577 hoc
2940 3530 3060 3587 est,
3089 3537 3195 3577 non
3230 3537 3400 3590 posse
3432 3538 3704 3592 peccare,
3743 3522 3868 3593 quod

2291 3602 2375 3646 est
2406 3594 2868 3663 impeccibilitas;
2899 3602 2955 3647 et
2994 3610 3105 3649 non
3148 3607 3417 3661 peccare,
3467 3596 3557 3650 vel
3606 3611 3725 3651 esse
3763 3598 3867 3647 sine

2291 3674 2550 3733 peccato,
2585 3665 2733 3734 quod
2760 3676 2842 3721 est
2884 3665 3234 3729 impeccantia
3260 3682 3271 3716 :
3299 3663 3585 3729 Latinius,
3630 3672 3868 3721 innocen-

2294 3736 2362 3789 tia
2386 3776 2401 3801 ,
2436 3737 2722 3807 integritas
2741 3781 2755 3803 ,
2790 3745 2884 3791 aut
2911 3737 3084 3807 culpae
3111 3737 3373 3790 vacuitas.
3419 3736 3557 3804 Quae
3583 3752 3716 3793 sane
3744 3740 3868 3792 mul-

2293 3814 2405 3861 tum
2433 3806 2653 3863 dill‘erre
2680 3823 2842 3863 nemo
2875 3823 2983 3862 non
3010 3806 3191 3874 videt,
3234 3808 3397 3861 sicuti
3448 3810 3681 3863 multum
3724 3809 3866 3863 diffe-

2292 3888 2453 3947 runt,
2486 3893 2592 3932 non
2640 3894 2802 3948 posse
2831 3893 3087 3948 peccare,
3122 3892 3217 3932 seu
3264 3879 3683 3946 impeccahilem
3725 3896 3863 3939 esse.

2292 3958 2348 4021 et
2378 3965 2542 4018 posse
2584 3964 2691 4005 non
2738 3964 3006 4021 peccare:
3041 3964 3148 4005 non
3192 3962 3353 4019 posse
3396 3949 3573 4014 mori,
3621 3952 3757 4021 quod
3797 3962 3866 4003 est

2291 4020 2541 4075 absolute
2572 4020 2937 4076 immortalem
2964 4035 3124 4087 esse,
3167 4031 3224 4074 et
3264 4036 3429 4090 posse
3468 4037 3582 4075 non
3627 4020 3782 4081 mori,
3816 4034 3865 4074 ut

2293 4098 2509 4157 poterat
2576 4092 2749 4147 Adam
2810 4091 2865 4146 in
2926 4101 3066 4147 statu
3128 4092 3481 4146 innocentiae.
3545 4092 3649 4147 Sed
3710 4108 3865 4155 neque

2291 4161 2608 4238 Scriptura,
2637 4178 2812 4238 neque
2844 4163 3037 4238 lfatres
3058 4164 3640 4238 vocenrbauépmov
3679 4164 3748 4217 ita
3788 4179 3866 4215 ac-

2289 4235 2517 4310 cipiunt.
2546 4231 2825 4310 scriptura
2848 4233 3075 4289 Joannis
3096 4249 3191 4290 vnt
3216 4251 3229 4286 :
3251 4231 3308 4288 ‘0
3335 4231 3698 4310 ἁῦαεὶάρτῃτρς
3718 4238 3865 4307 ὑμῶν,

2290 4303 2341 4358 id
2374 4315 2492 4371 est,
2523 4307 2612 4376 qui
2641 4306 2751 4360 sine
2779 4317 2988 4377 peccato
3032 4315 3106 4359 est
3149 4314 3401 4377 vestrum,
3435 4303 3533 4360 ἰι-ιί
3574 4303 3867 4367 habemus;

2290 4390 2395 4429 non
2422 4418 2437 4440 ,
2490 4376 2581 4446 qui
2622 4376 2991 4445 impeccabilis
3024 4387 3129 4431 est.
3163 4376 3225 4430 D.
3262 4377 3623 4446 Hieronymus
3669 4378 3722 4431 in
3769 4382 3873 4445 epi-

2291 4447 2427 4500 stola
2449 4446 2514 4499 ad
2532 4445 2964 4515 Ctesiphontem,
2994 4448 3319 4517 Pelagianos
3344 4457 3396 4501 et
3418 4445 3603 4501 earum
3633 4446 3873 4501 fautores

2289 4517 2625 4585 redarguens
2650 4536 2663 4571 :
2698 4517 2904 4571 Pudeat
2930 4563 2944 4586 ,
2975 4517 3187 4587 inquit,
3217 4519 3494 4589 principum
3523 4526 3572 4571 et
3612 4520 3875 4571 sociorum

2288 4604 2499 4641 suorum
2518 4634 2532 4656 ,
2563 4592 2651 4658 qui
2680 4590 2824 4643 aiunt
2846 4606 2993 4658 posse
3018 4590 3277 4643 hominem
3299 4590 3403 4644 sine
3428 4598 3632 4658 peccato
3657 4602 3773 4643 esse
3797 4631 3813 4652 ,
3836 4593 3875 4643 si

2286 4659 2441 4737 uelit,
2473 4662 2612 4737 quod
2660 4658 2828 4737 Graeci
2868 4662 3051 4737 dicunt
3095 4663 3463 4737 ἀναμάρτητον.
3510 4658 3578 4713 Et
3618 4662 3746 4731 quia
3788 4665 3874 4737 hoc

2287 4728 2641 4804 Ecclesiarum
2666 4749 2757 4802 per
2787 4730 3049 4786 Orientem
3074 4728 3226 4786 aures
3255 4728 3387 4804 ferre
3414 4748 3515 4785 non
3544 4728 3785 4800 possunt,
3814 4734 3874 4784 si-

2286 4801 2484 4881 mulant
2513 4818 2567 4855 se
2592 4801 2937 4881 sinepeccato
2962 4804 3167 4881 quidem
3191 4801 3380 4881 dicere,
3410 4806 3500 4857 sed
3523 4805 3869 4881 batsa'pnito’i

2286 4872 2455 4925 dicere
2487 4889 2589 4926 non
2618 4872 2807 4927 audere
2831 4889 2850 4927 .'
2880 4876 3027 4944 quasi
3059 4875 3205 4927 aliud
3233 4877 3298 4928 sit
3325 4875 3437 4927 sine
3460 4872 3714 4944 peccato;
3737 4878 3869 4927 aliud

2285 4945 2687 5019 ayapépmrov;
2738 4954 2786 4998 et
2825 4960 2937 5019 non
2973 4942 3209 5019 Grecam
3238 4942 3574 5019 sermonem,
3616 4950 3707 5016 qui
3744 4948 3869 5016 apud

2284 5014 2405 5068 illos
2438 5014 2752 5084 compositus
2790 5026 2864 5068 est
2904 5016 3103 5070 duobus
3142 5016 3307 5069 verbis
3345 5032 3512 5069 sermo
3543 5014 3871 5071 Latinus“-

2286 5088 2547 5161 presserit.
2591 5088 2665 5139 Ita
2709 5086 3169 5161 D._Hieronymus
3196 5088 3590 5161 ἀναμάρτητον,
3632 5104 3743 5142 non
3786 5090 3870 5139 im-

2290 5157 2655 5225 peccabilem,
2707 5157 2802 5212 sed
2844 5174 2949 5211 non
2998 5157 3497 5225 peccantem,'seu
3546 5161 3757 5228 peccati
3794 5173 3869 5211 ex-

2289 5238 2493 5300 pertem
2539 5230 2905 5300 etinsontem
2950 5229 3355 5297 interpretans,
3396 5239 3488 5295 et,
3536 5240 3594 5284 ut
3628 5233 3744 5300 ipse
3772 5231 3866 5284 ait.

2286 5298 2482 5352 duobus
2510 5299 2703 5363 verbis,
2741 5314 2965 5367 nempe,
2996 5301 3116 5354 sine
3149 5312 3393 5367 peccato.
3438 5298 3713 5357 Similiter
3746 5302 3865 5355 Elius

2284 5367 2581 5433 Cretensis,
2628 5371 2874 5441 Gregorii
2908 5371 3232 5425 Nazianzeni
3282 5372 3610 5427 scholiastes
3640 5374 3864 5429 Graecus.

2284 5442 2530 5494 oratione
2559 5442 2593 5496 5
2620 5459 2629 5492 :
2662 5440 2835 5495 Homo
2853 5487 2865 5509 ,
2898 5444 3100 5507 inquit,
3130 5444 3489 5517 ἁναμὲφτητος
3515 5445 3729 5514 quidem
3752 5486 3765 5507 ,
3791 5444 3865 5494 hoc

2282 5520 2387 5576 est,
2417 5522 2624 5587 peccato
2654 5528 2840 5565 vacuus
2878 5521 3078 5565 creatus
3121 5524 3235 5578 est;
3275 5516 3641 5587 ἀναμάρτητος
3682 5526 3861 5575 autem,

2281 5597 2386 5634 non
2417 5584 2551 5652 quod
2583 5583 2634 5634 in
2658 5598 2777 5656 eum
2806 5594 3066 5656 peccatum
3096 5600 3197 5636 non
3228 5585 3413 5650 cadat,
3447 5583 3539 5640 sed
3566 5588 3695 5656 quia
3719 5588 3861 5651 ipsum

2288 5668 2497 5727 peccare
2523 5669 2623 5706 non
2649 5654 2702 5727 in
2729 5665 2913 5707 natura
2941 5654 3109 5713 habet.
3133 5670 3304 5707 verum
3334 5657 3507 5727 potius
3535 5654 3589 5709 in
3611 5656 3858 5717 electione,

2288 5733 2345 5777 ut
2374 5726 2459 5799 qui
2491 5734 2537 5776 et
2565 5727 2618 5777 in
2657 5725 2790 5799 bono
2827 5740 3047 5799 manere
3070 5740 3133 5777 ac
3171 5725 3421 5795 pro/icere
3465 5729 3666 5799 possit,
3700 5729 3860 5783 dirius

2291 5796 2473 5863 gratia
2499 5811 2597 5866 ope
2622 5794 2930 5863 accedente;
2956 5804 3005 5849 et
3028 5794 3191 5865 item,
3221 5794 3551 5868 permittente
3581 5797 3699 5855 Deo
3719 5841 3733 5868 ,
3762 5812 3857 5869 pro-
