3986 6188
522 332 673 393 tm

521 544 713 598 mortis
764 557 993 609 corpore
1044 542 1340 609 Apostolus
1391 540 1597 595 dixisse
1643 539 1941 595 credendus
1982 548 2111 607 est,

524 634 655 703 Quis
677 651 757 689 me
785 635 1012 688 liberabit
1043 635 1109 689 de
1138 649 1350 702 corpore
1378 634 1553 687 mortis
1581 631 1983 705 hujus?Cratia
2018 632 2115 687 Dei

522 744 614 790 per
640 726 819 779 Jesum
848 723 1107 779 Christum
1156 724 1435 779 Dominum
1480 738 1707 779 nostrum
1737 726 1925 795 (Rom.
1957 742 2028 779 vn
2051 726 2115 793 )?

522 818 710 872 Nonne
728 816 1071 871 manifestum
1091 827 1193 876 est.
1220 817 1368 872 sicut
1391 833 1489 871 vos
1510 833 1724 888 quoque
1756 821 1900 886 ipsos
1913 819 2114 874 veritas

521 912 1074 977 contpulitcmtﬁteri.
1106 930 1209 966 non
1240 913 1307 966 de
1336 914 1443 966 illis
1479 913 1784 981 capitalium
1826 914 2114 969 criminum

525 1009 807 1071 membris,
840 1022 933 1075 per
954 1024 1073 1073 qua:
1111 1006 1439 1074 stipendium
1464 1017 1684 1060 aeternae
1710 1007 1901 1061 mortis
1926 1007 2115 1075 acqui-

526 1100 677 1163 ritur,
716 1098 765 1151 id
797 1110 900 1161 est,
939 1098 1235 1160 ltotnic:dii,
1271 1097 1674 1163 fornicationis,
1706 1099 2117 1163 adulteriorum,

524 1192 833 1255 ebrietatis,
884 1190 1147 1245 furtorum
1191 1204 1355 1257 atque
1403 1194 1756 1261 rapinarum;
1804 1192 1896 1247 sed
1929 1192 1996 1244 de
2027 1192 2120 1246 illo

526 1286 813 1354 pra-dicto,
844 1284 931 1338 cui
984 1285 1154 1355 gratia
1208 1284 1406 1337 Citriin
1461 1284 1771 1353 quotidiana
1813 1285 2121 1350 succurrit,

525 1391 757 1447 oorpore
789 1376 1126 1431 memorari?
1154 1377 1409 1447 Quisquis
1452 1380 1595 1432 enim
1630 1388 1750 1445 post
1793 1378 2121 1449 baptismum

526 1481 583 1527 et
606 1473 887 1526 scientiam
939 1471 1055 1537 Dei,
1089 1472 1139 1525 in
1176 1472 1303 1525 illud
1349 1474 1540 1527 mortis
1568 1482 1593 1510 ⁸
1634 1487 1831 1540 corpus
1884 1474 2120 1539 irruerit,

526 1566 663 1621 sciat
687 1582 746 1619 se
777 1565 1209 1633 nonqztotidiana
1237 1565 1406 1633 gratia
1428 1566 1536 1631 Dei,
1566 1565 1617 1620 id
1636 1574 1742 1628 est.
1776 1564 1914 1619 facili
1934 1567 2126 1620 remis-

526 1662 701 1719 sione.
727 1676 884 1731 quatn
916 1661 1202 1716 momentis
1232 1661 1459 1730 singulis
1474 1670 1731 1715 exoratus
1755 1660 2012 1715 Dominus
2034 1675 2127 1713 no-

526 1760 644 1806 ster
670 1752 947 1806 erroribus
981 1754 1179 1806 nostris
1207 1752 1412 1808 dottare
1430 1752 1730 1819 consuevit,
1767 1751 1861 1807 sed
1894 1752 2129 1806 autdiu-

1587 324 1868 386 IOANNIS
1903 323 2216 386 CASSIANI
2249 323 2740 386 COLLA'I‘IONES.

524 445 896 519 quotidianam
924 446 1126 506 Christi
1156 446 1386 520 gratiam
1413 443 1751 503 liberentur?
1779 448 1883 501 Aut
1907 445 1977 502 de
2000 459 2108 515 quo
2134 448 2187 508 Α
2212 443 2365 508 tiam,
2399 442 2651 511 pietatem
2679 461 2697 513 ;
2740 440 2835 499 sed
2863 441 2983 499 hac
3002 440 3185 499 omnia
3226 447 3283 500 et
3315 452 3563 499 summo
3598 436 3687 495 illi
3726 439 3866 499 hanc

2216 538 2364 608 paria
2390 551 2511 591 esse
2540 550 2646 591 non
2679 546 2925 603 possunt,
2959 546 3011 590 et
3041 535 3229 607 perfici
3258 550 3372 591 non
3396 533 3601 589 dicam
3631 533 3713 588 ab
3742 551 3871 603 apo.

2216 632 2393 696 stolis,
2444 629 2541 685 sed
2590 630 2752 683 etiam
2783 647 2811 683 a
2842 630 3210 684 mediocribus
3242 637 3528 699 possunt;
3592 642 3628 681 a
3662 630 3870 697 quibus

2219 725 2440 795 impleta
2469 739 2576 779 non
2607 723 2824 789 fuerint,
2846 733 2937 779 aut
2958 732 3166 777 aeterno
3199 722 3482 791 supp'icio
3510 723 3871 791 puniuntur,

2218 828 2309 873 aut
2336 818 2549 887 grandi,
2582 824 2641 871 ut
2669 832 2828 887 supra
2859 816 3061 871 dictum
3089 830 3195 878 est,
3229 816 3426 870 labore
3460 814 3869 886 paenitentia.

2221 927 2329 966 non
2355 911 2665 982 quotidiana
2704 909 2904 965 Christi
2952 912 3126 980 gratia
3174 910 3507 965 liberantur.
3576 909 3871 976 Superest

2220 1006 2384 1076 igitur
2434 1010 2491 1059 ut
2522 1007 2657 1059 lianc
2688 1005 2933 1075 Apostoli
2982 1006 3306 1060 sententiam
3358 1006 3464 1059 soli
3514 1018 3868 1060 sanctorum

2224 1113 2475 1168 persona:
2514 1106 2659 1152 recte
2689 1097 2952 1151 fateamur
2998 1097 3195 1166 aptari,
3232 1098 3321 1167 qtti
3378 1096 3434 1150 in
3482 1097 3646 1152 hanc
3694 1114 3867 1167 quam

2225 1192 2579 1262 praediximus
2610 1192 2951 1246 incurrentes
2999 1191 3242 1259 quotidie
3274 1192 3511 1260 peccati.
3574 1206 3697 1246 noti
3756 1195 3867 1247 cri-

2226 1286 2451 1352 minum,
2474 1286 2672 1355 legem,
2703 1284 2772 1339 de
2793 1293 2937 1339 statu
2965 1286 3156 1339 salutis
3191 1300 3303 1338 suae
3332 1285 3504 1349 certi,
3544 1298 3668 1339 non
3730 1301 3864 1353 prae-

2226 1380 2520 1448 cipitantur
2552 1380 2603 1433 in
2636 1379 2862 1445 facinus,
2917 1377 3034 1443 sed,
3095 1387 3150 1431 ut
3189 1391 3339 1447 saepe
3366 1376 3590 1431 dictum
3645 1390 3758 1440 est,
3790 1378 3856 1434 de

2226 1471 2687 1539 contemplatione
2714 1470 2895 1524 divina
2920 1471 2984 1523 ad
3015 1470 3289 1524 miseriam
3313 1469 3733 1539 cogitatimtlm
3761 1472 3858 1525 de-

2229 1562 2397 1617 voluti
2441 1561 2825 1631 corporalium,
2878 1575 3022 1616 veraa
3078 1560 3223 1614 illius
3272 1561 3645 1613 beatitudinis
3699 1562 3851 1615 bona

2229 1653 2547 1724 plerumque
2576 1654 2913 1707 fraudantur.
2943 1653 2997 1706 Si
3028 1652 3171 1705 enim
3202 1666 3264 1705 se
3292 1654 3347 1705 in
3382 1653 3531 1708 hanc
3560 1656 3847 1708 membro-

2233 1760 2351 1800 rum
2392 1760 2609 1799 suorum
2654 1744 2826 1814 legem
2875 1743 3204 1815 quotidianis
3230 1744 3511 1799 Sentircnt
3534 1747 3844 1802 sceleribus

528 1852 683 1900 tui-ua
712 1846 1378 1914 afflictionepmnitudinis
1401 1862 1463 1901 ac
1486 1848 1679 1915 poenali
1697 1847 1885 1901 dolore
1899 1863 2130 1918 purgan-
2159 1833 2207 1894 B
2235 1838 2449 1907 illigari,
2484 1852 2593 1891 non
2624 1836 2809 1903 utique
2849 1835 2917 1891 de
2947 1835 3221 1890 felicitatis
3270 1840 3584 1893 amissione
3604 1884 3621 1906 ,
3655 1839 3751 1891 sed
3779 1839 3845 1892 de

528 1935 679 1998 dum,
704 1947 795 1989 aut
822 1950 971 1991 certe
995 1953 1090 2005 pro
1114 1938 1194 1992 his
1213 1939 1263 1991 in
1289 1938 1527 1993 futurum
1552 1939 1743 1993 aeterni
1774 1940 1911 2009 ignis
1933 1939 2131 2009 suppli-

528 2026 630 2080 ciis
657 2028 1043 2093 addicendtun,
1075 2031 1144 2083 ita
1173 2031 1363 2084 eodem
1407 2031 1675 2098 Apostolo
1699 2033 2084 2099 pronuntiante
2109 2050 2124 2087 :

529 2115 710 2173 Nolite
736 2118 872 2188 falli,
906 2137 1067 2189 neque
1102 2121 1394 2190 fornicarii,
1426 2139 1587 2193 neque
1630 2123 1786 2177 idolis
1832 2125 2125 2191 servientes,

530 2226 694 2280 neque
719 2212 965 2276 adulteri,
1009 2230 1169 2283 neque
1202 2214 1400 2278 molles,
1430 2231 1595 2285 neque
1635 2218 1980 2271 masculorum
2003 2235 2128 2272 con-

532 2305 806 2373 cubitores,
841 2322 1002 2377 neque
1027 2306 1186 2377 fures,
1217 2323 1380 2377 neque
1410 2308 1576 2377 avari,
1606 2326 1767 2377 neque
1793 2309 2003 2375 ebriosi,
2040 2326 2130 2364 ne-

532 2416 633 2470 que
660 2400 918 2465 maledici,
950 2418 1114 2472 neque
1144 2417 1377 2472 rapaces,
1410 2419 1627 2471 regnum
1670 2402 1765 2456 Dei
1795 2404 2130 2474 possidebunt

534 2490 581 2562 (Ι
612 2490 735 2548 Cor.
764 2493 862 2563 vt).
894 2497 1001 2547 Aut
1030 2510 1151 2564 quae
1176 2506 1259 2549 est
1290 2494 1386 2548 ista
1412 2497 1495 2549 lex
1527 2498 1766 2550 militans
1790 2513 1841 2550 tn
1874 2497 2130 2552 membris

535 2586 744 2638 nostris
770 2600 889 2655 qua:
915 2594 1176 2655 repugnat
1200 2588 1299 2651 legi
1322 2588 1517 2641 mentis
1542 2597 1760 2649 nostrae,
1786 2603 2019 2658 cumque
2034 2605 2131 2644 nos

534 2682 858 2732 resistentes
888 2690 1049 2747 atque
1076 2681 1317 2747 captivos
1341 2678 1393 2731 in
1425 2678 1596 2747 legent
1624 2681 1826 2746 peccati
1852 2694 1915 2733 ac
1944 2680 2130 2734 mortis

536 2769 1036 2838 abdttxerit,eique
1082 2786 1181 2823 nos
1224 2768 1416 2823 fecerit
1440 2784 1606 2824 carne
1656 2770 1887 2838 servire,
1937 2770 2132 2825 nihilo-

534 2860 715 2917 minus
744 2870 924 2916 mente
954 2862 1057 2931 legi
1092 2861 1187 2916 Dei
1240 2864 1451 2916 servire
1494 2862 1807 2930 permittit?
1847 2862 1956 2919 Nec
1986 2864 2129 2919 enim

536 2952 625 3008 hic
652 2965 779 3021 puto
810 2953 983 3024 legem
1014 2956 1217 3023 peccati
1244 2954 1444 3023 ﬂagitia
1469 2954 1783 3025 designare,
1812 2966 1904 3012 aut
1934 2956 2035 3013 hoc
2063 2958 2133 3014 de

537 3045 625 3102 his
665 3062 826 3117 supra
875 3048 1031 3105 dictis
1065 3048 1288 3119 intelligi
1336 3063 1499 3119 posse
1548 3050 1889 3118 criminibus,
1938 3067 2058 3121 quze
2085 3050 2133 3107 si

538 3143 658 3211 quis
681 3142 832 3209 facit,
866 3142 969 3212 legi
1014 3144 1105 3197 Dei
1130 3154 1312 3196 monte
1360 3156 1467 3197 non
1504 3145 1691 3207 servit,
1718 3159 1746 3197 a
1775 3158 1881 3211 qua
1908 3159 2133 3200 necesse

2233 1928 2542 1987 innocentia
2600 1938 3001 1992 causarentur;
3074 1943 3177 1982 nec
3261 1928 3476 1985 diceret
3547 1931 3847 2000 Apostolus

2234 2024 2455 2091 Paulus,
2488 2023 2693 2094 Infelix
2721 2040 2812 2095 ego
2841 2024 3013 2089 ltomo,
3038 2022 3134 2077 scd
3178 2023 3428 2091 impurus
3452 2033 3549 2078 aut
3572 2026 3845 2079 scelestus

2231 2133 2332 2188 ego
2360 2119 2561 2183 homo;
2594 2131 2693 2171 nec
2715 2116 2783 2171 de
2809 2130 3038 2187 corpore
3070 2116 3265 2170 mortis
3306 2116 3490 2185 hujus,
3523 2116 3630 2171 hoc
3660 2117 3842 2171 estde

2233 2210 2542 2265 conditione
2587 2209 2822 2276 mortali,
2852 2207 2948 2263 sed
2980 2223 3009 2261 a
3038 2206 3264 2277 flagitiis
3304 2218 3468 2279 atque
3515 2209 3841 2264 criminibus

2233 2304 2411 2359 carnis
2440 2303 2600 2373 huius
2624 2303 2787 2357 vellet
2833 2300 3057 2358 absolvi.
3112 2301 3221 2357 Sed
3258 2300 3384 2371 quia
3412 2317 3472 2357 se
3505 2318 3611 2373 pro
3652 2302 3841 2357 condi-

2234 2396 2381 2450 tione
2409 2395 2713 2465 fragilitatis
2741 2394 2989 2449 humana:
3002 2403 3248 2449 senserat
3268 2395 3620 2463 captivatum,
3656 2396 3711 2450 id
3734 2406 3834 2461 est,

2233 2489 2523 2544 abductum
2551 2488 2617 2543 ad
2645 2487 3043 2544 sollicitudines
3055 2503 3311 2557 curasque
3329 2489 3579 2543 carnales
3593 2505 3724 2558 quae
3742 2492 3836 2546 les

2233 2584 2445 2653 peccati
2477 2592 2532 2637 et
2561 2582 2754 2636 mortis
2786 2592 3065 2651 operatur,
3100 2581 3440 2652 ingemiscens
3465 2595 3635 2648 super
3692 2579 3828 2648 bac,

2233 2690 2394 2743 quam
2426 2674 2625 2728 invitus
2650 2674 2977 2740 incurrerat,
3005 2674 3122 2741 lege
3157 2673 3375 2741 peccati,
3403 2671 3703 2727 confestim
3746 2690 3834 2728 re-

2234 2767 2407 2822 currit
2434 2768 2498 2820 ad
2544 2767 2845 2831 Christum,
2898 2776 2952 2821 et
2998 2767 3430 2837 ptazsentissima
3484 2768 3682 2835 gratia:
3716 2768 3832 2837 ejus

2234 2860 2608 2927 redemptione
2630 2861 2889 2915 salvatur.
2906 2860 3058 2928 Quod
3081 2876 3211 2931 ergo
3233 2861 3320 2915 lcx
3349 2861 3439 2915 illa
3464 2862 3697 2928 peccati,
3718 2877 3830 2931 que

2235 2954 2416 3024 spinas
2443 2968 2506 3009 ac
2532 2954 2759 3009 tribulos
2790 2954 3179 3024 cogitationum
3222 2969 3597 3025 curarumque
3635 2966 3830 3008 morta-

2236 3046 2368 3101 lium
2400 3045 2721 3101 naturaliter
2760 3049 2949 3117 gignit,
2983 3051 3145 3102 etiam
3175 3048 3226 3101 in
3259 3049 3567 3117 Apostoiici
3606 3049 3828 3118 pectoris

2239 3147 2381 3194 terra
2420 3140 2801 3195 sollicitudinis
2845 3140 3182 3211 germinarit,
3228 3141 3328 3195 ista
3364 3141 3450 3197 lex
3484 3146 3671 3212 gratia?
3700 3157 3817 3195 mox

537 3243 623 3289 est
648 3251 769 3288 eum
801 3237 983 3288 animo
1007 3245 1131 3289 ante
1160 3236 1468 3299 discedere,
1510 3251 1669 3305 quam
1712 3236 1913 3305 aliquid
1944 3253 2127 3294 eorum

2239 3230 2439 3287 avellit.
2474 3230 2580 3285 Lex
2606 3234 2767 3299 enim,
2802 3232 2992 3301 inquit,
3020 3234 3237 3299 spiritus
3261 3234 3381 3287 vitae
3408 3235 3462 3287 in
3488 3233 3821 3289 Christolas

535 3340 703 3381 carne
727 3325 1054 3378 committat.
1085 3326 1221 3392 Quid
1247 3335 1335 3379 est
1356 3328 1502 3379 enim
1539 3329 1743 3381 servire
1774 3329 1874 3397 legi
1902 3334 2128 3400 peccati,

534 3418 641 3475 nisi
672 3432 733 3471 ea
783 3432 905 3487 qua:
933 3433 964 3473 a
998 3426 1220 3487 peccato
1258 3418 1614 3488 imperantur,
1669 3418 1937 3487 implere?
1977 3421 2132 3489 Quod

535 3524 671 3583 ergo
704 3512 907 3581 peccati
938 3526 1110 3583 genus
1136 3521 1240 3578 est,
1272 3528 1379 3581 qtto
1406 3528 1527 3566 cum
1572 3526 1634 3568 se
1678 3522 1823 3567 tanta
1873 3514 2132 3569 sanctitas

539 3617 705 3675 atque
738 3604 999 3674 perfectio
1026 3606 1223 3660 sentiat
1248 3606 1531 3673 captivari,
1564 3606 1733 3675 gratia
1763 3614 1943 3659 tamen
1969 3605 2131 3663 Cltri-

537 3698 606 3754 sti
650 3712 755 3752 non
784 3696 1021 3767 ambigat
1074 3697 1442 3763 liberandum,
1494 3696 1680 3751 dicens
1732 3714 1745 3749 :
1797 3695 1997 3766 Infelix
2040 3716 2132 3771 ego

538 3788 715 3856 homo,
746 3791 859 3863 quis
887 3808 966 3845 me
994 3790 1230 3844 liberabit
1259 3790 1322 3843 de
1341 3806 1554 3860 corpore
1578 3790 1755 3844 mortis
1784 3789 1982 3859 hujus?
2011 3807 2134 3863 gra-

538 3886 609 3937 tia
640 3882 736 3937 Dei
767 3901 858 3953 per
885 3882 1062 3937 Iesum
1095 3880 1357 3938 Christum
1388 3882 1669 3935 Dominum
1694 3893 1926 3937 nostrunt
1952 3884 2130 3952 (Rom.

538 3977 665 4043 vn)?
679 3976 875 4043 Quam,
895 3976 1132 4045 inquam.
1154 3976 1325 4046 legem
1342 3975 1600 4030 membris
1624 3978 1822 4030 ttOsll‘is
1844 3976 2024 4031 inesse
2048 3977 2136 4031 lir-

536 4067 761 4125 mabitis
790 4084 909 4135 quae
946 4068 1229 4122 abstrahat
1262 4083 1359 4123 nos
1389 4084 1417 4121 a
1448 4069 1568 4138 lege
1604 4068 1719 4136 Dei,
1770 4079 1823 4124 et
1855 4073 2135 4138 captivans

537 4158 662 4229 lege
690 4161 916 4227 peccati,
951 4161 1193 4214 infelices
1222 4175 1321 4213 nos
1352 4160 1529 4229 potius
1559 4161 1719 4215 faciat
1750 4177 1909 4230 quam
1934 4178 2135 4217 nocen-

538 4258 647 4313 tes,
674 4259 732 4302 ut
760 4265 865 4303 non
900 4252 1120 4305 aeternis
1158 4251 1437 4320 suppliciis
1478 4252 1814 4315 addicamur,
1848 4254 1943 4307 sed
1978 4256 2133 4324 quasi

537 4341 608 4397 de
652 4347 953 4409 interrupto
1010 4343 1360 4398 beatitudinis
1414 4344 1612 4413 gaudio
1655 4345 2027 4414 suspirentus,
2079 4356 2136 4402 et

537 4436 921 4492 ausiliatorem
949 4434 1042 4503 qui
1066 4449 1163 4487 nos
1190 4436 1255 4489 ad
1282 4438 1331 4489 id
1356 4437 1596 4490 retrahat
1624 4435 1983 4505 inquirentes,
2010 4454 2130 4495 cum

540 4530 804 4597 Apostolo
837 4532 1247 4598 proclamemus,
1300 4526 1499 4598 Infelix
1547 4545 1640 4600 ego
1672 4528 1844 4596 homo,
1892 4531 2005 4601 quis
2054 4550 2134 4588 me

2238 3323 2466 3378 liberauit
2496 3340 2577 3378 me
2605 3340 2637 3378 a
2669 3323 2780 3395 lege
2810 3328 3006 3395 peccati
3027 3335 3073 3379 et
3094 3329 3271 3380 mortis
3297 3326 3477 3399 (Rom.
3517 3329 3662 3397 vm).

2837 3417 3066 3474 CAPUT
3120 3418 3263 3473 XVI.

2563 3507 2702 3575 Quid
2730 3509 2794 3563 sit
2821 3526 3007 3580 corpus
3030 3512 3226 3582 peccati
3258 3522 3305 3567 et
3336 3514 3545 3568 mortis.

2311 3600 2423 3656 Hoc
2449 3615 2580 3670 ergo
2612 3601 2923 3658 inevitabile
2969 3617 3169 3674 corpus
3199 3614 3281 3658 est
3316 3608 3533 3671 mortis,
3595 3606 3647 3661 in
3693 3605 3816 3677 quod

2238 3695 2460 3767 perfecti
2491 3696 2711 3767 quique,
2758 3698 2848 3767 qui
2897 3706 3257 3766 gustaverunt
3304 3714 3469 3768 quam
3524 3704 3702 3755 suavis
3745 3712 3818 3756 est

2238 3788 2526 3853 Dominus,
2561 3790 2804 3860 quotidie
2847 3791 3099 3857 revoluti,
3132 3793 3374 3847 sentiunt
3403 3808 3529 3848 cum
3578 3795 3815 3865 prOphets

2237 3900 2393 3953 quam
2420 3883 2616 3938 malum
2645 3884 2744 3938 sibi
2787 3893 2834 3937 et
2863 3900 3098 3937 amarum
3135 3886 3200 3939 sit
3231 3885 3499 3940 discedere
3539 3904 3572 3939 α
3615 3886 3812 3941 Domitio

2238 3976 2350 4031 Deo
2381 3993 2474 4032 suo
2506 3977 2722 4051 (Icrem.
2758 3977 2841 4047 ιι).
2887 3977 2998 4032 Hoc
3038 3986 3122 4033 est
3161 3994 3365 4048 corpus
3413 3981 3607 4035 mortis
3633 3983 3762 4048 quod
3785 3996 3809 4033 ι

2237 4070 2448 4125 caelesti
2492 4086 2585 4126 eos
2638 4071 2833 4125 intuitu
2880 4070 3168 4125 retrahens
3218 4073 3281 4125 ad
3317 4083 3538 4126 terrena
3567 4073 3803 4137 deducit;

2237 4163 2379 4232 quod
2423 4164 2714 4231 psallentes
2750 4178 2845 4218 eos
2894 4174 3057 4234 atque
3114 4165 3165 4219 in
3210 4165 3460 4222 oratione
3514 4178 3806 4235 prostratos,

2236 4255 2321 4309 vel
2353 4254 2614 4309 humanas
2640 4254 2871 4325 efﬁgies,
2907 4255 2993 4308 vel
3027 4270 3334 4321 sermones,
3364 4257 3449 4310 vel
3483 4258 3707 4327 negotia,
3740 4258 3811 4311 vel

2235 4356 2390 4401 actus
2434 4347 2561 4402 facit
2597 4348 2900 4418 superfluos
2951 4355 3273 4404 retractare.
3325 4349 3436 4403 Hoc
3493 4360 3574 4403 est
3629 4365 3813 4420 corpus

2237 4439 2451 4506 mortis,
2488 4438 2631 4507 quod
2674 4440 2995 4494 aunnlantes
3022 4442 3322 4511 angelicam
3353 4440 3705 4507 sanctitatem,
3758 4456 3811 4499 et

2237 4531 2480 4585 volentes
2534 4530 2764 4585 Domino
2815 4532 3015 4601 jogiter
3075 4533 3375 4597 inltzrrere,
3426 4531 3810 4601 perfectimiem

538 4620 771 4673 liberabit
793 4621 854 4673 de
882 4637 1095 4689 corpore
1125 4622 1303 4675 mortis
1333 4622 1530 4686 huius?
1554 4622 1761 4679 Abduci
1787 4640 2017 4695 namque
2041 4643 2133 4683 ca-
2161 4620 2213 4680 Ι)
2241 4637 2419 4679 tamen
2448 4623 2607 4693 hujus
2632 4623 2779 4688 boni,
2809 4626 2933 4694 quia
2958 4627 3147 4679 mortis
3178 4642 3373 4695 corpus
3406 4626 3635 4694 obsistit,
3668 4628 3813 4683 inve.

539 4715 745 4783 ptivutn
780 4718 832 4765 in
864 4714 1035 4783 legem
1066 4714 1297 4783 peccati,
1334 4715 1460 4784 quid
1484 4726 1570 4770 est
1594 4718 1738 4772 aliud
1782 4734 1942 4787 quam
1974 4719 2026 4774 itt
2054 4722 2125 4775 ef-

538 4806 683 4863 fectu
710 4806 915 4875 peccati
947 4816 1109 4875 atque
1128 4821 1292 4873 opere
1324 4810 1796 4875 permanere?Aut
1818 4815 1959 4882 quod
1985 4814 2130 4869 aliud

536 4901 841 4971 principale
879 4900 1095 4955 dabitur
1125 4900 1351 4963 bonum,
1383 4904 1524 4972 quod
1557 4905 1727 4959 sancti
1767 4907 1991 4975 exlilcre
2022 4923 2130 4962 non

538 4993 770 5063 possint,
804 4992 910 5048 nisi
962 4993 1015 5047 id
1050 4993 1114 5048 ad
1145 4993 1298 5061 cujus
1341 4995 1834 5066 comparationem,
1872 5007 1928 5051 ut
1971 5015 2134 5067 supra

538 5085 795 5148 diximus,
827 5086 1074 5141 universa
1104 5102 1203 5141 nec
1234 5089 1370 5142 bona
1402 5090 1572 5143 sunt?
1602 5087 1629 5127 δ
1650 5089 1717 5143 Ει
1739 5089 1953 5159 quidem
1981 5093 2135 5147 novi-

536 5193 661 5234 mus
707 5182 873 5235 multa
925 5194 1046 5235 esse
1102 5181 1152 5233 in
1185 5182 1284 5235 hoc
1316 5180 1516 5237 mundo
1556 5181 1714 5247 bona,
1753 5186 2130 5255 prwciptieque

536 5271 875 5345 pudicitiam,
906 5273 1315 5340 continentiam,
1340 5274 1788 5343 misericordiam,
1823 5288 2130 5347 temperan-

2239 4720 2357 4774 nirc
2386 4735 2491 4773 non
2529 4729 2773 4786 possunt,
2826 4720 2919 4773 sed
2964 4719 3166 4774 faciunt
3216 4722 3413 4775 malum
3446 4722 3583 4791 quod
3614 4726 3808 4795 nolunt,

2242 4812 2293 4867 id
2323 4821 2429 4878 est,
2465 4810 2818 4866 traducuntur
2844 4822 3024 4867 nteule
3052 4813 3214 4867 etiam
3248 4814 3311 4867 ad
3347 4814 3430 4867 illa
3462 4831 3580 4885 qua:
3604 4816 3665 4871 ad
3699 4833 3810 4885 pro-

2238 4906 2438 4961 iectum
2464 4908 2717 4960 virtutum
2749 4905 3248 4977 perfectionemque
3271 4924 3374 4961 non
3410 4911 3691 4975 pertinent.
3717 4911 3809 4963 De-

2239 4999 2422 5064 nique,
2446 5009 2501 5053 ut
2524 4998 2627 5053 hoc
2654 4998 2721 5054 de
2741 5001 2943 5053 Sanctis
2966 5010 3127 5069 atque
3156 5000 3411 5068 perfectis
3437 5002 3642 5069 sibique
3669 5003 3810 5057 sitni-

2237 5090 2377 5145 libus
2407 5104 2465 5145 se
2494 5090 2694 5144 dixisse
2748 5090 2940 5145 beatus
2988 5090 3289 5158 Apostolus
3326 5091 3606 5147 evidenter
3643 5095 3807 5161 expri-

2239 5194 2432 5250 meret,
2483 5183 2651 5253 digito
2708 5184 3111 5250 quodzttumodo
3175 5184 3525 5251 semetipsum
3576 5195 3807 5255 tactuque

2236 5278 2558 5348 designans,
2590 5275 2851 5330 continuo
2889 5273 3080 5331 infert:
3125 5274 3312 5346 Itaque
3359 5291 3454 5348 ego
3493 5277 3601 5344 ipse
3627 5277 3803 5351 (Rom.

1604 5393 1855 5449 ALARDI
1896 5394 2129 5450 GAZEI
2171 5393 2741 5452 COMMENTARIUS.

609 5478 871 5553 ‘Corpus
910 5483 1101 5537 mortis
1128 5481 1214 5536 hic
1242 5483 1493 5553 intelligit
1523 5494 1725 5539 statum
1772 5484 2000 5551 peccati.
2036 5486 2129 5553 qui

535 5552 721 5609 multis
750 5554 1058 5621 capitalium
1090 5552 1372 5607 criminum
1406 5552 1566 5609 veluti
1601 5556 1859 5609 tnetubris
1893 5552 2125 5620 constat,

534 5633 597 5696 ut
626 5640 693 5678 ex
721 5624 1167 5679 anIPCedettttbus
1197 5625 1387 5692 liquet.
1421 5624 1497 5679 De
1526 5642 1634 5696 quo
1665 5642 1893 5695 Corpore
1940 5630 2128 5679 mortis

537 5686 697 5768 docet
718 5697 1035 5760 Apostolutu
1068 5712 1174 5768 nun
1203 5686 1609 5768 esse-locutum,
1642 5686 1868 5752 cutn'ait
1893 5716 1905 5750 :
1934 5696 2129 5768 Infelix

534 5780 561 5812 ι
604 5784 630 5812 ο
678 5764 832 5815 homo
858 5782 875 5827 ;
903 5769 1016 5829 quis
1046 5783 1122 5816 me
1155 5766 1387 5819 liberabit
1416 5768 1480 5817 de
1529 5784 1739 5837 corpore
1770 5772 1945 5822 mortis
1973 5764 2127 5841 hujus

539 5781 716 5885 diem.
752 5833 896 5885 VII)?
932 5835 1027 5885 sed
1056 5836 1125 5885 de
1156 5837 1271 5885 leue
1303 5838 1509 5885 peccati
1534 5846 1588 5885 et
1628 5838 1850 5885 mortis-
1901 5839 1952 5885 id
2005 5852 2120 5885 ett-

539 5825 716 5885 (Rom.
752 5825 896 5897 vn)?
918 5825 1027 5887 sed
1056 5836 1125 5887 de
1156 5837 1271 5903 lege
1303 5838 1509 5903 peccati
1534 5846 1588 5892 et
1617 5825 1850 5903 'tuortis,
1901 5839 1953 5892 id
2005 5825 2121 5906 est,

2236 5489 2504 5556 pronitate
2556 5486 2813 5556 peccandi
2868 5499 2961 5538 seu
2991 5482 3200 5556 fomite
3231 5484 3483 5556 peccati,
3533 5494 3591 5539 ut
3625 5488 3807 5556 saepius

2233 5554 2433 5612 dictum
2460 5570 2543 5612 est
2574 5555 2740 5625 (Vide
2764 5555 2944 5610 collat.
2983 5554 3044 5607 12
3065 5570 3185 5619 cap.
3222 5554 3297 5623 I).
3329 5556 3421 5623 qui
3456 5556 3618 5610 etiam
3662 5554 3803 5623 jussis

2235 5628 2394 5691 inest,
2424 5628 2611 5697 visque
2640 5629 2912 5699 negotium
2946 5628 3194 5685 lacessit;
3226 5626 3368 5677 unde
3400 5627 3473 5699 ab
3508 5642 3574 5682 eo
3603 5628 3803 5684 liberari

2232 5710 2509 5765 expetunt.
2564 5698 2745 5764 Itaque
2775 5698 2995 5769 duples
3021 5708 3244 5769 corpus,
3284 5698 3482 5752 mortis
3511 5707 3565 5752 et
3596 5703 3803 5769 peccati,

2233 5772 2285 5825 in
2308 5764 2421 5821 hoc
2450 5782 2500 5823 et
2534 5772 2780 5838 sequenti
2807 5764 2924 5834 cap.
2949 5764 3249 5833 distinguit.

2302 5838 2329 5880 δ
2351 5839 2495 5896 Idem
2524 5853 2688 5910 Supra
2712 5857 2833 5911 cap.
2862 5840 2917 5894 ἓ.

3726 322 3875 385 ηπ
