3986 6188
150 361 317 421 s27:

768 356 1116 417 COLLATIO
1153 355 1344 415 XXIII.
1375 385 1445 400 —
1472 359 1560 417 DE
1601 359 1828 419 VELLE
1865 315 2127 432 BbNUM,
2170 361 2262 420 ET
2305 360 2542 421 AGERE
2581 362 2848 423 MALUM.

3312 365 3458 434 ηπ

147 491 236 534 vn
257 479 308 552 ),
341 476 396 535 id
424 485 528 545 est,
559 475 648 549 qui
669 474 785 532 hac
819 475 1133 546 pronuntio,
1175 490 1334 541 mete,
1367 492 1472 531 non
1503 477 1751 546 alterius,
1783 491 1833 550 Α
1858 479 2016 534 intres
2044 481 2098 533 in
2118 481 2381 552 judicium
2412 498 2529 536 cum
2553 498 2697 537 servo
2723 494 2833 550 tuo,
2867 485 2989 555 quia
3016 503 3118 541 non
3134 489 3455 558 jiistiﬁcabi-

140 572 520 628 conscientiae
548 573 779 624 latebras
810 568 1007 638 pando.
1040 569 1152 624 lloc
1191 583 1320 625 sane
1353 570 1638 626 locutionis
1667 589 1758 641 ge-

146 681 299 721 nere
323 667 424 719 l.im
451 665 656 718 liariter
687 664 761 718 uti
810 663 1100 731 Apostolus
1126 664 1285 726 solet,
1318 665 1360 718 si
1404 673 1621 734 quanito
1647 669 1757 722 vult

145 773 220 814 se
252 759 566 825 siiecialiter
607 758 922 828 designare,
953 761 1098 813 sicut
1126 759 1195 812 ibi
1223 777 1234 812 :
1269 757 1380 832 Ego
1410 761 1518 827 ipse
1561 761 1758 817 Paulus

146 854 377 908 obsecro
425 868 510 906 ros
558 867 648 921 per
687 853 1131 907 mansuetudinem
1163 863 1210 906 et
1241 857 1538 908 modestiam
1568 854 1758 910 Christi

152 946 230 1017 (ll
256 945 382 1000 Cor.
413 946 504 1014 x);
537 956 592 998 et
619 959 834 1000 rursum
859 963 874 998 :
906 945 1026 999 Nisi
1046 947 1184 1014 quod
1204 963 1295 1017 ego
1311 949 1419 1018 ipse
1432 965 1530 1002 non
1552 950 1758 1019 gravari

147 1055 252 1093 vos
290 1038 454 1106 (lbrd.
499 1037 642 1102 xit);
675 1049 728 1091 et
782 1039 1000 1102 iterum,
1037 1037 1144 1092 Sed
1183 1048 1314 1105 esto,
1361 1057 1454 1113 ego
1501 1043 1609 1109 ipse
1654 1059 1757 1098 non

148 1132 374 1202 gravavi
400 1147 484 1185 ros
519 1129 745 1195 (Ibid);
779 1142 830 1183 ot
880 1133 1004 1186 alibi
1035 1149 1050 1185 :
1094 1131 1207 1203 Ego
1243 1134 1350 1203 ipse
1400 1132 1596 1190 Paulus
1642 1138 1758 1189 dico

148 1225 324 1284 vobis.
362 1227 404 1276 si
431 1224 899 1288 circumcidamini,
930 1223 1166 1278 Christus
1195 1227 1333 1280 vobis
1377 1227 1506 1282 nihil
1533 1230 1757 1296 proderit

150 1315 372 1383 (Galot.
406 1315 482 1384 v).
517 1316 579 1368 Et
614 1316 676 1366 ad
709 1315 999 1377 anaiins,
1034 1318 1288 1387 Optabam
1332 1321 1468 1372 enim
1512 1337 1604 1391 ego
1651 1324 1759 1390 ipse

151 1411 448 1463 anathema
475 1425 581 1462 esse
611 1425 642 1461 a
669 1407 872 1462 Christo
905 1425 998 1475 pro
1029 1413 1276 1480 fratribus
1302 1415 1426 1466 meis
1447 1412 1623 1484 (Rom.
1656 1415 1756 1486 ix).

148 1499 349 1557 Potest
381 1513 560 1555 auten
613 1517 718 1554 non
751 1501 984 1555 absurde
1027 1505 1190 1556 etiam
1234 1509 1312 1558 sic
1351 1505 1545 1572 accipi,
1577 1517 1628 1558 nt
1661 1523 1757 1561 cx-

151 1607 406 1664 pressius
442 1608 564 1647 cum
616 1592 859 1661 emphasi
909 1596 1218 1661 pronuntiet
1258 1611 1273 1648 :
1305 1593 1489 1666 Itaque
1515 1613 1608 1666 ego
1653 1600 1761 1662 ipse

151 1683 363 1754 (Rom.
414 1682 550 1750 vti),
612 1683 665 1738 id
718 1695 823 1747 est,
858 1700 1016 1754 quem
1066 1690 1237 1742 nostis
1285 1701 1406 1743 csse
1454 1693 1756 1758 apostolum

151 1773 395 1843 Cliri~ti,
429 1793 589 1848 quem
623 1787 730 1833 tota
775 1780 1127 1851 stispicieiitia
1158 1789 1183 1817 ⁸
1213 1781 1568 1850 veiieraiiiini,
1599 1797 1758 1850 quem

1859 582 1940 627 tur
1971 573 2028 628 in
2067 585 2340 644 conspectu
2367 587 2453 629 tuo
2486 578 2650 630 omnis
2695 577 2867 630 vivens
2924 578 3096 649 (Psal.
3150 587 3340 652 C\Lll).
3387 583 3458 641 Et

1859 665 2019 720 illud:
2046 664 2073 704 ι)
2106 667 2231 735 Quis
2271 670 2580 741 gloriabitur
2627 681 2820 723 castum
2868 668 3053 726 habere
3079 689 3188 738 cor,
3229 687 3318 728 aut
3343 677 3458 744 quis

1859 761 2103 830 ﬁduciam
2132 761 2334 816 habebit
2363 779 2418 816 se
2446 765 2693 817 mundum
2711 781 2819 818 esse
2843 782 2874 818 a
2901 775 3109 836 peccato
3127 765 3308 836 (Prov.
3338 769 3459 839 xx)?

1862 855 1924 909 Et
1953 855 2149 909 iterum
2180 872 2194 909 :
2225 855 2344 909 Non
2374 867 2446 909 est
2467 859 2646 928 justus
2674 869 2695 896 ε
2741 859 2894 913 homo
2923 860 2976 912 in
3009 871 3148 913 terra
3183 862 3272 930 qui
3300 861 3458 930 faciat

1859 947 2047 1001 bonum
2078 957 2124 1001 et
2155 964 2256 1001 non
2300 958 2473 1020 peccet
2510 951 2734 1020 (I'Iccles.
2776 950 2891 1021 vti).
2943 953 3005 1005 Et
3058 952 3128 1005 ita
3184 955 3454 1008 iiiliriiiam

1862 1039 2139 1094 hoiiiiiiim
2172 1042 2662 1113 imperfectumque
2695 1042 2958 1112 jttSllIi-Illl
2991 1059 3055 1099 ac
3085 1045 3454 1102 misericordia

1865 1132 1952 1186 Dei
1975 1148 2176 1200 sempei
2219 1134 2490 1205 indignam
2523 1150 2644 1189 esse
2664 1147 2971 1202 senserunt,
3004 1148 3060 1191 ut
3089 1154 3226 1192 unus
3250 1153 3316 1194 cx
3341 1141 3450 1206 liis,

1861 1226 2014 1297 cujus
2047 1227 2356 1296 iniquita‘es
2403 1238 2459 1283 et
2499 1239 2713 1295 peccata
2770 1230 2909 1285 Dens
2957 1232 3125 1286 misso
3171 1232 3240 1288 de
3289 1232 3450 1288 altari

1863 1319 2033 1386 ignita
2061 1322 2210 1374 verbi
2243 1319 2324 1374 sui
2356 1322 2591 1375 carbone
2623 1322 2892 1392 purgavit,
2952 1335 3072 1392 post
3128 1324 3180 1378 ill
3201 1341 3270 1378 im
3305 1325 3454 1380 miri-

1862 1412 2016 1468 ﬁcam
2048 1415 2690 1484 contempiationeniDei.
2722 1428 2841 1486 post
2862 1417 3112 1472 intuitum
3140 1419 3451 1474 sublimium

1863 1509 2137 1573 serapliini
2203 1519 2257 1564 ct
2311 1511 2702 1565 revelationeni
2765 1525 3229 1568 sacramentorum
3286 1513 3452 1568 cccle-

1864 1602 2052 1664 stium,
2078 1601 2223 1656 dicat
2254 1621 2266 1654 :
2294 1599 2319 1638 ἀ
2362 1602 2451 1657 Va:
2481 1603 2627 1666 nubi,
2652 1605 2774 1676 quia
2801 1607 2873 1658 vir
2903 1609 3134 1676 pollutus
3165 1608 3314 1662 labiis
3352 1624 3450 1679 ego

1866 1707 1999 1757 sum,
2031 1702 2080 1746 et
2122 1694 2177 1746 in
2225 1696 2392 1748 medio
2433 1699 2612 1768 pepuli
2671 1698 2872 1766 polluta
2909 1699 3047 1752 labia
3079 1702 3311 1754 habentis
3357 1716 3452 1770 ego

1865 1785 2037 1840 habito
2069 1784 2250 1852 (Isaiae
2276 1790 2372 1857 vi).
2418 1789 2540 1857 Qui,
2572 1797 2711 1845 sicut
2743 1793 3008 1858 arbitror,
3035 1793 3294 1849 labiornni
3326 1810 3452 1851 suo-

151 1871 387 1923 cretlitis
413 1885 678 1925 summum
701 1882 862 1942 atque
885 1875 1178 1940 perlectum
1211 1889 1354 1940 esse,
1384 1884 1435 1928 et
1465 1876 1645 1944 inquo
1681 1878 1757 1930 lo-
1792 1875 1838 1936 Β
1863 1893 1982 1932 rum
2019 1879 2409 1936 immunditain
2442 1898 2542 1937 nec
2586 1893 2710 1938 tunc
2737 1884 2954 1954 quidem
2995 1884 3223 1942 fortaSse
3250 1887 3450 1943 sensis-

154 1960 352 2030 quitur
387 1962 655 2030 Christus,
686 1981 807 2018 cum
839 1977 1017 2021 mente
1045 1966 1277 2020 serviam
1317 1966 1416 2037 legi
1448 1967 1561 2032 Dei,
1594 1984 1757 2025 carne

155 2061 346 2109 tamen
373 2055 475 2125 legi
509 2058 714 2125 peccati
735 2058 936 2112 servire
969 2073 1053 2113 me
1079 2059 1271 2126 fateor,
1296 2058 1398 2114 hoc
1427 2070 1530 2124 est,
1554 2059 1758 2117 disten-

153 2145 314 2204 tione
344 2149 672 2203 conditionis
715 2150 961 2205 humana:
1010 2153 1273 2206 interdum
1325 2153 1395 2208 de
1439 2154 1757 2210 coelestibus

154 2239 232 2293 ad
276 2249 491 2294 terrena
540 2241 800 2295 devolvor
848 2253 900 2298 et
942 2242 1008 2297 ad
1037 2259 1198 2298 curas
1247 2246 1530 2300 humilium
1574 2262 1754 2302 rerum

155 2333 366 2390 mentis
401 2349 532 2388 mea:
575 2334 806 2390 altitudo
836 2336 1159 2404 prolabitur,
1208 2354 1304 2409 per
1342 2355 1502 2408 quam
1549 2341 1756 2411 peccati

156 2425 344 2497 legem
389 2427 462 2482 ita
500 2431 787 2483 momentis
829 2431 1057 2500 singulis
1111 2446 1198 2487 me
1239 2433 1418 2487 sentio
1467 2435 1755 2502 captivai-i,

157 2531 218 2574 ιιι
252 2524 496 2589 quamvis
520 2521 780 2576 immobili
805 2523 948 2577 circa
996 2525 1170 2594 legem
1199 2525 1290 2580 Dei
1313 2524 1586 2580 desiderio
1626 2541 1754 2594 per-

159 2624 432 2679 severem,
483 2615 631 2668 nullo
663 2623 840 2669 tamen
871 2617 1030 2669 modo
1074 2618 1180 2671 vim
1222 2616 1383 2685 hujus
1432 2620 1756 2684 captivi'atis

162 2705 399 2760 evadere
426 2721 513 2761 me
542 2722 702 2774 posse
731 2708 932 2778 sentio,
966 2710 1067 2765 nisi
1113 2712 1404 2782 confugero
1446 2728 1663 2782 semper
1689 2715 1754 2770 ad

161 2799 395 2867 gratiam
418 2797 738 2856 Salvatoris.

750 2897 977 2955 CAPUT
1029 2898 1190 2954 XVII.

167 2985 322 3054 Quod
348 2989 515 3044 sancti
535 3005 708 3044 omnes
730 2993 974 3046 veraciter
994 2993 1292 3048 immundos
1311 3011 1366 3050 se
1394 3002 1442 3050 et
1471 3003 1757 3064 peccatores

703 3078 813 3116 esse
832 3067 1050 3134 confessi
1079 3075 1222 3120 sunt.

241 3171 305 3227 Et
337 3171 537 3228 idcirco
577 3174 908 3243 quotidianis
952 3177 1205 3247 suspiriis
1236 3181 1404 3232 sancti
1438 3195 1626 3235 omnes
1661 3195 1758 3250 pro

1860 1981 1962 2040 set,
1998 1973 2100 2028 nisi
2137 1989 2312 2028 veram
2371 1974 2718 2042 perfeCtionis
2766 1991 2820 2031 et
2866 1979 3125 2046 intu-grain
3161 1980 3449 2046 piirit.itetn

1861 2067 2318 2134 contemplatione
2351 2067 2441 2122 Dei
2491 2070 2778 2123 meruisset
2831 2083 3150 2138 agnoscere,
3183 2069 3340 2139 cujus
3365 2072 3449 2125 iti-

1860 2158 1999 2213 tuitu
2025 2160 2382 2230 pollutionem
2411 2176 2560 2215 suam
2592 2161 2692 2216 sibi
2717 2172 2842 2216 ante
2873 2163 3198 2231 incognitam
3228 2172 3448 2224 repente

1861 2254 2135 2323 Cognovit.
2171 2253 2306 2308 Cum
2354 2258 2497 2309 enim
2529 2256 2624 2320 ait,
2664 2254 2755 2308 Vw
2785 2256 2912 2308 mihi
2948 2257 3070 2326 quia
3113 2257 3190 2310 vir
3219 2257 3452 2327 pollutus

1860 2347 2013 2401 labiis
2053 2365 2145 2418 ego
2189 2365 2323 2412 sum,
2373 2348 2439 2402 de
2489 2363 2710 2402 suorum
2762 2350 2864 2404 lioc
2908 2349 3208 2410 liibioruni,
3247 2351 3449 2405 nonde

1859 2441 2040 2510 populi
2069 2441 2388 2508 pollutione,
2417 2442 2750 2505 ciinlcssuiii,
2778 2441 2981 2510 iilqiiod
3012 2445 3255 2511 sequitur
3276 2441 3450 2496 niani-

1860 2530 2056 2585 l'estat:
2103 2531 2166 2584 Et
2193 2534 2241 2584 in
2279 2534 2446 2586 medio
2480 2534 2658 2600 populi
2679 2534 2874 2602 polluta
2906 2533 3042 2587 labia
3083 2533 3315 2587 habentis
3355 2549 3448 2604 ego

1862 2623 2055 2676 habito.
2079 2623 2184 2679 Sed
2213 2626 2372 2677 etiam
2387 2640 2507 2678 cum
2531 2640 2693 2680 oratis
2709 2633 3052 2694 peccatorum
3069 2626 3217 2696 quasi
3235 2641 3450 2681 univer-

1860 2717 2051 2772 salium
2081 2719 2472 2772 immunditiam
2502 2719 2812 2784 copuletur,
2859 2733 2963 2774 non
3000 2719 3303 2788 iniquorum
3335 2730 3451 2774 tan-

1861 2817 1994 2872 tum,
2029 2809 2123 2862 seil
2150 2810 2312 2864 etiam
2361 2809 2627 2879 juStorutn
2659 2810 2870 2880 plebem
2901 2811 3142 2878 generali
3176 2811 3451 2879 supplica-

1861 2902 2009 2957 tione
2053 2905 2433 2972 complectitur
2462 2903 2673 2966 diceiis,
2725 2901 2860 2956 Ecce
2889 2913 2942 2955 tu
2991 2903 3155 2954 iratus
3195 2918 3246 2954 es
3289 2910 3335 2956 et
3363 2917 3455 2956 nos

1861 2996 2214 3064 peccavimus,
2265 2996 2317 3047 in
2362 2995 2488 3060 ipsis
2542 2995 2731 3062 fuimus
2775 3009 2975 3063 semper
3021 3003 3068 3046 et
3108 2993 3453 3062 salvabimur,

1865 3096 1889 3126 ο
1903 3089 2027 3156 facti
2043 3103 2219 3141 sumus
2243 3096 2299 3140 ut
2326 3087 2622 3140 immundus
2639 3102 2810 3141 omnes
2830 3102 2954 3152 nos;
2970 3094 3228 3155 tamquam
3253 3102 3454 3152 pannus

1862 3191 2221 3246 menstruatte,
2276 3181 2522 3234 universa:
2560 3179 2781 3252 justitite
2827 3189 3018 3232 nostra:
3062 3175 3244 3250 (Isaice
3285 3175 3452 3247 Lstv).

170 3262 271 3319 hac
299 3266 615 3321 substantias
643 3284 756 3322 sua:
785 3267 1078 3337 fragilitate
1100 3274 1432 3341 comptincti,
1461 3275 1588 3328 dum
1611 3279 1756 3346 cogi—
1786 3270 1832 3333 C
1864 3275 2013 3345 Rogo
2037 3273 2162 3345 quid
2193 3273 2498 3329 evidentius
2529 3276 2630 3326 bac
2665 3281 2845 3342 potest
2867 3286 2989 3325 esse
3024 3272 3314 3333 sententia,
3351 3283 3456 3340 qua

173 3357 434 3413 talionum
463 3363 756 3416 varietates
785 3370 841 3414 et
887 3363 1233 3419 conscientia:
1275 3378 1386 3418 sua:
1435 3365 1670 3420 latebras
1697 3383 1759 3423 ac

171 3453 462 3520 penetralia
512 3462 940 3524 perscrutantur,
972 3456 1288 3526 suppiiciter
1327 3461 1599 3514 clamant:
1635 3458 1758 3514 Non

1867 3384 1974 3424 non
2008 3382 2169 3422 unam
2203 3377 2411 3423 tantum
2436 3408 2451 3431 ,
2504 3365 2598 3422 sed
2649 3366 2926 3421 universas
2951 3364 3188 3435 jnstitias
3241 3375 3459 3418 noetras

1868 3461 2132 3533 pr0pheta
2162 3463 2504 3531 complexus,
2550 3470 2605 3514 et
2645 3456 3091 3528 circumspiciens
3121 3460 3300 3513 omnia
3340 3468 3458 3525 qua:

1235 3597 1493 3654 ALARDI
1534 3599 1771 3656 ΟΑΖᾸΞῙ
1810 3598 2384 3656 COMMENTARIUS.

249 3693 271 3722 ³
298 3685 665 3754 Suspicientia,
698 3686 750 3741 id
779 3697 882 3752 est,
921 3691 1225 3746 reverentia
1267 3702 1324 3746 et
1363 3694 1755 3758 ailiiiirstinne;

174 3772 206 3810 a
234 3760 396 3830 verbo
426 3761 679 3824 SllSplCIl',
741 3761 882 3828 quod
929 3769 1012 3814 est
1068 3777 1277 3815 sursum
1337 3763 1560 3830 aspicio.
1606 3765 1760 3817 Illum

174 3827 332 3901 enim,
365 3831 706 3901 suspicimus.
756 3827 915 3899 quem
969 3832 1120 3901 quasi
1153 3847 1316 3900 supra
1372 3827 1469 3886 nos
1521 3845 1750 3901 positum

172 3898 494 4006 askicieutes
521 3898 868 3956 admiramur.

309 3968 528 4006 Vulg-mas
558 3972 724 4006 mliti“
759 3993 769 4001 ι
835 3973 868 4006 Il

309 3968 528 4039 Vulgata
558 3972 724 4025 editio
759 3993 771 4024 :
835 3973 963 4039 Quis
1011 3982 1174 4043 potest
1220 3973 1389 4026 dicere
1430 3988 1448 4026 :

176 4051 250 4093 est
281 4056 367 4113 cor
398 4057 594 4102 meum,
637 4059 796 4109 purus
824 4060 934 4097 sum
967 4061 996 4095 a
1027 4056 1234 4113 peccato
1270 4043 1452 4113 (Prov.
1498 4045 1625 4112 xx)?
1663 4045 1762 4099 Ubi

176 4111 475 4184 notandum.
535 4113 706 4184 inquit
764 4114 825 4184 D.
884 4111 1442 4184 Hiei'uiiytitits,quod
1483 4132 1581 4169 non
1635 4117 1761 4171 ait:

184 4180 498 4254 Quisipotest
525 4180 778 4254 mundum
807 4183 993 4238 habere
1021 4180 1130 4252 cor,
1171 4195 1217 4238 ct
1258 4180 1416 4254 purus
1445 4203 1552 4239 esse
1578 4202 1609 4238 a
1643 4203 1762 4252 pec-

173 4253 468 4315 cato?sed,
500 4253 624 4320 Quis
664 4264 826 4322 potest
877 4258 1071 4324 dicere,
1129 4253 1298 4325 inquit
1330 4275 1342 4309 :
1382 4257 1636 4310 Mundam
1687 4268 1762 4312 est

176 4339 268 4396 cor
295 4339 475 4396 meum.
507 4341 664 4387 purus
691 4343 802 4378 sum
826 4343 858 4378 a
905 4329 1149 4396 peccato?
1196 4329 1328 4393 Quia
1348 4340 1465 4382 sunt
1504 4329 1611 4396 qui,
1656 4330 1764 4382 lar-

173 4393 347 4465 giente
365 4393 538 4470 divina
559 4397 742 4470 gratia,
770 4393 1001 4470 possunt,
1023 4403 1182 4470 juxta
1221 4393 1760 4464 humanum-modium

173 4473 228 4534 et
255 4466 420 4518 cordis
449 4473 495 4518 et
524 4468 692 4534 operis
718 4466 901 4520 habere
955 4466 1280 4522 munditiam.
1335 4469 1484 4525 Unde
1534 4482 1606 4524 est
1633 4471 1762 4524 illud

179 4533 563 4610 ﬂaminicam:
583 4535 726 4610 Beati
750 4539 941 4610 mundo
969 4541 1140 4600 corde.
1171 4541 1410 4610 quoniam
1453 4543 1553 4610 ipsi
1603 4541 1763 4595 Deum

175 4607 410 4658 videbunt
439 4605 655 4678 (.lliittlt.
693 4614 762 4676 ν).
793 4607 855 4660 Et
880 4611 934 4662 in
962 4610 1159 4676 psalmo
1183 4605 1211 4662 ἐ
1261 4611 1387 4673 Quis
1433 4605 1669 4665 ascendet
1711 4616 1761 4664 in

175 4688 400 4754 montem
423 4677 650 4754 Domini,
685 4689 776 4731 aut
809 4681 921 4748 quis
951 4682 1102 4754 stabit
1156 4681 1207 4732 in
1255 4681 1367 4754 loco
1398 4693 1573 4734 sancto
1616 4685 1766 4754 ejus?

175 4746 441 4819 Innocens
474 4749 707 4802 manibus
736 4762 783 4802 et
822 4746 1024 4803 'mundo
1071 4756 1222 4804 conte
1251 4750 1472 4813 (l’salm.
1504 4746 1677 4819 χχιιι).
1704 4756 1766 4807 Si

1506 3972 1762 4027 Mundam

177 4817 314 4870 enim
368 4835 513 4871 nemo
547 4821 792 4873 mundum
839 4820 987 4875 habet
1009 4839 1116 4886 cor,
1150 4839 1309 4888 neque
1338 4823 1474 4874 ullus
1502 4817 1662 4894 purus
1691 4818 1780 4876 est.

181 4905 216 4962 ᾳ
255 4898 486 4954 peccato.
516 4905 825 4962 consequens
848 4905 920 4944 est
951 4897 1197 4962 profecto.
1231 4905 1282 4946 ut
1326 4895 1501 4946 nutus
1525 4895 1765 4946 ascendat

181 4960 237 5012 in
260 4975 475 5012 montem
506 4958 742 5017 llomiiii'.
775 4964 946 5016 nullus
971 4958 1235 5016 hominum
1259 4974 1354 5016 stet
1377 4966 1427 5015 in
1451 4967 1560 5016 loco
1590 4973 1766 5017 sancto

182 5033 312 5094 ejus.
345 5031 480 5096 Quia
510 5047 626 5082 vero
653 5041 851 5085 caustut
897 5044 1084 5087 multos
1113 5051 1413 5087 ast-casuros
1457 5035 1509 5086 in
1549 5044 1768 5088 montem

183 5100 416 5160 Domini.
447 5111 773 5169 staturusque
800 5102 986 5156 inloco
1014 5116 1187 5157 sancto
1216 5110 1364 5169 eius;
1392 5115 1546 5158 restat
1596 5107 1766 5169 utique

185 5182 243 5224 ut
270 5172 366 5246 sint
393 5173 538 5225 multi
567 5174 762 5246 mundo
792 5177 943 5227 corde
963 5183 1030 5236 et,
1055 5179 1213 5246 juxta
1236 5175 1475 5228 humatur
1504 5175 1731 5246 possibili
1743 5206 1764 5216 -

185 5244 303 5295 tatis
332 5248 564 5305 modum,
592 5245 708 5309 puri
735 5260 767 5295 ει
799 5256 1003 5310 peccato
1031 5244 1160 5308 {nec
1185 5261 1351 5298 tamen
1380 5244 1603 5312 seipSum
1633 5247 1770 5311 quis-

185 5330 335 5382 quam
368 5314 618 5366 mundum
647 5317 799 5368 corde
820 5327 866 5368 ct
892 5317 1169 5369 immunem
1195 5333 1302 5370 esse
1352 5333 1382 5368 a
1433 5328 1636 5382 peccato
1656 5316 1771 5370 abs-

185 5385 586 5457 quetemeritate
613 5395 931 5457 pronuntiat.
965 5386 1140 5440 Stulta
1181 5399 1254 5440 est
1299 5403 1514 5456 namque
1551 5404 1771 5457 propria:

189 5455 359 5530 laudis
379 5455 654 5530 iastantiii,
680 5457 1003 5530 ti’inerarium
1044 5457 1108 5510 dc
1136 5475 1230 5512 sita
1256 5455 1503 5530 qtteiiiqite
1533 5455 1770 5511 innocen-

189 5527 258 5578 tia
285 5527 579 5607 veljustittti
602 5527 838 5607 gloriari.

263 5606 284 5634 ο
316 5596 368 5650 ld
397 5605 502 5662 est,
535 5596 626 5664 qui
657 5597 733 5651 ~ic
788 5613 1002 5656 Semper
1050 5596 1212 5654 faciat
1268 5599 1488 5660 bonum.
1532 5607 1589 5652 ut
1621 5615 1774 5654 ntim-

191 5682 346 5737 quam
376 5678 582 5733 peccet,
616 5669 722 5729 vel,
750 5676 806 5718 iit
833 5669 970 5722 iiil'ra
994 5674 1234 5734 exponit,
1276 5670 1438 5723 Nemo
1469 5671 1517 5721 in
1566 5671 1660 5723 hac
1680 5681 1774 5723 tcr-

190 5753 249 5792 ra
276 5746 378 5787 tam
407 5751 644 5799 saucius,
678 5746 778 5787 tam
809 5737 1058 5807 diligens.
1091 5751 1195 5794 tam
1223 5745 1474 5804 intentus,
1507 5742 1584 5794 vel
1611 5743 1772 5804 potuit

194 5819 450 5882 utinquam,
478 5807 559 5882 vel
577 5808 769 5882 poterit
820 5811 1035 5882 iuvi-uiri
1056 5827 1075 5876 ,°
1116 5815 1202 5882 qui
1240 5830 1356 5866 vero
1405 5812 1482 5865 illi
1509 5828 1568 5863 ac
1596 5814 1770 5866 sinon-

197 5874 444 5934 lai'ibono
469 5879 752 5951 itajugiter
793 5879 957 5934 valeat
987 5874 1260 5952 iit/itererc,
1298 5895 1354 5937 ut
1394 5899 1500 5938 non
1543 5884 1770 5939 quotidie

1870 3695 1934 3748 ab
1965 3711 2021 3747 eo
2052 3695 2358 3746 distractum
2383 3707 2435 3743 se
2457 3689 2637 3742 sentiat
2668 3687 2967 3757 deliquisse.

1938 3761 1962 3798 ἀ
1985 3766 2192 3830 Integra
2218 3762 2485 3815 sententia
2511 3753 2819 3827 propliette‘:
2859 3756 2944 3810 Va:
2971 3753 3119 3819 mihi,
3143 3755 3264 3826 quia
3281 3757 3458 3830 tacui,-

1865 3834 1985 3900 quia
2017 3836 2092 3884 vir
2107 3827 2348 3902 pollutus
2372 3831 2532 3902 labiis
2559 3846 2653 3902 ego
2678 3845 2809 3889 sum,
2844 3840 2949 3902 etc.
3004 3830 3134 3902 Quit!
3180 3827 3341 3902 verba
3393 3828 3456 3888 Ι).

1868 3895 2225 3970 Πιυιοιιγῖιιιις
2257 3901 2466 3956 iluobos
2490 3895 2664 3954 modis
2710 3898 2973 3961 θιιιο·ιὶι;
3013 3895 3201 3964 Isaias,
3255 3901 3457 3965 inquit.

1848 3975 2010 4046 juxta
2036 3971 2181 4046 LX}
2205 3971 2540 4040 Iiiterpretes.
2569 3980 2930 4031 compunctum
2984 3985 3037 4022 se
3093 3985 3200 4021 esse
3249 3978 3460 4024 testatur

1867 4048 2080 4098 dicens:
2114 4043 2158 4096 0
2191 4047 2342 4097 miser
2389 4059 2502 4112 ego,
2529 4045 2775 4112 quoniam
2797 4049 3158 4112 compunctus
3181 4055 3328 4112 sum;
3356 4057 3458 4112 nim

1867 4117 1929 4170 ob
1955 4119 2061 4169 alia
2098 4115 2331 4181 crimina,
2358 4109 2447 4168 sed
2473 4109 2596 4184 quia
2625 4115 2759 4166 labia
2785 4111 2989 4164 haberet
3019 4111 3303 4184 immunda.
3361 4109 3461 4163 Fe-

1866 4187 1947 4241 lix
1973 4188 2285 4241 conscientia
2310 4201 2422 4254 qua:
2451 4182 2645 4238 tantum
2693 4185 2747 4237 iii
2796 4199 3025 4254 sermone
3074 4182 3319 4254 peccavit,
3355 4198 3457 4234 non

1865 4276 1958 4313 suo
1981 4261 2120 4318 vitio,
2166 4259 2254 4312 sed
2305 4252 2543 4310 societate
2590 4255 2766 4324 pOpuli
2818 4252 3046 4307 habentis
3073 4252 3274 4324 polluta
3301 4252 3458 4318 labia,

1869 4345 1980 4382 Cum
1999 4347 2099 4398 quo
2130 4329 2268 4401 loqui
2293 4329 2569 4394 saepissime
2599 4329 2889 4401 cogebatur.
2930 4324 3020 4401 Ea:
3051 4341 3150 4401 quo
3179 4327 3462 4401 ostenditur

1867 4395 2080 4453 noxium
2107 4395 2213 4455 esse
2242 4402 2406 4454 vivere
2426 4414 2543 4451 cum
2570 4395 2937 4468 pergitoribus.
2983 4397 3084 4460 Qui
3111 4400 3263 4468 Aenii"
3295 4395 3460 4465 tangit

1869 4471 2051 4540 picem.
2077 4473 2426 4540 inquinabitur
2454 4469 2518 4522 ab
2541 4465 2600 4522 ea
2631 4466 2854 4532 (Et'Cle'S.
2898 4478 3040 4535 xm).
3067 4539 3071 4540 ί
3095 4465 3201 4520 Sed
3243 4468 3364 4535 quia
3409 4469 3460 4518 in

1871 4539 2092 4593 llebrteo
2119 4541 2372 4609 legimus:
2411 4539 2502 4593 Va:
2533 4541 2657 4592 milii
2688 4543 2817 4609 quia
2834 4551 2989 4609 tacui,
3020 4539 3217 4609 plangit
3246 4554 3298 4587 se
3339 4551 3463 4609 pro-

1872 4609 2040 4682 pheta.
2071 4604 2190 4678 quid
2220 4628 2321 4663 non
2372 4612 2523 4680 fuerit
2566 4612 2751 4682 digitus
2800 4607 3016 4682 laudare
3045 4604 3324 4682 Dominum
3356 4604 3456 4682 Stt-

1873 4675 2025 4752 baot/t
2051 4675 2477 4752 ciiiit__serapliiiit,
2509 4675 2642 4744 quo;
2667 4680 2925 4752 angelicas
2949 4675 3278 4752 fortitudines
3306 4678 3462 4752 intel-

1871 4751 2095 4821 ligimus.
2155 4749 2275 4802 Non
2318 4746 2428 4871 [ait
2480 4762 2650 4802 autem
2699 4746 2855 4804 ausus
2907 4749 3122 4800 laudare
3164 4746 3462 4812 Dominum,

1871 4838 1990 4871 auia
2021 4819 2156 4871 labia
2188 4819 2314 4871 habe
2351 4829 2401 4871 at
2435 4821 2723 4871 immunda.
2771 4825 2890 4871 auia
2931 4835 3049 4871 cum
3076 4829 3338 4871 peccatore
3371 4833 3462 4871 no-

1871 4819 1990 4890 quia
2021 4819 2156 4873 labia
2188 4819 2723 4890 ltiibebatiimnunda.
2771 4825 2890 4886 quia
2931 4835 3049 4872 cum
3076 4829 3338 4890 peccatore.
3370 4833 3466 4886 po-

1871 4888 1993 4961 pulo
2020 4894 2334 4944 versabatur.
2377 4889 2468 4942 Vcl
2489 4900 2622 4961 certe
2643 4893 2714 4941 ita
2740 4890 3124 4954 intelligendum
3175 4905 3193 4942 :
3219 4888 3354 4953 Quia
3387 4897 3466 4961 ta_-

1873 4958 1978 5022 cui,
2011 4975 2058 5013 ct
2081 4978 2182 5013 non
2213 4963 2461 5013 audacter
2505 4959 2686 5012 Osiam
2739 4962 2952 5026 impium
2999 4977 3166 5027 regem
3211 4958 3462 5027 cariipui,

1877 5032 1994 5085 idco
2037 5033 2171 5085 labia
2213 5048 2324 5084 mea
2353 5033 2620 5083 immunda
2646 5039 2784 5092 sunt,
2827 5040 2874 5081 et
2907 5030 3080 5082 laudis
3117 5029 3322 5080 Domini
3349 5044 3466 5081 cum

1879 5104 2076 5173 angelis
2104 5112 2312 5156 cantare
2333 5118 2434 5154 non
2478 5102 2665 5162 audeo,
2695 5116 2756 5152 ne
2789 5100 2911 5173 milii
2936 5099 3141 5151 dicatur
3170 5115 3188 5151 :
3221 5099 3392 5163 Quare
3412 5111 3467 5151 ιιι

1879 5171 2088 5228 enarras
2107 5175 2343 5244 justitias
2370 5188 2527 5232 mtas,
2557 5181 2604 5224 et
2632 5171 2856 5244 assumis
2896 5179 3253 5244 testamentum
3305 5184 3468 5244 meum

1878 5262 1968 5315 per
1999 5261 2054 5297 os
2077 5237 2220 5298 tuum
2251 5243 2474 5308 (Psaliii.
2505 5242 2682 5315 xuii)?
2704 5258 2807 5315 non
2839 5251 2916 5315 est
2938 5242 3072 5315 enim
3097 5239 3312 5310 pulchra
3349 5237 3468 5315 lou-

1879 5309 2022 5368 datio
2051 5317 2102 5368 in
2131 5332 2216 5368 ore
2248 5317 2524 5380 peccatoris
2564 5309 2788 5381 (Eccles.
2835 5312 2946 5377 xv).
3002 5309 3118 5364 [loc
3139 5319 3308 5381 autem
3339 5311 3465 5381 dicit

1880 5403 1992 5438 inus
2023 5403 2123 5439 non
2148 5379 2284 5452 quod
2308 5383 2502 5438 Isaiam
2526 5379 2676 5435 talem
2707 5382 2864 5440 luisse
2883 5383 3180 5444 doceamus,
3204 5379 3299 5452 sed
3327 5379 3465 5452 quod

1881 5458 1987 5528 ipse
2030 5474 2121 5522 pro
2156 5450 2446 5528 tiutiiilitatc
2472 5465 2537 5528 Aet
2577 5453 2856 5506 immundis
2887 5463 3089 5506 tantum
3137 5451 3288 5504 labiis
3329 5450 3470 5503 indi-

1878 5526 2032 5598 gnum
2059 5544 2112 5580 se
2145 5526 2243 5580 Dei
2271 5527 2426 5580 laude
2456 5526 2700 5598 fateatur.

1952 5607 1974 5634 θ
2005 5597 2058 5650 In
2108 5598 2245 5670 lianc
2272 5590 2594 5670 seiitettttaut
2640 5591 2758 5646 vide
2797 5607 2917 5663 qua!
2941 5607 3103 5662 supra
3135 5590 3466 5670 notavimus.

1875 5685 2033 5739 quam
2071 5670 2156 5724 hic
2197 5668 2400 5722 Atii-tor
2426 5669 2493 5720 ad
2521 5680 2674 5739 suum
2700 5678 2918 5739 sensum
2951 5670 3144 5739 trahit,
3165 5679 3286 5719 cum
3316 5668 3470 5739 iusta

1876 5733 2109 5794 mentem
2144 5743 2421 5808 propheta:
2450 5739 2516 5789 atl
2543 5738 2687 5808 solos
2717 5734 2910 5804 impios
2931 5745 2990 5808 et
3041 5738 3335 5808 sceleratos
3376 5733 3471 5789 Ju-

1872 5812 2019 5866 daios
2051 5804 2337 5866 referenda
2368 5812 2459 5879 sit,
2487 5816 2547 5862 ut
2571 5806 2773 5860 dictum
2803 5816 2885 5860 est
2920 5804 3075 5880 (Cap.
3105 5805 3183 5878 4).
