3986 6188
173 305 316 373 1293

1104 313 1446 373 COLLAT-IO
1489 318 1680 375 XXIV.
1710 349 1781 363 --
1810 320 1896 377 DE
1937 319 2542 378 MORTIFICATIONE.

3327 331 3469 388 ηθι

169 427 289 484 haec
309 425 552 498 squalida
584 427 639 482 in
667 427 860 496 quibus
890 427 1158 498 degimus,
1188 430 1272 485 vel
1306 431 1371 486 ad
1403 432 1488 486 illa
1521 432 1766 504 Scythio-
1794 442 1848 500 Α
1874 435 2020 490 velut
2045 435 2166 506 equi
2197 434 2436 490 ell'renes
2479 435 2531 489 in
2559 434 2774 491 diversa
2813 436 3164 506 pervolitant.
3209 441 3314 496 Sed
3343 460 3465 501 cum

171 523 279 578 lica
297 532 346 590 ο,
361 523 607 578 venerint
627 522 766 589 loca,
783 522 943 578 tantis
963 525 1343 594 cogitationum
1359 526 1606 593 aestibus,
1624 536 1771 584 tanta

170 616 336 671 animi
370 616 640 669 anxietate
667 623 960 682 vexantur,
992 626 1051 671 ut
1077 618 1232 686 quasi
1265 618 1424 676 rudes
1449 628 1503 674 et
1529 621 1620 690 qui
1643 621 1771 676 soli-

173 709 373 765 tudinis
400 708 656 764 exercitia
692 723 758 762 ne
797 709 990 764 leviter
1016 710 1231 780 quidem
1264 711 1555 781 aliquando
1602 699 1802 767 contia'

172 802 374 871 geriut,
406 800 890 856 commorationem
912 801 1067 856 cellae
1091 811 1146 856 et
1169 804 1364 872 quietis
1394 803 1613 859 silentia
1641 805 1773 860 tole-

173 908 295 947 rare
323 907 430 947 non
465 892 704 961 possint;
733 900 894 962 atque
918 909 984 948 ex
1015 893 1094 948 eis
1122 894 1304 948 statim
1352 897 1594 963 excussi,
1633 904 1772 952 tam-

175 999 336 1053 quam
385 992 635 1053 expertes
680 993 735 1038 et
781 985 967 1039 novitii
1017 987 1422 1054 perturbentur.
1477 989 1590 1042 Non
1629 990 1774 1044 enim

172 1074 367 1129 sedare
394 1074 668 1129 interioris
695 1074 927 1130 hominis
957 1085 1136 1130 motus
1158 1086 1212 1132 et
1235 1079 1621 1148 cogitationum
1653 1095 1774 1136 sna-

177 1184 296 1222 rum
326 1169 730 1238 tempestatibus
758 1169 1003 1236 obviare,
1025 1170 1137 1240 jugi
1174 1172 1539 1228 sollicitudine
1567 1189 1629 1229 ac
1658 1190 1777 1240 per-

177 1261 450 1316 severanti
467 1261 764 1318 intentione
785 1262 1110 1331 didicerunt,
1139 1266 1226 1335 qui
1253 1267 1622 1324 subdivalibus
1643 1285 1776 1338 quo-

180 1352 314 1406 tidie
344 1353 590 1421 operibus
620 1352 970 1422 desudantes,
1004 1363 1112 1409 tota
1141 1355 1233 1412 die
1265 1357 1364 1414 sub
1403 1373 1561 1415 aerea
1605 1360 1774 1415 inani-

178 1451 312 1511 tate,
343 1458 446 1498 non
476 1445 650 1498 solum
682 1459 931 1516 corpore,
963 1462 1150 1502 verum
1179 1453 1340 1504 etiam
1374 1461 1556 1507 mente
1580 1468 1775 1522 pervo-

176 1533 350 1600 litant,
388 1545 442 1590 et
471 1537 828 1606 cogitationes
855 1553 982 1593 suas
1016 1553 1139 1594 cum
1175 1540 1467 1596 mobilitate
1509 1557 1776 1614 corporea

178 1627 380 1696 passim
413 1628 466 1681 in
499 1639 684 1698 aperta
713 1628 1038 1688 diffundunt.
1088 1632 1154 1688 Et
1196 1631 1400 1687 idcirco
1445 1636 1777 1692 multivolam

177 1721 346 1775 animi
374 1722 456 1775 sui
484 1723 725 1778 sentiunt
751 1724 1067 1792 vanitatem,
1100 1740 1201 1781 nec
1231 1726 1347 1796 ejus
1379 1727 1618 1784 lubricos
1647 1744 1778 1798 pos-

1871 527 1937 582 ad
1966 543 2206 598 praesens
2229 529 2296 583 de
2324 529 2438 584 suis
2461 529 2607 584 velut
2631 530 2857 587 stabulis
2901 543 3216 601 evagentur,
3257 542 3466 606 capitur

1872 620 2055 674 statim
2097 621 2316 690 aliquod
2357 621 2442 676 vel
2492 621 2653 678 breve
2699 623 2782 678 vel
2815 624 2969 680 triste
3009 627 3286 684 solatium.
3335 628 3468 687 Cum

1874 726 2026 776 vero,
2055 726 2285 780 corpore
2315 712 2383 767 ad
2412 713 2606 768 cellam
2637 715 2906 783 propriam
2943 729 3242 783 remeante,
3284 737 3470 777 rursus

1875 805 2030 875 quasi
2060 806 2126 860 ad
2172 807 2354 862 sedem
2398 821 2552 862 suam
2602 818 2794 864 cuncta
2838 813 3225 882 cogitationum
3255 826 3469 872 caterva

1877 899 2196 962 recurrerit,
2225 898 2502 967 graviores
2530 900 2724 955 excitat
2757 902 3009 958 Stimulos
3041 905 3153 973 ipsa
3197 906 3469 962 invetera-

1877 997 1946 1043 tae
1973 988 2208 1044 licentia:
2231 990 2591 1046 consuetudo.
2626 990 2691 1046 iii
2712 1007 2842 1064 ergo
2867 995 2957 1064 qui
2985 997 3214 1051 necdum
3248 1009 3472 1067 possunt

1876 1082 1961 1136 vel
1995 1081 2187 1136 nolunt
2219 1083 2557 1138 voluntatum
2585 1097 2804 1138 suarum
2847 1085 3280 1156 instigationibus
3328 1091 3473 1144 relu-

1878 1172 2036 1236 ctari,
2065 1189 2208 1242 cum,
2237 1174 2421 1229 acedia
2453 1183 2640 1243 pectus
2667 1175 2944 1231 insolitum
2976 1179 3349 1234 vehementius
3376 1183 3473 1234 im-

1880 1273 2170 1333 pugnante,
2218 1265 2358 1318 intra
2405 1265 2595 1319 cellam
2635 1264 2839 1320 fuerint
2884 1268 3115 1334 anxiati,
3168 1271 3211 1323 si
3245 1286 3471 1340 progre-

1877 1355 2058 1410 diendi
2105 1355 2302 1426 saepius
2352 1359 2658 1414 libertatem
2696 1360 2796 1414 sibi
2839 1363 3070 1417 remissa
3119 1364 3473 1421 districtionis

1879 1447 1997 1517 lege
2024 1451 2421 1515 concesserint,
2446 1453 2709 1508 acriorem
2740 1453 3024 1508 adversum
3052 1470 3110 1510 se
3139 1466 3342 1525 pestem
3373 1458 3475 1512 hoc

1880 1551 1937 1593 ut
1981 1551 2189 1610 putant,
2217 1543 2457 1596 remedio
2507 1543 2888 1614 suscitabunt,
2941 1546 3081 1600 sicut
3127 1548 3475 1614 gelidissimas

1878 1649 2031 1702 aqum
2061 1633 2256 1689 haustu
2280 1636 2386 1688 vim
2416 1636 2753 1691 internarum
2784 1635 3012 1690 febrium
3036 1639 3252 1708 quidam
3280 1641 3473 1694 restin‘

1878 1740 2046 1794 gnere
2077 1741 2236 1795 posse
2267 1742 2326 1781 se
2354 1727 2602 1793 credunt,
2637 1743 2757 1782 cum
2794 1729 2978 1798 utique
3009 1731 3218 1784 accindi
3251 1747 3316 1785 ex
3349 1732 3473 1797 hoc,

179 1825 307 1870 sunt
333 1831 583 1871 coercere
618 1816 924 1882 discursus;
975 1834 1077 1873 nec
1124 1820 1508 1876 contritionem
1559 1821 1780 1890 spiritus
1809 1817 1857 1877 B
1885 1818 2062 1887 ignem
2110 1818 2259 1873 illum
2291 1829 2505 1874 constet
2551 1820 2727 1889 potius
2755 1835 2915 1890 quam
2963 1822 3162 1887 sedari,
3212 1824 3478 1892 siquidem

179 1905 454 1973 ferentes,
503 1907 904 1963 intolerabilem
950 1909 1052 1963 sibi
1081 1909 1252 1980 ipsam
1285 1912 1486 1966 silentii
1521 1912 1602 1966 sui
1630 1915 1778 1967 testi-

177 2001 668 2072 mantjugitatem,
712 2016 776 2056 ac
820 2002 1108 2058 laboriosis
1146 2005 1288 2060 ruris
1329 2006 1585 2074 operibus
1628 2006 1779 2062 inde-

178 2093 336 2161 lessi,
366 2093 657 2148 vincuntur
686 2094 822 2162 otio,
852 2103 908 2149 et
931 2095 1126 2165 quietis
1155 2110 1266 2153 suae
1292 2097 1646 2155 diuturnitate
1671 2099 1780 2155 las-

176 2192 394 2240 santur.

829 2279 1056 2336 CAPUT
1100 2281 1142 2335 V

182 2369 340 2436 Quod
371 2371 669 2443 evagatione
692 2373 1181 2446 corporisgravetur
1205 2373 1373 2446 magis
1397 2390 1559 2445 quam
1582 2374 1771 2431 relevm

698 2451 780 2494 tur
805 2443 976 2495 cordis
1006 2444 1257 2500 anxietas.

253 2554 363 2611 Nec
393 2555 590 2611 mirum
622 2556 668 2611 si
706 2556 758 2610 in
805 2557 940 2612 cella
982 2558 1106 2627 quis
1151 2559 1398 2614 residens
1433 2561 1587 2629 quasi
1631 2561 1772 2616 intra

177 2647 545 2703 arctissimum
576 2649 902 2715 claustrum,
945 2650 1360 2718 cogitationibus
1403 2652 1774 2722 congregatis,

181 2740 518 2794 anxietatum
550 2739 896 2797 multitudine
935 2739 1246 2809 suﬂ'ocetur,
1289 2757 1410 2813 quae
1446 2743 1515 2799 de
1541 2744 1775 2799 carceri-

177 2831 286 2889 bus
316 2831 605 2887 habitaculi
635 2847 760 2888 cum
791 2831 1010 2889 homine
1045 2844 1482 2904 prorumpentes,
1516 2836 1774 2891 continuo

1887 1924 2320 1967 momentaneam
2375 1914 2525 1967 illam
2584 1913 2973 1970 relevationem
3040 1917 3210 1970 multo
3259 1920 3479 1987 gravior

1889 2015 2258 2076 consequetur
2286 2005 2532 2060 afﬂictio.

2494 2115 2723 2172 CAPUT
2775 2117 2860 2173 Vl.

1894 2230 2009 2298 Quo
2058 2240 2207 2300 pacto
2258 2232 2538 2284 monachus
2583 2233 2916 2302 cogitationes
2965 2236 3226 2291 custodire
3275 2238 3476 2294 debeat.

2316 2302 2658 2355 similitudine
2704 2305 3042 2360 demonstrat.

1949 2459 2312 2528 Quamobrem
2342 2460 2411 2513 ita
2452 2459 2701 2514 monachi
2731 2461 2912 2516 omnis
2943 2462 3174 2518 intentio
3213 2464 3266 2518 in
3301 2481 3476 2523 unum.

1877 2566 2095 2620 semper
2138 2560 2220 2604 est
2259 2550 2562 2620 deligenda,
2605 2562 3032 2621 cunctarumque
3081 2555 3470 2624 cogitationum

1849 2638 1998 2712 "ejus
2026 2651 2177 2697 ortus
2201 2656 2263 2696 ac
2290 2642 2604 2697 circumitus
2634 2642 2690 2696 in
2715 2643 2968 2713 idipsum,
3012 2644 3063 2698 id
3107 2657 3208 2716 est,
3255 2648 3323 2701 ad
3358 2665 3474 2704 me-

1880 2737 2107 2792 moriam
2138 2734 2232 2790 Dei
2260 2745 2479 2790 strenue
2511 2735 2834 2801 revocandi;
2873 2737 3014 2792 velut
3044 2738 3088 2792 si
3114 2739 3234 2808 quis
3272 2738 3301 2778 1)
3329 2742 3478 2797 absi-

1878 2831 1961 2885 dis
1986 2844 2256 2884 cameram
2287 2827 2475 2882 volens
2505 2827 2557 2882 in
2583 2829 2814 2884 sublime
2843 2830 3194 2899 concludere,
3227 2832 3476 2890 subtilis-

1251 2967 1509 3022 ALARDI
1548 2964 1783 3023 GAZIEI
1820 2960 2388 3021 COMMENTARIUS.

173 3059 422 3134 piendus,
447 3061 640 3131 inquit,
674 3061 730 3114 in
761 3061 986 3134 oratorio
1016 3076 1192 3113 coram
1236 3059 1470 3134 omnibus
1516 3061 1780 3134 promittat

175 3131 247 3187 de
273 3132 549 3186 stabilitate
577 3147 692 3196 sua,
735 3133 905 3186 sciens
949 3131 1056 3199 lege
1085 3132 1435 3194 constitutum,
1475 3131 1612 3197 quod
1639 3133 1686 3184 ei
1716 3147 1778 3185 ex

175 3204 275 3258 illa
302 3203 382 3257 die
405 3220 505 3257 non
530 3205 680 3257 liccat
701 3204 763 3256 de
794 3204 1098 3255 monasterio
1121 3203 1310 3272 egredi,
1348 3218 1442 3254 nec
1472 3201 1666 3255 collum
1685 3219 1776 3256 ea:—

178 3285 354 3347 cutere
383 3275 443 3327 de
470 3274 562 3327 sub
582 3278 716 3347 jugo
751 3273 984 3347 Regulw,
1019 3282 1124 3327 etc.
1157 3275 1412 3347 Quamvis
1444 3276 1587 3347 enim
1611 3273 1773 3347 clau-

176 3361 306 3400 sura
331 3346 381 3397 in
405 3342 613 3399 ratione
641 3342 946 3398 stabilitatis
975 3360 1077 3396 non
1108 3342 1414 3397 necessario
1443 3344 1769 3410 includatur,

177 3427 245 3469 ut
270 3417 467 3470 dictum
496 3427 600 3477 est,
643 3426 824 3470 tamen
869 3415 936 3468 ad
985 3430 1103 3468 eam
1150 3415 1447 3480 reducitur,
1499 3427 1770 3484 quatenus

1885 3059 2346 3130 quovisrogentur,
2373 3052 2626 3130 nisilorte
2654 3053 2715 3130 ab
2737 3053 3024 3130 abbatesuo
3047 3057 3119 3130 eis
3137 3060 3476 3130 precipiatur

1885 3117 1990 3183 etc.
2029 3126 2121 3179 His
2144 3117 2352 3178 accedit
2383 3125 2440 3176 Ι).
2473 3123 2776 3178 Bernardus
2803 3125 2859 3178 D.
2890 3117 3162 3182 Benedicti
3194 3117 3475 3189 mn-tulator

1883 3197 2152 3269 egregius,
2187 3196 2342 3264 cujus
2374 3204 2455 3269 est
2485 3195 2612 3248 illud
2647 3197 2963 3264 pra'clarum
2988 3201 3216 3268 elogium
3246 3220 3256 3253 :
3286 3203 3474 3260 Merito

1881 3266 2247 3340 comparantur
2277 3266 2472 3338 stagnis
2507 3269 2833 3340 monasteria,
2867 3270 2953 3322 ubi
2979 3266 3355 3335 quodammodo
3393 3277 3475 3331 in-

1879 3338 2127 3414 cure-erati
2149 3341 2310 3414 pisces
2332 3338 2580 3414 evagandi
2605 3355 2705 3414 non
2730 3339 3249 3414 habeantilibertatctn
3275 3344 3473 3414 (Serm.

1878 3414 1944 3466 de
1969 3413 2028 3468 S.
2064 3409 2328 3480 Andrea).
2366 3409 2641 3480 Postrema
2674 3410 2904 3478 denique
2953 3413 3151 3480 Regula
3195 3415 3250 3467 S.
3284 3409 3475 3471 'Fran-

177 3487 286 3542 sub
321 3473 626 3541 obedientia
669 3488 914 3555 religiosa
961 3487 1290 3550 continetur,
1339 3473 1451 3540 sive
1495 3473 1768 3555 quatenus
1799 3473 1845 3538 C
1878 3487 2007 3539 cisci
2035 3485 2101 3536 ab
2136 3473 2371 3555 Honorio
2400 3479 2466 3532 Ill
2507 3473 2846 3555 conﬁrmata,
2879 3488 2934 3534 et
2975 3473 3115 3537 iuier
3143 3488 3473 3550 approbatas

176 3557 419 3626 legitime
467 3568 515 3611 et
559 3559 850 3611 scentulum
899 3555 1158 3621 Regulam
1204 3559 1500 3622 imponitur
1528 3572 1592 3611 ac
1636 3574 1774 3626 prte-

179 3629 457 3682 scribitur.
487 3627 645 3684 Unde
677 3628 738 3680 [ἱ.
772 3627 1084 3682 Bernardus
1113 3630 1272 3696 epist.
1303 3629 1334 3681 7
1367 3644 1379 3680 :
1417 3628 1506 3681 Sic
1536 3637 1584 3678 te
1614 3628 1770 3681 stabi-

179 3699 308 3757 lem.
350 3701 538 3769 inquit,
578 3701 634 3752 in
666 3701 776 3751 loco
817 3698 1086 3760 exhibeas,
1128 3708 1186 3751 ut
1225 3698 1394 3750 abbati
1434 3699 1620 3769 subjici
1666 3714 1772 3752 non

178 3766 478 3825 contemnas
499 3787 517 3836 ;
550 3771 624 3823 sic
651 3769 858 3823 obedias
884 3771 1118 3823 subditus
1140 3770 1330 3831 abbati,
1361 3779 1416 3821 ut
1440 3766 1774 3822 stabilitatem

177 3841 286 3894 loci
315 3858 416 3893 non
459 3846 685 3894 amittas.
737 3840 800 3894 Et
829 3839 1272 3895 Turrecrematus
1321 3839 1374 3892 in
1419 3854 1540 3892 eum
1591 3838 1770 3892 locum

177 3911 402 3979 Regulae
439 3929 452 3964 :
480 3910 580 3963 Per
609 3911 957 3972 stabilitatem.
998 3911 1188 3979 inquit,
1221 3909 1435 3979 astringi
1467 3909 1774 3978 intelligitur

176 3983 488 4040 monachus,
526 3983 660 4049 quod
686 3982 827 4034 nullo
853 3984 1008 4034 modo
1037 3983 1235 4034 deserat
1263 3979 1648 4044 monac/tatam,
1680 3997 1770 4033 nec

174 4053 296 4106 sine
319 4054 611 4104 necessitate
631 4061 676 4104 et
703 4054 978 4120 superioris
1006 4053 1308 4104 auctoritate
1336 4061 1484 4105 exeat
1517 4060 1775 4104 monaste-

174 4123 341 4175 rium.
372 4122 641 4187 Secundo,
675 4123 797 4176 dum
831 4124 898 4177 de
927 4123 1147 4176 ostiario
1180 4125 1292 4176 sive
1315 4121 1554 4192 portario
1584 4128 1771 4176 mona-

174 4195 339 4248 sterii
368 4193 438 4247 ita
468 4194 695 4248 sollicite
716 4193 952 4262 disponit
973 4209 1091 4259 cap.
1117 4194 1184 4248 67
1212 4213 1224 4245 :
1251 4193 1331 4248 Ad
1358 4203 1561 4264 portam
1590 4209 1770 4246 mona-

171 4265 325 4320 sterii
357 4275 571 4331 ponatur
599 4279 755 4317 senex
779 4265 1006 4334 sapiens,
1035 4267 1122 4335 qui
1151 4266 1276 4318 sciat
1306 4265 1536 4330 accipere
1555 4280 1770 4335 respon-

173 4351 300 4389 sum
328 4344 374 4388 et
400 4335 627 4389 reddere.
663 4335 766 4400 Qui
785 4333 968 4387 cellam
998 4333 1142 4406 debet
1169 4337 1354 4389 habere
1366 4340 1522 4406 juxta
1545 4333 1768 4406 portam,

175 4415 243 4477 ut
275 4407 522 4477 venientes
549 4421 746 4471 semper
772 4417 1069 4477 prwsetttem
1100 4405 1376 4477 inveniant,
1407 4418 1510 4461 etc.
1545 4405 1730 4460 Tertio
1751 4446 1767 4470 ,

175 4475 314 4531 dum
357 4476 550 4530 ibidem
590 4475 790 4541 subdit,
825 4477 1062 4530 imitatus
1111 4476 1250 4530 haud
1293 4478 1457 4531 dubie
1503 4477 1770 4532 lsidorum

177 4547 362 4607 illum,
394 4549 458 4600 de
479 4562 585 4615 quo
612 4562 806 4614 supra:
829 4547 1200 4600 Monasterium
1226 4559 1414 4611 autem,
1442 4548 1486 4601 si
1510 4547 1624 4614 ﬁeri
1653 4564 1772 4615 pos-

175 4617 267 4680 sit,
301 4619 374 4670 ita
410 4617 557 4670 debet
604 4620 853 4682 construi,
892 4627 949 4671 ut
993 4619 1165 4670 omnia
1215 4619 1528 4680 necessaria,
1564 4618 1618 4670 id
1663 4628 1767 4682 est,

174 4704 340 4758 aqua,
365 4690 735 4752 molendinum,
760 4688 963 4752 hortus,
999 4689 1289 4756 pistrinum,
1313 4690 1390 4742 vel
1406 4699 1539 4742 artes
1557 4689 1773 4743 diversa:

173 4761 326 4813 intra
357 4761 718 4813 monasterium
745 4772 1102 4827 exerceantur,
1150 4771 1204 4812 ut
1247 4776 1348 4813 non
1389 4761 1453 4814 sit
1492 4760 1768 4813 necessitas

175 4829 448 4922 moqacltis
478 4832 695 4922 vagandi
728 4831 900 4922 foras;
921 4831 1042 4901 quia
1069 4833 1275 4914 omnino
1297 4848 1399 4885 non
1423 4832 1626 4922 egpedit
1651 4832 1768 4913 ani-
1797 4859 1851 4922 Β

174 4900 365 4972 mabus
389 4900 586 4955 eorum.
615 4901 836 4968 Quarto,
869 4900 996 4956 dum
1019 4905 1192 4970 capite
1224 4902 1466 4972 sequenti
1499 4902 1564 4956 de
1593 4901 1771 4956 fratri-

173 4971 284 5026 bus
313 4973 494 5041 aliquo
523 4976 850 5041 proiecturis
877 4988 1078 5042 agens:
1111 4971 1398 5042 Dirigendi,
1431 4975 1624 5042 inquit,
1660 4974 1772 5038 [rod

175 5051 286 5094 tres
309 5042 364 5094 in
393 5045 548 5107 viam,
589 5044 819 5096 omnium
861 5044 1080 5113 fratrum
1106 5046 1183 5096 vel
1219 5044 1414 5098 abbatis
1456 5059 1510 5096 se
1552 5045 1773 5097 orationi

174 5113 558 5186 commendent.
593 5115 660 5168 Et
698 5114 833 5186 infra
862 5133 872 5166 :
901 5113 1013 5167 Nec
1043 5126 1314 5185 prasumat
1357 5115 1630 5186 quisquam
1655 5114 1774 5167 aliis

171 5183 371 5248 referre
412 5200 739 5253 quwcumqne
779 5185 906 5253 foris
939 5183 1302 5239 monasterium
1343 5183 1524 5238 viderit
1553 5183 1630 5236 vel
1679 5201 1774 5236 au-

170 5253 355 5320 dierit,
383 5256 504 5328 quia
539 5257 764 5328 plurima
794 5257 1071 5328 destructio
1093 5269 1196 5328 est.
1230 5255 1383 5328 Quod
1424 5257 1477 5328 si,
1502 5255 1612 5321 quis
1634 5269 1771 5328 prta:

169 5327 473 5393 sumpserit,
506 5325 746 5380 vindicta:
767 5327 993 5396 regulari
1015 5327 1298 5397 subjaceot.
1326 5325 1576 5381 Similiter
1605 5334 1652 5377 et
1681 5325 1773 5394 qui

169 5400 560 5466 praesumpserit
584 5399 807 5452 claustra
837 5401 1130 5450 monasterii
1168 5399 1358 5464 egredi,
1403 5397 1479 5451 vel
1522 5411 1772 5464 quocum-

170 5481 278 5538 que
306 5467 401 5533 ire,
435 5469 515 5522 vel
541 5470 806 5536 quidpiam
838 5468 1102 5538 (quamvis
1147 5467 1373 5538 parum),
1394 5467 1502 5519 sine
1531 5467 1772 5538 jussione

168 5536 377 5608 abbatis
424 5539 616 5608 facere.
665 5535 1116 5606 Eodem'spectat
1148 5535 1204 5591 et
1247 5537 1400 5600 illud,
1445 5535 1586 5604 quad
1622 5552 1670 5588 c.
1699 5535 1764 5590 51

167 5607 396 5679 Βεειιιω
422 5607 674 5665 statuitur
696 5611 764 5666 de
788 5611 1040 5664 fratribus
1063 5609 1151 5677 qui
1177 5622 1280 5662 non
1305 5608 1436 5661 satis
1464 5610 1618 5675 longe
1640 5621 1768 5679 pro-

168 5677 490 5736 ﬁciSwntur
513 5700 526 5736 :
553 5681 788 5757 Fratres,
823 5683 909 5751 qui
934 5695 1027 5751 pro
1065 5680 1240 5757 quat-is
1272 5693 1511 5757 responso
1553 5677 1768 5757 proﬁci-

167 5761 404 5818 scuntur,
439 5762 487 5805 et
515 5770 574 5806 ea
603 5754 686 5806 die
724 5771 776 5807 se
805 5749 1016 5828 sperant
1044 5751 1225 5803 reverti
1259 5749 1328 5828 ad
1371 5749 1765 5828 utonasterium,

167 5834 277 5879 non
315 5835 638 5888 praesumant
681 5825 815 5890 [oris
862 5821 1197 5892 manducare,
1249 5820 1451 5878 etiamsi
1496 5820 1702 5878 omnino
1738 5832 1772 5873 α

225 5895 508 5965 εέιιῖμιέεὶιῗῗ

1802 5907 1842 5919 μ

1884 3560 2232 3609 annumerata
2291 3551 2438 3620 hanc,
2473 3550 2735 3601 clausura:
2785 3550 2953 3618 legem
3001 3562 3053 3604 et
3097 3555 3472 3620 pra-scriptum

1881 3641 1986 3678 non
2014 3621 2381 3694 prmtermisit,
2409 3619 2536 3670 dum
2565 3619 3078 3694 etiarn-praedicandi
3113 3629 3166 3694 et
3187 3621 3252 3674 ad
3278 3619 3472 3681 intide-

1879 3697 1960 3749 les
1990 3688 2383 3746 convertendos
2426 3688 2657 3741 exeundi
2707 3689 2974 3742 licentiam
3022 3705 3049 3742 a
3093 3691 3357 3747 ministris
3410 3707 3469 3752 et

1880 3762 2250 3833 superioribus
2283 3758 2566 3833 petendam
2612 3760 2857 3814 decernit
2885 3758 3050 3832 (Cap.
3083 3762 3137 3826 9,
3191 3764 3309 3833 12).
3356 3767 3466 3823 Sed
3496 3819 3499 3822 ,

1879 3832 2137 3890 hactenus
2168 3834 2233 3886 de
2264 3832 2500 3885 clauSIro
2530 3840 2581 3884 et
2610 3833 2857 3884 clausura
2904 3832 3291 3889 monachorum
3331 3840 3465 3896 satis

1877 3907 2078 3961 dictum
2112 3904 2341 3957 videtur.
2378 3902 2450 3955 De
2489 3901 2737 3956 clausura
2767 3911 2946 3957 autem
2981 3905 3298 3960 monialiutn
3334 3909 3464 3964 vide

1881 3977 2176 4031 Navarrum
2209 3974 2295 4028 tibi
2329 3987 2510 4040 supra.

1954 4059 1976 4082 εί
2023 4047 2377 4115 Designantur
2410 4044 2494 4097 hic
2525 4052 2634 4115 tres
2663 4043 2996 4115 celebriores
3026 4047 3194 4100 eremi
3233 4048 3349 4104 sive
3375 4064 3467 4106 so-

1879 4114 2234 4191 litudinesab
2263 4116 2499 4191 anachor
2511 4114 2615 4191 etis
2630 4114 2759 4191 illis
2780 4116 3152 4191 frequentatio,
3187 4117 3462 4191 Calamus,

1879 4191 1989 4244 alio
2016 4189 2234 4243 nomine
2263 4186 2595 4258 Porpltyrio;
2622 4185 2884 4258 Thebais,
2925 4188 3041 4243 sive
3070 4189 3377 4257 Thebaida;
3411 4185 3468 4249 ei

1879 4262 2060 4334 Seeti,‘
2083 4263 2196 4315 sive
2222 4256 2578 4334 S_eeticn,’_vel
2613 4256 2970 4328 Scythiotica,
3005 4269 3064 4315 ut
3089 4260 3178 4334 hic
3216 4256 3463 4334 vocatur,

1878 4342 1932 4386 et
1965 4334 2016 4388 itt
2047 4331 2131 4386 his
2160 4332 2305 4385 varia
2337 4329 2786 4384 anachoretarum
2815 4342 2867 4385 et
2890 4333 3279 4402 monachorum
3312 4329 3468 4394 iusti-3

1880 4413 1991 4458 tuta
2025 4415 2079 4459 et
2106 4403 2319 4459 vivendi
2350 4403 2586 4457 rationes
2614 4402 2868 4457 diversae.
2903 4403 3033 4458 Nam
3064 4405 3155 4456 alii
3186 4406 3324 4457 intra
3348 4409 3464 4460 cel-

1879 4473 2019 4530 lulas
2064 4489 2188 4529 suas
2229 4473 2339 4529 fere
2382 4474 2585 4528 assidui
2623 4482 2678 4527 et
2716 4474 2937 4537 inclusi,
2982 4473 3222 4540 exceptis
3271 4475 3467 4532 diebus

1879 4545 2072 4613 quibus
2110 4545 2176 4598 ad
2217 4545 2460 4612 synaxim
2493 4545 2577 4598 vel
2618 4543 2685 4598 ad
2724 4543 3018 4597 Ecclesiam
3057 4545 3463 4611 procedendum

1878 4627 2017 4678 erat,
2051 4624 2365 4683 perpetuum
2394 4614 2665 4668 silentium
2703 4614 3024 4680 servabant,
3056 4613 3309 4678 orationi,
3349 4632 3465 4672 me-

1880 4685 2150 4748 ditationi,
2185 4683 2402 4738 lectioni
2434 4695 2486 4738 et
2528 4685 2677 4753 aperi
2711 4701 2964 4739 manuum
3012 4684 3166 4738 statis
3215 4685 3360 4738 horis
3409 4696 3466 4742 et

1880 4756 2210 4823 temporibus
2244 4754 2490 4821 privatim
2523 4765 2797 4810 vacantes.
2834 4756 2938 4810 Alii
2977 4757 3103 4811 licet
3139 4758 3192 4810 in
3232 4757 3468 4814 desertis

1877 4835 1935 4881 et
1977 4826 2175 4880 abditis
2220 4826 2354 4879 locis
2390 4825 2668 4890 degentes,
2713 4835 2889 4880 tamen
2931 4843 3038 4880 non
3087 4829 3153 4881 ita
3193 4833 3378 4884 stricte
3409 4838 3468 4884 et

1879 4899 2094 4952 assidue
2124 4897 2237 4950 suis
2264 4895 2515 4951 claustris
2536 4904 2588 4948 et
2612 4894 2824 4950 cellulis
2855 4897 3263 4960 cohibebantur,
3298 4909 3352 4951 ut
3379 4901 3466 4956 hic

1879 4969 2095 5032 dicitur,
2131 4968 2255 5037 quin
2293 4967 2493 5036 sar-pius
2535 4965 2707 5037 etiam
2729 4967 2792 5019 ad
2821 4968 2980 5021 urbes
3009 4979 3061 5021 et
3090 4969 3192 5019 alia
3224 4971 3337 5022 loca
3368 4985 3468 5025 ex-

1881 5035 2184 5104 currerent,
2229 5035 2394 5091 immo
2424 5046 2479 5092 et
2507 5035 2871 5101 agriculturae,
2911 5046 2966 5092 et
3001 5038 3316 5105 colligendis
3358 5043 3465 5095 tru-

1879 5110 2080 5176 ctibus,
2131 5125 2194 5163 ac
2221 5107 2488 5162 metendis
2532 5106 2773 5173 frugibus
2812 5123 2914 5161 suo
2952 5117 3195 5176 tempore
3242 5125 3467 5175 Operam

1880 5181 2104 5245 dabant,
2155 5196 2261 5249 quo
2296 5191 2408 5232 tum
2439 5179 2561 5242 sibi,
2595 5189 2703 5231 tum
2736 5179 2874 5249 aliis,
2920 5181 3118 5232 victum
3169 5193 3423 5247 pararent
3457 5225 3469 5246 ,

1881 5261 2067 5315 utpote
2097 5248 2213 5305 laici
2239 5251 2498 5317 plerique,
2533 5255 2588 5301 et
2617 5263 2718 5301 non
2752 5248 2874 5302 aliis
2905 5249 3267 5308 functiouibus
3303 5269 3469 5309 occu-

1885 5324 2014 5391 pati,
2047 5333 2101 5374 ut
2129 5322 2264 5374 alias
2291 5321 2489 5374 dictum
2519 5331 2622 5391 est.
2661 5329 2714 5372 et
2743 5327 2889 5387 patet
2920 5330 3029 5374 tum
3059 5337 3124 5376 ex
3163 5323 3265 5378 hoc
3308 5324 3430 5380 loco
3455 5367 3471 5390 ,

1883 5390 1993 5447 tum
2021 5408 2084 5446 ex
2115 5393 2233 5444 aliis
2260 5405 2402 5456 sirpe
2432 5390 2651 5444 notatis.

1953 5461 1981 5500 b
2024 5463 2099 5517 De
2130 5461 2315 5514 abside
2343 5475 2437 5514 seu
2468 5459 2652 5525 upside
2671 5459 2800 5510 mihi
2833 5459 3008 5525 placet
3029 5461 3266 5518 Ciaconii
3296 5480 3471 5521 anno-

1883 5534 2034 5597 tatio,
2068 5547 2226 5600 quam
2258 5545 2356 5584 nec
2384 5545 2482 5600 suo
2515 5530 2716 5582 hunore
2746 5529 2993 5585 fraudare
3027 5534 3185 5587 velim
3211 5576 3225 5600 ,
3260 5550 3360 5590 nec
3392 5538 3472 5590 le-

1879 5607 2013 5659 ctori
2069 5599 2328 5665 invidere,
2381 5599 2654 5673 add-iturus
2698 5607 2880 5673 tamen
2935 5602 2978 5673 si
3027 5605 3152 5671 quid
3199 5599 3470 5673 praeterea

1877 5675 2096 5748 aliunde
2138 5671 2454 5748 occurrerit.
2495 5669 2662 5748 Absit,
2698 5669 2898 5748 inquit,
2928 5669 3056 5748 ᾀψέξ
3089 5669 3282 5730 Gneo.
3301 5679 3469 5748 {orni-

1879 5760 2016 5825 em;
2052 5744 2155 5825 site
2186 5757 2360 5825 ιξνςιιτῐι
2399 5738 2677 5825 signiﬁcat:
2705 5738 2856 5825 θέο-ί
2878 5738 3066 5825 tibi?"
3095 5738 3470 5825 nomium

1880 5812 2184 5884 ᾠκοδομήθη,
2202 5812 2256 5866 id
2274 5820 2370 5880 est,
2390 5812 2590 5878 fornix,
2614 5812 2715 5862 sive
2737 5824 2886 5865 arcus
2915 5812 3240 5878 triumplialis
3265 5812 3467 5883 creduit
