3986 6188
496 239 640 300 19.95

1557 226 1837 285 JOANNIS
1873 224 2184 283 CASSIANI
2223 222 2719 282 COLLATIONES.

3666 224 3801 281 {296

492 354 615 410 simi
648 350 793 406 illius
822 346 991 403 centri
1020 344 1217 399 lineam
1245 339 1447 411 jugiter
1477 337 1866 403 circumducat,
1913 351 1975 391 ac
2000 351 2084 391 se-
2111 355 2165 411 Α
2192 330 2419 391 sibiliter
2481 334 2816 400 incedentes,
2876 348 2982 389 non
3026 333 3206 390 solum
3254 332 3512 404 propriis
3558 335 3793 392 residere

492 443 728 500 cundum
775 439 1133 495 certissimam
1180 446 1427 486 normam
1472 444 1687 484 omnem
1734 429 2084 484 rotunditatis

490 537 817 608 parilitatem
869 540 923 586 et
963 536 1253 584 structurae
1303 523 1524 593 colligat
1569 522 1928 591 disciplinam.
1980 521 2085 588 Qui

486 645 621 687 vero
671 642 790 683 eam
833 626 1037 693 absque
1098 620 1243 676 illius
1293 618 1601 674 medietatis
1652 616 1901 671 examine
1954 624 2109 670 con-'

484 736 782 788 summare,
808 716 1055 787 quamvis
1075 730 1282 770 summa
1311 718 1444 768 artis
1468 721 1563 766 aut
1593 711 1793 781 ingenii
1819 724 2084 780 prrsum-

486 817 703 886 ptione,
752 810 1063 877 tentaverit,
1109 806 1447 879 impossibile
1489 813 1573 861 est
1615 813 1675 858 ut
1716 803 2081 873 aequalitatem

484 906 806 964 circumitus
830 904 973 959 illius
1003 904 1120 957 sine
1145 915 1332 956 errore
1368 898 1667 963 custodiat;
1694 902 1791 949 aut
1818 904 2076 963 quantum

486 1018 632 1057 vera:
658 997 1013 1055 rotunditatis
1046 992 1430 1065 pulchritudini
1462 990 1698 1047 errando
1725 989 2076 1055 subtraxerit,

487 1094 609 1149 solo
660 1088 1030 1160 deprehendat
1078 1094 1336 1155 aspectu,
1382 1084 1485 1139 nisi
1525 1083 1592 1137 ad
1641 1083 1789 1137 illum
1847 1080 2080 1136 indicem

486 1183 736 1240 veritatis
760 1196 973 1251 semper
1000 1193 1314 1247 recurrens,
1349 1183 1511 1245 atque
1540 1174 1658 1244 ejus
1690 1174 1916 1228 arbitrio
1943 1174 2082 1228 inte-

486 1278 687 1334 riorem
713 1276 896 1344 operis
918 1272 1002 1327 sui
1029 1271 1290 1325 ambitum
1313 1268 1755 1336 exterioremque
1784 1267 2078 1336 castigans,

488 1380 598 1425 tam
628 1369 855 1425 excelsa:
885 1364 1270 1437 magnitudinis
1312 1363 1513 1417 molem
1552 1362 1716 1415 unius
1745 1360 1928 1429 puncti
1962 1359 2082 1429 lege

489 1463 797 1519 concludat.
827 1460 904 1516 Ita
939 1460 1099 1513 etiam
1128 1472 1280 1512 mens
1314 1464 1495 1510 nostra
1535 1455 1637 1508 nisi
1669 1453 1840 1508 solam
1872 1452 2083 1506 Domini

488 1555 828 1617 charitatem,
861 1551 1013 1606 velut
1057 1558 1304 1605 centrum
1349 1545 1704 1600 immobiliter
1745 1544 1945 1613 ﬁxum,
1987 1557 2085 1612 per

486 1649 739 1702 universa
764 1659 990 1716 operum
1013 1642 1459 1710 molitionumque
1481 1647 1789 1694 nostrarum
1812 1647 2081 1691 momenta

2186 428 2515 498 regionibus,
2559 427 2657 482 sed
2702 441 2800 481 nec
2838 426 2995 496 longe
3035 442 3065 481 a
3107 426 3308 481 viculis
3363 426 3488 482 suis
3530 428 3797 497 quosdam

2183 521 2476 577 recessisse
2499 534 2822 584 cernamus;
2848 533 2943 573 cur
2972 518 3026 573 id
3053 518 3202 590 quod
3231 519 3393 575 vobis
3421 519 3665 576 noxium
3697 536 3799 577 non

2181 624 2286 687 est,
2314 612 2472 669 nobis
2494 619 2714 682 putetur
2739 611 3065 666 adversum?

2772 700 3001 758 CAPUT
3041 702 3180 760 VIII.

2218 796 2508 869 Responsio
2535 795 2792 867 quomodo
2818 812 2920 849 non
2948 795 3185 851 omnibus
3212 798 3527 852 conveniant
3558 816 3764 855 omnia.

2256 888 2563 943 Abraham:
2586 886 2999 957 Nonnumquam
3023 889 3163 942 mala
3185 905 3255 942 ex
3280 889 3439 944 bonis
3464 894 3635 947 rebus
3652 896 3797 949 sumi

2185 980 2432 1035 videmus
2482 980 2749 1048 exempla.
2789 979 2923 1034 Nam
2963 979 3011 1033 si
3053 980 3245 1035 eadem
3303 983 3427 1051 quis
3476 998 3646 1054 agere
3686 1003 3795 1042 non

2184 1073 2373 1129 eodem
2405 1072 2602 1128 affectu
2631 1081 2795 1143 atque
2832 1076 3116 1143 proposito
3154 1084 3249 1129 aut
3292 1076 3553 1132 dissimili
3591 1081 3795 1138 virtute

2185 1165 2624 1233 praesumpserit,
2657 1163 2903 1234 profecto
2934 1165 3131 1221 exinde
3161 1168 3415 1235 laqueum
3446 1169 3793 1240 deceptionis

2186 1267 2240 1311 et
2279 1258 2469 1311 mortis
2509 1257 2756 1321 incurrit,
2800 1256 2942 1312 unde
2980 1258 3101 1313 aliis
3140 1268 3363 1314 aeternae
3405 1262 3537 1316 vitae
3583 1264 3791 1320 fruetus

2184 1350 2502 1417 acquiritur.
2535 1348 2695 1418 Quod
2734 1349 2826 1404 ille
2851 1364 3064 1420 quoque
3095 1366 3258 1406 manu
3290 1354 3453 1408 fortis
3482 1370 3643 1423 puer,
3673 1361 3789 1412 bet-

2185 1438 2507 1494 licosissimo
2564 1440 2641 1494 illi
2687 1440 2893 1510 giganti
2943 1440 2997 1495 in
3050 1442 3355 1497 certamine
3417 1458 3782 1515 companies,

2186 1532 2327 1587 haud
2349 1533 2509 1589 dubie
2533 1533 2872 1603 pertulisset,
2903 1534 2948 1588 si
2980 1534 3225 1589 virilibus
3255 1535 3429 1607 [Lips.
3456 1538 3513 1591 in
3540 1543 3783 1610 νηστειπὶ-

2186 1625 2357 1698 ribus]
2388 1634 2551 1695 atque
2574 1625 2892 1681 fortissimis
2918 1626 3096 1681 Saulis
3118 1628 3286 1681 armis
3311 1629 3333 1680 f
3337 1630 3510 1684 uisset
3535 1631 3781 1687 indutus:

488 1740 899 1808 circumagens,
961 1734 1227 1805 probabili
1275 1734 1377 1805 (ut
1424 1732 1502 1787 ita
1551 1727 1830 1798 dixerim)
1881 1729 2085 1783 circino
2114 1728 2242 1798 Bel
2284 1718 2481 1787 quibus
2532 1727 2666 1774 tetas
2718 1719 2998 1774 robustior
3050 1718 3484 1777 innumerabiles
3544 1734 3781 1779 catervas

488 1831 772 1886 charitatis
816 1828 1063 1883 omnium
1114 1826 1505 1895 cogitationum
1553 1824 1639 1878 vel
1689 1821 1960 1892 aptaverit
2003 1819 2089 1875 vel

485 1922 756 1992 repulerit
800 1921 1137 1988 qualitatem,
1195 1933 1530 1987 nequaquam
1578 1925 1907 1971 structuram
1941 1915 2088 1969 illius

485 2014 698 2071 artiticii
746 2011 1030 2084 spiritalis,
1059 2021 1087 2047 ι
1124 2010 1278 2079 cujus
1321 2010 1519 2063 Paulus
1548 2018 1631 2063 est
1676 2009 2006 2061 architectus
2032 2006 2087 2077 (Ι

485 2108 605 2163 Cor.
639 2106 769 2179 ιιι),
804 2104 1072 2177 probabili
1109 2113 1228 2158 arte
1273 2103 1549 2166 molietur,
1601 2115 1700 2155 nec
1732 2098 2087 2168 pulchritudi-

484 2214 608 2254 nem
638 2198 834 2253 domus
859 2194 1008 2250 illius
1038 2193 1372 2264 possidebit,
1405 2207 1563 2262 quam
1601 2192 1789 2246 beatus
1832 2189 1998 2244 David
2032 2189 2085 2243 in

485 2291 649 2345 corde
672 2306 771 2344 suo
798 2288 1032 2343 Domino
1057 2284 1281 2356 cupiens
1303 2283 1584 2351 exhibere,
1617 2282 1854 2348 Domine,
1887 2282 2080 2351 inquit,

485 2382 643 2436 dilexi
668 2381 905 2436 decorem
927 2380 1107 2433 domus
1130 2385 1255 2443 tute,
1279 2387 1327 2431 et
1354 2378 1524 2431 locum
1545 2365 1882 2429 habitationis
1905 2373 2087 2443 gloria:
2110 2426 2113 2429 ,

485 2481 588 2526 tua:
618 2470 855 2540 (Psalm.
888 2469 1062 2540 xxv);
1092 2468 1187 2524 sed
1230 2467 1537 2522 indecoram
1577 2467 1631 2519 in
1663 2465 1828 2519 corde
1864 2479 1964 2519 suo
1999 2470 2083 2517 at-

485 2580 591 2633 que
620 2563 892 2631 indignam
941 2561 1147 2629 Spiritu
1196 2568 1384 2613 sancto
1426 2558 1667 2621 domum,
1718 2557 2087 2625 continuoque

484 2656 780 2722 lapsuram,
830 2650 1207 2720 imprudenter
1254 2648 1499 2713 attollet,
1549 2662 1654 2702 non
1701 2646 2085 2715 gloriﬁcandus

484 2744 633 2800 beati
657 2742 1049 2798 cohabitaloris
1072 2740 1333 2810 hospitio,
1358 2740 1454 2796 sed
1476 2740 1636 2794 ruina
1667 2737 2086 2795 constructioniu

486 2851 600 2893 suae
630 2836 929 2907 lugubriter
954 2832 1364 2905 opprimendus.

1092 2926 1320 2983 CAPUT
1360 2926 1472 2981 VII.

488 3023 835 3096 Interrogatio
853 3040 944 3078 cur
971 3021 1143 3096 obesse
1168 3020 1313 3074 nobis
1344 3026 1617 3096 parentum
1638 3018 1804 3073 vicina
1833 3018 2083 3096 habitatio

2192 1810 2430 1865 hostium
2474 1811 2885 1880 prostravisset,
2943 1811 3061 1867 bzec
3119 1813 3480 1868 indubitatam
3528 1818 3783 1884 primum

2188 1912 2480 1972 potuerunt
2503 1902 2701 1956 inferre
2722 1903 3036 1971 perniciem,
3057 1905 3160 1958 nisi
3184 1906 3443 1974 prudenti
3460 1907 3783 1963 discretione

2188 2010 2421 2066 congrua
2450 1995 2837 2051 adolescentiae
2868 2012 2982 2051 sua:
3010 2012 3286 2052 armorum
3317 2014 3524 2069 genera
3556 2000 3780 2071 delegis-

2188 2094 2302 2152 set,
2334 2096 2392 2140 et
2416 2085 2444 2124 δ
2473 2086 2736 2142 adversus
2766 2088 2977 2143 hostem
3015 2090 3354 2145 teterrimum
3385 2108 3495 2146 non
3531 2094 3695 2149 lorica
3722 2105 3778 2149 et

2188 2180 2402 2251 clypeo,
2447 2180 2641 2250 quibus
2684 2190 2914 2237 caeteros
2945 2182 3165 2238 videbat
3194 2184 3509 2254 instructos,
3540 2189 3636 2243 sed
3673 2190 3779 2243 illis

2187 2274 2379 2344 quibus
2419 2273 2533 2342 ipse
2570 2272 2832 2329 dimicare
2863 2283 3096 2343 poterat,
3145 2276 3266 2331 telis
3303 2274 3495 2333 fuisset
3531 2290 3776 2336 armatus

2188 2366 2241 2437 (Ι
2268 2367 2395 2438 Reg.
2417 2366 2570 2439 xvu).
2603 2367 2970 2433 Quamobrem
3001 2384 3306 2424 mensuram
3330 2371 3519 2425 virium
3549 2386 3773 2427 suarum

2187 2459 2441 2515 convenit
2487 2475 2935 2529 unumquemque
2987 2470 3228 2515 nostrum
3276 2460 3584 2530 diligentius
3634 2474 3765 2518 ante

2188 2567 2440 2621 pensare,
2493 2560 2655 2621 atque
2707 2552 2774 2607 ad
2822 2552 2941 2621 ejus
2986 2551 3255 2607 modulum
3301 2552 3534 2621 arripere
3592 2569 3765 2623 quam

2188 2645 2409 2703 libuerit
2432 2645 2771 2715 disciplinam
2793 2661 2809 2711 ;
2836 2646 2961 2715 quia
2983 2646 3234 2717 quamvis
3252 2661 3432 2702 omnes
3453 2647 3617 2703 utiles
3638 2648 3766 2712 sint,

2187 2747 2369 2793 tamen
2407 2746 2546 2808 apta:
2586 2739 2795 2794 cunctis
2835 2750 3045 2794 cuncta:
3083 2756 3206 2796 esse
3244 2755 3348 2795 non
3380 2753 3629 2810 possunt.
3659 2742 3769 2796 Non

2186 2833 2334 2887 enim
2362 2832 2490 2903 quia
2522 2833 2660 2887 bona
2692 2841 2777 2888 est
2809 2836 3172 2911 ἀναχώρησις,
3204 2835 3477 2890 universis
3506 2852 3625 2890 eam
3647 2850 3771 2890 con-

2184 2941 2371 2995 gruam
2425 2926 2969 2995 comprobamus.-A
3021 2927 3208 2982 multis
3256 2929 3403 2983 enim
3457 2944 3565 2982 non
3602 2929 3764 2983 solum

2187 3018 2543 3085 infructuosa,
2570 3019 2665 3073 sed
2699 3019 2863 3073 etiam
2898 3018 3208 3088 perniciosa
3239 3021 3496 3074 sentitur.
3526 3019 3633 3074 Nec
3655 3021 3768 3090 quia

516 3089 807 3165 putareiur,
828 3110 940 3165 qua:
963 3095 1018 3145 in
1038 3090 1273 3161 AZgypto
1295 3089 1691 3145 censistentibus
1712 3107 1814 3143 non
1836 3089 2064 3143 obesset?

2190 3109 2584 3165 institutionem
2625 3111 3006 3165 cmnohiorum
3042 3111 3127 3165 vel
3162 3125 3352 3165 curam
3392 3110 3619 3165 fratrum
3651 3089 3766 3163 san-

560 3206 868 3260 Germanus
902 3222 915 3255 :
947 3203 1092 3257 Satis
1150 3202 1268 3255 utili
1307 3215 1371 3255 ac
1424 3203 1734 3256 necessario
1775 3203 2083 3271 praecipitur

488 3298 739 3353 instituto
770 3296 873 3349 hoc
898 3308 1123 3363 operum
1154 3308 1325 3363 genus
1354 3296 1497 3364 quod
1530 3296 1669 3349 intra
1703 3296 1894 3350 cellam
1924 3312 2081 3352 exer-

488 3389 600 3445 ceri
628 3394 827 3456 potest.
865 3386 1076 3441 Etenim
1107 3402 1214 3440 non
1244 3386 1420 3440 solum
1445 3387 1697 3457 exemplo
1728 3387 2079 3445 beatitudinis

486 3490 684 3536 vestrae
729 3477 1154 3549 apostolicarum
1185 3478 1445 3532 virtutum
1488 3478 1789 3535 imitatione
1832 3478 2075 3549 fundata,

487 3589 678 3631 verum
701 3572 863 3629 etiam
890 3571 1242 3641 experientia:
1266 3580 1467 3626 nostrae
1492 3573 1817 3628 testimoniis
1841 3587 2081 3629 commo-

487 3668 630 3723 ditas
660 3666 816 3736 hujus
848 3664 925 3719 rei
955 3664 1112 3720 nobis
1142 3678 1288 3732 saipe
1315 3673 1593 3734 comperta
1620 3674 1725 3721 est.
1758 3666 1866 3721 Sed
1898 3682 2083 3736 paren-

488 3770 604 3816 tum
632 3758 825 3812 vicinia
873 3771 1033 3827 quam
1078 3770 1180 3810 nec
1224 3770 1319 3809 vos
1361 3756 1581 3810 nimium
1632 3759 1943 3827 respuistis,
1984 3774 2085 3815 cur

487 3863 775 3921 tantopere
812 3864 841 3904 a
884 3848 1038 3903 nobis
1086 3847 1285 3902 debeat
1328 3849 1509 3915 vitari,
1560 3864 1665 3905 non
1719 3850 1850 3905 satis
1892 3851 2081 3907 claret.

488 3945 623 4001 Cum
654 3945 802 4001 enim
837 3957 933 3998 vos
971 3942 1025 3996 in
1056 3941 1202 3996 omni
1233 3940 1588 4010 perfectionis
1619 3944 1704 3998 via
1735 3944 2084 4014 irreprelicn-

2187 3214 2327 3260 ctam
2358 3213 2519 3273 atque
2544 3202 2868 3258 laudabilem
2900 3202 3094 3258 merito
3118 3204 3465 3271 proﬁtemur,
3496 3203 3690 3257 idcirco
3710 3201 3769 3255 ah

2186 3296 2455 3351 universis
2485 3311 2601 3350 eam
2644 3296 3005 3364 expetendam
3037 3310 3159 3351 esse
3180 3310 3497 3351 censemus.
3522 3295 3596 3349 lta
3623 3296 3771 3349 etiam

2184 3387 2508 3444 xenodochii
2548 3388 2856 3443 uberrimus
2895 3388 3106 3442 fructus
3141 3396 3247 3451 est,
3288 3386 3387 3441 sed
3431 3387 3502 3440 ab
3533 3387 3771 3441 omnibus

2185 3481 2363 3553 expeti
2387 3482 2505 3536 sine
2529 3482 2804 3551 patientia:
2828 3498 2934 3537 non
2966 3490 3145 3552 potest
3170 3481 3531 3536 detrimento.
3560 3480 3767 3535 Proinde

2187 3575 2419 3645 primum
2459 3575 2697 3644 regionis
2742 3583 2938 3629 vestra:
2969 3584 3129 3644 atque
3167 3572 3331 3641 hujus
3374 3575 3522 3628 inter
3551 3588 3608 3627 se
3646 3586 3765 3639 pen-

2188 3667 2355 3723 sanda
2384 3676 2515 3721 sunt
2545 3667 2812 3733 instituta;
2840 3666 3038 3721 deinde
3065 3666 3210 3720 vires
3239 3665 3525 3719 hominum
3554 3665 3663 3734 jugi
3694 3664 3770 3717 vel

2188 3764 2450 3818 virtutum
2491 3763 2575 3816 vel
2618 3763 2871 3817 vitiorum
2912 3762 3231 3817 assiduitate
3270 3762 3539 3825 collectae,
3571 3760 3769 3814 diversa

2190 3854 2420 3909 invicem
2467 3855 2621 3909 lance
2663 3853 3010 3908 trutinandm.
3066 3852 3209 3907 Fieri
3256 3854 3461 3907 etenim
3509 3861 3685 3921 potest
3716 3858 3769 3903 ut

2190 3947 2334 4017 quod
2367 3947 2592 4003 alterius
2617 3950 2791 4018 gentis
2822 3946 3030 4002 homini
3058 3946 3288 4001 arduum
3329 3956 3499 4017 atque
3532 3945 3767 4015 impossi-

1580 4078 1836 4132 ALARDI
1876 4078 2107 4136 GAZ/El
2140 4079 2700 4136 COMMENTARIUS.

490 4176 615 4252 fuit.
639 4174 1085 4252 D..llieronymu.s
1108 4172 1160 4225 in
1184 4170 1438 4252 epist..ad
1459 4170 1660 4252 Ephes.
1693 4169 1787 4252 lih.
1818 4185 1882 4222 ιιι
1902 4170 2087 4252 Num--

489 4239 615 4312 quid
638 4244 878 4294 caelorum
899 4239 1143 4305 circulos,
1165 4239 1291 4312 quos
1308 4239 1602 4312 philosophi
1625 4240 1852 4308 sphwras
1870 4251 2068 4308 vocant,

492 4310 746 4368 iransiens
775 4318 923 4377 atque
954 4310 1315 4381 transcendens
1342 4310 1481 4381 stetit
1514 4312 1568 4381 in
1596 4325 1799 4381 summa
1825 4312 1936 4362 caeli
1968 4313 2073 4381 for-

487 4387 621 4446 nice,
662 4392 709 4435 et
746 4390 800 4435 ut
837 4383 950 4449 ipso
994 4379 1142 4433 verbo
1173 4390 1311 4443 utar,
1354 4380 1571 4449 upside?
1610 4379 1885 4449 Signiﬁcat
1916 4379 2073 4436 etiam

492 4455 826 4515 testudinem,
860 4459 947 4504 aut
976 4467 1229 4504 cameram
1259 4452 1312 4503 in
1340 4450 1671 4519 hemispherii
1701 4452 1921 4520 formam
1956 4468 2076 4506 con-

491 4536 756 4580 structam.
816 4521 1096 4593 Hesichius
1146 4538 1363 4592 namque
1411 4531 1457 4593 et
1510 4522 1701 4575 Suidas
1741 4522 1932 4593 ἁφὶδας
1970 4541 2078 4577 esse

491 4599 731 4679 καμσξρας
764 4592 1259 4679 tradunt.ml’liiiius‘
1268 4587 1360 4660 pro
1388 4590 1714 4679 planetarum
1752 4587 1956 4679 orbibus
1976 4596 2082 4679 lali-
2108 4587 2159 4647 D

489 4661 687 4739 quoties
736 4672 948 4733 usurpat
990 4663 1076 4739 lib.
1117 4678 1176 4739 ti.
1213 4661 1383 4739 Porro
1406 4661 1803 4739 _itqﬁnssia_nus
1844 4666 1938 4718 hoc
1970 4665 2083 4739 loco

381 4790 396 4801 ,
488 4733 686 4792 obsidis
729 4750 980 4788 cameram
1022 4734 1184 4804 dixit,
1213 4743 1268 4785 ut
1292 4733 1416 4786 alibi
1449 4733 1592 4804 (Lib.
1618 4752 1649 4790 v
1680 4734 1814 4789 Inst.
1844 4752 1961 4803 cap.
1986 4736 2079 4804 24,

486 4820 537 4864 et
578 4806 753 4861 tollat.
793 4804 860 4859 21
896 4821 1013 4873 cap.
1056 4803 1161 4877 29)
1200 4803 1474 4877 stationem
1504 4807 1722 4877 jejunii,
1776 4823 1893 4859 cum
1930 4803 2082 4863 statio

388 4894 393 4929 ;
487 4882 627 4933 idem
670 4878 734 4930 sit
765 4876 900 4945 quod
931 4876 1213 4948 jejunium,
1238 4886 1291 4929 ut
1318 4876 1452 4929 absis
1477 4876 1775 4948 etfamera.
1811 4878 1935 4931 Haec
1962 4880 2080 4931 Cia-

489 4952 702 5005 conins.
753 4946 989 5002 Isidorus
1012 4947 1263 5019 absidam
1295 4955 1453 5000 vocat
1491 4946 1703 5019 (Etyrm.
1738 4948 1828 5001 lib.
1860 4964 1929 5001 xv
1960 4964 2077 5019 cap.

490 5024 547 5093 8)
578 5042 588 5074 :
618 5020 844 5093 Absida,
877 5018 1045 5087 inquit
1065 5060 1079 5083 ,
1110 5015 1301 5093 Graec
1320 5034 1575 5085 sermone,
1599 5015 1798 5072 'Lntine
1833 5015 2083 5089 interpre-

489 5089 628 5146 tatur
660 5091 857 5153 lucida,
902 5106 959 5143 eo
1001 5089 1136 5156 quod
1176 5090 1371 5141 lumine
1400 5101 1611 5157 accepto
1654 5106 1745 5157 per
1780 5106 1954 5142 arcum
1998 5106 2081 5143 re-

485 5164 781 5233 splendeat.
815 5160 919 5216 Sed
955 5169 1128 5233 utrum
1174 5158 1401 5233 absidam
1438 5177 1502 5212 an
1530 5160 1755 5233 absidem
1785 5161 1954 5233 dicere
1999 5163 2085 5214 de-

490 5229 724 5297 beamus,
768 5241 863 5285 hoc
886 5229 1025 5282 verbi
1057 5245 1216 5298 genus
1238 5229 1537 5300 ambiguum
1564 5232 1771 5297 quidam
1808 5232 2078 5286 doctorum

486 5308 804 5359 existimant.
831 5301 1028 5355 leius
1052 5300 1278 5369 Hhodig.
1310 5300 1405 5352 lib.
1443 5316 1606 5356 xxvm
1632 5320 1643 5354 :
1669 5302 1885 5355 Absidas
1909 5301 2081 5357 ὦ·ωεί

488 5378 689 5437 dicunt,
720 5391 847 5437 quos
874 5372 1043 5424 Latini
1071 5387 1220 5423 arcus
1244 5373 1433 5440 snrrigi
1456 5373 1849 5442 imperatoribus
1872 5374 2076 5431 solitos.

488 5447 599 5502 Sed
619 5456 661 5498 et
682 5446 917 5515 pontium
930 5445 1158 5515 fornices
1183 5442 1359 5515 eodem
1387 5454 1656 5515 censentur
1686 5446 1909 5499 nomine.
1935 5444 2080 5498 Onu-

488 5512 895 5588 phriustAntiq.
917 5512 1305 5588 Lect._cap._lO)
1330 5512 1392 5588 in
1412 5514 1859 5582 interpretatiOne
1882 5531 2074 5570 vocum

484 5584 900 5648 cccles.iAbsis,
934 5584 1124 5651 inquit,
1157 5584 1257 5636 sive
1281 5584 1418 5652 apsis
1447 5595 1517 5638 est
1548 5596 1820 5640 curvatura
1848 5596 1994 5652 rotae,
2019 5588 2073 5639 id

486 5669 581 5723 est,
613 5658 810 5726 lignum
835 5670 987 5727 super
1014 5662 1152 5706 rotas
1184 5662 1356 5727 tenens
1382 5660 1569 5727 scalas,
1602 5660 1679 5711 vel
1707 5659 1757 5709 in
1786 5676 1888 5727 quo
1910 5657 2073 5727 ﬁgun-

489 5737 574 5787 tur
596 5724 753 5791 radii,
782 5726 859 5781 vel
885 5724 1084 5797 ligneus
1108 5732 1236 5780 τοίω
1261 5724 1508 5794 circulus;
1536 5743 1636 5798 quo
1662 5724 1965 5798 signiﬁcatu
1978 5729 2074 5787 alii

2184 4174 2402 4244 primam
2445 4175 2699 4239 aspirarit,
2734 4174 2829 4238 sic,
2862 4173 3034 4241 hapsis
3064 4172 3126 4223 ab
3158 4170 3359 4244 ἅπτειν,
3390 4171 3445 4222 id
3476 4178 3570 4227 est.
3602 4188 3633 4222 a
3661 4180 3769 4221 tan-

2184 4242 2372 4313 gendo,
2411 4246 2545 4308 quod
2576 4261 2634 4297 ea
2666 4260 2806 4311 pars,
2849 4259 2965 4295 cum
3002 4253 3113 4294 rota
3151 4242 3387 4302 volvitur,
3428 4253 3618 4293 terram
3652 4258 3773 4292 cono

2188 4317 2369 4387 tingat.
2394 4315 2509 4387 Hoc
2521 4316 2679 4367 etiam
2697 4315 2899 4367 nomine
2915 4315 3045 4382 signi
3048 4313 3238 4387 ﬁcatur
3262 4314 3775 4387 fornicis‘curratura,

2192 4396 2239 4440 et
2264 4381 2544 4453 aliquando
2578 4388 2772 4456 integra
2809 4381 3002 4454 fornix.
3040 4381 3176 4456 Hinc
3201 4382 3522 4437 ecclesiastici
3549 4384 3779 4456 scripto-

2192 4473 2295 4523 res,
2326 4452 2479 4527 quam
2517 4474 2608 4510 nos
2649 4452 2976 4527 ecclesiarum
3018 4454 3276 4507 tribunam
3316 4466 3567 4515 vocamus,
3603 4452 3776 4520 hapsi-

2190 4528 2303 4581 dem
2324 4537 2527 4582 vocant.
2560 4528 2637 4581 lla
2664 4526 2995 4595 Ouuphrius.

2259 4607 2283 4633 “
2326 4598 2628 4653 Secundum
2654 4592 2880 4670 gratiam
2912 4595 3030 4659 Dei,
3075 4612 3189 4667 qua:
3233 4596 3356 4670 data
3391 4604 3482 4670 est
3517 4592 3688 4670 mihi,
3726 4602 3781 4645 ut

2184 4671 2391 4734 sapiens
2416 4665 2720 4723 architectus
2752 4665 3144 4739 fundamentum
3165 4668 3337 4736 posui,
3358 4665 3434 4718 ait
3459 4667 3777 4733 Apostolus.

2188 4739 2326 4795 Vide
2358 4741 2411 4794 S.
2451 4740 2712 4794 Thomam
2747 4736 2799 4794 iu
2843 4736 3269 4793 Commentario.
3374 4772 3381 4777 ς

2259 4809 2286 4848 ι)
2327 4810 2505 4865 Verba
2537 4812 2774 4864 historiae
2802 4825 2972 4864 sacrae
2993 4809 3045 4879 (Ι
3076 4808 3198 4878 Reg.
3225 4806 3362 4875 xvn)
3392 4824 3404 4859 :
3436 4804 3626 4859 Induit
3657 4805 3784 4860 Saul

2186 4881 2359 4935 David
2376 4883 2686 4936 vestimentis
2714 4883 2843 4942 suis,
2867 4890 2914 4933 et
2934 4883 3171 4951 imposuit
3196 4879 3397 4951 galeam
3421 4893 3619 4930 meum
3633 4893 3784 4951 super

2185 4964 2339 5021 caput
2365 4955 2500 5024 ejus,
2528 4964 2575 5007 et
2599 4954 2793 5007 vestivit
2814 4969 2928 5005 eum
2954 4949 3136 5005 lorica.
3172 4949 3444 5003 Accinctus
3464 4965 3590 5024 ergo
3624 4949 3784 4999 David

2186 5025 2360 5093 gladio
2387 5021 2501 5093 ejus
2528 5041 2682 5088 super
2705 5034 2889 5077 vestem
2917 5038 3086 5085 suam,
3121 5024 3269 5093 coepit
3300 5028 3495 5072 tentare
3528 5021 3581 5071 si
3618 5036 3785 5071 arma.

2187 5091 2268 5150 ius
2296 5091 2461 5163 posset
2489 5096 2743 5160 incedere,
2782 5111 2883 5146 non
2918 5094 3050 5144 enim
3086 5091 3300 5143 habebat
3328 5093 3783 5163 consuetudinem.

2186 5162 2430 5233 Dixitque
2473 5164 2646 5218 David
2684 5168 2751 5218 ad
2794 5165 2922 5219 Saul
2955 5180 2973 5216 :
3000 5163 3120 5217 Non
3150 5177 3361 5232 possum
3403 5162 3479 5233 sic
3522 5162 3783 5233 incedere.

2185 5238 2304 5304 quia
2334 5232 2435 5289 non
2466 5252 2611 5288 usuin
2645 5237 2823 5288 habeo.
2850 5233 2917 5286 Et
2942 5235 3174 5302 deposuit
3200 5248 3282 5293 ea,
3317 5240 3370 5304 et,
3393 5232 3513 5283 tulit
3540 5232 3783 5304 baculum

2183 5302 2367 5373 suum,
2414 5323 2561 5375 quem
2606 5323 2805 5375 semper
2855 5305 3065 5357 habebat
3110 5306 3162 5356 in
3208 5302 3471 5365 manibus,
3558 5314 3634 5359 tc.
3681 5302 3785 5375 Hoc

2184 5378 2470 5445 exemplo,
2522 5374 2752 5447 aliisque
2807 5375 3109 5429 rationibus
3165 5384 3219 5427 et
3267 5374 3786 5447 comparationibus

2186 5444 2564 5515 pulcherrimis
2596 5444 2756 5503 docet
2802 5447 2891 5499 hic
2927 5448 3130 5500 Auctor
3161 5459 3267 5497 non
3300 5444 3489 5496 omnia
3522 5446 3784 5498 omnibus

2185 5521 2510 5585 convenire,
2552 5530 2605 5573 et
2642 5519 2931 5586 unicuique
2978 5515 3280 5571 metiendas
3322 5529 3456 5568 suas
3481 5518 3678 5586 ivires,
3724 5527 3783 5565 ne

2180 5590 2309 5657 quid
2341 5600 2544 5717 [Billieze
2572 5598 2628 5648 et
2659 5585 2960 5646 inconsulto
2982 5587 3330 5660 aggrediatur
3347 5585 3495 5655 quod
3516 5594 3782 5657 praestare

2180 5675 2287 5717 non
2325 5675 2394 5717 va
2421 5676 2481 5717 ea
2513 5699 2527 5714 .

2180 5675 2287 5717 non
2325 5668 2527 5718 valeat.
