3986 6188
176 398 326 458 έ297

1122 398 1464 457 COLLATIO
1500 399 1695 457 XXIV.
1722 426 1796 443 —-
1823 397 1912 455 DE
1950 399 2563 461 MORTIFICATIONE.

3352 418 3496 478 1298

171 508 296 572 bile
324 520 436 585 est,
479 514 593 571 hoc
636 515 757 571 aliis
796 513 959 572 insita
1005 513 1346 571 consuetudo
1393 513 1794 585 quodammodo
1817 513 1873 573 Α
1897 514 2023 582 Cur,
2053 516 2160 584 ait,
2193 515 2474 584 juni'orem
2500 517 2724 576 fratrem
2755 524 3045 594 nostrum,
3072 538 3227 595 quem
3265 537 3490 596 praeter-

178 611 421 663 verterit
455 609 513 663 in
546 618 795 665 naturam
830 628 842 662 :
877 610 1019 664 sicut
1045 609 1294 664 nationes
1320 609 1566 679 quaedam
1594 609 1796 677 ingenti

174 700 474 771 plagarum
505 701 825 756 diversitate
855 701 1143 771 disjuncta:
1173 717 1419 773 magnam
1450 704 1557 756 vim
1584 703 1798 772 frigoris

172 793 266 846 vel
306 792 577 847 ardorem
608 794 737 847 solis
780 793 987 863 absque
1032 794 1280 861 corporis
1325 793 1603 861 perferunt
1641 804 1795 864 tegu-

173 894 401 951 menta,
434 901 563 954 quae
596 886 783 955 utique
809 886 904 939 alii
937 885 1080 939 illam
1111 886 1234 940 coeli
1264 886 1665 941 inclementiam
1688 902 1795 942 non

176 977 445 1044 experti,
488 977 761 1047 quantivis
808 976 1020 1032 roboris
1070 978 1297 1044 fuerint,
1345 987 1649 1035 sustentare
1687 995 1797 1035 non

174 1078 447 1135 possunt.
485 1069 563 1122 lta
594 1070 755 1123 etiam
786 1083 884 1123 vos
916 1071 1005 1139 qui
1032 1084 1247 1123 summo
1277 1071 1443 1125 animi
1472 1081 1528 1125 et
1554 1072 1797 1141 corporis

176 1159 336 1221 nisu,
364 1159 420 1212 iu
450 1159 555 1215 hac
582 1162 802 1230 regione
822 1160 1127 1228 dumtaxat,
1157 1162 1307 1231 quasi
1335 1171 1581 1216 naturam
1608 1165 1796 1232 patrias

176 1261 390 1305 vestrae
444 1253 502 1306 in
552 1253 742 1307 multis
790 1252 1111 1321 impugnare
1159 1254 1449 1319 conamini,
1504 1255 1796 1326 diligenter

178 1343 542 1413 expendite,
582 1354 764 1399 utrum
811 1345 865 1400 in
906 1346 1013 1400 illis
1059 1345 1289 1415 torpidis
1328 1346 1506 1418 [Lips.
1541 1350 1594 1401 in
1624 1366 1793 1420 marg.

182 1437 461 1509 turbidis]
494 1440 585 1507 (ut
612 1440 750 1493 fama
774 1441 893 1510 est)
934 1440 1281 1510 regionibus,
1327 1451 1379 1496 et
1410 1443 1556 1497 velut
1595 1443 1797 1513 frigore

180 1529 379 1583 nimiae
422 1531 760 1586 inﬁdelitatis
793 1532 1089 1599 obstrictis,
1137 1533 1274 1586 hanc
1323 1533 1509 1605 (utita
1532 1535 1794 1608 dixerim)

176 1619 510 1674 nuditatem
549 1630 852 1677 sustentare
904 1623 1144 1691 p055ltis.
1192 1622 1404 1677 Nostris
1453 1624 1598 1678 enim
1638 1626 1794 1682 istam

182 1712 475 1781 propositi
513 1712 883 1769 fortitudinem
928 1715 1249 1769 naturaliter
1287 1715 1685 1784 quodammodo
1714 1718 1797 1773 in-

181 1803 333 1858 didit
389 1813 597 1859 sanctm
641 1806 1072 1860 conversationis
1114 1807 1438 1876 antiquitas,
1478 1824 1707 1877 quorum
1745 1809 1794 1865 si

1899 608 2017 663 iens
2076 609 2381 679 propiorem
2423 626 2584 681 quam
2630 626 2716 669 me
2766 612 3060 685 habueras,
3102 633 3211 672 non
3252 622 3489 688 rogasti?

1866 699 2142 770 ‘Cumque
2170 701 2289 767 ille,
2321 716 2448 756 eum
2488 713 2716 759 mortem
2746 706 2874 760 olim
2907 709 3104 776 sepulti
3140 709 3323 764 fratris
3355 711 3490 767 obli-

1899 801 2015 847 tum
2050 803 2106 849 et
2136 808 2203 848 ex
2238 795 2405 850 nimia
2448 798 2797 853 continentiae
2825 814 2888 853 ac
2917 800 3225 855 solitudinis
3258 802 3490 872 jugitate

1899 886 2047 941 velut
2100 887 2360 956 impotem
2419 890 2619 944 mentis
2665 891 3013 958 existimans,
3070 894 3487 963 respondisset:

1899 978 2364 1046 Quemadmodum
2412 991 2653 1051 poteram
2692 982 2761 1039 de
2798 984 3050 1054 sepulcro
3080 1000 3203 1041 eum
3235 986 3326 1056 qui
3361 999 3488 1044 ante

1900 1086 2071 1126 annos
2116 1072 2421 1142 quindecim
2467 1074 2621 1141 obiit,
2670 1075 2973 1131 invocare?
3015 1077 3202 1133 Abbas
3248 1082 3487 1149 Apollo:

1897 1163 1927 1202 1³
1966 1163 2187 1235 Ignoras
2217 1179 2371 1235 ergo,
2399 1165 2506 1235 ait,
2548 1180 2635 1221 me
2674 1181 2889 1236 quoque
2927 1177 3052 1225 ante
3082 1185 3254 1225 annos
3296 1172 3488 1241 viginti

1899 1254 2025 1310 huic
2050 1256 2249 1311 mundo
2278 1255 2446 1312 fuisse
2470 1256 3080 1329 defunctum,nullaque
3100 1260 3209 1329 jam
3237 1275 3397 1329 posse
3419 1261 3488 1317 de

1898 1347 2061 1419 hujus
2093 1349 2245 1404 cella:
2274 1350 2549 1418 sepulcro,
2581 1366 2703 1422 quae
2744 1351 2810 1405 ad
2848 1354 3129 1420 praesentis
3157 1354 3285 1409 vitae
3323 1355 3488 1424 perti-

1898 1449 2062 1494 neant
2090 1448 2312 1505 statum,
2344 1440 2437 1496 tibi
2468 1442 2719 1497 conferre
2743 1443 2974 1497 solatia?
2999 1460 3158 1515 quem
3189 1447 3241 1500 in
3277 1454 3487 1503 tantum

1898 1530 2147 1587 Christus
2196 1532 2265 1587 ab
2303 1533 2601 1589 intentione
2650 1535 3083 1592 mortificationis
3130 1549 3361 1608 arreptae
3399 1539 3488 1595 vel

1898 1623 2170 1678 modicum
2199 1623 2266 1678 ad
2297 1624 2694 1680 extrahendum
2724 1627 2922 1684 bovem
2962 1638 3112 1684 tuum
3144 1645 3251 1685 non
3289 1632 3490 1700 patitur

1898 1714 2154 1785 relaxari,
2187 1724 2249 1770 ut
2274 1732 2343 1771 ne
2368 1717 2674 1772 brevissimi
2702 1719 2918 1787 quidem
2949 1722 3210 1776 momenti
3242 1722 3490 1776 inducias

1898 1819 1998 1874 pro
2026 1807 2192 1877 patris
2220 1807 2504 1865 indulserit
2526 1810 2801 1879 sepultura
2836 1810 2991 1882 (Luc.
3016 1811 3137 1882 vn),
3171 1829 3289 1882 quae
3322 1814 3490 1867 multo

184 1898 528 1952 constantia:
558 1907 718 1968 atque
749 1898 931 1953 virtuti
964 1914 1122 1969 pares
1155 1913 1277 1954 esse
1305 1914 1407 1954 vos
1437 1902 1679 1970 cernitis,
1713 1902 1793 1957 vi-
1822 1898 1872 1959 B
1898 1898 2087 1967 utique
2113 1899 2368 1979 celeriuS,
2401 1899 2679 1955 honestius
2706 1909 2762 1955 et
2791 1900 3100 1969 religiosius
3124 1901 3303 1956 fuerat
3327 1902 3494 1956 exhi-

184 1986 401 2041 ciniam
460 2000 745 2059 parentum
802 1988 1138 2061 fratrumque
1187 2001 1489 2047 vestrorum
1543 1994 1795 2050 similiter

182 2079 392 2150 fugere
424 2097 533 2136 non
558 2081 791 2137 debetis.

813 2174 1044 2233 CAPUT
1092 2174 1181 2233 IX.

596 2266 804 2322 Abbatis
838 2269 1030 2336 Apollo
1070 2272 1421 2340 mortiﬁcatio.

264 2355 345 2411 Ut
376 2370 510 2412 vero
536 2356 603 2411 ad
629 2368 835 2413 certum
858 2359 1213 2416 districtionis
1236 2376 1461 2417 examen
1492 2371 1792 2418 vestrarum

184 2446 403 2501 virium
438 2449 787 2517 quantitatem
821 2452 999 2506 metiri
1027 2468 1258 2522 congrua
1288 2456 1645 2510 aestimatione
1668 2471 1793 2525 pos-

184 2539 340 2605 sitis,
379 2539 661 2609 cujusdam
692 2542 844 2597 vobis
873 2546 1042 2611 senis,
1078 2546 1132 2600 id
1163 2556 1264 2613 est,
1300 2555 1325 2583 ἰ
1355 2548 1569 2602 abbatis
1601 2548 1794 2617 Apollo

183 2630 405 2686 factum
458 2633 696 2688 breviter
748 2635 1023 2703 indicabo,
1058 2647 1117 2690 ut
1143 2637 1189 2692 si
1219 2653 1313 2692 vos
1343 2637 1590 2693 intimum
1628 2640 1792 2695 vestri

188 2722 382 2777 cordis
422 2738 648 2780 examen
696 2725 853 2795 hujus
901 2729 1180 2798 proposito
1221 2739 1385 2800 atque
1423 2730 1609 2784 virtuti
1650 2730 1793 2785 haud

190 2816 493 2873 inferiores
521 2833 640 2875 esse
676 2822 981 2890 censuerit,
1029 2822 1231 2891 absque
1265 2822 1476 2892 jactura
1518 2823 1793 2893 profectus

190 2910 365 2964 vestri
419 2911 882 2983 professionisque
927 2914 1187 2983 periculo,
1217 2916 1405 2985 patriae
1438 2917 1792 2973 inhabitatio—

190 3016 322 3056 nem
354 3016 419 3057 ac
447 3012 731 3073 parentum
769 3006 1020 3060 viciniam
1066 3009 1404 3075 praesumatis
1438 3024 1453 3063 :
1483 3010 1615 3064 certi
1648 3010 1793 3081 quod

188 3096 594 3153 districtionem
635 3099 955 3153 humilitatis
992 3099 1173 3168 hujus,
1211 3116 1371 3170 quam
1404 3101 1555 3156 vobis
1596 3106 1647 3156 in
1690 3103 1794 3157 hac

186 3191 479 3258 provincia
509 3206 615 3245 non
650 3192 826 3246 solum
859 3193 1131 3257 voluntas,
1162 3193 1256 3248 sed
1292 3194 1453 3247 etiam
1495 3194 1792 3250 necessitas

1898 1992 2096 2047 benda.
2126 1992 2416 2047 Rimamini
2438 1994 2618 2062 itaque
2640 2008 2784 2047 nunc
2811 2008 3009 2047 arcana
3039 1992 3275 2061 pectoris
3300 1994 3490 2060 vestri,

1898 2084 2303 2153 prudenterque
2333 2084 2584 2152 conjicite
2615 2098 2682 2137 an
2714 2084 2876 2139 talem
2905 2084 3069 2139 etiam
3098 2098 3196 2138 vos
3223 2087 3374 2154 juxta
3404 2100 3495 2155 pa-

1897 2185 2081 2231 rentes
2106 2183 2317 2230 vestros
2345 2174 2735 2230 districtionem
2761 2175 2959 2230 mentis
2983 2176 3187 2245 jugiter
3218 2186 3495 2234 retentare

1898 2269 2145 2338 possitis.
2188 2268 2438 2337 Cumque
2484 2282 2580 2322 vos
2628 2268 2684 2321 in
2724 2268 2828 2321 hac
2866 2269 3031 2322 animi
3070 2270 3495 2326 mortiﬁcatione

1897 2361 2209 2416 consimiles
2228 2359 2404 2413 eidem
2432 2359 2742 2425 senseritis,
2779 2368 2888 2412 tum
2917 2359 3132 2413 demum
3164 2361 3361 2415 scitote
3393 2376 3493 2430 pa-

1898 2462 2109 2508 rentum
2146 2453 2487 2521 fratrumque
2519 2451 2769 2505 viciniam
2803 2450 2956 2505 vobis
2995 2466 3209 2521 quoque
3240 2452 3493 2507 similiter

1897 2545 2113 2598 noxiam
2146 2558 2252 2598 non
2285 2543 2543 2607 futuram;
2578 2552 2634 2596 ut
2658 2542 2865 2597 scilicet
2888 2543 2987 2609 eis,
3019 2543 3267 2610 quamvis
3294 2542 3349 2597 in
3374 2558 3491 2612 pro-

1898 2637 2045 2691 ximo
2093 2636 2421 2702 conStitutis,
2464 2635 2609 2689 velut
2643 2642 2890 2688 mortuos
2929 2648 3025 2688 vos
3066 2648 3189 2689 esse
3233 2634 3490 2700 credatis,

1897 2728 1969 2781 ita
2002 2736 2056 2782 ut
2089 2742 2191 2782 nec
2220 2726 2343 2780 illos
2370 2725 2566 2780 vestris
2592 2723 2768 2781 foveri
2795 2725 3005 2781 solatiis
3028 2739 3129 2780 nec
3155 2739 3252 2780 vos
3280 2726 3495 2781 illorum

1897 2819 2086 2875 sinatis
2115 2819 2392 2889 obsequiis
2424 2820 2679 2875 relaxari.

2529 2931 2759 2987 CAPUT
2790 2931 2855 2985 X.

1898 3029 2269 3100 Interrogatio,
2302 3043 2370 3080 an
2398 3027 2536 3100 obsit
2558 3026 2809 3100 monacho
2847 3026 2891 3079 si
2920 3043 2951 3079 a
2989 3027 3291 3100 parentibus
3319 3044 3495 3083 neces-

2358 3099 2497 3152 saria
2523 3099 2623 3165 ipsi
2652 3098 3026 3168 suggerantur?

1968 3192 2268 3249 Germanus
2298 3207 2311 3245 :
2342 3190 2517 3259 Super
2548 3190 2650 3243 hoc
2677 3190 2836 3258 plane
2856 3189 2966 3259 jam
2996 3189 3202 3244 nullum
3229 3188 3495 3259 ambigui-

186 3285 677 3353 peregrinationis,
720 3294 1045 3354 extorquet,
1102 3285 1520 3354 propinquitatis
1567 3287 1790 3343 affectus
1817 3276 2022 3360 thatis
2066 3287 2245 3341 locum
2291 3284 2518 3339 ulterius
2564 3282 2855 3353 reliquisti.
2890 3282 3033 3337 Certi
3064 3282 3268 3337 etenim
3306 3295 3498 3337 sumus

186 3384 286 3429 aut
309 3376 554 3431 locorum
582 3376 875 3430 oblectatio
906 3390 1010 3430 non
1043 3378 1217 3447 possit
1244 3379 1517 3433 evincere.
1544 3378 1624 3433 Ad
1651 3381 1792 3435 hunc

186 3468 362 3537 igitur
390 3484 556 3539 quem
582 3470 934 3540 praediximus
965 3485 1172 3538 senem,
1202 3487 1320 3527 cum
1344 3488 1637 3544 germanus
1664 3489 1793 3530 suus

186 3558 355 3615 intem
374 3571 524 3630 pesta
558 3570 719 3617 nocte
747 3564 1020 3629 venisset,
1056 3564 1350 3631 implorans
1380 3577 1471 3631 ut,
1502 3567 1569 3622 de
1606 3583 1793 3622 mona-

185 3654 358 3707 sterio
396 3668 495 3707 suo
518 3654 790 3724 paulisper
812 3669 1085 3724 egressus,
1114 3657 1179 3710 ad
1203 3658 1548 3714 evellendum
1573 3660 1790 3725 bovem,

187 3760 353 3814 quem
388 3761 547 3801 eteno
572 3747 800 3817 palustri
832 3748 1042 3803 eminus
1072 3747 1341 3804 inhaerere
1370 3750 1624 3805 ﬂebiliter
1660 3766 1793 3820 que-

188 3836 445 3902 rebatur,
475 3838 525 3892 ei
550 3847 694 3893 esset
720 3839 944 3904 auxilio,
970 3840 1096 3910 quia
1126 3855 1250 3895 eum
1273 3841 1424 3895 solus
1450 3856 1789 3911 nequaquam

190 3937 391 3995 posset
411 3944 629 3996 eruere,
654 3930 819 3985 abbas
844 3930 1045 4000 Apollo
1067 3932 1416 4001 pertinaciter
1446 3932 1784 3989 obsecranti:

1896 3391 2003 3436 tam
2034 3378 2320 3449 praesentis
2348 3377 2510 3446 hujus
2552 3376 2768 3432 habitus
2798 3376 3058 3431 vilitatem
3110 3390 3268 3445 quam
3318 3372 3498 3444 quoti-

1895 3472 2053 3528 diana
2088 3472 2204 3527 htec
2231 3482 2253 3510 ο
2273 3469 2621 3539 nudipedalia
2645 3469 2699 3523 in
2724 3471 2938 3524 illorum
2964 3468 3161 3521 vicinia
3186 3468 3496 3521 nullatenus

1896 3580 2155 3624 exercere
2178 3580 2276 3618 nos
2297 3578 2491 3631 posse;
2519 3560 2614 3616 sed
2644 3576 2711 3613 ne
2735 3561 2919 3615 labore
2943 3559 3163 3627 quidem
3193 3560 3306 3613 illic
3332 3560 3497 3614 simili

1897 3675 1964 3715 ea
1993 3672 2112 3728 quae
2143 3662 2267 3710 sunt
2296 3654 2361 3707 ad
2392 3654 2589 3706 victum
2624 3650 2955 3714 necessaria,
2990 3650 3325 3717 provisuros,
3357 3651 3497 3705 sicut

1898 3751 1987 3805 hic
2012 3748 2173 3803 etiam
2200 3732 2392 3814 aquam
2422 3740 2725 3797 cervicibus
2746 3739 2946 3795 nostris
2961 3754 3028 3792 ex
3052 3738 3222 3791 tribus
3254 3738 3494 3794 millibus

1897 3840 2157 3897 exhibere
2181 3834 2555 3904 compellimur
2579 3848 2592 3884 :
2620 3846 2720 3887 nec
2748 3839 2934 3886 nostra
2957 3829 3122 3895 enim,
3151 3844 3251 3883 nec
3272 3828 3490 3885 illorum

1897 3929 2249 3995 verecundia,
2281 3927 2398 3981 haec
2436 3940 2535 3980 nos
2575 3937 2761 3978 coram
2806 3923 2910 3978 illis
2947 3937 3108 3993 agere
3146 3921 3369 3976 omnino
3403 3938 3495 3991 pa-

1275 4067 1534 4122 ALARDI
1575 4066 1811 4124 GAZrEI
1848 4060 2412 4125 COMMENTARIUS.

275 4191 303 4219 ι
346 4178 427 4233 De
452 4178 553 4232 hoc
571 4177 703 4253 alias
724 4178 924 4236 dictum
949 4180 1219 4253 (συππλ
1237 4198 1355 4251 cap.
1378 4184 1445 4238 13
1461 4180 1501 4253 ).
1524 4182 1798 4239 Palladius

198 4253 401 4308 eodem
446 4250 712 4304 vocabulo
764 4250 1043 4317 utitur,'nt
1090 4250 1494 4310 indeclinabili:
1534 4253 1795 4320 Vidimus,

201 4322 414 4396 inquit,
440 4322 492 4396 in
520 4321 803 4396 solitudine
823 4325 1006 4386 virum,
1032 4324 1219 4394 Apollo
1249 4326 1475 4387 nomine,
1502 4327 1592 4396 qui
1621 4342 1797 4380 mona-

199 4391 369 4448 steria
396 4391 612 4445 habebat
642 4409 795 4461 super
824 4406 1042 4447 montem
1064 4391 1088 4459 ;’
1112 4402 1218 4447 erat
1261 4397 1398 4450 enim
1432 4391 1590 4449 Pater
1616 4414 1798 4450 mona-

200 4466 421 4519 chorum
450 4464 649 4534 circiter
678 4464 1068 4534 quingentorum
1089 4506 1103 4529 ,
1130 4467 1217 4534 qui
1243 4477 1351 4519 erat
1378 4467 1526 4521 valde
1552 4468 1720 4521 clarus
1747 4475 1797 4521 et

199 4537 495 4591 celebratus
524 4534 577 4586 in
611 4533 884 4598 Thebaide,
917 4533 1159 4604 erantque
1194 4539 1307 4607 ejus
1334 4554 1522 4607 magna
1547 4555 1723 4607 apera,
1748 4547 1797 4592 et

202 4622 426 4677 magnas
452 4607 659 4689 virtutes
687 4621 781 4689 per
806 4622 925 4659 eum
946 4607 1475 4689 faciebafﬂdeinus;
1503 4618 1550 4660 et
1573 4610 1797 4689 plurima
1822 4628 1878 4689 D

201 4676 377 4748 signa,
409 4676 814 4748 et‘admirabilia
845 4676 1073 4745 peream
1104 4679 1460 4748 eﬂiciebantur.
1491 4676 1596 4733 etc.
1629 4681 1795 4735 Sozo-

204 4746 403 4819 melius
440 4746 508 4801 de
543 4746 823 4800 monachis
852 4749 904 4802 in
935 4746 1209 4803 Thebaide
1235 4749 1556 4819 degentibus
1585 4765 1787 4817 agens:

206 4817 274 4873 In
308 4821 550 4891 istorum,
585 4818 1043 4891 _inquit,__numero
1079 4819 1268 4887 Apollo
1310 4817 1508 4891 quoque
1553 4822 1676 4889 fuit,
1706 4821 1795 4890 qui

205 4892 336 4945 vixit
373 4891 429 4942 in
470 4887 743 4943 Thebaide.
778 4888 884 4943 Hic
920 4907 1036 4943 cum
1074 4887 1347 4960 pubescere
1387 4887 1653 4959 inciperet,
1682 4887 1797 4945 vita:

206 4960 507 5015 monasticaz
536 4976 588 5013 se
616 4961 827 5013 dicavit.
855 4961 955 5026 Qui
974 4978 1087 5014 cum
1118 4964 1170 5015 in
1190 4963 1464 5015 solitudine
1485 4962 1552 5014 ad
1578 4962 1798 5027 quadra-

206 5033 350 5099 ginta
373 5046 534 5104 annos
557 5031 787 5104 vixisset,
823 5031 995 5104 diuino
1025 5033 1235 5104 oraculo
1266 5037 1467 5104 jusstts.
1498 5034 1796 5100 speluncam

205 5104 272 5155 ad
292 5103 494 5156 radices
516 5103 700 5155 montis
717 5102 993 5171 cujusdam
1016 5102 1137 5158 locis
1165 5104 1226 5156 ab
1248 5102 1536 5157 hominibus
1555 5103 1801 5157 habitatis

206 5175 361 5226 ricini
389 5173 674 5241 occupavit.
709 5174 809 5238 Qui
840 5176 994 5227 etiam
1030 5190 1136 5244 prae
1174 5176 1539 5228 miraculorum
1571 5176 1800 5227 multitu-

206 5245 347 5307 dine,
366 5244 501 5297 brevi
520 5260 758 5311 magnam
784 5246 1002 5298 nominis
1016 5244 1356 5298 celebritatem
1382 5253 1454 5297 est
1476 5254 1797 5309 consecutus,

206 5314 686 5385 ctrquamplurimis
719 5316 928 5385 praefuit
967 5315 1251 5369 monachis.
1286 5314 1423 5368 Nam
1454 5324 1559 5385 tam
1589 5313 1800 5367 utilibus

206 5384 275 5435 ad
308 5387 463 5437 vitam
492 5383 781 5453 disciplinis
812 5383 1069 5449 utebatur,
1108 5396 1163 5437 ut
1203 5386 1390 5438 multos
1415 5384 1663 5447 alliceret,
1690 5394 1796 5438 etc.

207 5454 443 5524 (Sozam.
477 5456 517 5508 ι.
546 5471 596 5508 v1
618 5471 731 5524 cap.
762 5458 855 5524 ‘29,
877 5455 1101 5523 Niceph.
1127 5455 1218 5508 lib.
1239 5470 1292 5509 χι
1320 5471 1438 5521 cap.
1463 5454 1554 5518 54,
1587 5454 1797 5508 Pallad.

206 5525 257 5576 in
282 5523 532 5595 Lausiac.
560 5543 605 5578 c.
634 5525 759 5595 ‘25).

279 5594 304 5631 δ
344 5594 574 5651 Celebre
602 5593 804 5650 dictum
835 5597 998 5652 etiam
1029 5598 1081 5650 in
1119 5597 1240 5665 jure
1272 5594 1533 5649 canonico
1568 5611 1580 5646 :
1610 5593 1796 5665 Mana-

208 5664 333 5720 chos
359 5668 553 5720 mundo
591 5676 817 5719 mortuos
855 5682 994 5729 esse;
1024 5664 1321 5735 praesertim
1354 5668 1402 5719 in
1434 5666 1651 5735 (legrcto
1686 5664 1795 5717 Eu-

206 5738 347 5807 genii
385 5752 535 5805 papa:
563 5737 701 5805 apud
733 5732 1042 5791 Gratianum
1076 5736 1159 5807 (2,
1183 5754 1232 5804 q.
1264 5740 1315 5800 7,
1341 5754 1456 5803 cap.
1494 5732 1721 5807 Placuit,
1752 5743 1797 5787 et

196 5821 256 5869 pc.
283 5806 499 5873 Nullus,
540 5815 586 5860 et
627 5808 717 5869 26,
758 5824 808 5873 q.
849 5808 900 5873 1,
942 5824 987 5861 c.
1017 5805 1240 5871 Placuit,
1270 5818 1317 5862 et
1346 5825 1460 5875 cap.
1494 5805 1623 5857 Sim!
1665 5820 1799 5856 ηοη-

210 5878 400 5944 nulli),
436 5878 521 5929 ubi
554 5877 630 5929 ait
668 5893 679 5929 :
714 5878 999 5932 Monachus
1030 5883 1092 5934 sit
1121 5884 1345 5934 claustro
1380 5892 1475 5931 suo
1514 5884 1797 5939 contentus,

1902 4183 2022 4250 quia
2048 4182 2179 4235 sicut
2204 4178 2357 4251 piscis
2382 4177 2497 4251 sine
2517 4191 2650 4251 aqua
2673 4175 2958 4251 caret‘vita,
2980 4176 3052 4229 ita
3079 4174 3354 4230 monachus
3383 4177 3495 4242 sine

1902 4246 2233 4308 monasterio.
2286 4249 2473 4304 Sedeat
2518 4248 2690 4317 itaque
2735 4246 3020 4311 solitarius,
3062 4258 3110 4301 et
3154 4257 3337 4312 taceat,
3368 4250 3493 4318 quia

1902 4325 2097 4379 mundo
2128 4332 2359 4376 mortuus
2390 4329 2484 4385 est,
2518 4319 2626 4372 Deo
2664 4330 2835 4372 autem
2877 4319 3015 4372 vivit.
3059 4320 3163 4376 Sed
3196 4328 3249 4373 et
3277 4318 3494 4373 Cassia-

1903 4413 2005 4451 nus
2035 4396 2267 4465 idipsum
2307 4392 2407 4447 sub
2441 4390 2674 4465 hominis
2704 4389 2945 4465 crucifixi
2977 4390 3331 4465 similitudine
3360 4406 3492 4465 cou-

1903 4461 2128 4539 lirmans’
2153 4468 2247 4519 lib.
2273 4481 2322 4539 tv
2346 4464 2579 4518 lnstitut.
2603 4477 2722 4539 cap.
2746 4463 3269 4539 54:Ab_r_enuntiatio,
3298 4461 3489 4539 inquit,

1902 4538 2032 4592 nihil
2059 4547 2133 4593 est
2161 4537 2305 4589 aliud
2330 4552 2483 4603 quam
2511 4535 2676 4588 crucis
2705 4549 2765 4585 ac
2789 4532 3489 4603 mortiﬁcationisindicium.

1903 4608 2132 4678 Ideoque
2177 4600 2377 4678 noveris
2428 4605 2763 4676 (professum
2806 4601 3124 4678 ttxottacbutu
3169 4600 3492 4678 alloquitur)

1903 4670 2152 4731 hodierno
2174 4679 2257 4729 die
2277 4689 2323 4729 te
2349 4670 2694 4738 huic—mundo,
2716 4680 2762 4727 et
2783 4672 2977 4743 actibus
3006 4674 3115 4743 ejus
3139 4687 3198 4723 ac
3225 4670 3492 4725 desideriis

1905 4765 2013 4802 esse
2043 4749 2369 4815 defunctum;
2402 4755 2564 4816 teque,
2597 4744 2892 4816 secundum
2934 4741 3257 4816 Apostolum,
3298 4745 3490 4816 arundo

1907 4820 2026 4871 huic
2052 4812 2158 4871 esse
2186 4812 2510 4880 cruciﬁxum,
2547 4815 2732 4883 tibique
2758 4817 2893 4868 hunc
2918 4816 3186 4866 mundum.
3212 4812 3495 4866 Considera

1906 4905 2027 4958 ergo
2057 4887 2370 4958 conditiones
2409 4886 2598 4958 crucis,
2632 4886 2721 4937 sub
2759 4889 2925 4958 cujus
2953 4893 3000 4936 te
3042 4887 3275 4958 deinceps
3320 4900 3492 4936 sacra-

1906 4954 2076 5013 mento
2106 4965 2304 5025 Oportet
2344 4956 2397 5007 in
2442 4954 2539 5005 hac
2578 4956 2690 5006 luce
2735 4954 2957 5017 versari;
2998 4957 3121 5025 quia
3151 4956 3266 5023 jam
3294 4963 3348 5005 tu
3391 4969 3494 5006 non

1908 5030 2050 5093 vivis,
2075 5024 2165 5082 sed
2199 5026 2287 5079 ille
2323 5026 2443 5078 vivit
2484 5026 2536 5077 in
2577 5033 2623 5076 te
2647 5025 2734 5090 qui
2759 5032 2832 5076 est
2863 5024 3142 5093 cruciﬁxus
3170 5040 3260 5093 pro
3288 5033 3353 5082 te,
3383 5034 3488 5077 etc.

1908 5101 1978 5154 Et
2010 5092 2061 5153 c7.
2098 5113 2236 5167 seq.:
2267 5094 2494 5167 Itarnos,
2523 5094 2725 5167 inquit,
2761 5095 2939 5167 timore
2976 5092 3493 5167 Dontini__c_ruci/i.ros

1907 5179 2105 5237 Oportet
2135 5163 2213 5221 his
2240 5166 2499 5237 omnibus,
2514 5166 2568 5217 id
2591 5174 2684 5229 est,
2708 5180 2809 5217 non
2832 5163 2997 5217 solum
3019 5163 3492 5237 carnalibusyitiis,

1907 5232 2083 5295 verum
2112 5240 2267 5293 etiam
2293 5237 2435 5307 ipsis,
2454 5234 2716 5289 elementis
2746 5244 2981 5307 ntortuos
3005 5248 3131 5286 esse.
3158 5232 3491 5307 VidegPalla—

1909 5313 2055 5366 dium
2087 5304 2346 5364 Lausiaca
2369 5305 2457 5370 85,
2490 5307 2577 5360 ubi
2609 5307 2774 5360 abbas
2799 5304 3058 5370 Serapion
3092 5305 3337 5371 probavit
3371 5320 3491 5357 mo-

1908 5383 2104 5436 nialem
2136 5377 2419 5448 quamdam
2449 5392 2557 5448 non
2586 5391 2707 5448 esse
2735 5390 2861 5448 vere
2891 5382 3156 5448 mortuam
3188 5374 3410 5448 mundo,
3438 5384 3496 5448 ut

1906 5455 2020 5521 ipsa
2076 5443 2342 5521 jactabat;
2412 5447 2504 5502 sed
2552 5446 2821 5513 mirabili,
2882 5443 3069 5499 nescio
3121 5460 3187 5499 an
3244 5444 3494 5498 imitabili

1902 5524 2169 5577 exctnnlo.

1979 5539 2395 5655 Em§iifdipedaha
2444 5589 2570 5657 quid
2619 5588 2727 5641 sint
2774 5584 3238 5657 vide__c_ollat.ﬂi7r
3278 5600 3396 5657 cap.
3422 5585 3493 5640 ‘20

1906 5664 2066 5733 (Vide
2093 5652 2362 5716 Molanum
2392 5659 2429 5710 ι.
2462 5652 2524 5733 de
2551 5658 2782 5733 Picturis
2809 5652 3012 5733 c.__82)_.
3045 5655 3325 5733 quligitur
3346 5652 3492 5710 vitem

1908 5724 1971 5789 ex
2004 5736 2102 5788 hoc
2137 5733 2256 5784 loco
2286 5730 2582 5784 monachos
2610 5730 2731 5785 illos
2760 5724 3063 5791 nudipedes
3095 5724 3283 5790 fuisse,
3317 5736 3368 5779 et
3395 5742 3495 5779 nu-

1907 5804 2177 5874 dipedalia
2206 5800 2547 5874 exercuisse;
2593 5816 2695 5870 qua
2740 5800 2807 5853 de
2848 5810 2908 5850 re
2937 5797 3096 5848 etiam
3131 5794 3252 5849 alibi
3285 5798 3494 5865 egimus

1906 5875 1925 5945 (
1955 5869 2063 5933 Lib.
2094 5890 2111 5929 ι
2142 5869 2316 5925 Instit.
2340 5883 2386 5921 ε.
2416 5870 2482 5925 10
