3986 6188
180 345 374 408 1301
1214 338 1560 407 COLLA'l‘IO
1599 334 1789 405 xxiv.
1821 379 1893 393 —
1919 346 2011 407 na
2049 346 2665 415 MORTlFlCA'l‘tONE.
2947 397 2958 405 .
3236 419 3240 423 ,
3436 358 3585 423 qm

183 477 342 519 non
383 463 602 523 solum
629 476 748 535 eos,
776 478 869 537 qm
899 463 1223 536 semetipsos
1241 505 1256 532 ,
1284 462 1371 519 vel
1400 464 1687 535 parentum
1717 463 1885 520 tacul-
1907 465 1966 530 Α
1985 463 2042 521 in
2067 465 2295 536 quadam
2327 466 2495 539 longe
2522 472 2692 539 postia
2719 470 2964 541 civitate,
2998 473 3330 547 singulorum
3376 474 3579 533 solido-

181 556 511 626 tatibus,
541 559 627 614 vel
652 557 975 615 famulorum
1002 557 1300 624 laboribus,
1325 558 1411 614 vel
1437 556 1723 614 [nudorum
1754 570 1881 615 suo-
1982 566 2103 611 rum
2129 557 2372 629 singulos
2403 559 2655 618 homines
2705 565 2911 620 tonsori
2953 566 3204 637 prabere
3249 567 3576 623 mercedem.

180 661 355 703 rum
431 649 722 707 fructibus
773 648 1104 722 gloriantur,
1159 649 1254 707 sed
1308 651 1455 722 ipsos
1511 648 1668 708 etlam
1724 662 1879 722 reges
1981 646 2099 715 Quo
2122 650 2211 706 ille
2239 661 2542 722 comperto,
2567 654 2830 722 Quamdiu
2853 670 2974 724 ero,
3011 656 3208 728 inquit,
3242 656 3344 714 hac
3369 658 3581 714 mendi-

181 742 448 798 mundi
498 744 680 812 hujus,
714 759 884 814 agape
913 750 1126 799 certum
1168 753 1251 799 cst
1279 747 1592 801 sustentarl.
1634 746 1754 803 Hoc
1777 746 1876 803 de.
1979 743 2145 799 citate
2172 752 2496 814 contentus,
2529 755 2591 801 ut
2619 747 2776 801 trium
2823 748 3174 804 denariorum
3216 750 3409 819 stipem
3451 763 3577 805 cunt

186 835 422 906 nique
460 836 741 907 majorum
770 847 1086 893 nostrorum
1108 837 1356 893 definitio
1382 838 1545 895 habet
1569 855 1583 893 :
1604 837 1874 915 Quidquid
1978 835 2165 892 labore
2192 842 2533 909 conquiram,
2561 852 2686 896 eum
2719 842 2920 911 possim
2953 843 3048 897 illo
3094 858 3325 915 pergens
3370 845 3577 915 ingenti

188 929 280 983 ad
355 929 776 986 necessitatem
809 929 1110 1000 quotidiani
1163 929 1339 985 victus
1368 913 1691 998 insumitur,
1729 930 1874 1002 quod
1976 928 2278 984 solidorum
2305 940 2519 1001 quaestu
2561 930 2776 987 divitias
2817 913 3448 1004 congregareiiltaque,
3483 950 3578 992 su-

198 1034 431 1091 Opcre
473 1037 734 1077 manuum
768 1032 1082 1077 nostrarum
1111 1020 1360 1078 eli‘ectum
1405 1032 1721 1095 partumque
1766 1038 1871 1079 non

198 1110 458 1182 merit,
501 1113 568 1168 ad
600 1128 806 1184 agapen
835 1113 1025 1169 referri
1068 1113 1268 1169 debere
1310 1124 1649 1181 sanxerunt,
1679 1130 1875 1173 secun—

201 1203 376 1259 dum
408 1205 769 1276 Apostolum,
793 1206 882 1277 qui
908 1205 1097 1261 otiosis
1128 1206 1341 1276 penitus
1364 1207 1694 1264 interdicens
1712 1223 1868 1277 opem
1974 1213 2236 1271 servarat,
2260 1204 2326 1260 ad
2343 1206 2529 1263 urbem
2559 1206 2706 1265 illam
2727 1208 3242 1277 quaestuosissimam
3263 1225 3384 1264 cum
3417 1225 3567 1265 sum-

203 1292 542 1367 largitatis
573 1299 782 1365 alienae,
820 1297 953 1366 Qui,
985 1299 1178 1369 inquit,
1208 1314 1310 1357 non
1340 1308 1581 1371 aperatur
1607 1317 1698 1355 nec
1726 1314 1869 1355 man-
1971 1309 2063 1349 m0
2088 1296 2277 1351 labore
2304 1300 2570 1367 pervenit.
2609 1297 2710 1354 Ubi
2749 1314 2899 1367 cum,
2929 1315 2991 1354 ea
3018 1314 3121 1369 qua
3162 1301 3438 1371 ingressus
3477 1307 3565 1357 est

205 1390 416 1447 ducet
455 1391 527 1465 (ll
562 1391 746 1448 Thess.
778 1394 882 1464 ιιι).
918 1392 1011 1448 liis
1059 1395 1249 1450 beatus
1293 1394 1561 1449 Antonius
1608 1393 1872 1451 adversus
1972 1385 2082 1455 die,
2114 1388 2412 1443 secundum
2455 1388 2508 1443 id
2547 1388 2687 1458 Quod
2736 1400 3094 1461 compererat,
3121 1391 3187 1446 ab
3236 1404 3562 1461 unoquoque

210 1483 565 1553 quemdam
596 1497 725 1539 usus
754 1485 935 1541 verbis
958 1525 974 1553 ,
1007 1485 1172 1542 etiam
1202 1501 1300 1541 nos
1330 1488 1622 1557 magisterii
1654 1489 1738 1544 sui
1781 1490 1865 1544 in-
1968 1481 2277 1539 mercedem
2329 1482 2413 1540 sui
2464 1484 2646 1553 operis
2695 1485 2987 1556 recepisse!
3011 1526 3026 1552 ι
3072 1485 3139 1540 ad
3188 1499 3473 1556 vesperam
3502 1497 3564 1541 ὅθ

209 1574 527 1632 formavit
548 1578 819 1649 exemplo,
838 1588 896 1633 ut
922 1590 1205 1649 parentum
1234 1580 1689 1650 perniciosissima
1716 1580 1850 1636 blant

1971 1571 2160 1628 videns
2183 1575 2443 1642 grandem
2467 1576 2761 1633 solidorum
2794 1593 3075 1633 numerum
3105 1578 3464 1646 conquisisse,
3492 1576 3562 1631 ad

214 1669 550 1739 dimenta,
580 1678 637 1726 et
665 1670 905 1731 omnium
934 1674 1024 1743 qui
1068 1672 1231 1727 victui
1270 1674 1633 1729 necessariam
1663 1674 1868 1729 submi.
1971 1664 2257 1720 macellum
2312 1666 2468 1722 laetus
2516 1668 2768 1737 intendit,
2817 1684 2968 1726 escas
3003 1671 3283 1726 refectioni
3324 1685 3438 1726 sum
3467 1684 3563 1726 ne-

213 1763 505 1818 nistrant
527 1777 771 1833 agapen,
805 1764 1028 1834 insuper
1052 1765 1214 1822 etiam
1256 1781 1473 1821 omnem
1517 1782 1746 1823 animum
1770 1768 1866 1822 ha-
1968 1756 2235 1812 cessarias
2284 1767 2652 1830 coempturus.
2696 1763 2840 1830 Quas
2887 1778 3009 1825 cum
3062 1764 3321 1833 ccepisset
3366 1776 3562 1834 magno

217 1848 549 1909 bitationis
569 1854 799 1925 gratiam
824 1854 1123 1911 devitemus
1148 1872 1163 1921 ;
1198 1857 1613 1928 squalentesque
1635 1859 1863 1913 naturali
1895 1860 1944 1920 B
1968 1851 2264 1908 solidorum
2298 1856 2473 1924 pretio
2503 1870 2818 1926 comparare
2843 1900 2858 1925 ,
2904 1858 3157 1928 expensis
3182 1858 3235 1913 in
3267 1856 3561 1927 perexiguo

1977 1030 2131 1074 mens
2156 1020 2288 1076 artis
2319 1035 2430 1077 suae
2476 1022 2721 1092 protinus
2771 1024 3163 1094 instrumenta,
3214 1028 3472 1097 espensis
3516 1026 3572 1082 in
3656 1092 3670 1099 η

1976 1120 2191 1181 sumptu
2239 1112 2492 1171 omnibus
2540 1129 2659 1185 quae
2704 1114 2793 1171 hic
2822 1116 2992 1170 multo
3041 1126 3285 1186 tempore
3336 1116 3567 1173 collecta
3663 1130 3669 1160 τ

219 1945 630 2001 amaritudine
671 1960 866 2001 arenas
891 1985 909 2014 ,
939 1953 994 2002 et
1024 1957 1269 2017 perustas
1321 1948 1465 2004 salsa
1512 1950 1861 2007 inundatione

223 2036 539 2107 regiones,
574 2036 812 2106 nullique
836 2037 909 2093 ob
955 2038 1182 2107 idipsum
1228 2039 1512 2097 hominum
1547 2041 1659 2111 juri
1686 2042 1862 2101 domi-

222 2126 469 2195 nioque
497 2125 792 2196 subjectae,
822 2128 1032 2184 cunctis
1061 2129 1245 2185 mundi
1290 2131 1450 2202 hujus
1494 2133 1686 2202 opibus
1723 2148 1860 2202 prae-

232 2234 540 2291 ponamus
567 2261 581 2285 ,
614 2231 670 2275 ut
700 2236 806 2277 non
839 2222 1014 2277 solum
1073 2223 1396 2296 frequentius
1448 2227 1724 2282 hominum
1764 2228 1860 2283 ob-

232 2322 422 2371 tentu
453 2314 617 2370 invite
643 2315 951 2371 solitudinis
968 2316 1324 2387 declinemus,
1354 2318 1449 2375 sed
1471 2320 1636 2376 etiam
1666 2336 1859 2391 nequa-

234 2421 428 2477 quam
479 2422 578 2461 nos
631 2407 699 2462 ad
740 2408 1144 2480 qualiscumque
1194 2411 1418 2467 culturae
1473 2412 1854 2470 distentionem

232 2498 450 2554 uberis
480 2500 582 2555 soli
627 2509 817 2556 natura
845 2502 1133 2572 sollicitet,
1160 2522 1257 2575 per
1288 2522 1446 2575 quam
1477 2522 1631 2563 mens
1657 2507 1726 2562 ab
1764 2508 1852 2563 illa

236 2592 547 2664 principali
576 2594 955 2655 observatione
976 2599 1155 2655 cordis
1184 2600 1462 2667 distracta,
1486 2602 1853 2671 spiritualibus

234 2683 461 2739 studiis
491 2684 808 2743 redderetur
830 2686 1012 2744 eﬂ‘eta.

857 2825 1088 2884 CAPUT
1125 2828 1261 2884 XIII.

237 2937 474 2997 Abbatis
495 2935 719 3018 Macarii
750 2940 930 3018 fabula
958 2942 1023 3018 de
1044 2945 1271 3018 tonsoris
1293 2945 1522 3001 mercede
1545 2947 1849 3018 composita,

548 3010 617 3064 ad
639 3010 909 3068 illusiones
944 3013 1136 3070 diaboli
1167 3018 1566 3086 cognoscendas.

317 3143 465 3199 Nam
482 3145 624 3215 quod
641 3145 778 3202 alios
800 3162 1012 3218 quoque
1026 3144 1241 3206 salvare
1265 3164 1360 3205 vos
1383 3166 1541 3221 posse
1556 3166 1654 3209 con
1666 3151 1847 3218 liditis,

1966 1942 2110 1997 victu
2143 1947 2412 2000 universis
2462 1960 2597 2016 quos
2653 1947 2978 2017 acquisierat
3025 1948 3252 2014 solidis,
3293 1962 3362 2002 ne
3401 1948 3561 2001 unius

1964 2037 2180 2107 quidem
2214 2038 2428 2094 denarii
2476 2040 2653 2094 intulit
2690 2038 2922 2095 lucrum.
2956 2040 3195 2110 Cumque
3234 2038 3308 2093 ita
3337 2037 3561 2110 singulis

1963 2128 2157 2185 diebus
2184 2131 2595 2200 acquisitionem
2626 2145 2779 2186 suam
2825 2132 3050 2188 vidisset
3079 2131 3315 2199 insumi,
3348 2140 3409 2187 ut
3447 2146 3556 2187 non

1961 2223 2137 2277 solum
2186 2223 2320 2277 nihil
2366 2224 2663 2293 redigeret,
2718 2223 2815 2279 sed
2861 2225 2949 2278 vix
2996 2223 3173 2294 ipsam
3229 2223 3556 2293 quotidiana:

1961 2315 2277 2371 substantiae
2308 2317 2686 2372 necessitatem
2715 2324 2897 2386 posset
2918 2317 3160 2385 explere,
3189 2315 3327 2384 apud
3350 2322 3555 2370 semet-

1960 2406 2137 2477 ipsum
2177 2407 2513 2477 recOgitans,
2555 2406 2848 2473 Revertar,
2900 2405 3106 2475 inquit,
3157 2404 3226 2459 ad
3278 2405 3552 2460 civitatem

1962 2513 2157 2562 meam,
2196 2498 2453 2568 illumque
2480 2509 2722 2568 repetam
2753 2497 3127 2552 tenuissimum
3158 2504 3419 2564 quaestum
3441 2536 3455 2561 ,
3483 2510 3553 2550 ex

1960 2606 2066 2662 quo
2094 2590 2223 2644 mihi
2255 2589 2467 2659 expleta
2497 2592 2643 2644 omni
2674 2588 2921 2660 corporis
2948 2603 3077 2642 cura
3099 2630 3113 2654 ,
3150 2587 3293 2657 quod
3325 2585 3392 2640 ad
3422 2600 3551 2641 sus-

1962 2686 2312 2742 tentationem
2328 2686 2625 2742 senectutis
2648 2692 3006 2749 accresceret,
3024 2681 3334 2752 quotidiana
3355 2680 3552 2735 exube-

1958 2779 2132 2834 rantia
2168 2777 2505 2834 conferebat.
2540 2777 2695 2845 Quod
2730 2778 2980 2847 quamvis
3014 2789 3237 2845 parvum
3278 2773 3554 2828 videretur

1957 2881 2010 2926 et
2037 2881 2231 2937 tenue,
2266 2886 2373 2925 non
2425 2870 2755 2925 mediocrem
2789 2881 2964 2924 tamen
3011 2882 3275 2922 summam
3313 2865 3423 2935 jugi
3456 2879 3553 2935 pa-

1957 2963 2133 3021 riebat
2177 2974 2489 3034 augmento.
2531 2963 2903 3032 Qumstuosiur
2937 2962 3138 3032 quippe
3169 2961 3299 3017 mihi
3329 2960 3428 3014 fuit
3460 2959 3553 3014 ille

1956 3072 2298 3112 nummorum
2333 3072 2493 3127 quam
2533 3056 2638 3112 iste
2675 3055 2972 3111 solidorum
3015 3052 3365 3124 imaginarius
3394 3067 3550 3122 quie-

1956 3160 2098 3213 Stus,
2130 3164 2196 3203 ex
2224 3164 2327 3218 quo
2355 3164 2461 3202 non
2501 3149 2678 3205 solum
2727 3147 2863 3202 nihil
2890 3148 3152 3202 exuberat
3181 3144 3322 3216 quod
3354 3161 3553 3200 recon-

242 3245 304 3293 et
327 3251 436 3308 spe
455 3238 675 3308 majoris
706 3239 843 3295 lucri
865 3239 932 3294 ad
956 3239 1295 3297 revisendam
1312 3242 1537 3313 patriam
1558 3244 1846 3313 festinatis,
1878 3246 1926 3313 ο
1956 3240 2101 3310 dam,
2132 3241 2228 3297 sed
2259 3242 2420 3297 etiam
2452 3239 2540 3296 vix
2569 3240 2685 3317 ipsa
2712 3240 3006 3311 quotidiani
3050 3240 3221 3295 victus
3252 3238 3553 3295 necessitas

242 3332 440 3388 audite
464 3330 622 3389 etiam
636 3348 799 3403 super
824 3332 926 3388 hoc
957 3333 1285 3404 quamdam“
1308 3336 1516 3392 abbatis
1539 3337 1756 3393 Macarii
1774 3340 1848 3393 ia-

243 3421 464 3491 bulam,
477 3424 870 3495 jucundissime
883 3436 1046 3495 atque
1064 3427 1346 3497 aptissime
1367 3428 1670 3500 ﬁguratam,
1687 3446 1847 3503 quam

244 3526 305 3574 et
335 3518 435 3574 ille
476 3518 689 3575 cuidam
718 3519 987 3575 similibus
1012 3520 1295 3578 desideriis
1324 3525 1596 3590 aestuanti,
1629 3525 1850 3587 medici:

247 3623 380 3665 nam
412 3612 887 3681 opportunissimae
916 3614 1241 3669 narrationis
1288 3616 1531 3685 ingessit.
1563 3617 1727 3684 Erat,
1761 3619 1847 3672 in.

250 3704 414 3771 quit,
446 3703 498 3757 in
540 3705 758 3760 civitate
803 3705 1034 3776 quadam
1085 3707 1440 3776 peritissimus
1495 3717 1681 3764 tonsor
1725 3709 1845 3779 qui,

250 3792 282 3833 ι)
302 3794 547 3854 denariis
597 3796 768 3852 ternis
794 3813 1231 3870 unumquemque
1261 3799 1578 3863 detondens,
1631 3811 1847 3873 tenuem

253 3888 537 3958 vilemque
560 3889 863 3947 mercedem
911 3892 995 3946 sui
1025 3893 1207 3962 operis
1253 3891 1583 3961 acquirendo
1604 3933 1618 3958 ,
1653 3907 1718 3947 ex
1751 3893 1851 3948 hac

253 3980 453 4036 eadem
481 3982 779 4049 quantitate
803 3982 1107 4039 necessaria
1130 3996 1229 4039 suo
1252 3983 1411 4037 victui
1434 3982 1676 4053 quotidie
1702 3998 1851 4037 com-

254 4071 515 4144 parabat;
548 4081 873 4147 centumque
890 4078 1161 4144 denarios,
1194 4078 1407 4147 ettpleta
1429 4078 1576 4131 omni
1606 4078 1851 4147 corporis

254 4178 387 4221 cura
408 4205 424 4233 ,
456 4168 732 4237 marsupio
776 4184 874 4225 suo
903 4168 1096 4225 diebus
1136 4169 1363 4238 singulis
1420 4168 1708 4224 inferebat.
1742 4168 1848 4225 Sed

257 4270 381 4311 cum
413 4258 783 4315 indesinenter
830 4260 975 4317 hunc
1010 4263 1273 4318 conderet
1321 4271 1608 4332 quaestum,
1649 4261 1853 4316 audivit

1957 3336 2273 3389 sustinetur.
2301 3334 2369 3388 Et
2392 3334 2600 3390 idcirco
2621 3335 2824 3390 rectius
2849 3334 3006 3389 nobis
3051 3343 3157 3399 est,
3190 3333 3333 3389 hunc
3360 3333 3551 3389 solitu-

1957 3426 2100 3482 dinis
2133 3428 2293 3497 hujus
2324 3427 2699 3482 tenuissimum
2728 3429 2961 3482 fructum
3008 3426 3280 3495 indirupta
3323 3425 3551 3495 jugitate

1957 3519 2173 3588 sectari,
2206 3534 2364 3588 quem
2390 3519 2553 3573 nullae
2574 3518 2867 3573 saeculares
2884 3532 3047 3582 curm,
3071 3518 3229 3570 nullae
3259 3517 3549 3572 mundana:

1956 3610 2315 3669 distentiones
2340 3652 2355 3677 ,
2404 3610 2549 3664 nulla
2597 3609 2912 3664 cenodoxiae
2937 3622 3002 3662 ac
3031 3610 3285 3662 vanitatis
3327 3609 3551 3664 arrodat

1956 3705 2154 3770 elatio,
2204 3703 2365 3756 nulla:
2412 3700 2808 3755 sollicitudines
2836 3700 3043 3755 diurnte
3073 3700 3407 3755 necessitatis
3444 3701 3551 3756 im-

1957 3794 2227 3852 tninuant.
2256 3792 2444 3849 Metius
2465 3800 2538 3848 est
2564 3794 2701 3847 enim
2730 3794 2987 3848 modicum
3018 3796 3188 3866 justo,
3220 3809 3373 3863 super
3418 3795 3550 3848 divi-

1955 3891 2051 3944 tias
2076 3897 2402 3960 peccatorum
2432 3887 2626 3945 multa:
2650 3886 2828 3959 (Psal.
2859 3885 3075 3958 xxxvr),
3104 3902 3264 3957 quam
3293 3887 3548 3944 affectare

1955 3982 2105 4038 lucra
2123 3981 2210 4037 illa
2230 3979 2455 4050 majora,
2470 3995 2589 4049 quae
2610 3979 2824 4035 etiamsi
2847 3989 3027 4050 parata
3053 3979 3254 4034 iuerint
3272 3988 3546 4049 quaestuo-

1955 4075 2173 4133 sissima
2216 4075 2576 4131 conversione
2619 4073 2940 4136 multorum,
2993 4072 3320 4127 necessitate
3360 4081 3545 4128 tamen

1954 4168 2241 4225 mundanae
2265 4166 2695 4222 conversationis
2714 4174 2772 4221 et
2794 4164 3124 4235 quotidianis
3153 4163 3542 4220 distentionum

1953 4259 2400 4317 diminutionibus
2455 4260 2827 4314 absttmentur.
2861 4268 2884 4297 α
2916 4256 3104 4313 Melior
3148 4272 3382 4329 namque
3429 4266 3543 4326 est,

1341 4380 1597 4437 ALARDI
1635 4380 1871 4438 GAZ/El
1909 4380 2481 4440 COMMENTARIUS.

259 4505 376 4544 rum
406 4491 633 4546 triclinio
657 4502 998 4561 retractatur;
1022 4512 1165 4551 coma
1190 4505 1367 4552 nostra
1383 4497 1444 4551 de
1467 4499 1671 4552 nomine
1695 4498 1857 4552 ratio-

262 4577 376 4616 item
401 4565 817 4640 suamostendit:
839 4578 1047 4620 vocatur
1085 4568 1257 4640 ἀγάπη
1282 4568 1337 4620 id
1361 4569 1501 4637 quod
1524 4586 1675 4636 penes
1703 4566 1853 4623 Grat-

264 4648 349 4709 cos
390 4633 597 4687 dilectio
643 4646 785 4709 est;
811 4633 1235 4709 quantiscumque
1279 4633 1568 4706 sumptibus
1621 4651 1848 4709 constet,

261 4704 461 4780 lucrum
488 4713 563 4758 est
600 4704 1042 4780 pietatisgnomine
1065 4704 1232 4780 facere
1271 4704 1567 4777 sumptum:
1603 4704 1851 4780 siquidem

260 4774 437 4844 inopes
487 4774 686 4847 quoque
725 4777 1009 4850 refrigerio
1065 4774 1165 4834 isto
1209 4774 1470 4850 iuvamus.
1529 4780 1589 4836 Si
1641 4774 1852 4835 honesta

263 4860 419 4898 causa
469 4857 557 4920 est
590 4848 843 4913 convivii,
891 4850 1146 4916 reliquum
1198 4848 1427 4905 ordinem
1470 4852 1756 4920 disciplina:
1787 4853 1850 4906 de

1958 4499 2068 4576 sive
2086 4499 2348 4576 carnibus.
2375 4498 2553 4576 Porro
2572 4514 2691 4576 cum
2714 4508 2955 4576 tempore
3068 4495 3380 4576 Hieronymi
3409 4508 3545 4576 non-
3566 4534 3583 4545 .

1960 4570 2124 4623 nullm
2153 4572 2325 4646 viduae
2356 4571 2551 4646 divites
2577 4565 2850 4646 jactantiar
2881 4565 3059 4646 potius
3088 4566 3545 4646 etpstentationis

1958 4655 2118 4715 quam
2151 4639 2513 4715 charitatiset
2551 4634 2789 4715 pietatis
2819 4634 2980 4692 causa
3012 4634 3431 4715 htec'facerentn
3464 4635 3542 4715 id:

1956 4704 2106 4764 circo
2152 4724 2244 4765 eas
2274 4704 2679 4777 reprehendens
2729 4710 3089 4776 llierunynttts
3128 4706 3180 4777 in
3222 4704 3448 4777 epistola;
3475 4705 3542 4759 ad

1959 4780 2311 4834 Eustochium
2339 4775 2531 4834 Scribit
2556 4798 2569 4832 :
2604 4782 2729 4834 Cum
2756 4775 2960 4833 manum
2991 4776 3158 4847 egenti
3187 4775 3539 4847 porrexerint,

1955 4851 2229 4903 bucciuant
2254 4867 2272 4916 ;
2293 4868 2408 4904 cum
2438 4856 2503 4904 ad
2525 4868 2723 4922 agapen
2750 4846 3069 4922 pacaverint,
3091 4862 3262 4922 prch
3298 4846 3543 4922 conduci:

264 4932 418 4991 causa
444 4919 716 4991 destituam,
740 4920 865 4991 quid
884 4922 951 4974 sit
979 4921 1043 4975 de
1063 4923 1324 4990 religionis
1348 4922 1529 4991 ofﬁcio.
1563 4915 1715 4975 Nihil
1736 4923 1851 4975 vili-
1876 4915 1929 4975 D
1956 4921 2145 4976 tur.ltu
2196 4924 2254 4974 Ι).
2286 4915 2645 4991 Hieronymus
2670 4962 2685 4985 ,
2727 4920 2978 4973 nimirum
3025 4915 3281 4991 alludens
3300 4917 3365 4969 ad
3407 4915 3541 4970 illud

266 4989 380 5041 tatis
399 5028 415 5053 ,
449 4988 580 5041 nihil
607 4988 947 5065 immodestiae
968 4988 1214 5065 admittit.
1248 4988 1543 5065 Non’prius
1570 4992 1853 5065 discumbi-

265 5067 342 5113 tur
357 5075 513 5134 quam
535 5061 702 5134 oratio
718 5071 1078 5134 praegustetur.
1096 5060 1285 5134 Editur
1305 5060 1553 5130 quantum
1575 5064 1854 5119 esurientes

266 5132 505 5200 capiunt;
554 5129 742 5185 bibitur
770 5129 1021 5201 quantum
1054 5132 1259 5202 pudicis
1286 5129 1358 5188 est
1386 5135 1554 5200 utile;
1593 5134 1665 5186 ita
1703 5144 1850 5188 satu-

265 5210 463 5275 rantur,
480 5210 532 5275 ut
554 5202 641 5275 qui
668 5204 990 5258 meminerint
1014 5205 1166 5258 etiam
1186 5220 1278 5275 per
1305 5216 1503 5259 noctem
1524 5204 1853 5275 adorandum

266 5268 427 5346 Deum
466 5268 826 5346 sibies_se;ita
861 5268 1202 5346 fabulantur,
1246 5284 1301 5329 ut
1348 5278 1439 5346 qui
1477 5278 1640 5329 sciant
1685 5273 1851 5329 Deum

266 5342 469 5413 audire,
500 5353 607 5413 etc.
636 5343 693 5399 In
721 5342 951 5400 concilio
996 5345 1302 5413 Gangrensi
1338 5342 1666 5413 temporibus
1710 5345 1853 5401 Con-

268 5412 479 5467 stantini
510 5412 696 5468 habito
726 5418 986 5471 adversus
1037 5412 1345 5481 hujusmodi
1395 5412 1685 5484 agaparum
1719 5433 1850 5472 con-

272 5491 556 5556 temptores
586 5485 781 5555 legitur
814 5491 916 5542 hoc
937 5488 1212 5540 decretum
1239 5503 1249 5537 :
1284 5486 1346 5540 Si
1370 5490 1484 5551 quis
1505 5488 1717 5556 despicit
1738 5505 1841 5555 eos,

271 5556 349 5677 ῖνί
377 5554 601 5624 ﬁdeliter
628 5575 835 5628 agapes,
887 5560 941 5611 id
966 5565 1062 5616 est,
1090 5556 1318 5609 convivia
1348 5554 1661 5627 pauperibus
1699 5554 1850 5625 eat/ti-

299 5637 376 5677 ent
401 5637 449 5677 et
475 5637 684 5677 nronter
707 5631 947 5677 honorent
967 5626 1063 5677 Dei
1083 5638 1360 5677 cont'ocattt
1382 5632 1584 5677 fratres-
1604 5639 1647 5677 et
1670 5630 1847 5677 nolue-

299 5637 376 5678 ent
401 5637 449 5680 et
474 5626 684 5695 prapter
707 5631 947 5684 honorem
967 5626 1063 5679 Dei
1083 5626 1360 5680 conrocaut
1380 5632 1585 5694 fratres,
1604 5639 1647 5681 ct
1670 5630 1847 5681 nolue-

271 5696 331 5774 [ιι
356 5701 734 5774 communicare
757 5698 1056 5774 hujnsmodi
1076 5697 1442 5774 vacationibus,
1463 5701 1743 5774 anathema
1761 5702 1844 5752 sit.

274 5762 330 5820 Ι).
362 5772 690 5839 Augustinus
718 5762 898 5827 libfxx
928 5776 1117 5824 contra
1145 5770 1399 5823 Faustum
1423 5762 1540 5838 Cap.
1572 5768 1678 5823 20:
1710 5769 1846 5838 Aga-

274 5850 386 5910 pes,
430 5840 624 5908 inquit,
652 5853 841 5896 nostrte
866 5854 1116 5912 pauperes
1158 5849 1411 5910 pascunt,
1439 5840 1544 5895 sive
1582 5840 1841 5910 frugibus,

1957 4991 2194 5048 Matthxi
2222 5008 2270 5046 vr
2300 5010 2311 5045 :
2340 4990 2469 5046 Cum
2492 4988 2622 5061 facis
2647 4991 3045 5061 eleemosgnam,
3074 4990 3177 5040 noli
3211 4988 3542 5061 tuba_canere

1957 5076 2076 5117 ante
2109 5074 2155 5115 te
2178 5104 2193 5127 ,
2224 5065 2357 5116 sicut
2387 5056 2670 5133 hypocrita:
2700 5056 2899 5133 [ncittn't
2919 5059 2974 5133 in
3005 5057 3299 5129 synagogis.
3339 5056 3538 5133 Verum

1957 5136 2024 5190 de
2056 5136 2137 5188 his
2164 5134 2319 5201 plura
2351 5128 2487 5203 apud
2525 5128 2813 5203 Baron‘iutn
2846 5128 3041 5203 videre
3053 5138 3137 5203 est
3179 5139 3324 5181 tomo
3368 5128 3539 5192 primo

1957 5198 2245 5260 Annalium
2276 5198 2454 5271 (Auito
2481 5202 2594 5273 57),
2630 5203 2717 5256 ubi
2756 5201 2913 5254 docet
2938 5198 3138 5273 triplici
3164 5212 3232 5251 cx
3262 5211 3419 5273 causa
3452 5212 3539 5251 so-

1957 5276 2071 5331 lere
2099 5267 2403 5343 hujusntodi
2436 5267 2633 5344 agapas
2684 5272 2985 5326 celebrari:
3027 5269 3078 5322 itt
3110 5284 3335 5344 quarum
3364 5267 3536 5344 locum

1955 5338 2241 5413 successit,
2274 5362 2432 5415 quam
2470 5338 2646 5415 hodie
2677 5356 2916 5415 mensam
2950 5354 3242 5409 pauperum
3272 5338 3536 5393 dicimus:

1955 5433 2115 5485 quam
2162 5429 2215 5470 et
2263 5414 2372 5469 alio
2413 5414 2632 5469 nomine
2654 5414 2962 5485 diaCnniatn
3011 5416 3138 5485 olim
3179 5421 3538 5485 nuncupatam

1955 5480 2121 5542 fuisse
2152 5486 2395 5547 superius
2413 5484 2720 5539 annotavitn
2745 5500 2789 5535 's
2819 5480 3041 5553 (Collat.
3068 5481 3159 5545 21,
3189 5495 3305 5552 cap.
3334 5486 3352 5532 ι
3382 5493 3424 5531 et
3458 5482 3535 5548 8).

2029 5568 2053 5594 α
2080 5558 2157 5611 De
2184 5556 2433 5610 Macariis
2465 5557 2666 5607 dictum
2700 5556 2983 5607 hactenus.

2027 5627 2053 5666 δ
2091 5634 2161 5681 lle
2189 5627 2413 5680 denario
2444 5633 2498 5677 ct
2525 5625 2720 5692 solido,
2753 5638 2981 5694 quintum
3015 5622 3103 5677 hic
3137 5622 3374 5685 mentio,
3418 5626 3535 5674 viii:

1951 5699 1987 5752 Ι.
2019 5714 2073 5753 ιν
2103 5699 2281 5752 lnstit.
2315 5713 2363 5750 c.
2402 5694 2493 5759 14,
2524 5709 2575 5748 et
2607 5697 2641 5748 l.
2669 5711 2702 5749 v
2728 5692 2785 5748 cf
2813 5692 2900 5747 58.

2028 5781 2049 5807 ε
2074 5769 2277 5823 Testus
2302 5766 2532 5835 vulgatu:
2560 5767 2670 5819 edit
2698 5764 2921 5819 :Melior
2949 5774 3020 5817 est
3047 5763 3276 5835 pugillus
3302 5780 3417 5818 cum
3450 5783 3534 5819 rc—

2028 5783 2049 5807 ε
2074 5783 2277 5823 't‘estus
2302 5783 2532 5835 vulgatu:
2560 5783 2670 5819 eott
2698 5783 2921 5819 :meuor
2949 5783 3020 5817 est
3047 5783 3098 5834 pl
3156 5783 3276 5819 tuus
3302 5783 3417 5818 cum
3450 5783 3534 5819 rc-

1949 5841 2090 5911 quie,
2122 5853 2275 5908 quam
2307 5838 2460 5907 plena
2490 5846 2709 5903 utraque
2745 5851 2932 5889 manus
2966 5851 3081 5890 cum
3098 5783 3295 5891 Lfabore
3325 5844 3371 5890 et
3403 5838 3536 5910 aﬂli-
