3986 6188
187 370 325 429 1505

1115 361 1461 432 COLLATIO
1500 375 1692 433 XXIV.
1723 402 1792 422 --
1823 378 1911 435 DE
1950 379 2558 441 MORTIFICATIONE.

3323 389 3465 450 I506

178 488 583 543 convertemms
614 501 751 540 auos
776 498 829 541 et
878 486 1164 557 regendos,
1196 487 1475 543 diabolicis
1508 490 1773 545 illusioni-
1800 492 1856 553 Α
1883 492 2151 549 tndinibus
2181 496 2476 562 adhibere,
2524 494 2628 550 nisi
2659 509 2782 551 eum
2818 496 2912 555 aui
2953 496 3106 568 ipsas
3148 498 3465 560 morborum

181 582 287 635 bus
340 580 917 650 instigantur;quique
945 581 1156 635 etiamsi
1207 583 1480 650 potuerint
1506 582 1639 637 lucri
1671 583 1775 638 ali-

170 675 306 743 quid
339 689 404 728 ex
436 672 794 743 quorumdam
824 674 1183 729 conversione
1231 676 1572 744 conquirere,
1603 679 1775 745 impa-

172 768 364 821 tientia
443 781 539 821 sua
612 774 778 835 atque
844 765 1133 819 inconditis
1200 766 1442 821 moribus
1512 767 1770 837 quidquid

166 859 533 926 acquisierint
568 858 822 929 perdunt.
850 857 984 911 Illud
1013 872 1244 927 namque
1261 860 1340 913 eis
1369 858 1510 928 quod
1541 860 1770 928 Aggaeus

164 950 433 1019 prepheta
461 951 737 1016 describit,
768 952 1021 1005 eveniet:
1053 950 1120 1003 Et
1141 952 1234 1021 qui
1263 951 1525 1005 mercedes
1551 969 1768 1024 congre-

164 1052 279 1111 gat,
316 1044 480 1097 mittet
517 1059 603 1097 eas
640 1044 694 1095 in
715 1042 977 1095 sacculum
1008 1051 1269 1111 pertusum
1309 1041 1509 1113 (Aggwi
1540 1044 1604 1112 ι).
1629 1043 1767 1099 Vere

164 1136 315 1189 enim
346 1137 497 1191 lucra
542 1151 635 1189 sua
668 1135 720 1189 in
772 1144 1053 1204 pertusum
1102 1135 1375 1190 sacculum
1426 1135 1643 1199 condit,
1673 1138 1765 1206 qui

160 1227 429 1298 quidquid
483 1243 579 1296 per
609 1227 836 1281 aliorum
869 1227 1280 1281 conversionem
1320 1227 1532 1281 videtur
1582 1230 1765 1298 acqui-

163 1335 321 1383 rere,
356 1319 766 1389 intemperantia
798 1319 975 1373 cordis
1022 1320 1142 1383 sui,
1172 1328 1224 1373 et
1250 1320 1563 1389 quotidiana
1594 1321 1760 1375 animi

160 1412 500 1464 distentione
537 1411 819 1478 disperdit.
865 1411 1051 1479 Itaque
1094 1412 1187 1465 ﬁet
1211 1451 1224 1477 ,
1252 1420 1312 1465 ut
1341 1411 1468 1465 dum
1509 1413 1760 1469 uberiora

156 1502 316 1555 lucra
346 1517 439 1570 per
488 1503 715 1556 aliorum
767 1502 994 1556 credunt
1051 1503 1447 1559 institutionem
1481 1519 1670 1574 parare
1697 1519 1758 1560 se

152 1606 344 1661 posse,
375 1594 541 1647 etiam
570 1610 665 1649 sua
694 1597 1036 1650 correctione
1076 1596 1374 1665 priventur.
1404 1605 1427 1632 ιι
1451 1598 1587 1651 Sunt
1610 1599 1753 1653 enim

152 1686 253 1753 qui
285 1700 343 1738 se
374 1686 568 1741 divites
616 1687 827 1753 ferunt,
862 1687 994 1741 nihil
1024 1688 1314 1755 habentes,
1347 1698 1401 1742 et
1427 1690 1665 1758 suntqui
1694 1704 1754 1745 se

149 1775 448 1830 humiliant
490 1778 539 1831 in
587 1779 769 1833 multis
798 1779 999 1833 divitiis
1031 1781 1216 1850 (Prov.
1247 1784 1388 1849 xm),
1424 1791 1478 1835 et
1509 1780 1533 1819 δ
1564 1781 1753 1836 Melior

1876 585 2111 656 origines
2142 596 2269 643 ante
2294 588 2637 658 praedixerit.

2470 678 2701 734 CAPUT
2738 678 2858 733 XV.

2120 770 2410 835 Responsio
2438 770 2502 825 de
2538 773 2798 843 tripartito
2828 786 3019 826 anima:
3048 780 3211 826 motu.

1942 862 2216 918 Abraham
2271 882 2283 916 :
2336 864 2592 918 Omnium
2640 865 2895 919 vitiorum
2948 880 3092 919 unus
3137 865 3257 921 fons
3300 875 3465 936 atque

1870 957 2196 1026 principium
2226 965 2339 1022 est;
2372 958 2665 1012 secundum
2693 960 3011 1028 qualitatem
3044 975 3176 1014 vero
3205 962 3370 1030 partis
3400 963 3463 1016 il-

1869 1048 1995 1117 lius,
2021 1058 2075 1103 et
2104 1048 2187 1120 (ut
2216 1050 2288 1103 ita
2318 1048 2573 1120 dixerim)
2600 1050 2833 1104 membri
2854 1050 2994 1120 quod
3014 1051 3065 1105 in
3086 1052 3271 1107 animo
3298 1051 3459 1108 fuerit

1870 1140 2153 1206 vitiatum,
2212 1140 2431 1195 diversa
2479 1140 2742 1195 vocabula
2790 1142 3107 1209 passionum
3157 1143 3458 1212 corruptio-

1865 1247 2105 1303 numque
2135 1232 2381 1288 sortitur.
2412 1234 2568 1300 Quod
2598 1249 3006 1305 nonnumquam
3036 1236 3200 1291 etiam
3234 1238 3454 1293 morbo-

1864 1341 1982 1380 rum
2034 1326 2399 1395 corporalium
2452 1331 2709 1397 probatur
2739 1330 3017 1397 exemplo,
3064 1346 3296 1400 quorum
3330 1347 3451 1387 cum

1863 1432 1970 1472 una
2001 1417 2070 1471 sit
2098 1431 2284 1484 causa,
2318 1418 2370 1472 in
2401 1418 2614 1473 diversa
2646 1428 2823 1474 tamen
2847 1422 3223 1489 aegritudinum
3247 1440 3450 1494 genera

1861 1524 1960 1579 pro
2004 1511 2264 1580 qualitate
2312 1511 2680 1566 membrorum
2729 1528 2849 1581 quae
2900 1513 3103 1570 fuerint
3146 1527 3445 1587 occupata,

1861 1601 2227 1670 distinguitur.
2277 1603 2490 1657 Etenim
2540 1618 2661 1657 cum
2694 1619 2875 1659 arcem
2923 1608 3199 1675 corporis,
3254 1609 3444 1677 idest,

1858 1702 2019 1761 caput
2046 1733 2059 1758 ,
2095 1694 2177 1746 vis
2202 1694 2345 1747 noxii
2396 1693 2641 1749 humoris
2691 1696 3002 1764 obsederit,
3042 1710 3062 1737 ε
3095 1699 3446 1771 cephalalgiaa

1856 1795 2104 1855 procreat
2135 1786 2477 1855 passionem;
2509 1803 2629 1843 cum
2675 1805 2803 1844 vero
2835 1805 2996 1845 aures
3027 1793 3285 1848 oculosve
3317 1810 3441 1863 per-

149 1878 247 1921 est
272 1871 351 1922 vir
381 1868 433 1922 in
464 1870 793 1939 ignobilitate
821 1872 1062 1926 serviens
1089 1872 1228 1937 sibi,
1267 1888 1426 1940 quam
1458 1875 1548 1943 qui
1576 1872 1751 1944 digni-
1777 1881 1826 1941 B
1855 1879 2077 1944 vaserit,
2110 1877 2135 1915 ἀ
2174 1881 2226 1933 ἱιι
2270 1880 2561 1950 otalgicum
2582 1924 2597 1948 ,
2632 1883 2749 1937 sive
2780 1884 2831 1936 in
2866 1884 3296 1952 ophthalmicum
3328 1904 3448 1942 ver-

147 1968 329 2014 tatem
360 1960 459 2014 sibi
485 1962 735 2030 acquirit,
763 1972 818 2017 et
850 1962 1051 2032 indiget
1081 1980 1216 2033 pane
1246 1962 1426 2035 (Prov.
1455 1964 1575 2037 xu).

750 2120 977 2175 CAPUT
1016 2120 1157 2176 XIV.

106 2234 547 2304 -Interrogatio,
589 2234 729 2288 unde
773 2236 919 2317 nobis
962 2237 1141 2360 talin?m
1180 2237 1552 2309 cogitationum
1600 2254 1745 2293 error

800 2320 1059 2360 irrepsertt

800 2320 1059 2376 trrcpserit

225 2444 531 2500 Germanus
566 2463 576 2497 :
608 2444 751 2501 Satis
776 2460 1012 2516 congrue
1041 2446 1204 2501 nobis
1236 2446 1743 2516 comparationibus

138 2537 445 2605 disputatio
478 2547 562 2591 tua
593 2538 980 2608 cogitationum
1012 2551 1324 2595 nostrarum
1366 2539 1743 2594 manilestavit

139 2646 387 2697 errores,
421 2645 651 2700 quorum
683 2647 875 2687 causas
907 2642 960 2688 et
991 2634 1304 2688 curationes
1341 2633 1592 2687 similiter
1638 2648 1739 2702 op-

139 2734 330 2778 tamus
368 2740 689 2793 agnoscere;
729 2736 783 2781 et
812 2727 958 2783 unde
1001 2727 1264 2781 acciderit
1295 2726 1451 2780 nobis
1493 2727 1597 2782 ista
1645 2726 1738 2780 de-

138 2817 351 2886 ccptio,
376 2819 835 2886 paritercupimus
854 2819 1096 2874 edoceri.
1122 2818 1263 2873 Nulli
1284 2818 1485 2873 etenim
1510 2818 1733 2872 dubium

137 2919 233 2965 est
284 2912 552 2965 neminem
583 2911 869 2967 admodum
906 2927 1068 2981 posse
1117 2911 1357 2967 remedia
1399 2912 1557 2966 malis
1588 2910 1735 2965 vale-

1854 1972 1984 2025 titur
2035 1972 2283 2025 morbum
2337 1991 2348 2023 :
2398 1988 2518 2026 cum
2568 1988 2627 2027 se
2672 1974 2729 2027 in
2776 1975 3041 2029 articulos
3088 1992 3331 2045 quosque
3377 1978 3444 2031 ad

1850 2080 2105 2118 manuum
2182 2080 2391 2118 summa
2467 2065 2866 2129 transfuderit,
2924 2066 3232 2122 articularis
3286 2079 3448 2140 atque

1853 2168 1876 2196 θ
1899 2157 2202 2227 cliiragrica
2236 2157 2431 2212 dicitur
2455 2158 2707 2213 valetudo
2742 2176 2757 2213 :
2789 2173 2908 2212 cum
2941 2172 3121 2213 autem
3148 2160 3213 2214 ad
3244 2166 3441 2231 pedum

1854 2251 1959 2305 ima
1991 2251 2283 2305 deﬂuxerit
2304 2292 2319 2317 ,
2357 2249 2376 2287 τ
2408 2251 2646 2321 podagra
2675 2260 2881 2306 mutato
2911 2254 3131 2307 nomine
3160 2271 3445 2324 nuncupa-

1853 2354 1940 2398 tur
1972 2362 1985 2397 :
2018 2353 2203 2413 totque
2232 2343 2507 2398 vocabulis
2533 2359 2637 2397 una
2669 2352 2831 2414 atque
2857 2344 3046 2399 eadem
3074 2349 3220 2400 noxii
3253 2349 3444 2404 humo-

1850 2439 1925 2492 ris
1973 2438 2124 2507 origo
2174 2437 2567 2508 distinguitur,
2624 2448 2755 2507 quot
2809 2440 3176 2494 membrorum
3237 2446 3442 2511 ceperit

1847 2533 2149 2601 portiones.
2180 2530 2384 2585 Eodem
2414 2530 2575 2584 modo
2614 2530 2680 2584 de
2709 2530 3014 2585 visibilibus
3046 2534 3110 2585 ad
3145 2534 3438 2591 invisibilia

1848 2632 2192 2680 transeuntes
2218 2666 2232 2689 ,
2281 2621 2474 2675 animze
2515 2630 2715 2676 nostrae
2759 2622 3031 2691 partibus,
3059 2634 3221 2694 atque
3251 2626 3332 2698 (ut
3365 2628 3436 2682 ita

1846 2719 2106 2788 dixerim)
2142 2716 2399 2772 membris
2435 2716 2543 2769 vim
2578 2716 2841 2785 cujusque
2871 2716 2991 2769 vitii
3024 2717 3203 2772 inesse
3247 2719 3436 2773 creda~

1845 2829 1987 2868 mus.
2023 2814 2191 2880 Quam
2245 2826 2365 2864 cum
2411 2809 2798 2879 sapientissimi
2842 2810 3042 2880 quique
3074 2820 3099 2857 κ
3148 2812 3436 2881 tripartita:

1843 2904 2109 2960 deliniant
2128 2917 2248 2958 esse
2278 2903 2518 2967 virtutis,
2551 2916 2777 2956 necesse
2806 2910 2889 2956 est
2943 2912 3002 2955 ut
3049 2911 3141 2956 aut
3172 2903 3432 2976 πιλογικόν,

1213 3024 1470 3080 ALARDI
1510 3022 1738 3079 GAZKEI
1777 3017 2340 3077 COMMENTARIUS.

222 3127 247 3154 ⁸
276 3117 500 3188 Vulgata
519 3117 685 3173 editio
716 3135 729 3171 :
760 3119 850 3172 Est
873 3120 1019 3187 quasi
1038 3118 1197 3185 dives,
1224 3134 1336 3170 cum
1363 3116 1491 3169 nihil
1516 3117 1733 3182 habeat;

136 3198 188 3243 et
218 3197 301 3261 est
333 3192 478 3256 quasi
504 3207 718 3261 panper,
755 3208 869 3244 cum
900 3191 953 3242 in
983 3192 1157 3242 multis
1184 3190 1377 3241 divitiis
1413 3188 1502 3261 sit.

218 3259 244 3297 δ
268 3260 469 3315 Textus
500 3258 669 3330 vulg.:
701 3261 891 3314 Melior
919 3270 989 3313 est
1036 3276 1229 3329 pauper
1259 3268 1305 3312 et
1330 3258 1585 3327 sufﬁciens
1612 3258 1728 3320 sibi,

135 3348 301 3397 quam
349 3334 599 3403 gloriosus
643 3340 689 3385 et
737 3334 969 3403 indigens
1000 3347 1151 3403 pane.
1188 3330 1339 3396 Quod
1392 3334 1471 3383 sic
1510 3330 1734 3403 exponit

134 3402 289 3457 Beda
320 3400 561 3457 {Melior
596 3412 668 3457 est
696 3400 882 3469 idiotd,
912 3411 959 3455 et
1002 3402 1219 3471 simplex
1248 3402 1436 3465 idiota,
1468 3400 1574 3467 qui,
1600 3401 1731 3453 bona

135 3489 262 3546 qua:
287 3476 423 3527 novit
467 3492 713 3546 operans,
737 3477 893 3527 vitam
917 3486 1136 3546 meretur
1165 3472 1404 3546 intretis,
1434 3474 1731 3546 quoniam,

1839 3122 1942 3179 est,
1964 3114 2096 3166 iram
2120 3122 2173 3166 et
2194 3110 2541 3179 cupiditatem
2577 3109 2713 3177 biga“:
2746 3108 3128 3176 comparabat;
3165 3111 3428 3166 rationem

1840 3194 2021 3237 autem
2069 3184 2288 3250 aurigie.
2344 3181 2690 3235 Aristotelem
2719 3180 2892 3234 secuti
2930 3191 3144 3234 veteres
3194 3181 3430 3252 theologi

1838 3254 2126 3321 Gregorius
2156 3254 2453 3323 Nyssenus,
2488 3262 2541 3307 et
2568 3252 2803 3306 Joannes
2832 3252 3231 3314 Damascenus,
3260 3265 3314 3307 et
3339 3269 3429 3309 se-

1838 3326 2073 3379 cundum
2100 3339 2193 3380 eos
2226 3324 2283 3379 S.
2312 3324 2573 3387 Thomas,
2605 3333 2803 3392 praeter
2832 3323 3153 3377 rationalem
3186 3333 3239 3377 et
3266 3339 3431 3394 supe-

1838 3398 2038 3452 riorem
2096 3397 2292 3450 animae
2342 3405 2573 3463 partem,
2626 3411 2745 3464 quae
2794 3398 3004 3449 ratiooe
3042 3403 3097 3448 et
3150 3396 3430 3454 voluntate

1837 3476 2083 3535 constat,
2143 3467 2412 3535 duplicem
2466 3467 2517 3519 in
2566 3467 2788 3519 homine
2836 3474 3041 3533 ponunt
3072 3466 3365 3532 appetitum
3412 3487 3424 3521 :

135 3536 318 3598 clarus
342 3536 627 3617 erudilione
648 3536 1039 3617 scripturarum
1062 3545 1138 3617 vel
1166 3543 1317 3617 etiam
1338 3536 1561 3617 doctoris
1584 3536 1734 3609 func-
1762 3537 1807 3600 C
1840 3541 2067 3617 alterum
2089 3553 2254 3617 quem
2285 3545 2481 3617 vocant
2507 3536 3002 3617 co‘t‘tcupiscibilem‘,
3035 3536 3265 3617 alterum
3291 3540 3427 3591 iras-

138 3626 227 3669 tus
259 3618 439 3686 ofﬁcio,
471 3616 666 3687 indiget
691 3612 821 3686 pane
851 3614 1164 3682 dilectionis,
1198 3614 1252 3666 id
1275 3624 1347 3687 est
1371 3612 1645 3687 charitate.

224 3698 243 3723 ε
276 3684 620 3755 Cephalalgia
648 3684 803 3741 dulor
830 3687 1017 3751 capitis
1039 3693 1122 3739 est
1152 3701 1167 3739 ι
1195 3686 1378 3755 κεφαλὴ
1401 3684 1544 3755 enim
1573 3692 1733 3752 caput

136 3754 377 3821 dicitur;
411 3754 591 3831 ἀλγέώ,
621 3759 868 3831 doleo._A
883 3757 1153 3811 riStoteles
1186 3756 1237 3809 in
1260 3754 1726 3809 Problematibus:

135 3827 550 3911 κεςζα);α).γίαε-ῖὸ
575 3832 783 3904 κεφαλῆς
812 3827 1057 3911 Elymum.
1332 3895 1365 3911 ’Δ
1403 3893 1479 3911 "7
1512 3910 1551 3911 ἡ
1609 3895 1620 3907 ⁸

216 3893 243 3936 δ
282 3893 663 3972 ΙηῨὸιαιθὶεωιί,
716 3918 783 3953 cx
816 3893 1090 3954 Vaticanis
1132 3895 1371 3972 restituit
1401 3893 1726 3972 Ciac_onius,

133 3971 197 4025 in
231 3967 490 4025 editione'
511 3976 672 4025 etiam
708 3972 1048 4025 Plantiniana
1071 3968 1331 4022 omissum
1351 4008 1364 4028 ,
1395 3967 1536 4035 quod
1566 3976 1618 4020 et
1645 3983 1732 4020 ra-

133 4042 219 4094 tio
249 4052 303 4096 et
336 4052 510 4095 textus
536 4043 841 4109 exigebant,
874 4052 927 4096 et
960 4039 1244 4110 Dionysius
1275 4039 1434 4091 etiam
1458 4054 1564 4091 non
1594 4038 1732 4092 omi-

130 4113 229 4176 sit,
266 4128 387 4166 cum
423 4113 488 4164 de
518 4114 739 4167 auribus
787 4114 1065 4181 oculisque
1118 4112 1257 4163 facta
1293 4119 1460 4181 esset
1502 4111 1724 4181 mentio.

132 4182 276 4236 Nam
310 4182 574 4253 otalgicus
620 4184 842 4239 morbus
892 4184 956 4236 ad
980 4178 1185 4244 'aures,
1219 4178 1620 4253 opltthalmicus
1660 4180 1727 4253 ad

130 4254 334 4308 oculos
357 4251 589 4323 spectat.
621 4257 713 4309 Est
736 4256 878 4309 enim
903 4254 1165 4323 otalﬁgicus
1191 4252 1430 4314 morbus,
1463 4253 1550 4319 qui
1581 4251 1730 4305 auri-

129 4325 243 4378 bus
294 4322 537 4379 dolorem
591 4326 764 4380 affert.
816 4327 947 4379 Nam
995 4322 1103 4380 ὦτα
1148 4337 1310 4377 aures
1361 4332 1515 4386 sunt;
1562 4324 1727 4395 ἀλγέω

129 4396 302 4471 doleo
332 4413 350 4471 ς
382 4397 504 4451 inde
533 4398 828 4471 ὠταλγικός.
860 4396 1273 4465 Ophtlialmicus
1307 4408 1452 4458 vero,
1480 4396 1723 4460 morbus,

128 4481 233 4521 seu
265 4468 418 4522 dolor
448 4468 769 4523 oculoruiu.’

214 4547 239 4574 ε
271 4537 528 4607 Chiragra
558 4539 714 4595 dolor
739 4554 990 4593 manuum
1012 4583 1025 4607 ,
1058 4537 1147 4607 qui
1177 4544 1231 4590 et
1261 4534 1486 4607 morbus
1525 4534 1727 4607 articu-

128 4610 275 4663 laris
304 4605 522 4675 dicitur,
552 4611 693 4679 quod
729 4625 979 4664 manuum
1008 4605 1265 4661 articulos
1294 4605 1535 4679 infestet.
1573 4605 1725 4660 Unde

128 4679 397 4756 chirager
420 4682 503 4735 vel
527 4677 883 4756 chiragricus,
911 4682 998 4749 qui
1026 4682 1327 4747 cbiragram
1361 4677 1580 4756 patitur.

212 4749 232 4787 τ
267 4752 483 4805 Morbus
510 4747 708 4821 pi-duni
740 4753 867 4805 satis
898 4747 1091 4816 notus,
1125 4763 1285 4821 senes
1315 4759 1406 4801 aut
1430 4747 1629 4821 divites
1670 4756 1724 4801 et

125 4822 343 4877 otiosos
385 4818 656 4891 praecipue
697 4823 982 4885 infestans,
1014 4834 1068 4876 et
1108 4819 1390 4874 curatione
1432 4818 1720 4872 admodum

125 4892 393 4948 difﬁcilis.
432 4893 581 4949 Unde
607 4894 830 4948 Ovidius
860 4909 897 4947 ιι
928 4893 995 4947 de
1023 4892 1198 4946 Ponto
1229 4908 1239 4941 :

256 4998 461 5049 Solvere
488 4999 716 5048 nodosam
740 5000 899 5049 nescit
936 4998 1171 5047 medicina
1196 4997 1474 5058 podagram.

128 5106 403 5174 Podagra,
452 5106 621 5173 inquit
672 5105 877 5159 Plinius
920 5104 1061 5171 (Lib.
1110 5120 1231 5159 xxvr
1283 5122 1324 5159 ε.
1368 5103 1477 5167 10),
1513 5101 1719 5174 morbus

124 5172 433 5247 peregrinus
462 5172 557 5230 est.
597 5176 734 5230 Nam
764 5178 807 5229 si
839 5175 1009 5229 Italia:
1035 5177 1212 5247 fuisset
1237 5176 1554 5247 antiquitus,
1573 5172 1715 5247 Lati-

122 5244 461 5301 nznn’nomen
480 5249 774 5301 invenisset.
804 5247 927 5300 Non
950 5244 1083 5299 enim
1110 5246 1291 5309 Roma,
1316 5263 1431 5299 cum
1457 5244 1715 5309 sudando,

122 5328 171 5371 et
209 5320 512 5382 laborando,
531 5329 577 5372 et
602 5322 733 5373 vires
763 5317 1315 5381 exercendthontines
1345 5314 1596 5377 vivebant,
1620 5312 1717 5367 hoc

124 5389 326 5461 malam
356 5391 592 5461 cognovit
624 5391 782 5461 (Vide
811 5389 1103 5444 Cassiodor.
1144 5387 1272 5461 Var.
1302 5388 1401 5461 lzﬁx
1431 5386 1578 5461 epist.
1609 5384 1709 5461 g9;

120 5470 173 5531 ct
222 5455 481 5513 Sidonii.
516 5476 573 5514 ιιι
603 5455 749 5531 epist.
798 5462 884 5526 I3,
927 5470 971 5513 et
1000 5461 1037 5512 l.
1066 5475 1095 5512 x
1120 5458 1267 5525 epist.
1463 5459 1519 5507 υ.
1550 5455 1710 5531 etiam

124 5530 492 5601 llicrooymus
546 5536 601 5585 in
631 5527 861 5585 'morbis
907 5540 959 5583 et
1017 5527 1376 5601 incomingtlis
1420 5527 1715 5601 senectutis

124 5595 424 5670 podagram
459 5613 708 5656 recenset
737 5602 987 5672 (Pi-atem.
1033 5599 1120 5651 lib.
1146 5613 1203 5672 Διι
1237 5595 1380 5650 Com.
1428 5598 1480 5649 in
1513 5595 1711 5666 Amos),
1739 5640 1741 5644 λ

126 5680 185 5725 ut
215 5668 440 5725 Ar‘istm.
473 5674 565 5727 lib.
594 5689 685 5727 vnt
710 5668 946 5726 Animal.
988 5685 1108 5737 cap.
1141 5668 1231 5721 2‘2.

200 5753 225 5789 κ
260 5742 610 5812 Pythagoras,
642 5755 777 5797 teste
807 5741 969 5797 Suida
988 5782 1001 5805 ,
1029 5736 1510 5812 ltbminisianimant
1539 5736 1591 5789 in
1616 5746 1716 5812 (res

125 5809 325 5904 partes
346 5809 506 5904 djividi
536 5816 687 5896 diatil,
714 5821 849 5904 voﬁv,
877 5814 1221 5904 ﬁgendi-regi
1239 5809 1714 5904 gueév;‘ﬁlflnl0kﬂirnl

139 5886 333 5943 Timaeo
361 5885 497 5939 duas
528 5887 720 5939 anima:
753 5878 1033 5949 facultates
1057 5883 1281 5936 rationis
1312 5889 1585 5947 expertes,
1615 5878 1714 5933 hoc

1840 3610 2055 3664 cibilem
2083 3604 2261 3677 (Arist.
2301 3622 2317 3659 ι
2347 3606 2528 3677 Politu
2561 3604 2718 3677 Greg.
2745 3604 2904 3677 Nyss.
3054 3619 3105 3677 tv
3140 3604 3342 3677 Pbilos.
3377 3625 3423 3662 c.

1840 3682 1931 3746 81,
1964 3673 2203 3732 Dam'asc.
2257 3678 2343 3729 lib.
2380 3692 2416 3728 ιι
2451 3674 2583 3746 Fide
2612 3676 2815 3746 art/rod.
2861 3689 2909 3726 c.
2958 3675 3039 3746 1‘2,
3179 3673 3361 3728 Thom.
3406 3694 3423 3731 ι

1838 3742 1974 3820 part.
2001 3768 2051 3819 q.
2091 3750 2152 3802 81
2181 3758 2281 3800 art.
2308 3746 2343 3799 ἢ
2372 3756 2416 3799 et
2438 3744 2518 3820 5).
2544 3745 2645 3811 Qui
2678 3744 2894 3820 quidem
2927 3742 3031 3797 etsi
3064 3743 3266 3820 homini
3299 3761 3421 3802 cum

1836 3815 2021 3875 Inrutis'
2058 3831 2375 3872 communes
2422 3815 2529 3870 sint
2554 3857 2568 3881 ,
2600 3817 2824 3869 multaut
2873 3824 3049 3867 tamen
3082 3815 3340 3870 dilferunt
3369 3822 3421 3873 in

1835 3890 2055 3944 homine
2086 3897 2139 3943 et
2172 3890 2223 3942 in
2242 3889 2435 3941 brutis.
2468 3885 2743 3953 Siquidem
2774 3887 2824 3938 in
2857 3884 3075 3939 homine
3104 3884 3205 3940 etsi
3238 3902 3332 3954 per
3362 3904 3422 3944 se

1834 3962 2127 4015 rationales
2157 3975 2262 4013 non
2295 3961 2421 4025 sint,
2452 3957 2651 4012 rationi
2694 3966 2869 4010 tamen
2911 3958 3317 4023 obtemperant,
3366 3969 3423 4015 et

1834 4032 1904 4086 ab
1933 4047 1993 4085 ea
2020 4032 2128 4099 regi
2160 4039 2385 4100 possunt
2405 4041 2459 4084 et
2488 4029 2707 4100 debent,
2735 4043 2854 4100 non
2874 4027 3087 4094 quidem
3116 4027 3417 4100 deSpotico,

1833 4111 1891 4156 ut
1917 4102 1989 4155 illi
2016 4098 2329 4170 l0qutintur,
2366 4109 2420 4153 et
2442 4099 2689 4153 absoluto
2716 4098 3165 4170 dominatu,ised
3197 4099 3418 4165 politico

1831 4183 1887 4228 et
1911 4176 2073 4227 civili.
2093 4169 2278 4238 Quare
2301 4170 2425 4225 vitia
2454 4187 2572 4239 qua:
2599 4170 2687 4223 hic
2716 4173 2919 4223 Auctor
2944 4169 3145 4222 eisdem
3185 4170 3412 4238 tribuit,

1834 4260 1939 4299 non
1975 4255 2081 4297 tam
2112 4245 2241 4298 vitia
2258 4243 2487 4298 dicenda
2506 4251 2651 4307 sunt,
2677 4256 2840 4311 quam
2869 4242 3142 4295 naturales
3170 4241 3414 4308 quietiam

1832 4318 2112 4385 passiones
2161 4325 2253 4369 aut.
2298 4314 2704 4380 inclinationes,
2741 4313 2937 4385 quibus
2971 4312 3106 4367 bene
3147 4312 3229 4366 vel
3276 4314 3415 4368 male

1830 4384 1904 4441 uti
1936 4403 2246 4457 possumus,
2282 4387 2383 4441 nisi
2410 4395 2679 4456 quatenus
2706 4385 2790 4438 vel
2817 4384 3013 4438 rationi
3038 4385 3413 4457 recalcitrant.

1829 4455 2079 4513 aut'eam
2112 4461 2176 4512 ad
2208 4475 2302 4513 sua
2330 4455 2542 4524 objecta
2570 4457 2788 4526 oblique
2816 4457 3054 4510 trahunt.
3088 4456 3194 4511 Sed
3235 4456 3301 4509 de
3328 4455 3414 4509 his

1828 4530 1949 4583 vide
1981 4528 2036 4584 S.
2069 4531 2330 4583 Thomam
2364 4528 2458 4581 1-2
2480 4545 2530 4597 q.
2557 4526 2628 4582 22
2652 4538 2705 4581 et
2728 4543 2843 4593 seq.

1899 4598 1925 4636 ιι
1950 4600 2295 4669 Tripartitam
2336 4593 2531 4653 anima:
2569 4598 2853 4669 ration_a_lis_
2890 4596 3158 4669 virtutcm_
3180 4607 3273 4669 seu
3327 4593 3412 4669 fa-

1827 4664 2079 4725 cultatem
2123 4673 2411 4725 Ciaconius
2440 4670 2627 4724 Grazce
2661 4671 2711 4722 in
2738 4666 3012 4720 Vaticanis
3058 4664 3182 4717 cod.
3218 4665 3286 4716 ita
3325 4664 3410 4718 in-

1826 4750 2040 4795 ventam
2068 4742 2327 4809 reposuit.
2353 4741 2523 4806 Quem
2557 4740 2786 4793 libenter
2814 4739 2987 4809 secuti
3014 4751 3218 4809 sumus,
3253 4745 3412 4809 atque

1826 4826 1893 4866 eo
1936 4806 2191 4867 libentius
2213 4810 2355 4880 quod
2382 4812 2444 4863 Ι).
2470 4810 2832 4879 Hieronymus
2866 4808 3084 4863 easdem
3131 4806 3411 4880 facultates

1754 4913 1808 4974 Β
1833 4897 1928 4974 seu
1958 4876 2647 4974 potentias'(addita.tamen
2672 4876 2885 4974 qqarta)
2914 4880 3106 4974 iisdeu'r
3127 4876 3410 4957 vocabulis

1834 4947 2037 5009 Graecis
2060 4947 2345 5020 expressas
2368 4950 2677 5018 reliquerit,
2707 4949 2833 5020 dum
2868 4950 3010 5003 inter
3040 4950 3171 5001 alias
3197 4947 3411 5020 e_Xposi-

1834 5027 2007 5079 tiones
2046 5018 2275 5091 quatuor
2305 5022 2610 5074 animalium
2644 5019 2783 5084 apud
2815 5020 3147 5091 Ezechielem
3181 5018 3335 5091 (Cap.
3374 5020 3413 5085 ι)

1830 5112 1859 5150 a
1901 5089 2131 5150 diversis
2160 5094 2472 5147 auctoribus
2520 5091 2748 5144 traditas
2776 5132 2788 5151 ,
2824 5092 2960 5143 hanc
2991 5089 3151 5142 etiam
3192 5090 3359 5141 refert
3397 5106 3409 5140 :

1830 5167 2074 5237 Plerique
2092 5169 2239 5234 juxta
2260 5164 2536 5237 Platonem
2550 5163 2802 5237 rationale
2819 5162 3008 5237 animle
3030 5168 3073 5210 et
3096 5158 3354 5237 irascitivu
3368 5175 3412 5209 in

1828 5250 1875 5293 et
1900 5230 2372 5304 concupiscitivum,
2399 5234 2537 5305 quod
2561 5232 2861 5305 illeloyizév
2891 5241 2935 5283 et
2950 5230 3151 5305 genus»
3171 5230 3411 5305 etiva-

1826 5309 2035 5380 μητικόν
2048 5300 2190 5360 vocat
2202 5353 2213 5373 ,
2231 5309 2297 5359 ad
2315 5300 2570 5380 hominem
2584 5316 2626 5355 et
2641 5300 2841 5355 leonem
2857 5319 2915 5353 ac
2930 5300 3140 5380 vitulum
3154 5300 3407 5366 referunt;

1825 5371 2093 5442 rationem,
2118 5388 2165 5430 et
2184 5371 2546 5447 cognitionem,
2566 5387 2613 5430 et
2632 5382 2870 5447 mentem,
2890 5386 2936 5425 et
2958 5371 3250 5447 consilium,
3279 5384 3410 5420 eam-

1818 5452 2033 5521 demque
2050 5443 2283 5502 virtutefn
2302 5459 2451 5515 atque
2471 5448 2771 5521 sapientiam
2792 5444 2843 5495 in
2867 5443 3057 5496 cerebri
3069 5458 3191 5521 arce
3219 5456 3409 5521 ponen-

1822 5530 1893 5574 tes
1974 5521 2229 5590 feritatem
2257 5512 2395 5579 vero,
2420 5528 2464 5590 et
2490 5512 2813 5590 iracundiam
2839 5523 3007 5590 atque
3032 5512 3325 5590 violentiam
3354 5513 3405 5561 in

1822 5581 1984 5656 leone,
2014 5605 2127 5658 ante
2171 5590 2415 5659 consistat
2447 5587 2496 5638 in
2526 5587 2674 5655 felle;
2723 5597 2876 5659 porro
2916 5582 3213 5659 libidinem,
3247 5581 3404 5659 (tua:

1822 5650 2039 5715 riant'el
2071 5660 2298 5711 omnium
2329 5650 2647 5726 voluptatum
2677 5650 2965 5726 cupidinem
3011 5653 3065 5703 in
3102 5655 3281 5726 jerore
3304 5690 3319 5713 ,
3352 5650 3406 5702 id

1823 5743 1915 5796 est,
1951 5734 2001 5782 in
2048 5729 2225 5788 vitulo,
2259 5729 2343 5795 qui
2375 5722 2525 5780 terra?
2555 5725 2793 5793 aperibus
2823 5722 3089 5796 inlia’rcat.
3130 5723 3406 5785 Quartam»

1823 5794 1916 5867 que
1940 5809 2156 5869 ponunt,
2182 5794 2295 5863 qute
2316 5812 2470 5863 super
2499 5799 2627 5861 lucc,
2645 5805 2690 5846 et
2715 5802 2858 5869 extra
2875 5794 2988 5869 ‘ba'c
3011 5794 3108 5843 tria
3138 5800 3235 5869 est,
3253 5805 3403 5869 quam

1824 5863 1991 5925 Cretici
2022 5878 2201 5923 vocant
2231 5871 2568 5941 συντήρησιν,
2599 5881 2711 5935 qua:
2740 5864 2962 5916 scintilla
2993 5863 3315 5916 conscientia
3353 5865 3403 5914 in
