  <div class='ocr_page' id='page_1' title='image "/cluster/home/n/w/nwhite01/storage/ocr_20150623/49/uva.x000827093/661.png"; bbox 0 0 4022 6192; ppageno 0'>
   <div class='ocr_carea' id='block_1_1' title="bbox 528 361 666 423">
    <p class='ocr_par' dir='ltr' id='par_1_1' title="bbox 528 361 666 423">
     <span class='ocr_line' id='line_1_1' title="bbox 528 361 666 423; baseline -0.043 0"><span class='ocrx_word' id='word_1_1' title='bbox 528 361 666 423; x_wconf 77' lang='grc'><strong>1307</strong></span> 
     </span>
    </p>
   </div>
   <div class='ocr_carea' id='block_1_2' title="bbox 1582 361 2742 426">
    <p class='ocr_par' dir='ltr' id='par_1_2' title="bbox 1582 361 2742 426">
     <span class='ocr_line' id='line_1_2' title="bbox 1582 361 2742 426; baseline 0.003 -6"><span class='ocrx_word' id='word_1_2' title='bbox 1582 361 1866 423; x_wconf 72' lang='lat' dir='ltr'><strong>JOANNIS</strong></span> <span class='ocrx_word' id='word_1_3' title='bbox 1902 363 2213 424; x_wconf 81' lang='lat' dir='ltr'><strong>CASSIANI</strong></span> <span class='ocrx_word' id='word_1_4' title='bbox 2248 365 2742 426; x_wconf 77' lang='lat' dir='ltr'><strong>COLLATIONES.</strong></span> 
     </span>
    </p>
   </div>
   <div class='ocr_carea' id='block_1_3' title="bbox 3668 359 3809 421">
    <p class='ocr_par' dir='ltr' id='par_1_3' title="bbox 3668 359 3809 421">
     <span class='ocr_line' id='line_1_3' title="bbox 3668 359 3809 421; baseline 0.014 -2"><span class='ocrx_word' id='word_1_5' title='bbox 3668 359 3809 421; x_wconf 65' lang='lat'><strong>{308</strong></span> 
     </span>
    </p>
   </div>
   <div class='ocr_carea' id='block_1_4' title="bbox 529 477 3810 556">
    <p class='ocr_par' dir='ltr' id='par_1_4' title="bbox 529 477 3810 556">
     <span class='ocr_line' id='line_1_4' title="bbox 529 477 3810 556; baseline 0 -18"><span class='ocrx_word' id='word_1_6' title='bbox 529 483 580 538; x_wconf 90' lang='lat' dir='ltr'><strong>id</strong></span> <span class='ocrx_word' id='word_1_7' title='bbox 607 489 711 547; x_wconf 88' lang='lat' dir='ltr'><strong>est,</strong></span> <span class='ocrx_word' id='word_1_8' title='bbox 741 478 1084 544; x_wconf 84' lang='lat' dir='ltr'><strong>rationabile,</strong></span> <span class='ocrx_word' id='word_1_9' title='bbox 1110 483 1200 533; x_wconf 79' lang='lat' dir='ltr'><strong>aut</strong></span> <span class='ocrx_word' id='word_1_10' title='bbox 1220 478 1453 550; x_wconf 73' lang='grc' dir='ltr'><strong>θυμικὸν,</strong></span> <span class='ocrx_word' id='word_1_11' title='bbox 1483 477 1536 536; x_wconf 87' lang='lat' dir='ltr'><strong>id</strong></span> <span class='ocrx_word' id='word_1_12' title='bbox 1571 491 1674 546; x_wconf 84' lang='lat' dir='ltr'><strong>est,</strong></span> <span class='ocrx_word' id='word_1_13' title='bbox 1699 482 1998 548; x_wconf 77' lang='lat' dir='ltr'><strong>irascibile,</strong></span> <span class='ocrx_word' id='word_1_14' title='bbox 2021 492 2116 540; x_wconf 85' lang='lat' dir='ltr'><strong>aut</strong></span> <span class='ocrx_word' id='word_1_15' title='bbox 2141 488 2194 550; x_wconf 79' lang='grc' dir='ltr'><strong>Α</strong></span> <span class='ocrx_word' id='word_1_16' title='bbox 2217 494 2364 550; x_wconf 65' lang='lat' dir='ltr'><strong>stre,</strong></span> <span class='ocrx_word' id='word_1_17' title='bbox 2409 500 2570 556; x_wconf 85' lang='lat' dir='ltr'><strong>quam</strong></span> <span class='ocrx_word' id='word_1_18' title='bbox 2616 482 2934 554; x_wconf 81' lang='lat' dir='ltr'><strong>specialiter</strong></span> <span class='ocrx_word' id='word_1_19' title='bbox 2971 494 3211 537; x_wconf 74' lang='lat' dir='ltr'><strong>animus</strong></span> <span class='ocrx_word' id='word_1_20' title='bbox 3252 488 3619 546; x_wconf 72' lang='lat' dir='ltr'><strong>vulnerata,</strong></span> <span class='ocrx_word' id='word_1_21' title='bbox 3673 497 3810 539; x_wconf 72' lang='lat' dir='ltr'><strong>ver:</strong></span> 
     </span>
    </p>
   </div>
   <div class='ocr_carea' id='block_1_5' title="bbox 529 570 2117 646">
    <p class='ocr_par' dir='ltr' id='par_1_5' title="bbox 529 570 2117 646">
     <span class='ocr_line' id='line_1_5' title="bbox 529 570 2117 646; baseline -0.001 -15"><span class='ocrx_word' id='word_1_22' title='bbox 529 573 905 644; x_wconf 69' lang='grc' dir='ltr'><strong>ὶπιθυμητικὸν,</strong></span> <span class='ocrx_word' id='word_1_23' title='bbox 939 570 988 624; x_wconf 93' lang='lat' dir='ltr'><strong>id</strong></span> <span class='ocrx_word' id='word_1_24' title='bbox 1022 577 1127 632; x_wconf 90' lang='lat' dir='ltr'><strong>est,</strong></span> <span class='ocrx_word' id='word_1_25' title='bbox 1161 572 1586 640; x_wconf 77' lang='lat' dir='ltr'><strong>concupiscibile</strong></span> <span class='ocrx_word' id='word_1_26' title='bbox 1609 573 1748 644; x_wconf 86' lang='lat' dir='ltr'><strong>ejus,</strong></span> <span class='ocrx_word' id='word_1_27' title='bbox 1783 575 1966 646; x_wconf 87' lang='lat' dir='ltr'><strong>aliquo</strong></span> <span class='ocrx_word' id='word_1_28' title='bbox 1995 592 2117 630; x_wconf 87' lang='lat' dir='ltr'><strong>cor-</strong></span> 
     </span>
    </p>
   </div>
   <div class='ocr_carea' id='block_1_6' title="bbox 527 662 2118 736">
    <p class='ocr_par' dir='ltr' id='par_1_6' title="bbox 527 662 2118 736">
     <span class='ocr_line' id='line_1_6' title="bbox 527 662 2118 736; baseline 0.001 -14"><span class='ocrx_word' id='word_1_29' title='bbox 527 680 807 734; x_wconf 81' lang='lat' dir='ltr'><strong>rumpatur</strong></span> <span class='ocrx_word' id='word_1_30' title='bbox 832 665 1076 719; x_wconf 80' lang='lat' dir='ltr'><strong>incursu.</strong></span> <span class='ocrx_word' id='word_1_31' title='bbox 1105 662 1240 718; x_wconf 86' lang='lat' dir='ltr'><strong>Cum</strong></span> <span class='ocrx_word' id='word_1_32' title='bbox 1269 679 1400 734; x_wconf 73' lang='lat' dir='ltr'><strong>ergo</strong></span> <span class='ocrx_word' id='word_1_33' title='bbox 1437 665 1676 736; x_wconf 83' lang='lat' dir='ltr'><strong>aliquem</strong></span> <span class='ocrx_word' id='word_1_34' title='bbox 1709 684 1773 722; x_wconf 83' lang='lat' dir='ltr'><strong>ex</strong></span> <span class='ocrx_word' id='word_1_35' title='bbox 1805 668 1888 724; x_wconf 86' lang='lat' dir='ltr'><strong>bis</strong></span> <span class='ocrx_word' id='word_1_36' title='bbox 1915 668 2118 724; x_wconf 78' lang='lat' dir='ltr'><strong>allecti-</strong></span> 
     </span>
    </p>
   </div>
   <div class='ocr_carea' id='block_1_7' title="bbox 530 756 2118 828">
    <p class='ocr_par' dir='ltr' id='par_1_7' title="bbox 530 756 2118 828">
     <span class='ocr_line' id='line_1_7' title="bbox 530 756 2118 828; baseline 0.001 -15"><span class='ocrx_word' id='word_1_37' title='bbox 530 758 630 813; x_wconf 87' lang='lat' dir='ltr'><strong>bus</strong></span> <span class='ocrx_word' id='word_1_38' title='bbox 663 758 741 810; x_wconf 90' lang='lat' dir='ltr'><strong>vis</strong></span> <span class='ocrx_word' id='word_1_39' title='bbox 773 757 946 809; x_wconf 68' lang='lat' dir='ltr'><strong>norim</strong></span> <span class='ocrx_word' id='word_1_40' title='bbox 978 756 1257 812; x_wconf 89' lang='lat' dir='ltr'><strong>obsederit</strong></span> <span class='ocrx_word' id='word_1_41' title='bbox 1287 758 1588 827; x_wconf 77' lang='lat' dir='ltr'><strong>passionis,</strong></span> <span class='ocrx_word' id='word_1_42' title='bbox 1626 775 1720 828; x_wconf 90' lang='lat' dir='ltr'><strong>pro</strong></span> <span class='ocrx_word' id='word_1_43' title='bbox 1750 760 1896 815; x_wconf 79' lang='lat' dir='ltr'><strong>illius</strong></span> <span class='ocrx_word' id='word_1_44' title='bbox 1941 761 2118 816; x_wconf 84' lang='lat' dir='ltr'><strong>causis</strong></span> 
     </span>
    </p>
   </div>
   <div class='ocr_carea' id='block_1_8' title="bbox 529 848 2115 918">
    <p class='ocr_par' dir='ltr' id='par_1_8' title="bbox 529 848 2115 918">
     <span class='ocr_line' id='line_1_8' title="bbox 529 848 2115 918; baseline 0.005 -18"><span class='ocrx_word' id='word_1_45' title='bbox 529 850 695 905; x_wconf 82' lang='lat' dir='ltr'><strong>etiam</strong></span> <span class='ocrx_word' id='word_1_46' title='bbox 728 848 863 900; x_wconf 87' lang='lat' dir='ltr'><strong>vitio</strong></span> <span class='ocrx_word' id='word_1_47' title='bbox 895 864 1089 902; x_wconf 85' lang='lat' dir='ltr'><strong>nomen</strong></span> <span class='ocrx_word' id='word_1_48' title='bbox 1143 849 1455 918; x_wconf 76' lang='lat' dir='ltr'><strong>imponitur.</strong></span> <span class='ocrx_word' id='word_1_49' title='bbox 1491 850 1624 905; x_wconf 84' lang='lat' dir='ltr'><strong>Nam</strong></span> <span class='ocrx_word' id='word_1_50' title='bbox 1656 852 1700 906; x_wconf 89' lang='lat' dir='ltr'><strong>si</strong></span> <span class='ocrx_word' id='word_1_51' title='bbox 1739 854 2115 908; x_wconf 80' lang='lat' dir='ltr'><strong>rationabilem</strong></span> 
     </span>
    </p>
   </div>
   <div class='ocr_carea' id='block_1_9' title="bbox 529 939 2117 1014">
    <p class='ocr_par' dir='ltr' id='par_1_9' title="bbox 529 939 2117 1014">
     <span class='ocr_line' id='line_1_9' title="bbox 529 939 2117 1014; baseline 0.003 -20"><span class='ocrx_word' id='word_1_52' title='bbox 529 939 648 1008; x_wconf 83' lang='lat' dir='ltr'><strong>ejus</strong></span> <span class='ocrx_word' id='word_1_53' title='bbox 689 949 897 1007; x_wconf 85' lang='lat' dir='ltr'><strong>partem</strong></span> <span class='ocrx_word' id='word_1_54' title='bbox 931 940 1183 995; x_wconf 90' lang='lat' dir='ltr'><strong>vitiorum</strong></span> <span class='ocrx_word' id='word_1_55' title='bbox 1229 943 1399 1010; x_wconf 89' lang='lat' dir='ltr'><strong>pestis</strong></span> <span class='ocrx_word' id='word_1_56' title='bbox 1445 943 1730 1011; x_wconf 89' lang='lat' dir='ltr'><strong>infecerit,</strong></span> <span class='ocrx_word' id='word_1_57' title='bbox 1769 945 2117 1014; x_wconf 74' lang='lat' dir='ltr'><strong>cenodoxite,</strong></span> 
     </span>
    </p>
   </div>
   <div class='ocr_carea' id='block_1_10' title="bbox 531 1031 2120 1104">
    <p class='ocr_par' dir='ltr' id='par_1_10' title="bbox 531 1031 2120 1104">
     <span class='ocr_line' id='line_1_10' title="bbox 531 1031 2120 1104; baseline 0.005 -19"><span class='ocrx_word' id='word_1_58' title='bbox 531 1031 813 1096; x_wconf 74' lang='lat' dir='ltr'><strong>elationis,</strong></span> <span class='ocrx_word' id='word_1_59' title='bbox 850 1031 1098 1098; x_wconf 68' lang='lat' dir='ltr'><strong>invidiae,</strong></span> <span class='ocrx_word' id='word_1_60' title='bbox 1128 1032 1421 1101; x_wconf 70' lang='lat' dir='ltr'><strong>superbiae,</strong></span> <span class='ocrx_word' id='word_1_61' title='bbox 1457 1036 1896 1104; x_wconf 61' lang='lat' dir='ltr'><strong>praesumptionis</strong></span> <span class='ocrx_word' id='word_1_62' title='bbox 1919 1078 1935 1103; x_wconf 98' lang='lat'><strong>,</strong></span> <span class='ocrx_word' id='word_1_63' title='bbox 1987 1053 2120 1092; x_wconf 86' lang='lat' dir='ltr'><strong>con-</strong></span> 
     </span>
    </p>
   </div>
   <div class='ocr_carea' id='block_1_11' title="bbox 533 1126 2122 1196">
    <p class='ocr_par' dir='ltr' id='par_1_11' title="bbox 533 1126 2122 1196">
     <span class='ocr_line' id='line_1_11' title="bbox 533 1126 2122 1196; baseline 0.007 -20"><span class='ocrx_word' id='word_1_64' title='bbox 533 1126 825 1191; x_wconf 89' lang='lat' dir='ltr'><strong>tentionis,</strong></span> <span class='ocrx_word' id='word_1_65' title='bbox 872 1126 1143 1180; x_wconf 74' lang='lat' dir='ltr'><strong>lucreseos</strong></span> <span class='ocrx_word' id='word_1_66' title='bbox 1172 1126 1300 1180; x_wconf 89' lang='lat' dir='ltr'><strong>vitia</strong></span> <span class='ocrx_word' id='word_1_67' title='bbox 1341 1129 1666 1196; x_wconf 87' lang='lat' dir='ltr'><strong>procreabit.</strong></span> <span class='ocrx_word' id='word_1_68' title='bbox 1698 1129 1757 1184; x_wconf 89' lang='lat' dir='ltr'><strong>Si</strong></span> <span class='ocrx_word' id='word_1_69' title='bbox 1795 1130 2122 1187; x_wconf 89' lang='lat' dir='ltr'><strong>irascibilem</strong></span> 
     </span>
    </p>
   </div>
   <div class='ocr_carea' id='block_1_12' title="bbox 532 1216 2123 1290">
    <p class='ocr_par' dir='ltr' id='par_1_12' title="bbox 532 1216 2123 1290">
     <span class='ocr_line' id='line_1_12' title="bbox 532 1216 2123 1290; baseline 0.006 -20"><span class='ocrx_word' id='word_1_70' title='bbox 532 1216 903 1271; x_wconf 77' lang='lat' dir='ltr'><strong>vulnersvcrit</strong></span> <span class='ocrx_word' id='word_1_71' title='bbox 932 1232 1155 1272; x_wconf 87' lang='lat' dir='ltr'><strong>sensum</strong></span> <span class='ocrx_word' id='word_1_72' title='bbox 1174 1260 1188 1283; x_wconf 93' lang='lat'><strong>,</strong></span> <span class='ocrx_word' id='word_1_73' title='bbox 1215 1219 1474 1284; x_wconf 88' lang='lat' dir='ltr'><strong>furorem,</strong></span> <span class='ocrx_word' id='word_1_74' title='bbox 1505 1220 1924 1290; x_wconf 83' lang='lat' dir='ltr'><strong>impatientiam,</strong></span> <span class='ocrx_word' id='word_1_75' title='bbox 1959 1225 2123 1278; x_wconf 79' lang='lat' dir='ltr'><strong>tristi—</strong></span> 
     </span>
    </p>
   </div>
   <div class='ocr_carea' id='block_1_13' title="bbox 534 1311 2123 1386">
    <p class='ocr_par' dir='ltr' id='par_1_13' title="bbox 534 1311 2123 1386">
     <span class='ocr_line' id='line_1_13' title="bbox 534 1311 2123 1386; baseline 0.005 -22"><span class='ocrx_word' id='word_1_76' title='bbox 534 1311 686 1375; x_wconf 89' lang='lat' dir='ltr'><strong>tiam,</strong></span> <span class='ocrx_word' id='word_1_77' title='bbox 716 1311 980 1376; x_wconf 86' lang='lat' dir='ltr'><strong>acediam,</strong></span> <span class='ocrx_word' id='word_1_78' title='bbox 1031 1313 1530 1380; x_wconf 84' lang='lat' dir='ltr'><strong>pusillanintitatem</strong></span> <span class='ocrx_word' id='word_1_79' title='bbox 1554 1355 1566 1378; x_wconf 92' lang='lat'><strong>,</strong></span> <span class='ocrx_word' id='word_1_80' title='bbox 1591 1315 1968 1370; x_wconf 81' lang='lat' dir='ltr'><strong>crudelitatem</strong></span> <span class='ocrx_word' id='word_1_81' title='bbox 2001 1333 2123 1386; x_wconf 65' lang='lat' dir='ltr'><strong>paro</strong></span> 
     </span>
    </p>
   </div>
   <div class='ocr_carea' id='block_1_14' title="bbox 536 1402 2120 1476">
    <p class='ocr_par' dir='ltr' id='par_1_14' title="bbox 536 1402 2120 1476">
     <span class='ocr_line' id='line_1_14' title="bbox 536 1402 2120 1476; baseline 0.004 -21"><span class='ocrx_word' id='word_1_82' title='bbox 536 1402 717 1457; x_wconf 92' lang='lat' dir='ltr'><strong>turiet.</strong></span> <span class='ocrx_word' id='word_1_83' title='bbox 777 1402 836 1458; x_wconf 88' lang='lat' dir='ltr'><strong>Si</strong></span> <span class='ocrx_word' id='word_1_84' title='bbox 891 1405 1367 1472; x_wconf 78' lang='lat' dir='ltr'><strong>concupiscihilem</strong></span> <span class='ocrx_word' id='word_1_85' title='bbox 1417 1408 1721 1476; x_wconf 85' lang='lat' dir='ltr'><strong>corruperit</strong></span> <span class='ocrx_word' id='word_1_86' title='bbox 1775 1409 2120 1476; x_wconf 88' lang='lat' dir='ltr'><strong>portionem,</strong></span> 
     </span>
    </p>
   </div>
   <div class='ocr_carea' id='block_1_15' title="bbox 533 1497 2123 1570">
    <p class='ocr_par' dir='ltr' id='par_1_15' title="bbox 533 1497 2123 1570">
     <span class='ocr_line' id='line_1_15' title="bbox 533 1497 2123 1570; baseline 0.004 -20"><span class='ocrx_word' id='word_1_87' title='bbox 533 1497 988 1566; x_wconf 74' lang='lat' dir='ltr'><strong>gastrimargiam,</strong></span> <span class='ocrx_word' id='word_1_88' title='bbox 1025 1497 1460 1565; x_wconf 83' lang='lat' dir='ltr'><strong>fornicationem,</strong></span> <span class='ocrx_word' id='word_1_89' title='bbox 1495 1500 1919 1570; x_wconf 76' lang='lat' dir='ltr'><strong>phylargyriam,</strong></span> <span class='ocrx_word' id='word_1_90' title='bbox 1941 1501 2123 1556; x_wconf 88' lang='lat' dir='ltr'><strong>avari-</strong></span> 
     </span>
    </p>
   </div>
   <div class='ocr_carea' id='block_1_16' title="bbox 536 1590 1956 1664">
    <p class='ocr_par' dir='ltr' id='par_1_16' title="bbox 536 1590 1956 1664">
     <span class='ocr_line' id='line_1_16' title="bbox 536 1590 1956 1664; baseline 0.003 -20"><span class='ocrx_word' id='word_1_91' title='bbox 536 1590 664 1645; x_wconf 86' lang='lat' dir='ltr'><strong>tiam</strong></span> <span class='ocrx_word' id='word_1_92' title='bbox 689 1599 743 1645; x_wconf 88' lang='lat' dir='ltr'><strong>et</strong></span> <span class='ocrx_word' id='word_1_93' title='bbox 766 1590 1034 1647; x_wconf 89' lang='lat' dir='ltr'><strong>desideria</strong></span> <span class='ocrx_word' id='word_1_94' title='bbox 1069 1597 1229 1646; x_wconf 83' lang='lat' dir='ltr'><strong>noxia</strong></span> <span class='ocrx_word' id='word_1_95' title='bbox 1263 1604 1585 1663; x_wconf 88' lang='lat' dir='ltr'><strong>terrenaque</strong></span> <span class='ocrx_word' id='word_1_96' title='bbox 1615 1593 1956 1664; x_wconf 79' lang='lat' dir='ltr'><strong>germinabit.</strong></span> 
     </span>
    </p>
   </div>
   <div class='ocr_carea' id='block_1_17' title="bbox 1124 1706 1528 1763">
    <p class='ocr_par' dir='ltr' id='par_1_17' title="bbox 1124 1706 1528 1763">
     <span class='ocr_line' id='line_1_17' title="bbox 1124 1706 1528 1763; baseline -0.002 -1"><span class='ocrx_word' id='word_1_97' title='bbox 1124 1706 1351 1763; x_wconf 82' lang='lat' dir='ltr'><strong>CAPUT</strong></span> <span class='ocrx_word' id='word_1_98' title='bbox 1392 1707 1528 1761; x_wconf 76' lang='lat' dir='ltr'><strong>XVI.</strong></span> 
     </span>
    </p>
   </div>
   <div class='ocr_carea' id='block_1_18' title="bbox 538 1798 2127 1924">
    <p class='ocr_par' dir='ltr' id='par_1_18' title="bbox 538 1798 2127 1924">
     <span class='ocr_line' id='line_1_18' title="bbox 538 1798 2127 1924; baseline 0.002 -71"><span class='ocrx_word' id='word_1_99' title='bbox 538 1798 850 1866; x_wconf 85' lang='lat' dir='ltr'><strong>Corruptam</strong></span> <span class='ocrx_word' id='word_1_100' title='bbox 880 1799 1401 1924; x_wconf 60' lang='lat' dir='ltr'><strong>rationalemdaninm</strong></span> <span class='ocrx_word' id='word_1_101' title='bbox 1429 1813 1626 1871; x_wconf 85' lang='lat' dir='ltr'><strong>portent</strong></span> <span class='ocrx_word' id='word_1_102' title='bbox 1658 1803 1918 1873; x_wconf 84' lang='lat' dir='ltr'><strong>principio</strong></span> <span class='ocrx_word' id='word_1_103' title='bbox 1944 1819 2127 1856; x_wconf 85' lang='lat' dir='ltr'><strong>curan-</strong></span> 
     </span>
     <span class='ocr_line' id='line_1_19' title="bbox 1226 1888 1475 1924; baseline 0 0"><span class='ocrx_word' id='word_1_104' title='bbox 1226 1888 1308 1924; x_wconf 87' lang='lat' dir='ltr'><strong>am</strong></span> <span class='ocrx_word' id='word_1_105' title='bbox 1348 1890 1475 1924; x_wconf 87' lang='lat' dir='ltr'><strong>esse.</strong></span> 
     </span>
    </p>
   </div>
   <div class='ocr_carea' id='block_1_19' title="bbox 1226 1888 1475 1926">
    <p class='ocr_par' dir='ltr' id='par_1_19' title="bbox 1226 1888 1475 1926">
     <span class='ocr_line' id='line_1_20' title="bbox 1226 1888 1475 1926; baseline 0 -2"><span class='ocrx_word' id='word_1_106' title='bbox 1226 1888 1308 1925; x_wconf 86' lang='lat' dir='ltr'><strong>am</strong></span> <span class='ocrx_word' id='word_1_107' title='bbox 1348 1890 1475 1926; x_wconf 74' lang='grc'><strong>8888.</strong></span> 
     </span>
    </p>
   </div>
   <div class='ocr_carea' id='block_1_20' title="bbox 609 1962 2128 2036">
    <p class='ocr_par' dir='ltr' id='par_1_20' title="bbox 609 1962 2128 2036">
     <span class='ocr_line' id='line_1_21' title="bbox 609 1962 2128 2036; baseline 0.001 -15"><span class='ocrx_word' id='word_1_108' title='bbox 609 1965 674 2022; x_wconf 81' lang='lat' dir='ltr'><strong>Et</strong></span> <span class='ocrx_word' id='word_1_109' title='bbox 703 1964 907 2019; x_wconf 90' lang='lat' dir='ltr'><strong>idcirco</strong></span> <span class='ocrx_word' id='word_1_110' title='bbox 946 1964 991 2018; x_wconf 87' lang='lat' dir='ltr'><strong>si</strong></span> <span class='ocrx_word' id='word_1_111' title='bbox 1025 1962 1224 2017; x_wconf 85' lang='lat' dir='ltr'><strong>fontem</strong></span> <span class='ocrx_word' id='word_1_112' title='bbox 1259 1966 1370 2018; x_wconf 81' lang='lat' dir='ltr'><strong>vitii</strong></span> <span class='ocrx_word' id='word_1_113' title='bbox 1403 1965 1564 2033; x_wconf 86' lang='lat' dir='ltr'><strong>hujus</strong></span> <span class='ocrx_word' id='word_1_114' title='bbox 1593 1975 1647 2021; x_wconf 91' lang='lat' dir='ltr'><strong>et</strong></span> <span class='ocrx_word' id='word_1_115' title='bbox 1675 1968 1937 2036; x_wconf 74' lang='lat' dir='ltr'><strong>originem</strong></span> <span class='ocrx_word' id='word_1_116' title='bbox 1968 1968 2128 2022; x_wconf 88' lang='lat' dir='ltr'><strong>vultis</strong></span> 
     </span>
    </p>
   </div>
   <div class='ocr_carea' id='block_1_21' title="bbox 537 2057 2128 2132">
    <p class='ocr_par' dir='ltr' id='par_1_21' title="bbox 537 2057 2128 2132">
     <span class='ocr_line' id='line_1_22' title="bbox 537 2057 2128 2132; baseline 0 -17"><span class='ocrx_word' id='word_1_117' title='bbox 537 2073 857 2132; x_wconf 55' lang='lat' dir='ltr'><strong>“noscere,</strong></span> <span class='ocrx_word' id='word_1_118' title='bbox 890 2057 1264 2113; x_wconf 82' lang='lat' dir='ltr'><strong>rationabilem</strong></span> <span class='ocrx_word' id='word_1_119' title='bbox 1297 2059 1494 2113; x_wconf 89' lang='lat' dir='ltr'><strong>mentis</strong></span> <span class='ocrx_word' id='word_1_120' title='bbox 1522 2068 1718 2114; x_wconf 70' lang='lat' dir='ltr'><strong>vestrae</strong></span> <span class='ocrx_word' id='word_1_121' title='bbox 1746 2072 1907 2129; x_wconf 89' lang='lat' dir='ltr'><strong>atque</strong></span> <span class='ocrx_word' id='word_1_122' title='bbox 1933 2063 2128 2115; x_wconf 77' lang='lat' dir='ltr'><strong>animm</strong></span> 
     </span>
    </p>
   </div>
   <div class='ocr_carea' id='block_1_22' title="bbox 537 2119 2130 2223">
    <p class='ocr_par' dir='ltr' id='par_1_22' title="bbox 537 2119 2130 2223">
     <span class='ocr_line' id='line_1_23' title="bbox 537 2119 2130 2223; baseline 0.001 -17"><span class='ocrx_word' id='word_1_123' title='bbox 537 2119 848 2223; x_wconf 47' lang='lat' dir='ltr'><strong>bortionem</strong></span> <span class='ocrx_word' id='word_1_124' title='bbox 899 2150 1164 2205; x_wconf 81' lang='lat' dir='ltr'><strong>noveritis</strong></span> <span class='ocrx_word' id='word_1_125' title='bbox 1207 2164 1329 2204; x_wconf 86' lang='lat' dir='ltr'><strong>esse</strong></span> <span class='ocrx_word' id='word_1_126' title='bbox 1372 2161 1713 2220; x_wconf 85' lang='lat' dir='ltr'><strong>corruptam,</strong></span> <span class='ocrx_word' id='word_1_127' title='bbox 1772 2168 1836 2207; x_wconf 81' lang='lat' dir='ltr'><strong>ex</strong></span> <span class='ocrx_word' id='word_1_128' title='bbox 1886 2169 1990 2222; x_wconf 87' lang='lat' dir='ltr'><strong>qua</strong></span> <span class='ocrx_word' id='word_1_129' title='bbox 2045 2154 2130 2208; x_wconf 85' lang='lat' dir='ltr'><strong>vel</strong></span> 
     </span>
    </p>
   </div>
   <div class='ocr_carea' id='block_1_23' title="bbox 540 2228 2136 2314">
    <p class='ocr_par' dir='ltr' id='par_1_23' title="bbox 540 2228 2136 2314">
     <span class='ocr_line' id='line_1_24' title="bbox 540 2228 2136 2314; baseline 0.001 -15"><span class='ocrx_word' id='word_1_130' title='bbox 540 2228 1050 2314; x_wconf 56' lang='lat' dir='ltr'><strong>presumptionum,</strong></span> <span class='ocrx_word' id='word_1_131' title='bbox 1082 2243 1165 2298; x_wconf 86' lang='lat' dir='ltr'><strong>vel</strong></span> <span class='ocrx_word' id='word_1_132' title='bbox 1205 2242 1520 2298; x_wconf 69' lang='lat' dir='ltr'><strong>cenodoxia:</strong></span> <span class='ocrx_word' id='word_1_133' title='bbox 1560 2245 1737 2299; x_wconf 84' lang='lat' dir='ltr'><strong>solent</strong></span> <span class='ocrx_word' id='word_1_134' title='bbox 1783 2246 1907 2300; x_wconf 85' lang='lat' dir='ltr'><strong>vitia</strong></span> <span class='ocrx_word' id='word_1_135' title='bbox 1961 2247 2136 2314; x_wconf 87' lang='lat' dir='ltr'><strong>pullu-</strong></span> 
     </span>
    </p>
   </div>
   <div class='ocr_carea' id='block_1_24' title="bbox 545 2334 2138 2404">
    <p class='ocr_par' dir='ltr' id='par_1_24' title="bbox 545 2334 2138 2404">
     <span class='ocr_line' id='line_1_25' title="bbox 545 2334 2138 2404; baseline 0.001 -13"><span class='ocrx_word' id='word_1_136' title='bbox 545 2337 680 2392; x_wconf 84' lang='lat' dir='ltr'><strong>lare.</strong></span> <span class='ocrx_word' id='word_1_137' title='bbox 715 2334 953 2390; x_wconf 85' lang='lat' dir='ltr'><strong>Proinde</strong></span> <span class='ocrx_word' id='word_1_138' title='bbox 981 2335 1085 2390; x_wconf 90' lang='lat' dir='ltr'><strong>hoc</strong></span> <span class='ocrx_word' id='word_1_139' title='bbox 1113 2335 1341 2404; x_wconf 89' lang='lat' dir='ltr'><strong>primum</strong></span> <span class='ocrx_word' id='word_1_140' title='bbox 1374 2337 1567 2390; x_wconf 83' lang='lat' dir='ltr'><strong>animae</strong></span> <span class='ocrx_word' id='word_1_141' title='bbox 1595 2338 1749 2391; x_wconf 87' lang='lat' dir='ltr'><strong>vobis</strong></span> <span class='ocrx_word' id='word_1_142' title='bbox 1777 2339 1857 2404; x_wconf 92' lang='lat' dir='ltr'><strong>(ut</strong></span> <span class='ocrx_word' id='word_1_143' title='bbox 1888 2339 1956 2390; x_wconf 89' lang='lat' dir='ltr'><strong>ita</strong></span> <span class='ocrx_word' id='word_1_144' title='bbox 1985 2338 2138 2394; x_wconf 81' lang='lat' dir='ltr'><strong>dixe-</strong></span> 
     </span>
    </p>
   </div>
   <div class='ocr_carea' id='block_1_25' title="bbox 548 2427 2142 2498">
    <p class='ocr_par' dir='ltr' id='par_1_25' title="bbox 548 2427 2142 2498">
     <span class='ocr_line' id='line_1_26' title="bbox 548 2427 2142 2498; baseline 0.001 -14"><span class='ocrx_word' id='word_1_145' title='bbox 548 2427 672 2498; x_wconf 87' lang='lat' dir='ltr'><strong>rim)</strong></span> <span class='ocrx_word' id='word_1_146' title='bbox 705 2429 1006 2484; x_wconf 75' lang='lat' dir='ltr'><strong>membrum</strong></span> <span class='ocrx_word' id='word_1_147' title='bbox 1034 2437 1198 2483; x_wconf 82' lang='lat' dir='ltr'><strong>rectae</strong></span> <span class='ocrx_word' id='word_1_148' title='bbox 1229 2427 1573 2484; x_wconf 88' lang='lat' dir='ltr'><strong>discretionis</strong></span> <span class='ocrx_word' id='word_1_149' title='bbox 1597 2429 1801 2498; x_wconf 85' lang='lat' dir='ltr'><strong>judicio</strong></span> <span class='ocrx_word' id='word_1_150' title='bbox 1846 2442 1899 2485; x_wconf 89' lang='lat' dir='ltr'><strong>et</strong></span> <span class='ocrx_word' id='word_1_151' title='bbox 1927 2429 2142 2485; x_wconf 87' lang='lat' dir='ltr'><strong>humili-</strong></span> 
     </span>
    </p>
   </div>
   <div class='ocr_carea' id='block_1_26' title="bbox 550 2519 2141 2588">
    <p class='ocr_par' dir='ltr' id='par_1_26' title="bbox 550 2519 2141 2588">
     <span class='ocr_line' id='line_1_27' title="bbox 550 2519 2141 2588; baseline 0.003 -15"><span class='ocrx_word' id='word_1_152' title='bbox 550 2520 676 2574; x_wconf 80' lang='lat' dir='ltr'><strong>tatis</strong></span> <span class='ocrx_word' id='word_1_153' title='bbox 725 2519 926 2573; x_wconf 91' lang='lat' dir='ltr'><strong>virtute</strong></span> <span class='ocrx_word' id='word_1_154' title='bbox 972 2519 1267 2573; x_wconf 89' lang='lat' dir='ltr'><strong>curandum</strong></span> <span class='ocrx_word' id='word_1_155' title='bbox 1319 2529 1425 2587; x_wconf 90' lang='lat' dir='ltr'><strong>est,</strong></span> <span class='ocrx_word' id='word_1_156' title='bbox 1474 2535 1580 2588; x_wconf 91' lang='lat' dir='ltr'><strong>quo</strong></span> <span class='ocrx_word' id='word_1_157' title='bbox 1630 2522 1820 2575; x_wconf 82' lang='lat' dir='ltr'><strong>vitiato</strong></span> <span class='ocrx_word' id='word_1_158' title='bbox 1858 2521 1984 2575; x_wconf 88' lang='lat' dir='ltr'><strong>dum</strong></span> <span class='ocrx_word' id='word_1_159' title='bbox 2032 2537 2141 2578; x_wconf 83' lang='lat' dir='ltr'><strong>non</strong></span> 
     </span>
    </p>
   </div>
   <div class='ocr_carea' id='block_1_27' title="bbox 551 2610 2142 2686">
    <p class='ocr_par' dir='ltr' id='par_1_27' title="bbox 551 2610 2142 2686">
     <span class='ocr_line' id='line_1_28' title="bbox 551 2610 2142 2686; baseline 0.006 -21"><span class='ocrx_word' id='word_1_160' title='bbox 551 2610 724 2665; x_wconf 85' lang='lat' dir='ltr'><strong>solum</strong></span> <span class='ocrx_word' id='word_1_161' title='bbox 751 2610 820 2664; x_wconf 88' lang='lat' dir='ltr'><strong>ad</strong></span> <span class='ocrx_word' id='word_1_162' title='bbox 863 2611 1218 2679; x_wconf 80' lang='lat' dir='ltr'><strong>perfectionis</strong></span> <span class='ocrx_word' id='word_1_163' title='bbox 1261 2613 1371 2680; x_wconf 87' lang='lat' dir='ltr'><strong>jam</strong></span> <span class='ocrx_word' id='word_1_164' title='bbox 1416 2615 1726 2682; x_wconf 72' lang='lat' dir='ltr'><strong>pervenisse</strong></span> <span class='ocrx_word' id='word_1_165' title='bbox 1769 2617 2007 2686; x_wconf 73' lang='lat' dir='ltr'><strong>l&#39;aStigia,</strong></span> <span class='ocrx_word' id='word_1_166' title='bbox 2046 2618 2142 2674; x_wconf 84' lang='lat' dir='ltr'><strong>sed</strong></span> 
     </span>
    </p>
   </div>
   <div class='ocr_carea' id='block_1_28' title="bbox 553 2702 2146 2775">
    <p class='ocr_par' dir='ltr' id='par_1_28' title="bbox 553 2702 2146 2775">
     <span class='ocr_line' id='line_1_29' title="bbox 553 2702 2146 2775; baseline 0.005 -17"><span class='ocrx_word' id='word_1_167' title='bbox 553 2704 714 2758; x_wconf 88' lang='lat' dir='ltr'><strong>etiam</strong></span> <span class='ocrx_word' id='word_1_168' title='bbox 744 2702 942 2757; x_wconf 88' lang='lat' dir='ltr'><strong>docere</strong></span> <span class='ocrx_word' id='word_1_169' title='bbox 962 2705 1100 2759; x_wconf 87' lang='lat' dir='ltr'><strong>alios</strong></span> <span class='ocrx_word' id='word_1_170' title='bbox 1131 2719 1290 2772; x_wconf 88' lang='lat' dir='ltr'><strong>posse</strong></span> <span class='ocrx_word' id='word_1_171' title='bbox 1318 2721 1415 2762; x_wconf 91' lang='lat' dir='ltr'><strong>vos</strong></span> <span class='ocrx_word' id='word_1_172' title='bbox 1435 2707 1680 2775; x_wconf 87' lang='lat' dir='ltr'><strong>creditis,</strong></span> <span class='ocrx_word' id='word_1_173' title='bbox 1705 2719 1759 2764; x_wconf 89' lang='lat' dir='ltr'><strong>et</strong></span> <span class='ocrx_word' id='word_1_174' title='bbox 1786 2710 1851 2764; x_wconf 86' lang='lat' dir='ltr'><strong>ad</strong></span> <span class='ocrx_word' id='word_1_175' title='bbox 1884 2711 2146 2766; x_wconf 83' lang='lat' dir='ltr'><strong>eruditio-</strong></span> 
     </span>
    </p>
   </div>
   <div class='ocr_carea' id='block_1_29' title="bbox 555 2799 2144 2876">
    <p class='ocr_par' dir='ltr' id='par_1_29' title="bbox 555 2799 2144 2876">
     <span class='ocr_line' id='line_1_30' title="bbox 555 2799 2144 2876; baseline 0.005 -23"><span class='ocrx_word' id='word_1_176' title='bbox 555 2811 678 2853; x_wconf 87' lang='lat' dir='ltr'><strong>nem</strong></span> <span class='ocrx_word' id='word_1_177' title='bbox 705 2804 1028 2852; x_wconf 51' lang='lat' dir='ltr'><strong>ceterorum</strong></span> <span class='ocrx_word' id='word_1_178' title='bbox 1061 2799 1400 2856; x_wconf 89' lang='lat' dir='ltr'><strong>sufficientes</strong></span> <span class='ocrx_word' id='word_1_179' title='bbox 1424 2811 1585 2872; x_wconf 88' lang='lat' dir='ltr'><strong>atque</strong></span> <span class='ocrx_word' id='word_1_180' title='bbox 1614 2803 1841 2860; x_wconf 86' lang='lat' dir='ltr'><strong>idoneos</strong></span> <span class='ocrx_word' id='word_1_181' title='bbox 1863 2805 2144 2876; x_wconf 86' lang='lat' dir='ltr'><strong>judicatis,</strong></span> 
     </span>
    </p>
   </div>
   <div class='ocr_carea' id='block_1_30' title="bbox 557 2891 2152 2966">
    <p class='ocr_par' dir='ltr' id='par_1_30' title="bbox 557 2891 2152 2966">
     <span class='ocr_line' id='line_1_31' title="bbox 557 2891 2152 2966; baseline 0.009 -24"><span class='ocrx_word' id='word_1_182' title='bbox 557 2905 656 2960; x_wconf 90' lang='lat' dir='ltr'><strong>per</strong></span> <span class='ocrx_word' id='word_1_183' title='bbox 681 2891 976 2945; x_wconf 88' lang='lat' dir='ltr'><strong>elationem</strong></span> <span class='ocrx_word' id='word_1_184' title='bbox 1003 2892 1321 2948; x_wconf 74' lang='lat' dir='ltr'><strong>cenodoxizc</strong></span> <span class='ocrx_word' id='word_1_185' title='bbox 1349 2911 1506 2966; x_wconf 91' lang='lat' dir='ltr'><strong>quam</strong></span> <span class='ocrx_word' id='word_1_186' title='bbox 1531 2899 1782 2966; x_wconf 81' lang='lat' dir='ltr'><strong>patefecit</strong></span> <span class='ocrx_word' id='word_1_187' title='bbox 1813 2911 1991 2954; x_wconf 86' lang='lat' dir='ltr'><strong>vestra</strong></span> <span class='ocrx_word' id='word_1_188' title='bbox 2021 2915 2152 2956; x_wconf 87' lang='lat' dir='ltr'><strong>con-</strong></span> 
     </span>
    </p>
   </div>
   <div class='ocr_carea' id='block_1_31' title="bbox 559 2983 2152 3064">
    <p class='ocr_par' dir='ltr' id='par_1_31' title="bbox 559 2983 2152 3064">
     <span class='ocr_line' id='line_1_32' title="bbox 559 2983 2152 3064; baseline 0.006 -26"><span class='ocrx_word' id='word_1_189' title='bbox 559 2983 728 3038; x_wconf 79' lang='lat' dir='ltr'><strong>fessio</strong></span> <span class='ocrx_word' id='word_1_190' title='bbox 795 2987 1243 3055; x_wconf 78' lang='lat' dir='ltr'><strong>pervagationem</strong></span> <span class='ocrx_word' id='word_1_191' title='bbox 1273 2991 1491 3044; x_wconf 85' lang='lat' dir='ltr'><strong>vanitati</strong></span> <span class='ocrx_word' id='word_1_192' title='bbox 1527 2989 1694 3062; x_wconf 74' lang='lat' dir='ltr'><strong>[Lips.</strong></span> <span class='ocrx_word' id='word_1_193' title='bbox 1720 2993 1773 3045; x_wconf 88' lang='lat' dir='ltr'><strong>in</strong></span> <span class='ocrx_word' id='word_1_194' title='bbox 1804 3008 1968 3064; x_wconf 86' lang='lat' dir='ltr'><strong>marg.</strong></span> <span class='ocrx_word' id='word_1_195' title='bbox 2005 2994 2152 3048; x_wconf 87' lang='lat' dir='ltr'><strong>vani-</strong></span> 
     </span>
    </p>
   </div>
   <div class='ocr_carea' id='block_1_32' title="bbox 562 3076 2154 3154">
    <p class='ocr_par' dir='ltr' id='par_1_32' title="bbox 562 3076 2154 3154">
     <span class='ocr_line' id='line_1_33' title="bbox 562 3076 2154 3154; baseline 0.006 -22"><span class='ocrx_word' id='word_1_196' title='bbox 562 3076 705 3147; x_wconf 84' lang='lat' dir='ltr'><strong>tate]</strong></span> <span class='ocrx_word' id='word_1_197' title='bbox 756 3079 1081 3146; x_wconf 85' lang='lat' dir='ltr'><strong>raptamini;</strong></span> <span class='ocrx_word' id='word_1_198' title='bbox 1137 3095 1271 3150; x_wconf 89' lang='lat' dir='ltr'><strong>quas</strong></span> <span class='ocrx_word' id='word_1_199' title='bbox 1319 3093 1598 3151; x_wconf 86' lang='lat' dir='ltr'><strong>amputare</strong></span> <span class='ocrx_word' id='word_1_200' title='bbox 1643 3084 1903 3154; x_wconf 87' lang='lat' dir='ltr'><strong>deinceps</strong></span> <span class='ocrx_word' id='word_1_201' title='bbox 1951 3085 2154 3154; x_wconf 87' lang='lat' dir='ltr'><strong>absque</strong></span> 
     </span>
    </p>
   </div>
   <div class='ocr_carea' id='block_1_33' title="bbox 564 3169 2154 3246">
    <p class='ocr_par' dir='ltr' id='par_1_33' title="bbox 564 3169 2154 3246">
     <span class='ocr_line' id='line_1_34' title="bbox 564 3169 2154 3246; baseline 0.007 -24"><span class='ocrx_word' id='word_1_202' title='bbox 564 3169 881 3224; x_wconf 84' lang='lat' dir='ltr'><strong>difficultate</strong></span> <span class='ocrx_word' id='word_1_203' title='bbox 928 3174 1203 3239; x_wconf 90' lang='lat' dir='ltr'><strong>poteritis,</strong></span> <span class='ocrx_word' id='word_1_204' title='bbox 1238 3175 1280 3226; x_wconf 86' lang='lat' dir='ltr'><strong>si</strong></span> <span class='ocrx_word' id='word_1_205' title='bbox 1330 3189 1470 3228; x_wconf 70' lang='lat' dir='ltr'><strong>verte</strong></span> <span class='ocrx_word' id='word_1_206' title='bbox 1501 3176 1878 3242; x_wconf 90' lang='lat' dir='ltr'><strong>discretionis,</strong></span> <span class='ocrx_word' id='word_1_207' title='bbox 1919 3187 1978 3232; x_wconf 89' lang='lat' dir='ltr'><strong>ut</strong></span> <span class='ocrx_word' id='word_1_208' title='bbox 2019 3178 2154 3246; x_wconf 78' lang='lat' dir='ltr'><strong>dixi,</strong></span> 
     </span>
    </p>
   </div>
   <div class='ocr_carea' id='block_1_34' title="bbox 2220 576 3814 648">
    <p class='ocr_par' dir='ltr' id='par_1_34' title="bbox 2220 576 3814 648">
     <span class='ocr_line' id='line_1_35' title="bbox 2220 576 3814 648; baseline -0.001 -15"><span class='ocrx_word' id='word_1_209' title='bbox 2220 578 2545 634; x_wconf 86' lang='lat' dir='ltr'><strong>humilitatis</strong></span> <span class='ocrx_word' id='word_1_210' title='bbox 2582 579 2885 642; x_wconf 87' lang='lat' dir='ltr'><strong>medelam;</strong></span> <span class='ocrx_word' id='word_1_211' title='bbox 2923 592 3046 646; x_wconf 65' lang='lat' dir='ltr'><strong>qua</strong></span> <span class='ocrx_word' id='word_1_212' title='bbox 3069 576 3331 648; x_wconf 81' lang='lat' dir='ltr'><strong>quoniam</strong></span> <span class='ocrx_word' id='word_1_213' title='bbox 3370 577 3588 631; x_wconf 71' lang='lat' dir='ltr'><strong>caeteris</strong></span> <span class='ocrx_word' id='word_1_214' title='bbox 3621 578 3814 632; x_wconf 63' lang='lat' dir='ltr'><strong>animae</strong></span> 
     </span>
    </p>
   </div>
   <div class='ocr_carea' id='block_1_35' title="bbox 2198 669 3814 748">
    <p class='ocr_par' dir='ltr' id='par_1_35' title="bbox 2198 669 3814 748">
     <span class='ocr_line' id='line_1_36' title="bbox 2198 669 3814 748; baseline -0.001 -20"><span class='ocrx_word' id='word_1_215' title='bbox 2198 673 2510 748; x_wconf 33' lang='lat' dir='ltr'><strong>Ovirtutibus</strong></span> <span class='ocrx_word' id='word_1_216' title='bbox 2542 674 2594 727; x_wconf 89' lang='lat' dir='ltr'><strong>in</strong></span> <span class='ocrx_word' id='word_1_217' title='bbox 2628 671 2803 737; x_wconf 82' lang='lat' dir='ltr'><strong>vobis,</strong></span> <span class='ocrx_word' id='word_1_218' title='bbox 2831 682 3088 739; x_wconf 85' lang='lat' dir='ltr'><strong>quantum</strong></span> <span class='ocrx_word' id='word_1_219' title='bbox 3120 679 3375 740; x_wconf 87' lang='lat' dir='ltr'><strong>apparet,</strong></span> <span class='ocrx_word' id='word_1_220' title='bbox 3410 669 3688 724; x_wconf 87' lang='lat' dir='ltr'><strong>intirmior</strong></span> <span class='ocrx_word' id='word_1_221' title='bbox 3713 679 3814 734; x_wconf 81' lang='lat' dir='ltr'><strong>est,</strong></span> 
     </span>
    </p>
   </div>
   <div class='ocr_carea' id='block_1_36' title="bbox 2220 759 3820 830">
    <p class='ocr_par' dir='ltr' id='par_1_36' title="bbox 2220 759 3820 830">
     <span class='ocr_line' id='line_1_37' title="bbox 2220 759 3820 830; baseline -0.001 -11"><span class='ocrx_word' id='word_1_222' title='bbox 2220 780 2448 821; x_wconf 89' lang='lat' dir='ltr'><strong>necesse</strong></span> <span class='ocrx_word' id='word_1_223' title='bbox 2476 775 2560 820; x_wconf 86' lang='lat' dir='ltr'><strong>est</strong></span> <span class='ocrx_word' id='word_1_224' title='bbox 2587 773 2646 818; x_wconf 91' lang='lat' dir='ltr'><strong>ut</strong></span> <span class='ocrx_word' id='word_1_225' title='bbox 2674 765 2955 819; x_wconf 69' lang='lat' dir='ltr'><strong>diabolicae</strong></span> <span class='ocrx_word' id='word_1_226' title='bbox 2985 762 3319 818; x_wconf 81' lang='lat' dir='ltr'><strong>infestationi</strong></span> <span class='ocrx_word' id='word_1_227' title='bbox 3353 759 3524 830; x_wconf 86' lang='lat' dir='ltr'><strong>prima</strong></span> <span class='ocrx_word' id='word_1_228' title='bbox 3562 777 3820 817; x_wconf 85' lang='lat' dir='ltr'><strong>succum-</strong></span> 
     </span>
    </p>
   </div>
   <div class='ocr_carea' id='block_1_37' title="bbox 2221 854 3818 926">
    <p class='ocr_par' dir='ltr' id='par_1_37' title="bbox 2221 854 3818 926">
     <span class='ocr_line' id='line_1_38' title="bbox 2221 854 3818 926; baseline -0.002 -13"><span class='ocrx_word' id='word_1_229' title='bbox 2221 859 2336 914; x_wconf 83' lang='lat' dir='ltr'><strong>bat.</strong></span> <span class='ocrx_word' id='word_1_230' title='bbox 2402 858 2865 925; x_wconf 87' lang='lat' dir='ltr'><strong>Quemadmodum</strong></span> <span class='ocrx_word' id='word_1_231' title='bbox 2916 857 3295 926; x_wconf 79' lang='lat' dir='ltr'><strong>ingruentibus</strong></span> <span class='ocrx_word' id='word_1_232' title='bbox 3346 854 3674 924; x_wconf 83' lang='lat' dir='ltr'><strong>quibusdam</strong></span> <span class='ocrx_word' id='word_1_233' title='bbox 3736 856 3818 910; x_wconf 86' lang='lat' dir='ltr'><strong>in-</strong></span> 
     </span>
    </p>
   </div>
   <div class='ocr_carea' id='block_1_38' title="bbox 2217 946 3815 1022">
    <p class='ocr_par' dir='ltr' id='par_1_38' title="bbox 2217 946 3815 1022">
     <span class='ocr_line' id='line_1_39' title="bbox 2217 946 3815 1022; baseline -0.004 -16"><span class='ocrx_word' id='word_1_234' title='bbox 2217 951 2400 1022; x_wconf 81' lang='lat' dir='ltr'><strong>juriis,</strong></span> <span class='ocrx_word' id='word_1_235' title='bbox 2430 966 2552 1021; x_wconf 75' lang='lat' dir='ltr'><strong>quae.</strong></span> <span class='ocrx_word' id='word_1_236' title='bbox 2576 952 2662 1005; x_wconf 89' lang='lat' dir='ltr'><strong>vel</strong></span> <span class='ocrx_word' id='word_1_237' title='bbox 2685 965 2752 1005; x_wconf 83' lang='lat' dir='ltr'><strong>ex</strong></span> <span class='ocrx_word' id='word_1_238' title='bbox 2779 949 3047 1006; x_wconf 85' lang='lat' dir='ltr'><strong>accidenti</strong></span> <span class='ocrx_word' id='word_1_239' title='bbox 3077 948 3289 1011; x_wconf 89' lang='lat' dir='ltr'><strong>labore,</strong></span> <span class='ocrx_word' id='word_1_240' title='bbox 3318 946 3402 1000; x_wconf 91' lang='lat' dir='ltr'><strong>vel</strong></span> <span class='ocrx_word' id='word_1_241' title='bbox 3429 946 3498 1001; x_wconf 88' lang='lat' dir='ltr'><strong>de</strong></span> <span class='ocrx_word' id='word_1_242' title='bbox 3521 947 3668 1002; x_wconf 85' lang='lat' dir='ltr'><strong>aeris</strong></span> <span class='ocrx_word' id='word_1_243' title='bbox 3691 961 3815 1001; x_wconf 84' lang='lat' dir='ltr'><strong>cor-</strong></span> 
     </span>
    </p>
   </div>
   <div class='ocr_carea' id='block_1_39' title="bbox 2223 1039 3817 1112">
    <p class='ocr_par' dir='ltr' id='par_1_39' title="bbox 2223 1039 3817 1112">
     <span class='ocr_line' id='line_1_40' title="bbox 2223 1039 3817 1112; baseline -0.003 -14"><span class='ocrx_word' id='word_1_244' title='bbox 2223 1044 2475 1112; x_wconf 87' lang='lat' dir='ltr'><strong>ruptione</strong></span> <span class='ocrx_word' id='word_1_245' title='bbox 2497 1044 2806 1112; x_wconf 75' lang='lat' dir='ltr'><strong>gignuntur,</strong></span> <span class='ocrx_word' id='word_1_246' title='bbox 2841 1043 2958 1096; x_wconf 89' lang='lat' dir='ltr'><strong>lieri</strong></span> <span class='ocrx_word' id='word_1_247' title='bbox 2986 1042 3152 1097; x_wconf 89' lang='lat' dir='ltr'><strong>etiam</strong></span> <span class='ocrx_word' id='word_1_248' title='bbox 3179 1039 3231 1094; x_wconf 93' lang='lat' dir='ltr'><strong>in</strong></span> <span class='ocrx_word' id='word_1_249' title='bbox 3265 1039 3584 1109; x_wconf 89' lang='lat' dir='ltr'><strong>corporibus</strong></span> <span class='ocrx_word' id='word_1_250' title='bbox 3620 1039 3817 1094; x_wconf 86' lang='lat' dir='ltr'><strong>huma-</strong></span> 
     </span>
    </p>
   </div>
   <div class='ocr_carea' id='block_1_40' title="bbox 2225 1132 3818 1205">
    <p class='ocr_par' dir='ltr' id='par_1_40' title="bbox 2225 1132 3818 1205">
     <span class='ocr_line' id='line_1_41' title="bbox 2225 1132 3818 1205; baseline -0.003 -14"><span class='ocrx_word' id='word_1_251' title='bbox 2225 1136 2311 1191; x_wconf 86' lang='lat' dir='ltr'><strong>nis</strong></span> <span class='ocrx_word' id='word_1_252' title='bbox 2358 1136 2519 1204; x_wconf 85' lang='lat' dir='ltr'><strong>solet,</strong></span> <span class='ocrx_word' id='word_1_253' title='bbox 2553 1143 2612 1189; x_wconf 89' lang='lat' dir='ltr'><strong>ut</strong></span> <span class='ocrx_word' id='word_1_254' title='bbox 2663 1135 2754 1189; x_wconf 91' lang='lat' dir='ltr'><strong>illa</strong></span> <span class='ocrx_word' id='word_1_255' title='bbox 2780 1150 2898 1205; x_wconf 78' lang='lat' dir='ltr'><strong>quae</strong></span> <span class='ocrx_word' id='word_1_256' title='bbox 2929 1135 3128 1188; x_wconf 82' lang='lat' dir='ltr'><strong>fuerint</strong></span> <span class='ocrx_word' id='word_1_257' title='bbox 3171 1132 3410 1197; x_wconf 83' lang='lat' dir='ltr'><strong>infirma,</strong></span> <span class='ocrx_word' id='word_1_258' title='bbox 3440 1133 3660 1187; x_wconf 83' lang='lat' dir='ltr'><strong>casibus</strong></span> <span class='ocrx_word' id='word_1_259' title='bbox 3698 1134 3818 1188; x_wconf 88' lang='lat' dir='ltr'><strong>istis</strong></span> 
     </span>
    </p>
   </div>
   <div class='ocr_carea' id='block_1_41' title="bbox 2225 1223 3818 1297">
    <p class='ocr_par' dir='ltr' id='par_1_41' title="bbox 2225 1223 3818 1297">
     <span class='ocr_line' id='line_1_42' title="bbox 2225 1223 3818 1297; baseline -0.002 -17"><span class='ocrx_word' id='word_1_260' title='bbox 2225 1227 2398 1297; x_wconf 90' lang='lat' dir='ltr'><strong>prima</strong></span> <span class='ocrx_word' id='word_1_261' title='bbox 2447 1227 2786 1281; x_wconf 85' lang='lat' dir='ltr'><strong>consentiant</strong></span> <span class='ocrx_word' id='word_1_262' title='bbox 2826 1235 2987 1294; x_wconf 89' lang='lat' dir='ltr'><strong>atque</strong></span> <span class='ocrx_word' id='word_1_263' title='bbox 3031 1223 3426 1287; x_wconf 85' lang='lat' dir='ltr'><strong>succumbant;</strong></span> <span class='ocrx_word' id='word_1_264' title='bbox 3457 1239 3690 1293; x_wconf 88' lang='lat' dir='ltr'><strong>cumque</strong></span> <span class='ocrx_word' id='word_1_265' title='bbox 3717 1239 3818 1294; x_wconf 84' lang='lat' dir='ltr'><strong>pe-</strong></span> 
     </span>
    </p>
   </div>
   <div class='ocr_carea' id='block_1_42' title="bbox 2225 1313 3816 1384">
    <p class='ocr_par' dir='ltr' id='par_1_42' title="bbox 2225 1313 3816 1384">
     <span class='ocr_line' id='line_1_43' title="bbox 2225 1313 3816 1384; baseline -0.003 -11"><span class='ocrx_word' id='word_1_266' title='bbox 2225 1317 2486 1373; x_wconf 77' lang='lat' dir='ltr'><strong>culiarius</strong></span> <span class='ocrx_word' id='word_1_267' title='bbox 2515 1317 2566 1371; x_wconf 94' lang='lat' dir='ltr'><strong>in</strong></span> <span class='ocrx_word' id='word_1_268' title='bbox 2608 1317 2688 1370; x_wconf 87' lang='lat' dir='ltr'><strong>eis</strong></span> <span class='ocrx_word' id='word_1_269' title='bbox 2738 1315 2961 1370; x_wconf 89' lang='lat' dir='ltr'><strong>morbus</strong></span> <span class='ocrx_word' id='word_1_270' title='bbox 3003 1315 3288 1381; x_wconf 87' lang='lat' dir='ltr'><strong>insederit,</strong></span> <span class='ocrx_word' id='word_1_271' title='bbox 3320 1313 3562 1383; x_wconf 87' lang='lat' dir='ltr'><strong>reliquas</strong></span> <span class='ocrx_word' id='word_1_272' title='bbox 3601 1329 3816 1384; x_wconf 84' lang='lat' dir='ltr'><strong>quoque</strong></span> 
     </span>
    </p>
   </div>
   <div class='ocr_carea' id='block_1_43' title="bbox 2227 1406 3819 1481">
    <p class='ocr_par' dir='ltr' id='par_1_43' title="bbox 2227 1406 3819 1481">
     <span class='ocr_line' id='line_1_44' title="bbox 2227 1406 3819 1481; baseline -0.002 -17"><span class='ocrx_word' id='word_1_273' title='bbox 2227 1421 2409 1481; x_wconf 86' lang='lat' dir='ltr'><strong>partes</strong></span> <span class='ocrx_word' id='word_1_274' title='bbox 2440 1408 2688 1478; x_wconf 90' lang='lat' dir='ltr'><strong>corporis</strong></span> <span class='ocrx_word' id='word_1_275' title='bbox 2718 1407 2908 1463; x_wconf 85' lang='lat' dir='ltr'><strong>eadem</strong></span> <span class='ocrx_word' id='word_1_276' title='bbox 2942 1416 3096 1478; x_wconf 84' lang='lat' dir='ltr'><strong>peste</strong></span> <span class='ocrx_word' id='word_1_277' title='bbox 3124 1406 3411 1461; x_wconf 83' lang='lat' dir='ltr'><strong>labefaciat</strong></span> <span class='ocrx_word' id='word_1_278' title='bbox 3449 1425 3464 1460; x_wconf 86' lang='lat'><strong>:</strong></span> <span class='ocrx_word' id='word_1_279' title='bbox 3503 1409 3572 1460; x_wconf 81' lang='lat' dir='ltr'><strong>ita</strong></span> <span class='ocrx_word' id='word_1_280' title='bbox 3602 1416 3659 1460; x_wconf 89' lang='lat' dir='ltr'><strong>et</strong></span> <span class='ocrx_word' id='word_1_281' title='bbox 3696 1407 3819 1462; x_wconf 79' lang='lat' dir='ltr'><strong>ani—</strong></span> 
     </span>
    </p>
   </div>
   <div class='ocr_carea' id='block_1_44' title="bbox 2226 1499 3818 1573">
    <p class='ocr_par' dir='ltr' id='par_1_44' title="bbox 2226 1499 3818 1573">
     <span class='ocr_line' id='line_1_45' title="bbox 2226 1499 3818 1573; baseline -0.004 -13"><span class='ocrx_word' id='word_1_282' title='bbox 2226 1520 2368 1561; x_wconf 88' lang='lat' dir='ltr'><strong>mam</strong></span> <span class='ocrx_word' id='word_1_283' title='bbox 2425 1504 2851 1573; x_wconf 72' lang='lat' dir='ltr'><strong>uniuscujustlue</strong></span> <span class='ocrx_word' id='word_1_284' title='bbox 2898 1511 3168 1567; x_wconf 89' lang='lat' dir='ltr'><strong>nostrum,</strong></span> <span class='ocrx_word' id='word_1_285' title='bbox 3219 1500 3388 1556; x_wconf 83' lang='lat' dir='ltr'><strong>ﬂante</strong></span> <span class='ocrx_word' id='word_1_286' title='bbox 3417 1499 3818 1570; x_wconf 88' lang='lat' dir='ltr'><strong>quodammodo</strong></span> 
     </span>
    </p>
   </div>
   <div class='ocr_carea' id='block_1_45' title="bbox 2227 1594 3817 1668">
    <p class='ocr_par' dir='ltr' id='par_1_45' title="bbox 2227 1594 3817 1668">
     <span class='ocr_line' id='line_1_46' title="bbox 2227 1594 3817 1668; baseline -0.002 -16"><span class='ocrx_word' id='word_1_287' title='bbox 2227 1599 2496 1668; x_wconf 87' lang='lat' dir='ltr'><strong>pestilenti</strong></span> <span class='ocrx_word' id='word_1_288' title='bbox 2529 1598 2700 1651; x_wconf 86' lang='lat' dir='ltr'><strong>halitu</strong></span> <span class='ocrx_word' id='word_1_289' title='bbox 2730 1597 3012 1662; x_wconf 89' lang='lat' dir='ltr'><strong>vitiorum,</strong></span> <span class='ocrx_word' id='word_1_290' title='bbox 3045 1594 3136 1649; x_wconf 89' lang='lat' dir='ltr'><strong>illa</strong></span> <span class='ocrx_word' id='word_1_291' title='bbox 3169 1595 3408 1650; x_wconf 74' lang='lat' dir='ltr'><strong>maxime</strong></span> <span class='ocrx_word' id='word_1_292' title='bbox 3436 1595 3682 1664; x_wconf 82' lang='lat' dir='ltr'><strong>passione</strong></span> <span class='ocrx_word' id='word_1_293' title='bbox 3711 1609 3817 1649; x_wconf 85' lang='lat' dir='ltr'><strong>ue-</strong></span> 
     </span>
    </p>
   </div>
   <div class='ocr_carea' id='block_1_46' title="bbox 2228 1686 3820 1758">
    <p class='ocr_par' dir='ltr' id='par_1_46' title="bbox 2228 1686 3820 1758">
     <span class='ocr_line' id='line_1_47' title="bbox 2228 1686 3820 1758; baseline -0.003 -13"><span class='ocrx_word' id='word_1_294' title='bbox 2228 1705 2385 1747; x_wconf 81' lang='lat' dir='ltr'><strong>eesse</strong></span> <span class='ocrx_word' id='word_1_295' title='bbox 2413 1699 2497 1745; x_wconf 88' lang='lat' dir='ltr'><strong>est</strong></span> <span class='ocrx_word' id='word_1_296' title='bbox 2526 1691 2814 1754; x_wconf 86' lang='lat' dir='ltr'><strong>attentari,</strong></span> <span class='ocrx_word' id='word_1_297' title='bbox 2849 1689 2900 1743; x_wconf 90' lang='lat' dir='ltr'><strong>in</strong></span> <span class='ocrx_word' id='word_1_298' title='bbox 2932 1703 3034 1758; x_wconf 89' lang='lat' dir='ltr'><strong>qua</strong></span> <span class='ocrx_word' id='word_1_299' title='bbox 3074 1688 3318 1743; x_wconf 87' lang='lat' dir='ltr'><strong>tenerior</strong></span> <span class='ocrx_word' id='word_1_300' title='bbox 3349 1698 3511 1757; x_wconf 89' lang='lat' dir='ltr'><strong>atque</strong></span> <span class='ocrx_word' id='word_1_301' title='bbox 3556 1686 3820 1742; x_wconf 83' lang='lat' dir='ltr'><strong>infirmior</strong></span> 
     </span>
    </p>
   </div>
   <div class='ocr_carea' id='block_1_47' title="bbox 2229 1777 3823 1854">
    <p class='ocr_par' dir='ltr' id='par_1_47' title="bbox 2229 1777 3823 1854">
     <span class='ocr_line' id='line_1_48' title="bbox 2229 1777 3823 1854; baseline -0.004 -16"><span class='ocrx_word' id='word_1_302' title='bbox 2229 1784 2349 1854; x_wconf 86' lang='lat' dir='ltr'><strong>ejus</strong></span> <span class='ocrx_word' id='word_1_303' title='bbox 2385 1785 2587 1852; x_wconf 89' lang='lat' dir='ltr'><strong>portio,</strong></span> <span class='ocrx_word' id='word_1_304' title='bbox 2615 1782 2809 1836; x_wconf 85' lang='lat' dir='ltr'><strong>validis</strong></span> <span class='ocrx_word' id='word_1_305' title='bbox 2844 1781 3050 1835; x_wconf 88' lang='lat' dir='ltr'><strong>inimici</strong></span> <span class='ocrx_word' id='word_1_306' title='bbox 3082 1795 3189 1835; x_wconf 93' lang='lat' dir='ltr'><strong>non</strong></span> <span class='ocrx_word' id='word_1_307' title='bbox 3228 1788 3339 1834; x_wconf 89' lang='lat' dir='ltr'><strong>tam</strong></span> <span class='ocrx_word' id='word_1_308' title='bbox 3381 1779 3596 1835; x_wconf 85' lang='lat' dir='ltr'><strong>fortiter</strong></span> <span class='ocrx_word' id='word_1_309' title='bbox 3621 1777 3823 1834; x_wconf 82' lang='lat' dir='ltr'><strong>resistit</strong></span> 
     </span>
    </p>
   </div>
   <div class='ocr_carea' id='block_1_48' title="bbox 2155 1871 3824 1949">
    <p class='ocr_par' dir='ltr' id='par_1_48' title="bbox 2155 1871 3824 1949">
     <span class='ocr_line' id='line_1_49' title="bbox 2155 1871 3824 1949; baseline -0.003 -18"><span class='ocrx_word' id='word_1_310' title='bbox 2155 1871 2203 1931; x_wconf 92' lang='lat' dir='ltr'><strong>B</strong></span> <span class='ocrx_word' id='word_1_311' title='bbox 2232 1878 2575 1949; x_wconf 88' lang='lat' dir='ltr'><strong>impulsibus,</strong></span> <span class='ocrx_word' id='word_1_312' title='bbox 2605 1888 2659 1931; x_wconf 92' lang='lat' dir='ltr'><strong>et</strong></span> <span class='ocrx_word' id='word_1_313' title='bbox 2689 1892 2756 1932; x_wconf 81' lang='lat' dir='ltr'><strong>ex</strong></span> <span class='ocrx_word' id='word_1_314' title='bbox 2783 1876 2894 1930; x_wconf 89' lang='lat' dir='ltr'><strong>illis</strong></span> <span class='ocrx_word' id='word_1_315' title='bbox 2929 1875 3231 1945; x_wconf 89' lang='lat' dir='ltr'><strong>periculum</strong></span> <span class='ocrx_word' id='word_1_316' title='bbox 3263 1873 3598 1942; x_wconf 85' lang='lat' dir='ltr'><strong>captivitatis</strong></span> <span class='ocrx_word' id='word_1_317' title='bbox 3637 1872 3824 1926; x_wconf 84' lang='lat' dir='ltr'><strong>incur-</strong></span> 
     </span>
    </p>
   </div>
   <div class='ocr_carea' id='block_1_49' title="bbox 2233 1963 3828 2039">
    <p class='ocr_par' dir='ltr' id='par_1_49' title="bbox 2233 1963 3828 2039">
     <span class='ocr_line' id='line_1_50' title="bbox 2233 1963 3828 2039; baseline -0.008 -13"><span class='ocrx_word' id='word_1_318' title='bbox 2233 1987 2376 2034; x_wconf 88' lang='lat' dir='ltr'><strong>rere,</strong></span> <span class='ocrx_word' id='word_1_319' title='bbox 2414 1972 2465 2024; x_wconf 93' lang='lat' dir='ltr'><strong>in</strong></span> <span class='ocrx_word' id='word_1_320' title='bbox 2513 1970 2708 2039; x_wconf 85' lang='lat' dir='ltr'><strong>quibus</strong></span> <span class='ocrx_word' id='word_1_321' title='bbox 2757 1967 2990 2022; x_wconf 90' lang='lat' dir='ltr'><strong>faciliori</strong></span> <span class='ocrx_word' id='word_1_322' title='bbox 3020 1965 3314 2036; x_wconf 87' lang='lat' dir='ltr'><strong>proditioni</strong></span> <span class='ocrx_word' id='word_1_323' title='bbox 3365 1963 3572 2018; x_wconf 90' lang='lat' dir='ltr'><strong>aditum</strong></span> <span class='ocrx_word' id='word_1_324' title='bbox 3615 1970 3828 2016; x_wconf 86' lang='lat' dir='ltr'><strong>reserat</strong></span> 
     </span>
    </p>
   </div>
   <div class='ocr_carea' id='block_1_50' title="bbox 2234 2054 3827 2129">
    <p class='ocr_par' dir='ltr' id='par_1_50' title="bbox 2234 2054 3827 2129">
     <span class='ocr_line' id='line_1_51' title="bbox 2234 2054 3827 2129; baseline -0.008 -10"><span class='ocrx_word' id='word_1_325' title='bbox 2234 2063 2452 2119; x_wconf 86' lang='lat' dir='ltr'><strong>incauta</strong></span> <span class='ocrx_word' id='word_1_326' title='bbox 2507 2062 2775 2117; x_wconf 86' lang='lat' dir='ltr'><strong>custodia.</strong></span> <span class='ocrx_word' id='word_1_327' title='bbox 2835 2061 2923 2116; x_wconf 86' lang='lat' dir='ltr'><strong>Sic</strong></span> <span class='ocrx_word' id='word_1_328' title='bbox 2975 2074 3210 2129; x_wconf 87' lang='lat' dir='ltr'><strong>namque</strong></span> <span class='ocrx_word' id='word_1_329' title='bbox 3249 2056 3519 2112; x_wconf 78' lang='lat' dir='ltr'><strong>hBalaam</strong></span> <span class='ocrx_word' id='word_1_330' title='bbox 3569 2054 3827 2125; x_wconf 86' lang='lat' dir='ltr'><strong>populum</strong></span> 
     </span>
    </p>
   </div>
   <div class='ocr_carea' id='block_1_51' title="bbox 2240 2147 3834 2224">
    <p class='ocr_par' dir='ltr' id='par_1_51' title="bbox 2240 2147 3834 2224">
     <span class='ocr_line' id='line_1_52' title="bbox 2240 2147 3834 2224; baseline -0.006 -13"><span class='ocrx_word' id='word_1_331' title='bbox 2240 2156 2334 2211; x_wconf 90' lang='lat' dir='ltr'><strong>Dei</strong></span> <span class='ocrx_word' id='word_1_332' title='bbox 2366 2170 2524 2224; x_wconf 87' lang='lat' dir='ltr'><strong>posse</strong></span> <span class='ocrx_word' id='word_1_333' title='bbox 2551 2155 2748 2222; x_wconf 88' lang='lat' dir='ltr'><strong>decipi,</strong></span> <span class='ocrx_word' id='word_1_334' title='bbox 2783 2165 2931 2208; x_wconf 86' lang='lat' dir='ltr'><strong>certa</strong></span> <span class='ocrx_word' id='word_1_335' title='bbox 2963 2154 3172 2207; x_wconf 87' lang='lat' dir='ltr'><strong>ratione</strong></span> <span class='ocrx_word' id='word_1_336' title='bbox 3200 2150 3446 2220; x_wconf 79' lang='lat' dir='ltr'><strong>collegit,</strong></span> <span class='ocrx_word' id='word_1_337' title='bbox 3479 2149 3618 2204; x_wconf 84' lang='lat' dir='ltr'><strong>dans</strong></span> <span class='ocrx_word' id='word_1_338' title='bbox 3647 2147 3834 2203; x_wconf 84' lang='lat' dir='ltr'><strong>consi-</strong></span> 
     </span>
    </p>
   </div>
   <div class='ocr_carea' id='block_1_52' title="bbox 2240 2241 3837 2318">
    <p class='ocr_par' dir='ltr' id='par_1_52' title="bbox 2240 2241 3837 2318">
     <span class='ocr_line' id='line_1_53' title="bbox 2240 2241 3837 2318; baseline -0.007 -14"><span class='ocrx_word' id='word_1_339' title='bbox 2240 2251 2372 2304; x_wconf 91' lang='lat' dir='ltr'><strong>lium</strong></span> <span class='ocrx_word' id='word_1_340' title='bbox 2423 2261 2482 2304; x_wconf 92' lang='lat' dir='ltr'><strong>ut</strong></span> <span class='ocrx_word' id='word_1_341' title='bbox 2511 2265 2578 2305; x_wconf 80' lang='lat' dir='ltr'><strong>ex</strong></span> <span class='ocrx_word' id='word_1_342' title='bbox 2628 2248 2721 2303; x_wconf 90' lang='lat' dir='ltr'><strong>illa</strong></span> <span class='ocrx_word' id='word_1_343' title='bbox 2757 2257 2909 2318; x_wconf 90' lang='lat' dir='ltr'><strong>parte</strong></span> <span class='ocrx_word' id='word_1_344' title='bbox 2952 2262 3056 2318; x_wconf 86' lang='lat' dir='ltr'><strong>qua</strong></span> <span class='ocrx_word' id='word_1_345' title='bbox 3106 2245 3364 2301; x_wconf 82' lang='lat' dir='ltr'><strong>infirmari</strong></span> <span class='ocrx_word' id='word_1_346' title='bbox 3414 2250 3645 2298; x_wconf 87' lang='lat' dir='ltr'><strong>noverat</strong></span> <span class='ocrx_word' id='word_1_347' title='bbox 3691 2241 3837 2295; x_wconf 87' lang='lat' dir='ltr'><strong>filios</strong></span> 
     </span>
    </p>
   </div>
   <div class='ocr_carea' id='block_1_53' title="bbox 2242 2335 3837 2410">
    <p class='ocr_par' dir='ltr' id='par_1_53' title="bbox 2242 2335 3837 2410">
     <span class='ocr_line' id='line_1_54' title="bbox 2242 2335 3837 2410; baseline -0.006 -12"><span class='ocrx_word' id='word_1_348' title='bbox 2242 2342 2432 2407; x_wconf 82' lang='lat' dir='ltr'><strong>Israel,</strong></span> <span class='ocrx_word' id='word_1_349' title='bbox 2469 2341 2758 2410; x_wconf 89' lang='lat' dir='ltr'><strong>perniciosi</strong></span> <span class='ocrx_word' id='word_1_350' title='bbox 2787 2341 2868 2395; x_wconf 92' lang='lat' dir='ltr'><strong>eis</strong></span> <span class='ocrx_word' id='word_1_351' title='bbox 2897 2339 3071 2409; x_wconf 85' lang='lat' dir='ltr'><strong>laquei</strong></span> <span class='ocrx_word' id='word_1_352' title='bbox 3109 2337 3485 2404; x_wconf 87' lang='lat' dir='ltr'><strong>tenderentur,</strong></span> <span class='ocrx_word' id='word_1_353' title='bbox 3520 2351 3627 2390; x_wconf 89' lang='lat' dir='ltr'><strong>non</strong></span> <span class='ocrx_word' id='word_1_354' title='bbox 3670 2335 3837 2390; x_wconf 89' lang='lat' dir='ltr'><strong>dubi-</strong></span> 
     </span>
    </p>
   </div>
   <div class='ocr_carea' id='block_1_54' title="bbox 2246 2426 3842 2501">
    <p class='ocr_par' dir='ltr' id='par_1_54' title="bbox 2246 2426 3842 2501">
     <span class='ocr_line' id='line_1_55' title="bbox 2246 2426 3842 2501; baseline -0.008 -12"><span class='ocrx_word' id='word_1_355' title='bbox 2246 2446 2369 2489; x_wconf 86' lang='lat' dir='ltr'><strong>tans</strong></span> <span class='ocrx_word' id='word_1_356' title='bbox 2398 2448 2492 2488; x_wconf 89' lang='lat' dir='ltr'><strong>eos</strong></span> <span class='ocrx_word' id='word_1_357' title='bbox 2519 2435 2701 2488; x_wconf 86' lang='lat' dir='ltr'><strong>oblata</strong></span> <span class='ocrx_word' id='word_1_358' title='bbox 2723 2433 2881 2501; x_wconf 83' lang='lat' dir='ltr'><strong>ecpia</strong></span> <span class='ocrx_word' id='word_1_359' title='bbox 2904 2431 3236 2494; x_wconf 86' lang='lat' dir='ltr'><strong>feminarum,</strong></span> <span class='ocrx_word' id='word_1_360' title='bbox 3264 2427 3642 2484; x_wconf 76' lang='lat' dir='ltr'><strong>fornicationis</strong></span> <span class='ocrx_word' id='word_1_361' title='bbox 3668 2426 3842 2480; x_wconf 87' lang='lat' dir='ltr'><strong>ruina</strong></span> 
     </span>
    </p>
   </div>
   <div class='ocr_carea' id='block_1_55' title="bbox 2247 2515 3846 2597">
    <p class='ocr_par' dir='ltr' id='par_1_55' title="bbox 2247 2515 3846 2597">
     <span class='ocr_line' id='line_1_56' title="bbox 2247 2515 3846 2597; baseline -0.007 -17"><span class='ocrx_word' id='word_1_362' title='bbox 2247 2526 2497 2597; x_wconf 88' lang='lat' dir='ltr'><strong>protinus</strong></span> <span class='ocrx_word' id='word_1_363' title='bbox 2545 2525 2913 2593; x_wconf 89' lang='lat' dir='ltr'><strong>collapsuros,</strong></span> <span class='ocrx_word' id='word_1_364' title='bbox 2961 2519 3076 2591; x_wconf 87' lang='lat' dir='ltr'><strong>quia</strong></span> <span class='ocrx_word' id='word_1_365' title='bbox 3117 2516 3567 2588; x_wconf 89' lang='lat' dir='ltr'><strong>concupiscibiles</strong></span> <span class='ocrx_word' id='word_1_366' title='bbox 3624 2515 3846 2569; x_wconf 68' lang='lat' dir='ltr'><strong>animae</strong></span> 
     </span>
    </p>
   </div>
   <div class='ocr_carea' id='block_1_56' title="bbox 2249 2605 3842 2687">
    <p class='ocr_par' dir='ltr' id='par_1_56' title="bbox 2249 2605 3842 2687">
     <span class='ocr_line' id='line_1_57' title="bbox 2249 2605 3842 2687; baseline -0.012 -12"><span class='ocrx_word' id='word_1_367' title='bbox 2249 2634 2441 2675; x_wconf 85' lang='lat' dir='ltr'><strong>eorum</strong></span> <span class='ocrx_word' id='word_1_368' title='bbox 2486 2627 2666 2687; x_wconf 84' lang='lat' dir='ltr'><strong>partes</strong></span> <span class='ocrx_word' id='word_1_369' title='bbox 2715 2615 2924 2672; x_wconf 89' lang='lat' dir='ltr'><strong>sciebat</strong></span> <span class='ocrx_word' id='word_1_370' title='bbox 2970 2628 3090 2669; x_wconf 88' lang='lat' dir='ltr'><strong>esse</strong></span> <span class='ocrx_word' id='word_1_371' title='bbox 3137 2617 3411 2680; x_wconf 84' lang='lat' dir='ltr'><strong>corruptas</strong></span> <span class='ocrx_word' id='word_1_372' title='bbox 3443 2605 3640 2677; x_wconf 73' lang='lat' dir='ltr'><strong>(Num.</strong></span> <span class='ocrx_word' id='word_1_373' title='bbox 3693 2621 3842 2660; x_wconf 76' lang='lat' dir='ltr'><strong>xxrv</strong></span> 
     </span>
    </p>
   </div>
   <div class='ocr_carea' id='block_1_57' title="bbox 2250 2697 3843 2783">
    <p class='ocr_par' dir='ltr' id='par_1_57' title="bbox 2250 2697 3843 2783">
     <span class='ocr_line' id='line_1_58' title="bbox 2250 2697 3843 2783; baseline -0.011 -17"><span class='ocrx_word' id='word_1_374' title='bbox 2250 2721 2299 2766; x_wconf 83' lang='lat' dir='ltr'><strong>et</strong></span> <span class='ocrx_word' id='word_1_375' title='bbox 2329 2709 2503 2783; x_wconf 73' lang='lat' dir='ltr'><strong>XXXI).</strong></span> <span class='ocrx_word' id='word_1_376' title='bbox 2548 2709 2622 2764; x_wconf 88' lang='lat' dir='ltr'><strong>Ita</strong></span> <span class='ocrx_word' id='word_1_377' title='bbox 2667 2723 2798 2778; x_wconf 77' lang='lat' dir='ltr'><strong>ergo</strong></span> <span class='ocrx_word' id='word_1_378' title='bbox 2830 2718 3262 2776; x_wconf 89' lang='lat' dir='ltr'><strong>unumquemque</strong></span> <span class='ocrx_word' id='word_1_379' title='bbox 3302 2710 3547 2756; x_wconf 88' lang='lat' dir='ltr'><strong>nostrum</strong></span> <span class='ocrx_word' id='word_1_380' title='bbox 3581 2697 3843 2767; x_wconf 81' lang='lat' dir='ltr'><strong>nequitiae</strong></span> 
     </span>
    </p>
   </div>
   <div class='ocr_carea' id='block_1_58' title="bbox 2252 2789 3839 2874">
    <p class='ocr_par' dir='ltr' id='par_1_58' title="bbox 2252 2789 3839 2874">
     <span class='ocr_line' id='line_1_59' title="bbox 2252 2789 3839 2874; baseline -0.013 -14"><span class='ocrx_word' id='word_1_381' title='bbox 2252 2803 2530 2874; x_wconf 89' lang='lat' dir='ltr'><strong>spiritales</strong></span> <span class='ocrx_word' id='word_1_382' title='bbox 2559 2810 2782 2856; x_wconf 88' lang='lat' dir='ltr'><strong>versuta</strong></span> <span class='ocrx_word' id='word_1_383' title='bbox 2811 2798 3151 2868; x_wconf 75' lang='lat' dir='ltr'><strong>malignitate</strong></span> <span class='ocrx_word' id='word_1_384' title='bbox 3189 2800 3515 2866; x_wconf 88' lang='lat' dir='ltr'><strong>pertentant,</strong></span> <span class='ocrx_word' id='word_1_385' title='bbox 3549 2789 3656 2844; x_wconf 86' lang='lat' dir='ltr'><strong>illis</strong></span> <span class='ocrx_word' id='word_1_386' title='bbox 3697 2803 3839 2856; x_wconf 74' lang='lat' dir='ltr'><strong>pra:-</strong></span> 
     </span>
    </p>
   </div>
   <div class='ocr_carea' id='block_1_59' title="bbox 2254 2887 3843 2966">
    <p class='ocr_par' dir='ltr' id='par_1_59' title="bbox 2254 2887 3843 2966">
     <span class='ocr_line' id='line_1_60' title="bbox 2254 2887 3843 2966; baseline -0.013 -15"><span class='ocrx_word' id='word_1_387' title='bbox 2254 2896 2414 2966; x_wconf 88' lang='lat' dir='ltr'><strong>cipue</strong></span> <span class='ocrx_word' id='word_1_388' title='bbox 2437 2893 2718 2950; x_wconf 83' lang='lat' dir='ltr'><strong>all&#39;ectibus</strong></span> <span class='ocrx_word' id='word_1_389' title='bbox 2742 2892 2938 2947; x_wconf 79' lang='lat' dir='ltr'><strong>auinue</strong></span> <span class='ocrx_word' id='word_1_390' title='bbox 2966 2888 3260 2944; x_wconf 90' lang='lat' dir='ltr'><strong>insidiosos</strong></span> <span class='ocrx_word' id='word_1_391' title='bbox 3285 2887 3504 2954; x_wconf 90' lang='lat' dir='ltr'><strong>laqueos</strong></span> <span class='ocrx_word' id='word_1_392' title='bbox 3525 2890 3843 2953; x_wconf 85' lang='lat' dir='ltr'><strong>perstruen-</strong></span> 
     </span>
    </p>
   </div>
   <div class='ocr_carea' id='block_1_60' title="bbox 2258 2971 3843 3058">
    <p class='ocr_par' dir='ltr' id='par_1_60' title="bbox 2258 2971 3843 3058">
     <span class='ocr_line' id='line_1_61' title="bbox 2258 2971 3843 3058; baseline -0.013 -15"><span class='ocrx_word' id='word_1_393' title='bbox 2258 2997 2362 3054; x_wconf 91' lang='lat' dir='ltr'><strong>tes,</strong></span> <span class='ocrx_word' id='word_1_394' title='bbox 2396 2987 2594 3058; x_wconf 90' lang='lat' dir='ltr'><strong>quibus</strong></span> <span class='ocrx_word' id='word_1_395' title='bbox 2619 3001 2737 3041; x_wconf 89' lang='lat' dir='ltr'><strong>eam</strong></span> <span class='ocrx_word' id='word_1_396' title='bbox 2764 2984 3038 3040; x_wconf 88' lang='lat' dir='ltr'><strong>senserint</strong></span> <span class='ocrx_word' id='word_1_397' title='bbox 3057 2989 3327 3051; x_wconf 67' lang='lat' dir='ltr'><strong>aegrotare</strong></span> <span class='ocrx_word' id='word_1_398' title='bbox 3350 2973 3627 3040; x_wconf 88' lang='lat' dir='ltr'><strong>:ut,verbi</strong></span> <span class='ocrx_word' id='word_1_399' title='bbox 3649 2971 3843 3042; x_wconf 80' lang='lat' dir='ltr'><strong>gratia,</strong></span> 
     </span>
    </p>
   </div>
   <div class='ocr_carea' id='block_1_61' title="bbox 2258 3074 3848 3137">
    <p class='ocr_par' dir='ltr' id='par_1_61' title="bbox 2258 3074 3848 3137">
     <span class='ocr_line' id='line_1_62' title="bbox 2258 3074 3848 3137; baseline -0.012 -1"><span class='ocrx_word' id='word_1_400' title='bbox 2258 3097 2383 3136; x_wconf 91' lang='lat' dir='ltr'><strong>cum</strong></span> <span class='ocrx_word' id='word_1_401' title='bbox 2415 3080 2652 3136; x_wconf 89' lang='lat' dir='ltr'><strong>viderint</strong></span> <span class='ocrx_word' id='word_1_402' title='bbox 2681 3077 3037 3135; x_wconf 88' lang='lat' dir='ltr'><strong>rationabiles</strong></span> <span class='ocrx_word' id='word_1_403' title='bbox 3061 3074 3262 3129; x_wconf 77' lang='lat' dir='ltr'><strong>animae</strong></span> <span class='ocrx_word' id='word_1_404' title='bbox 3291 3077 3490 3126; x_wconf 73' lang='lat' dir='ltr'><strong>nostra:</strong></span> <span class='ocrx_word' id='word_1_405' title='bbox 3519 3075 3696 3137; x_wconf 89' lang='lat' dir='ltr'><strong>partes</strong></span> <span class='ocrx_word' id='word_1_406' title='bbox 3725 3077 3848 3118; x_wconf 81' lang='lat' dir='ltr'><strong>esse</strong></span> 
     </span>
    </p>
   </div>
   <div class='ocr_carea' id='block_1_62' title="bbox 2261 3163 3849 3242">
    <p class='ocr_par' dir='ltr' id='par_1_62' title="bbox 2261 3163 3849 3242">
     <span class='ocr_line' id='line_1_63' title="bbox 2261 3163 3849 3242; baseline -0.01 -12"><span class='ocrx_word' id='word_1_407' title='bbox 2261 3176 2504 3242; x_wconf 89' lang='lat' dir='ltr'><strong>vitiatas,</strong></span> <span class='ocrx_word' id='word_1_408' title='bbox 2551 3174 2647 3230; x_wconf 91' lang='lat' dir='ltr'><strong>illo</strong></span> <span class='ocrx_word' id='word_1_409' title='bbox 2702 3190 2801 3228; x_wconf 87' lang='lat' dir='ltr'><strong>nos</strong></span> <span class='ocrx_word' id='word_1_410' title='bbox 2831 3172 3026 3228; x_wconf 88' lang='lat' dir='ltr'><strong>ordine</strong></span> <span class='ocrx_word' id='word_1_411' title='bbox 3074 3169 3329 3239; x_wconf 88' lang='lat' dir='ltr'><strong>decipere</strong></span> <span class='ocrx_word' id='word_1_412' title='bbox 3379 3163 3696 3223; x_wconf 89' lang='lat' dir='ltr'><strong>moliuntur.</strong></span> <span class='ocrx_word' id='word_1_413' title='bbox 3743 3172 3849 3228; x_wconf 87' lang='lat' dir='ltr'><strong>quo</strong></span> 
     </span>
    </p>
   </div>
   <div class='ocr_carea' id='block_1_63' title="bbox 565 3251 3849 3338">
    <p class='ocr_par' dir='ltr' id='par_1_63' title="bbox 565 3251 3849 3338">
     <span class='ocr_line' id='line_1_64' title="bbox 565 3251 3849 3338; baseline -0.004 -23"><span class='ocrx_word' id='word_1_414' title='bbox 565 3260 870 3316; x_wconf 87' lang='lat' dir='ltr'><strong>humilitate</strong></span> <span class='ocrx_word' id='word_1_415' title='bbox 892 3262 1117 3329; x_wconf 88' lang='lat' dir='ltr'><strong>fundati,</strong></span> <span class='ocrx_word' id='word_1_416' title='bbox 1143 3280 1301 3334; x_wconf 88' lang='lat' dir='ltr'><strong>quam</strong></span> <span class='ocrx_word' id='word_1_417' title='bbox 1333 3265 1690 3333; x_wconf 89' lang='lat' dir='ltr'><strong>laboriosum,</strong></span> <span class='ocrx_word' id='word_1_418' title='bbox 1721 3285 1992 3338; x_wconf 87' lang='lat' dir='ltr'><strong>quamque</strong></span> <span class='ocrx_word' id='word_1_419' title='bbox 2018 3270 2158 3326; x_wconf 87' lang='lat' dir='ltr'><strong>difli-</strong></span> <span class='ocrx_word' id='word_1_420' title='bbox 2185 3251 2233 3316; x_wconf 65' lang='grc' dir='ltr'><strong>(ἶ</strong></span> <span class='ocrx_word' id='word_1_421' title='bbox 2265 3269 2451 3325; x_wconf 82' lang='lat' dir='ltr'><strong>Achab</strong></span> <span class='ocrx_word' id='word_1_422' title='bbox 2472 3282 2652 3337; x_wconf 81' lang='lat' dir='ltr'><strong>regem</strong></span> <span class='ocrx_word' id='word_1_423' title='bbox 2683 3267 2751 3320; x_wconf 90' lang='lat' dir='ltr'><strong>ab</strong></span> <span class='ocrx_word' id='word_1_424' title='bbox 2775 3266 2882 3320; x_wconf 88' lang='lat' dir='ltr'><strong>illis</strong></span> <span class='ocrx_word' id='word_1_425' title='bbox 2909 3263 3060 3335; x_wconf 83' lang='lat' dir='ltr'><strong>Syris</strong></span> <span class='ocrx_word' id='word_1_426' title='bbox 3084 3261 3373 3330; x_wconf 86' lang='lat' dir='ltr'><strong>deceptum</strong></span> <span class='ocrx_word' id='word_1_427' title='bbox 3398 3255 3686 3324; x_wconf 84' lang='lat' dir='ltr'><strong>Scriptura</strong></span> <span class='ocrx_word' id='word_1_428' title='bbox 3704 3265 3849 3306; x_wconf 82' lang='lat' dir='ltr'><strong>com-</strong></span> 
     </span>
    </p>
   </div>
   <div class='ocr_carea' id='block_1_64' title="bbox 569 3353 2153 3433">
    <p class='ocr_par' dir='ltr' id='par_1_64' title="bbox 569 3353 2153 3433">
     <span class='ocr_line' id='line_1_65' title="bbox 569 3353 2153 3433; baseline 0.008 -26"><span class='ocrx_word' id='word_1_429' title='bbox 569 3353 675 3408; x_wconf 89' lang='lat' dir='ltr'><strong>cile</strong></span> <span class='ocrx_word' id='word_1_430' title='bbox 706 3353 775 3408; x_wconf 91' lang='lat' dir='ltr'><strong>sit</strong></span> <span class='ocrx_word' id='word_1_431' title='bbox 804 3354 1095 3422; x_wconf 85' lang='lat' dir='ltr'><strong>unicuique</strong></span> <span class='ocrx_word' id='word_1_432' title='bbox 1133 3364 1380 3412; x_wconf 89' lang='lat' dir='ltr'><strong>nostrum</strong></span> <span class='ocrx_word' id='word_1_433' title='bbox 1433 3359 1649 3414; x_wconf 87' lang='lat' dir='ltr'><strong>salvare</strong></span> <span class='ocrx_word' id='word_1_434' title='bbox 1687 3362 1921 3417; x_wconf 87' lang='lat' dir='ltr'><strong>animam</strong></span> <span class='ocrx_word' id='word_1_435' title='bbox 1976 3379 2153 3433; x_wconf 90' lang='lat' dir='ltr'><strong>suam,</strong></span> 
     </span>
    </p>
   </div>
   <div class='ocr_carea' id='block_1_65' title="bbox 571 3445 2160 3518">
    <p class='ocr_par' dir='ltr' id='par_1_65' title="bbox 571 3445 2160 3518">
     <span class='ocr_line' id='line_1_66' title="bbox 571 3445 2160 3518; baseline 0.008 -18"><span class='ocrx_word' id='word_1_436' title='bbox 571 3445 770 3500; x_wconf 90' lang='lat' dir='ltr'><strong>mentis</strong></span> <span class='ocrx_word' id='word_1_437' title='bbox 801 3454 994 3502; x_wconf 73' lang='lat' dir='ltr'><strong>vestrae</strong></span> <span class='ocrx_word' id='word_1_438' title='bbox 1024 3449 1354 3505; x_wconf 90' lang='lat' dir='ltr'><strong>contritione</strong></span> <span class='ocrx_word' id='word_1_439' title='bbox 1375 3451 1599 3507; x_wconf 87' lang='lat' dir='ltr'><strong>discatis</strong></span> <span class='ocrx_word' id='word_1_440' title='bbox 1626 3470 1640 3518; x_wconf 92' lang='lat'><strong>;</strong></span> <span class='ocrx_word' id='word_1_441' title='bbox 1672 3465 1728 3508; x_wconf 90' lang='lat' dir='ltr'><strong>et</strong></span> <span class='ocrx_word' id='word_1_442' title='bbox 1758 3455 1949 3510; x_wconf 87' lang='lat' dir='ltr'><strong>intimo</strong></span> <span class='ocrx_word' id='word_1_443' title='bbox 1980 3457 2160 3512; x_wconf 85' lang='lat' dir='ltr'><strong>cordis</strong></span> 
     </span>
    </p>
   </div>
   <div class='ocr_carea' id='block_1_66' title="bbox 573 3537 2159 3615">
    <p class='ocr_par' dir='ltr' id='par_1_66' title="bbox 573 3537 2159 3615">
     <span class='ocr_line' id='line_1_67' title="bbox 573 3537 2159 3615; baseline 0.006 -23"><span class='ocrx_word' id='word_1_444' title='bbox 573 3537 794 3603; x_wconf 74' lang='lat' dir='ltr'><strong>aliectu,</strong></span> <span class='ocrx_word' id='word_1_445' title='bbox 848 3554 953 3594; x_wconf 93' lang='lat' dir='ltr'><strong>non</strong></span> <span class='ocrx_word' id='word_1_446' title='bbox 990 3541 1148 3596; x_wconf 89' lang='lat' dir='ltr'><strong>modo</strong></span> <span class='ocrx_word' id='word_1_447' title='bbox 1197 3543 1354 3614; x_wconf 85' lang='lat' dir='ltr'><strong>longe</strong></span> <span class='ocrx_word' id='word_1_448' title='bbox 1383 3557 1482 3600; x_wconf 87' lang='lat' dir='ltr'><strong>vos</strong></span> <span class='ocrx_word' id='word_1_449' title='bbox 1508 3546 1575 3600; x_wconf 90' lang='lat' dir='ltr'><strong>ab</strong></span> <span class='ocrx_word' id='word_1_450' title='bbox 1628 3547 1715 3602; x_wconf 89' lang='lat' dir='ltr'><strong>illa</strong></span> <span class='ocrx_word' id='word_1_451' title='bbox 1758 3547 1985 3604; x_wconf 88' lang='lat' dir='ltr'><strong>docendi</strong></span> <span class='ocrx_word' id='word_1_452' title='bbox 2019 3564 2159 3615; x_wconf 67' lang='lat' dir='ltr'><strong>prte-</strong></span> 
     </span>
    </p>
   </div>
   <div class='ocr_carea' id='block_1_67' title="bbox 577 3633 2164 3712">
    <p class='ocr_par' dir='ltr' id='par_1_67' title="bbox 577 3633 2164 3712">
     <span class='ocr_line' id='line_1_68' title="bbox 577 3633 2164 3712; baseline 0.008 -27"><span class='ocrx_word' id='word_1_453' title='bbox 577 3633 888 3700; x_wconf 87' lang='lat' dir='ltr'><strong>sumptione</strong></span> <span class='ocrx_word' id='word_1_454' title='bbox 919 3635 1225 3702; x_wconf 85' lang='lat' dir='ltr'><strong>submotos,</strong></span> <span class='ocrx_word' id='word_1_455' title='bbox 1259 3653 1444 3692; x_wconf 89' lang='lat' dir='ltr'><strong>verum</strong></span> <span class='ocrx_word' id='word_1_456' title='bbox 1474 3640 1636 3694; x_wconf 83' lang='lat' dir='ltr'><strong>etiam</strong></span> <span class='ocrx_word' id='word_1_457' title='bbox 1671 3641 1846 3697; x_wconf 89' lang='lat' dir='ltr'><strong>adhuc</strong></span> <span class='ocrx_word' id='word_1_458' title='bbox 1877 3657 2037 3712; x_wconf 74' lang='lat' dir='ltr'><strong>egere</strong></span> <span class='ocrx_word' id='word_1_459' title='bbox 2066 3641 2164 3698; x_wconf 89' lang='lat' dir='ltr'><strong>do-</strong></span> 
     </span>
    </p>
   </div>
   <div class='ocr_carea' id='block_1_68' title="bbox 577 3725 1342 3794">
    <p class='ocr_par' dir='ltr' id='par_1_68' title="bbox 577 3725 1342 3794">
     <span class='ocr_line' id='line_1_69' title="bbox 577 3725 1342 3794; baseline 0.005 -15"><span class='ocrx_word' id='word_1_460' title='bbox 577 3725 746 3779; x_wconf 86' lang='lat' dir='ltr'><strong>ctoris</strong></span> <span class='ocrx_word' id='word_1_461' title='bbox 775 3727 1086 3794; x_wconf 79' lang='lat' dir='ltr'><strong>agnoscatis</strong></span> <span class='ocrx_word' id='word_1_462' title='bbox 1114 3728 1342 3783; x_wconf 83' lang='lat' dir='ltr'><strong>auxilio.</strong></span> 
     </span>
    </p>
   </div>
   <div class='ocr_carea' id='block_1_69' title="bbox 1149 3841 1592 3899">
    <p class='ocr_par' dir='ltr' id='par_1_69' title="bbox 1149 3841 1592 3899">
     <span class='ocr_line' id='line_1_70' title="bbox 1149 3841 1592 3899; baseline 0.011 -5"><span class='ocrx_word' id='word_1_463' title='bbox 1149 3841 1376 3897; x_wconf 77' lang='lat' dir='ltr'><strong>CAPUT</strong></span> <span class='ocrx_word' id='word_1_464' title='bbox 1430 3842 1592 3899; x_wconf 78' lang='lat' dir='ltr'><strong>XVII.</strong></span> 
     </span>
    </p>
   </div>
   <div class='ocr_carea' id='block_1_70' title="bbox 625 3919 2133 4004">
    <p class='ocr_par' dir='ltr' id='par_1_70' title="bbox 625 3919 2133 4004">
     <span class='ocr_line' id='line_1_71' title="bbox 625 3919 2133 4004; baseline 0.003 -18"><span class='ocrx_word' id='word_1_465' title='bbox 625 3932 776 3999; x_wconf 82' lang='lat' dir='ltr'><strong>Quod</strong></span> <span class='ocrx_word' id='word_1_466' title='bbox 807 3919 1063 4000; x_wconf 75' lang='lat' dir='ltr'><strong>inﬁrmior</strong></span> <span class='ocrx_word' id='word_1_467' title='bbox 1092 3950 1211 4004; x_wconf 89' lang='lat' dir='ltr'><strong>pars</strong></span> <span class='ocrx_word' id='word_1_468' title='bbox 1241 3937 1426 3988; x_wconf 63' lang='lat' dir='ltr'><strong>animi:</strong></span> <span class='ocrx_word' id='word_1_469' title='bbox 1454 3937 1727 3992; x_wconf 84' lang='lat' dir='ltr'><strong>diabolicis</strong></span> <span class='ocrx_word' id='word_1_470' title='bbox 1769 3941 2133 3994; x_wconf 85' lang='lat' dir='ltr'><strong>tentationtous</strong></span> 
     </span>
    </p>
   </div>
   <div class='ocr_carea' id='block_1_71' title="bbox 1121 4005 1624 4073">
    <p class='ocr_par' dir='ltr' id='par_1_71' title="bbox 1121 4005 1624 4073">
     <span class='ocr_line' id='line_1_72' title="bbox 1121 4005 1624 4073; baseline 0.01 -16"><span class='ocrx_word' id='word_1_471' title='bbox 1121 4005 1288 4073; x_wconf 86' lang='lat' dir='ltr'><strong>prima</strong></span> <span class='ocrx_word' id='word_1_472' title='bbox 1311 4007 1624 4062; x_wconf 81' lang='lat' dir='ltr'><strong>succumbat.</strong></span> 
     </span>
    </p>
   </div>
   <div class='ocr_carea' id='block_1_72' title="bbox 665 4095 2171 4168">
    <p class='ocr_par' dir='ltr' id='par_1_72' title="bbox 665 4095 2171 4168">
     <span class='ocr_line' id='line_1_73' title="bbox 665 4095 2171 4168; baseline 0.005 -18"><span class='ocrx_word' id='word_1_473' title='bbox 665 4095 924 4152; x_wconf 66' lang='lat' dir='ltr'><strong>Adhibete</strong></span> <span class='ocrx_word' id='word_1_474' title='bbox 948 4113 1077 4168; x_wconf 81' lang='lat' dir='ltr'><strong>ergo</strong></span> <span class='ocrx_word' id='word_1_475' title='bbox 1104 4107 1130 4135; x_wconf 72' lang='grc'>⁸</span> <span class='ocrx_word' id='word_1_476' title='bbox 1155 4098 1277 4153; x_wconf 91' lang='lat' dir='ltr'><strong>huic</strong></span> <span class='ocrx_word' id='word_1_477' title='bbox 1309 4099 1552 4154; x_wconf 89' lang='lat' dir='ltr'><strong>membro</strong></span> <span class='ocrx_word' id='word_1_478' title='bbox 1575 4101 1655 4154; x_wconf 80' lang='lat' dir='ltr'><strong>vel</strong></span> <span class='ocrx_word' id='word_1_479' title='bbox 1690 4101 1824 4168; x_wconf 89' lang='lat' dir='ltr'><strong>parti</strong></span> <span class='ocrx_word' id='word_1_480' title='bbox 1857 4103 2052 4156; x_wconf 73' lang='lat' dir='ltr'><strong>anima:</strong></span> <span class='ocrx_word' id='word_1_481' title='bbox 2080 4117 2171 4157; x_wconf 86' lang='lat' dir='ltr'><strong>ve-</strong></span> 
     </span>
    </p>
   </div>
   <div class='ocr_carea' id='block_1_73' title="bbox 2265 3343 3844 3426">
    <p class='ocr_par' dir='ltr' id='par_1_73' title="bbox 2265 3343 3844 3426">
     <span class='ocr_line' id='line_1_74' title="bbox 2265 3343 3844 3426; baseline -0.013 -10"><span class='ocrx_word' id='word_1_482' title='bbox 2265 3368 2552 3425; x_wconf 88' lang='lat' dir='ltr'><strong>memorat,</strong></span> <span class='ocrx_word' id='word_1_483' title='bbox 2579 3357 2666 3426; x_wconf 91' lang='lat' dir='ltr'><strong>qui</strong></span> <span class='ocrx_word' id='word_1_484' title='bbox 2689 3355 2944 3411; x_wconf 76' lang='lat' dir='ltr'><strong>dixerunt</strong></span> <span class='ocrx_word' id='word_1_485' title='bbox 2974 3372 2985 3408; x_wconf 92' lang='lat'>:</span> <span class='ocrx_word' id='word_1_486' title='bbox 3013 3355 3226 3410; x_wconf 78' lang='lat' dir='ltr'><strong>Scimus</strong></span> <span class='ocrx_word' id='word_1_487' title='bbox 3247 3351 3490 3423; x_wconf 88' lang='lat' dir='ltr'><strong>quoniam</strong></span> <span class='ocrx_word' id='word_1_488' title='bbox 3513 3363 3655 3419; x_wconf 85' lang='lat' dir='ltr'><strong>reges</strong></span> <span class='ocrx_word' id='word_1_489' title='bbox 3680 3343 3844 3398; x_wconf 76' lang='lat' dir='ltr'><strong>Israel</strong></span> 
     </span>
    </p>
   </div>
   <div class='ocr_carea' id='block_1_74' title="bbox 2264 3440 3850 3515">
    <p class='ocr_par' dir='ltr' id='par_1_74' title="bbox 2264 3440 3850 3515">
     <span class='ocr_line' id='line_1_75' title="bbox 2264 3440 3850 3515; baseline -0.011 -7"><span class='ocrx_word' id='word_1_490' title='bbox 2264 3451 2612 3508; x_wconf 71' lang='lat' dir='ltr'><strong>misericordes</strong></span> <span class='ocrx_word' id='word_1_491' title='bbox 2657 3458 2814 3510; x_wconf 86' lang='lat' dir='ltr'><strong>sunt;</strong></span> <span class='ocrx_word' id='word_1_492' title='bbox 2855 3463 3108 3515; x_wconf 79' lang='lat' dir='ltr'><strong>ponamus</strong></span> <span class='ocrx_word' id='word_1_493' title='bbox 3161 3448 3340 3515; x_wconf 81' lang='lat' dir='ltr'><strong>itaque</strong></span> <span class='ocrx_word' id='word_1_494' title='bbox 3382 3458 3563 3499; x_wconf 86' lang='lat' dir='ltr'><strong>saccos</strong></span> <span class='ocrx_word' id='word_1_495' title='bbox 3593 3443 3644 3497; x_wconf 85' lang='lat' dir='ltr'><strong>in</strong></span> <span class='ocrx_word' id='word_1_496' title='bbox 3673 3440 3850 3494; x_wconf 86' lang='lat' dir='ltr'><strong>lumbis</strong></span> 
     </span>
    </p>
   </div>
   <div class='ocr_carea' id='block_1_75' title="bbox 2263 3534 3855 3613">
    <p class='ocr_par' dir='ltr' id='par_1_75' title="bbox 2263 3534 3855 3613">
     <span class='ocr_line' id='line_1_76' title="bbox 2263 3534 3855 3613; baseline -0.011 -12"><span class='ocrx_word' id='word_1_497' title='bbox 2263 3545 2449 3601; x_wconf 87' lang='lat' dir='ltr'><strong>nostris</strong></span> <span class='ocrx_word' id='word_1_498' title='bbox 2474 3553 2520 3598; x_wconf 88' lang='lat' dir='ltr'><strong>et</strong></span> <span class='ocrx_word' id='word_1_499' title='bbox 2551 3538 2810 3613; x_wconf 74' lang='lat' dir='ltr'><strong>{utriculos</strong></span> <span class='ocrx_word' id='word_1_500' title='bbox 2839 3540 2892 3592; x_wconf 89' lang='lat' dir='ltr'><strong>in</strong></span> <span class='ocrx_word' id='word_1_501' title='bbox 2919 3537 3170 3609; x_wconf 77' lang='lat' dir='ltr'><strong>capitibus</strong></span> <span class='ocrx_word' id='word_1_502' title='bbox 3199 3538 3416 3602; x_wconf 87' lang='lat' dir='ltr'><strong>nostris,</strong></span> <span class='ocrx_word' id='word_1_503' title='bbox 3452 3545 3504 3590; x_wconf 88' lang='lat' dir='ltr'><strong>et</strong></span> <span class='ocrx_word' id='word_1_504' title='bbox 3535 3534 3855 3607; x_wconf 81' lang='lat' dir='ltr'><strong>egrediamur</strong></span> 
     </span>
    </p>
   </div>
   <div class='ocr_carea' id='block_1_76' title="bbox 2268 3623 3856 3708">
    <p class='ocr_par' dir='ltr' id='par_1_76' title="bbox 2268 3623 3856 3708">
     <span class='ocr_line' id='line_1_77' title="bbox 2268 3623 3856 3708; baseline -0.011 -16"><span class='ocrx_word' id='word_1_505' title='bbox 2268 3637 2336 3692; x_wconf 87' lang='lat' dir='ltr'><strong>ad</strong></span> <span class='ocrx_word' id='word_1_506' title='bbox 2378 3652 2547 3708; x_wconf 86' lang='lat' dir='ltr'><strong>regem</strong></span> <span class='ocrx_word' id='word_1_507' title='bbox 2577 3632 2764 3698; x_wconf 88' lang='lat' dir='ltr'><strong>Israel,</strong></span> <span class='ocrx_word' id='word_1_508' title='bbox 2811 3638 2858 3687; x_wconf 90' lang='lat' dir='ltr'><strong>et</strong></span> <span class='ocrx_word' id='word_1_509' title='bbox 2900 3630 3165 3684; x_wconf 84' lang='lat' dir='ltr'><strong>dicemus:</strong></span> <span class='ocrx_word' id='word_1_510' title='bbox 3199 3627 3395 3682; x_wconf 85' lang='lat' dir='ltr'><strong>Servus</strong></span> <span class='ocrx_word' id='word_1_511' title='bbox 3449 3636 3579 3682; x_wconf 88' lang='lat' dir='ltr'><strong>tuus</strong></span> <span class='ocrx_word' id='word_1_512' title='bbox 3619 3623 3856 3679; x_wconf 82' lang='lat' dir='ltr'><strong>Benadab</strong></span> 
     </span>
    </p>
   </div>
   <div class='ocr_carea' id='block_1_77' title="bbox 2275 3719 3859 3796">
    <p class='ocr_par' dir='ltr' id='par_1_77' title="bbox 2275 3719 3859 3796">
     <span class='ocr_line' id='line_1_78' title="bbox 2275 3719 3859 3796; baseline -0.008 -12"><span class='ocrx_word' id='word_1_513' title='bbox 2275 3730 2401 3784; x_wconf 86' lang='lat' dir='ltr'><strong>dicit</strong></span> <span class='ocrx_word' id='word_1_514' title='bbox 2433 3746 2451 3783; x_wconf 88' lang='lat'><strong><em>:</em></strong></span> <span class='ocrx_word' id='word_1_515' title='bbox 2487 3725 2789 3796; x_wconf 80' lang='lat' dir='ltr'><strong>Viviﬁcetur</strong></span> <span class='ocrx_word' id='word_1_516' title='bbox 2819 3724 2992 3778; x_wconf 87' lang='lat' dir='ltr'><strong>anima</strong></span> <span class='ocrx_word' id='word_1_517' title='bbox 3020 3739 3153 3776; x_wconf 85' lang='lat' dir='ltr'><strong>mea.</strong></span> <span class='ocrx_word' id='word_1_518' title='bbox 3204 3720 3420 3792; x_wconf 84' lang='lat' dir='ltr'><strong>Quibus</strong></span> <span class='ocrx_word' id='word_1_519' title='bbox 3461 3719 3554 3775; x_wconf 88' lang='lat' dir='ltr'><strong>ille</strong></span> <span class='ocrx_word' id='word_1_520' title='bbox 3603 3733 3712 3774; x_wconf 85' lang='lat' dir='ltr'><strong>non</strong></span> <span class='ocrx_word' id='word_1_521' title='bbox 3736 3732 3859 3772; x_wconf 76' lang='lat' dir='ltr'><strong>vera</strong></span> 
     </span>
    </p>
   </div>
   <div class='ocr_carea' id='block_1_78' title="bbox 2279 3807 3860 3893">
    <p class='ocr_par' dir='ltr' id='par_1_78' title="bbox 2279 3807 3860 3893">
     <span class='ocr_line' id='line_1_79' title="bbox 2279 3807 3860 3893; baseline -0.009 -19"><span class='ocrx_word' id='word_1_522' title='bbox 2279 3825 2504 3893; x_wconf 88' lang='lat' dir='ltr'><strong>pietate,</strong></span> <span class='ocrx_word' id='word_1_523' title='bbox 2534 3819 2627 3875; x_wconf 90' lang='lat' dir='ltr'><strong>sed</strong></span> <span class='ocrx_word' id='word_1_524' title='bbox 2657 3833 2790 3872; x_wconf 88' lang='lat' dir='ltr'><strong>vana</strong></span> <span class='ocrx_word' id='word_1_525' title='bbox 2838 3813 3226 3871; x_wconf 83' lang='lat' dir='ltr'><strong>misericordiae</strong></span> <span class='ocrx_word' id='word_1_526' title='bbox 3269 3810 3432 3867; x_wconf 85' lang='lat' dir='ltr'><strong>laude</strong></span> <span class='ocrx_word' id='word_1_527' title='bbox 3463 3817 3767 3880; x_wconf 87' lang='lat' dir='ltr'><strong>permotus,</strong></span> <span class='ocrx_word' id='word_1_528' title='bbox 3806 3807 3860 3862; x_wconf 85' lang='lat' dir='ltr'><strong>Si</strong></span> 
     </span>
    </p>
   </div>
   <div class='ocr_carea' id='block_1_79' title="bbox 2282 3899 3865 3983">
    <p class='ocr_par' dir='ltr' id='par_1_79' title="bbox 2282 3899 3865 3983">
     <span class='ocr_line' id='line_1_80' title="bbox 2282 3899 3865 3983; baseline -0.011 -13"><span class='ocrx_word' id='word_1_529' title='bbox 2282 3917 2477 3982; x_wconf 88' lang='lat' dir='ltr'><strong>adhuc,</strong></span> <span class='ocrx_word' id='word_1_530' title='bbox 2509 3912 2700 3983; x_wconf 90' lang='lat' dir='ltr'><strong>inquit,</strong></span> <span class='ocrx_word' id='word_1_531' title='bbox 2730 3912 2873 3980; x_wconf 73' lang='lat' dir='ltr'><strong>vivit,</strong></span> <span class='ocrx_word' id='word_1_532' title='bbox 2905 3911 3064 3979; x_wconf 73' lang='lat' dir='ltr'><strong>frater</strong></span> <span class='ocrx_word' id='word_1_533' title='bbox 3093 3922 3232 3959; x_wconf 88' lang='lat' dir='ltr'><strong>meus</strong></span> <span class='ocrx_word' id='word_1_534' title='bbox 3258 3913 3335 3959; x_wconf 87' lang='lat' dir='ltr'><strong>est</strong></span> <span class='ocrx_word' id='word_1_535' title='bbox 3363 3903 3464 3974; x_wconf 91' lang='lat' dir='ltr'><strong>(Ill</strong></span> <span class='ocrx_word' id='word_1_536' title='bbox 3494 3901 3618 3971; x_wconf 75' lang='lat' dir='ltr'><strong>Reg.</strong></span> <span class='ocrx_word' id='word_1_537' title='bbox 3649 3902 3760 3969; x_wconf 80' lang='lat' dir='ltr'><strong>xx).</strong></span> <span class='ocrx_word' id='word_1_538' title='bbox 3802 3899 3865 3953; x_wconf 81' lang='lat' dir='ltr'><strong>Et</strong></span> 
     </span>
    </p>
   </div>
   <div class='ocr_carea' id='block_1_80' title="bbox 2285 3995 3870 4077">
    <p class='ocr_par' dir='ltr' id='par_1_80' title="bbox 2285 3995 3870 4077">
     <span class='ocr_line' id='line_1_81' title="bbox 2285 3995 3870 4077; baseline -0.009 -14"><span class='ocrx_word' id='word_1_539' title='bbox 2285 4011 2390 4065; x_wconf 90' lang='lat' dir='ltr'><strong>hoc</strong></span> <span class='ocrx_word' id='word_1_540' title='bbox 2419 4007 2691 4077; x_wconf 81' lang='lat' dir='ltr'><strong>exemplo,</strong></span> <span class='ocrx_word' id='word_1_541' title='bbox 2725 4006 2889 4062; x_wconf 84' lang='lat' dir='ltr'><strong>etiam</strong></span> <span class='ocrx_word' id='word_1_542' title='bbox 2919 4018 3019 4064; x_wconf 89' lang='lat' dir='ltr'><strong>nos</strong></span> <span class='ocrx_word' id='word_1_543' title='bbox 3046 3997 3383 4056; x_wconf 86' lang='lat' dir='ltr'><strong>rationabilis</strong></span> <span class='ocrx_word' id='word_1_544' title='bbox 3413 3999 3554 4054; x_wconf 90' lang='lat' dir='ltr'><strong>illius</strong></span> <span class='ocrx_word' id='word_1_545' title='bbox 3586 3995 3753 4066; x_wconf 86' lang='lat' dir='ltr'><strong>partis</strong></span> <span class='ocrx_word' id='word_1_546' title='bbox 3780 4010 3870 4049; x_wconf 87' lang='lat' dir='ltr'><strong>er-</strong></span> 
     </span>
    </p>
   </div>
   <div class='ocr_carea' id='block_1_81' title="bbox 2286 4087 3869 4169">
    <p class='ocr_par' dir='ltr' id='par_1_81' title="bbox 2286 4087 3869 4169">
     <span class='ocr_line' id='line_1_82' title="bbox 2286 4087 3869 4169; baseline -0.009 -14"><span class='ocrx_word' id='word_1_547' title='bbox 2286 4116 2411 4156; x_wconf 88' lang='lat' dir='ltr'><strong>rore</strong></span> <span class='ocrx_word' id='word_1_548' title='bbox 2441 4099 2723 4169; x_wconf 75' lang='lat' dir='ltr'><strong>deceptos,</strong></span> <span class='ocrx_word' id='word_1_549' title='bbox 2759 4098 2884 4153; x_wconf 86' lang='lat' dir='ltr'><strong>inde</strong></span> <span class='ocrx_word' id='word_1_550' title='bbox 2912 4097 3191 4151; x_wconf 87' lang='lat' dir='ltr'><strong>incurrere</strong></span> <span class='ocrx_word' id='word_1_551' title='bbox 3219 4091 3481 4147; x_wconf 71' lang='lat' dir='ltr'><strong>offensam</strong></span> <span class='ocrx_word' id='word_1_552' title='bbox 3521 4089 3613 4144; x_wconf 87' lang='lat' dir='ltr'><strong>Dei</strong></span> <span class='ocrx_word' id='word_1_553' title='bbox 3641 4087 3869 4153; x_wconf 79' lang='lat' dir='ltr'><strong>faciunt,</strong></span> 
     </span>
    </p>
   </div>
   <div class='ocr_carea' id='block_1_82' title="bbox 1651 4210 2799 4270">
    <p class='ocr_par' dir='ltr' id='par_1_82' title="bbox 1651 4210 2799 4270">
     <span class='ocr_line' id='line_1_83' title="bbox 1651 4210 2799 4270; baseline -0.003 0"><span class='ocrx_word' id='word_1_554' title='bbox 1651 4214 1906 4270; x_wconf 79' lang='lat' dir='ltr'><strong>ALAllDl</strong></span> <span class='ocrx_word' id='word_1_555' title='bbox 1947 4213 2183 4270; x_wconf 70' lang='grc' dir='ltr'><strong>ΟΑΖΑΞῙ</strong></span> <span class='ocrx_word' id='word_1_556' title='bbox 2217 4210 2799 4270; x_wconf 75' lang='lat' dir='ltr'><strong>COMMENTARIUS.</strong></span> 
     </span>
    </p>
   </div>
   <div class='ocr_carea' id='block_1_83' title="bbox 591 4302 2170 4377">
    <p class='ocr_par' dir='ltr' id='par_1_83' title="bbox 591 4302 2170 4377">
     <span class='ocr_line' id='line_1_84' title="bbox 591 4302 2170 4377; baseline 0.002 -21"><span class='ocrx_word' id='word_1_557' title='bbox 591 4302 718 4356; x_wconf 77' lang='lat' dir='ltr'><strong>Cain</strong></span> <span class='ocrx_word' id='word_1_558' title='bbox 737 4307 938 4377; x_wconf 75' lang='lat' dir='ltr'><strong>quoque</strong></span> <span class='ocrx_word' id='word_1_559' title='bbox 966 4313 1189 4373; x_wconf 84' lang='lat' dir='ltr'><strong>pectore,</strong></span> <span class='ocrx_word' id='word_1_560' title='bbox 1220 4315 1486 4377; x_wconf 79' lang='lat' dir='ltr'><strong>postquam</strong></span> <span class='ocrx_word' id='word_1_561' title='bbox 1511 4307 1702 4377; x_wconf 80' lang='lat' dir='ltr'><strong>ejectus</strong></span> <span class='ocrx_word' id='word_1_562' title='bbox 1725 4314 1796 4359; x_wconf 85' lang='lat' dir='ltr'><strong>est</strong></span> <span class='ocrx_word' id='word_1_563' title='bbox 1820 4307 1882 4360; x_wconf 90' lang='lat' dir='ltr'><strong>de</strong></span> <span class='ocrx_word' id='word_1_564' title='bbox 1905 4307 2170 4371; x_wconf 82' lang='lat' dir='ltr'><strong>paradiso,</strong></span> 
     </span>
    </p>
   </div>
   <div class='ocr_carea' id='block_1_84' title="bbox 592 4374 2176 4445">
    <p class='ocr_par' dir='ltr' id='par_1_84' title="bbox 592 4374 2176 4445">
     <span class='ocr_line' id='line_1_85' title="bbox 592 4374 2176 4445; baseline 0.002 -17"><span class='ocrx_word' id='word_1_565' title='bbox 592 4390 691 4428; x_wconf 86' lang='lat' dir='ltr'><strong>non</strong></span> <span class='ocrx_word' id='word_1_566' title='bbox 717 4374 1079 4442; x_wconf 73' lang='lat' dir='ltr'><strong>exstinguitur,</strong></span> <span class='ocrx_word' id='word_1_567' title='bbox 1114 4387 1219 4430; x_wconf 86' lang='lat' dir='ltr'><strong>etc.</strong></span> <span class='ocrx_word' id='word_1_568' title='bbox 1262 4374 1727 4445; x_wconf 45' lang='lat' dir='ltr'><strong>Ita&#39;Hiero&#39;nymus</strong></span> <span class='ocrx_word' id='word_1_569' title='bbox 1769 4393 1836 4430; x_wconf 77' lang='lat' dir='ltr'><strong>ex</strong></span> <span class='ocrx_word' id='word_1_570' title='bbox 1871 4377 2176 4431; x_wconf 80' lang='lat' dir='ltr'><strong>Platonico-</strong></span> 
     </span>
    </p>
   </div>
   <div class='ocr_carea' id='block_1_85' title="bbox 595 4446 1922 4516">
    <p class='ocr_par' dir='ltr' id='par_1_85' title="bbox 595 4446 1922 4516">
     <span class='ocr_line' id='line_1_86' title="bbox 595 4446 1922 4516; baseline 0.001 -16"><span class='ocrx_word' id='word_1_571' title='bbox 595 4462 711 4500; x_wconf 88' lang='lat' dir='ltr'><strong>rum</strong></span> <span class='ocrx_word' id='word_1_572' title='bbox 729 4446 1020 4516; x_wconf 72' lang='lat' dir='ltr'><strong>doctrina;</strong></span> <span class='ocrx_word' id='word_1_573' title='bbox 1071 4447 1212 4501; x_wconf 91' lang='lat' dir='ltr'><strong>unde</strong></span> <span class='ocrx_word' id='word_1_574' title='bbox 1242 4448 1329 4502; x_wconf 89' lang='lat' dir='ltr'><strong>illa</strong></span> <span class='ocrx_word' id='word_1_575' title='bbox 1363 4448 1620 4501; x_wconf 76' lang='lat' dir='ltr'><strong>Vocabula</strong></span> <span class='ocrx_word' id='word_1_576' title='bbox 1655 4448 1922 4516; x_wconf 89' lang='lat' dir='ltr'><strong>prodiere.</strong></span> 
     </span>
    </p>
   </div>
   <div class='ocr_carea' id='block_1_86' title="bbox 667 4515 2179 4588">
    <p class='ocr_par' dir='ltr' id='par_1_86' title="bbox 667 4515 2179 4588">
     <span class='ocr_line' id='line_1_87' title="bbox 667 4515 2179 4588; baseline 0 -19"><span class='ocrx_word' id='word_1_577' title='bbox 667 4526 691 4553; x_wconf 72' lang='grc' dir='ltr'><strong>ιι</strong></span> <span class='ocrx_word' id='word_1_578' title='bbox 726 4515 872 4571; x_wconf 91' lang='lat' dir='ltr'><strong>Parti</strong></span> <span class='ocrx_word' id='word_1_579' title='bbox 907 4519 1158 4573; x_wconf 90' lang='lat' dir='ltr'><strong>nimirum</strong></span> <span class='ocrx_word' id='word_1_580' title='bbox 1191 4520 1450 4583; x_wconf 83' lang='lat' dir='ltr'><strong>superiori</strong></span> <span class='ocrx_word' id='word_1_581' title='bbox 1478 4529 1531 4571; x_wconf 88' lang='lat' dir='ltr'><strong>et</strong></span> <span class='ocrx_word' id='word_1_582' title='bbox 1563 4515 1832 4584; x_wconf 81' lang='lat' dir='ltr'><strong>rationali,</strong></span> <span class='ocrx_word' id='word_1_583' title='bbox 1864 4520 1929 4573; x_wconf 82' lang='lat' dir='ltr'><strong>de</strong></span> <span class='ocrx_word' id='word_1_584' title='bbox 1957 4533 2059 4588; x_wconf 90' lang='lat' dir='ltr'><strong>qua</strong></span> <span class='ocrx_word' id='word_1_585' title='bbox 2089 4532 2179 4570; x_wconf 86' lang='lat' dir='ltr'><strong>su-</strong></span> 
     </span>
    </p>
   </div>
   <div class='ocr_carea' id='block_1_87' title="bbox 595 4588 2177 4659">
    <p class='ocr_par' dir='ltr' id='par_1_87' title="bbox 595 4588 2177 4659">
     <span class='ocr_line' id='line_1_88' title="bbox 595 4588 2177 4659; baseline -0.001 -17"><span class='ocrx_word' id='word_1_586' title='bbox 595 4588 777 4659; x_wconf 87' lang='lat' dir='ltr'><strong>perius</strong></span> <span class='ocrx_word' id='word_1_587' title='bbox 807 4588 887 4658; x_wconf 82' lang='lat' dir='ltr'><strong>(C.</strong></span> <span class='ocrx_word' id='word_1_588' title='bbox 905 4590 1154 4659; x_wconf 76' lang='lat' dir='ltr'><strong>prwced.)</strong></span> <span class='ocrx_word' id='word_1_589' title='bbox 1177 4591 1345 4643; x_wconf 80' lang='lat' dir='ltr'><strong>dixit:</strong></span> <span class='ocrx_word' id='word_1_590' title='bbox 1371 4589 1751 4644; x_wconf 79' lang='lat' dir='ltr'><strong>Rationabilem</strong></span> <span class='ocrx_word' id='word_1_591' title='bbox 1776 4591 1957 4644; x_wconf 82' lang='lat' dir='ltr'><strong>utentis</strong></span> <span class='ocrx_word' id='word_1_592' title='bbox 1985 4599 2177 4652; x_wconf 70' lang='lat' dir='ltr'><strong>vestrm,</strong></span> 
     </span>
    </p>
   </div>
   <div class='ocr_carea' id='block_1_88' title="bbox 595 4659 2182 4730">
    <p class='ocr_par' dir='ltr' id='par_1_88' title="bbox 595 4659 2182 4730">
     <span class='ocr_line' id='line_1_89' title="bbox 595 4659 2182 4730; baseline 0 -18"><span class='ocrx_word' id='word_1_593' title='bbox 595 4672 747 4725; x_wconf 83' lang='lat' dir='ltr'><strong>atque</strong></span> <span class='ocrx_word' id='word_1_594' title='bbox 775 4663 964 4713; x_wconf 62' lang='lat' dir='ltr'><strong>animae</strong></span> <span class='ocrx_word' id='word_1_595' title='bbox 987 4663 1274 4728; x_wconf 86' lang='lat' dir='ltr'><strong>portionem</strong></span> <span class='ocrx_word' id='word_1_596' title='bbox 1296 4663 1534 4714; x_wconf 84' lang='lat' dir='ltr'><strong>noveritis</strong></span> <span class='ocrx_word' id='word_1_597' title='bbox 1561 4679 1667 4715; x_wconf 80' lang='lat' dir='ltr'><strong>esse</strong></span> <span class='ocrx_word' id='word_1_598' title='bbox 1690 4671 1985 4730; x_wconf 79' lang='lat' dir='ltr'><strong>corruptam</strong></span> <span class='ocrx_word' id='word_1_599' title='bbox 2006 4677 2023 4724; x_wconf 81' lang='lat'><strong>,°</strong></span> <span class='ocrx_word' id='word_1_600' title='bbox 2050 4659 2182 4712; x_wconf 89' lang='lat' dir='ltr'><strong>vitio</strong></span> 
     </span>
    </p>
   </div>
   <div class='ocr_carea' id='block_1_89' title="bbox 2277 4297 3876 4359">
    <p class='ocr_par' dir='ltr' id='par_1_89' title="bbox 2277 4297 3876 4359">
     <span class='ocr_line' id='line_1_90' title="bbox 2277 4297 3876 4359; baseline -0.006 0"><span class='ocrx_word' id='word_1_601' title='bbox 2277 4303 2536 4359; x_wconf 68' lang='lat' dir='ltr'><strong>Israelita:</strong></span> <span class='ocrx_word' id='word_1_602' title='bbox 2567 4301 2796 4357; x_wconf 84' lang='lat' dir='ltr'><strong>devictis</strong></span> <span class='ocrx_word' id='word_1_603' title='bbox 2839 4299 3143 4355; x_wconf 81' lang='lat' dir='ltr'><strong>Madianitis</strong></span> <span class='ocrx_word' id='word_1_604' title='bbox 3173 4297 3398 4354; x_wconf 77' lang='lat' dir='ltr'><strong>feminas</strong></span> <span class='ocrx_word' id='word_1_605' title='bbox 3425 4303 3748 4348; x_wconf 83' lang='lat' dir='ltr'><strong>servassent</strong></span> <span class='ocrx_word' id='word_1_606' title='bbox 3800 4312 3876 4350; x_wconf 81' lang='lat' dir='ltr'><strong>tn-</strong></span> 
     </span>
    </p>
   </div>
   <div class='ocr_carea' id='block_1_90' title="bbox 2279 4362 3879 4442">
    <p class='ocr_par' dir='ltr' id='par_1_90' title="bbox 2279 4362 3879 4442">
     <span class='ocr_line' id='line_1_91' title="bbox 2279 4362 3879 4442; baseline -0.006 -13"><span class='ocrx_word' id='word_1_607' title='bbox 2279 4375 2556 4429; x_wconf 87' lang='lat' dir='ltr'><strong>columes:</strong></span> <span class='ocrx_word' id='word_1_608' title='bbox 2609 4373 2734 4436; x_wconf 85' lang='lat' dir='ltr'><strong>Cur,</strong></span> <span class='ocrx_word' id='word_1_609' title='bbox 2769 4374 2864 4440; x_wconf 89' lang='lat' dir='ltr'><strong>ait,</strong></span> <span class='ocrx_word' id='word_1_610' title='bbox 2900 4373 3118 4442; x_wconf 80' lang='lat' dir='ltr'><strong>feminas</strong></span> <span class='ocrx_word' id='word_1_611' title='bbox 3159 4364 3491 4442; x_wconf 73' lang='lat' dir='ltr'><strong>reseraastis?</strong></span> <span class='ocrx_word' id='word_1_612' title='bbox 3533 4362 3729 4442; x_wconf 76' lang='lat' dir='ltr'><strong>Nonne</strong></span> <span class='ocrx_word' id='word_1_613' title='bbox 3758 4367 3879 4420; x_wconf 66' lang='lat' dir='ltr'><strong>ista</strong></span> 
     </span>
    </p>
   </div>
   <div class='ocr_carea' id='block_1_91' title="bbox 2278 4436 3877 4514">
    <p class='ocr_par' dir='ltr' id='par_1_91' title="bbox 2278 4436 3877 4514">
     <span class='ocr_line' id='line_1_92' title="bbox 2278 4436 3877 4514; baseline -0.006 -15"><span class='ocrx_word' id='word_1_614' title='bbox 2278 4455 2396 4499; x_wconf 84' lang='lat' dir='ltr'><strong>sunt</strong></span> <span class='ocrx_word' id='word_1_615' title='bbox 2446 4460 2562 4514; x_wconf 73' lang='lat' dir='ltr'><strong>quia</strong></span> <span class='ocrx_word' id='word_1_616' title='bbox 2608 4436 2914 4512; x_wconf 78' lang='lat' dir='ltr'><strong>deceperunl</strong></span> <span class='ocrx_word' id='word_1_617' title='bbox 2959 4444 3096 4511; x_wconf 81' lang='lat' dir='ltr'><strong>ﬁlios</strong></span> <span class='ocrx_word' id='word_1_618' title='bbox 3151 4438 3315 4494; x_wconf 81' lang='lat' dir='ltr'><strong>Israel</strong></span> <span class='ocrx_word' id='word_1_619' title='bbox 3367 4436 3433 4514; x_wconf 73' lang='lat' dir='ltr'><strong>ad</strong></span> <span class='ocrx_word' id='word_1_620' title='bbox 3470 4437 3877 4514; x_wconf 65' lang='lat' dir='ltr'><strong>suggestionem</strong></span> 
     </span>
    </p>
   </div>
   <div class='ocr_carea' id='block_1_92' title="bbox 2285 4506 3878 4584">
    <p class='ocr_par' dir='ltr' id='par_1_92' title="bbox 2285 4506 3878 4584">
     <span class='ocr_line' id='line_1_93' title="bbox 2285 4506 3878 4584; baseline -0.007 -15"><span class='ocrx_word' id='word_1_621' title='bbox 2285 4506 2507 4570; x_wconf 72' lang='lat' dir='ltr'><strong>Balaam</strong></span> <span class='ocrx_word' id='word_1_622' title='bbox 2529 4531 2548 4569; x_wconf 91' lang='lat'><strong><em>:</em></strong></span> <span class='ocrx_word' id='word_1_623' title='bbox 2575 4525 2620 4568; x_wconf 88' lang='lat' dir='ltr'><strong>et</strong></span> <span class='ocrx_word' id='word_1_624' title='bbox 2648 4506 2981 4584; x_wconf 55' lang='lat' dir='ltr'><strong>praevaricari</strong></span> <span class='ocrx_word' id='word_1_625' title='bbox 3011 4529 3094 4567; x_wconf 86' lang='lat' dir='ltr'><strong>eos</strong></span> <span class='ocrx_word' id='word_1_626' title='bbox 3125 4514 3351 4582; x_wconf 76' lang='lat' dir='ltr'><strong>fecerunt</strong></span> <span class='ocrx_word' id='word_1_627' title='bbox 3376 4508 3430 4584; x_wconf 82' lang='lat' dir='ltr'><strong>in</strong></span> <span class='ocrx_word' id='word_1_628' title='bbox 3467 4506 3683 4584; x_wconf 61' lang='lat' dir='ltr'><strong>llonuno</strong></span> <span class='ocrx_word' id='word_1_629' title='bbox 3714 4524 3878 4584; x_wconf 65' lang='lat' dir='ltr'><strong>super</strong></span> 
     </span>
    </p>
   </div>
   <div class='ocr_carea' id='block_1_93' title="bbox 2271 4577 3870 4658">
    <p class='ocr_par' dir='ltr' id='par_1_93' title="bbox 2271 4577 3870 4658">
     <span class='ocr_line' id='line_1_94' title="bbox 2271 4577 3870 4658; baseline -0.006 -17"><span class='ocrx_word' id='word_1_630' title='bbox 2271 4596 2494 4658; x_wconf 64' lang='lat' dir='ltr'><strong>peccato</strong></span> <span class='ocrx_word' id='word_1_631' title='bbox 2526 4577 2758 4658; x_wconf 62' lang='lat' dir='ltr'><strong>Pltopor,</strong></span> <span class='ocrx_word' id='word_1_632' title='bbox 2784 4597 2827 4639; x_wconf 87' lang='lat' dir='ltr'><strong>et</strong></span> <span class='ocrx_word' id='word_1_633' title='bbox 2860 4577 3135 4658; x_wconf 55' lang='lat' dir='ltr'><strong>percussus</strong></span> <span class='ocrx_word' id='word_1_634' title='bbox 3162 4589 3232 4635; x_wconf 85' lang='lat' dir='ltr'><strong>est</strong></span> <span class='ocrx_word' id='word_1_635' title='bbox 3261 4579 3515 4658; x_wconf 75' lang='lat' dir='ltr'><strong>populus?</strong></span> <span class='ocrx_word' id='word_1_636' title='bbox 3543 4577 3611 4658; x_wconf 64' lang='lat' dir='ltr'><strong>Et</strong></span> <span class='ocrx_word' id='word_1_637' title='bbox 3638 4581 3870 4658; x_wconf 56' lang='lat' dir='ltr'><strong>Appeal.</strong></span> 
     </span>
    </p>
   </div>
   <div class='ocr_carea' id='block_1_94' title="bbox 2269 4604 3877 4728">
    <p class='ocr_par' dir='ltr' id='par_1_94' title="bbox 2269 4604 3877 4728">
     <span class='ocr_line' id='line_1_95' title="bbox 2271 4604 3870 4658; baseline -0.006 -17"><span class='ocrx_word' id='word_1_638' title='bbox 2271 4651 2276 4654; x_wconf 96' lang='lat'><em>_</em></span> <span class='ocrx_word' id='word_1_639' title='bbox 2303 4604 2494 4650; x_wconf 52' lang='grc' dir='ltr'><strong>,δοεηιο</strong></span> <span class='ocrx_word' id='word_1_640' title='bbox 2526 4604 2758 4658; x_wconf 72' lang='lat' dir='ltr'><strong>rnogor,</strong></span> <span class='ocrx_word' id='word_1_641' title='bbox 2784 4604 2827 4639; x_wconf 83' lang='grc' dir='ltr'><strong>ει</strong></span> <span class='ocrx_word' id='word_1_642' title='bbox 2860 4604 3131 4654; x_wconf 83' lang='lat' dir='ltr'><strong>percussus</strong></span> <span class='ocrx_word' id='word_1_643' title='bbox 3162 4604 3231 4635; x_wconf 68' lang='grc' dir='ltr'><strong>εει</strong></span> <span class='ocrx_word' id='word_1_644' title='bbox 3261 4604 3508 4650; x_wconf 74' lang='lat' dir='ltr'><strong>populus:</strong></span> <span class='ocrx_word' id='word_1_645' title='bbox 3545 4604 3611 4630; x_wconf 72' lang='lat' dir='ltr'><strong>nl.</strong></span> <span class='ocrx_word' id='word_1_646' title='bbox 3638 4604 3870 4646; x_wconf 60' lang='lat' dir='ltr'><strong>apt-cast.</strong></span> 
     </span>
     <span class='ocr_line' id='line_1_96' title="bbox 2269 4604 3877 4728; baseline -0.006 -16"><span class='ocrx_word' id='word_1_647' title='bbox 2269 4604 2564 4728; x_wconf 43' lang='grc' dir='ltr'><strong>ἐπειδὴ),</strong></span> <span class='ocrx_word' id='word_1_648' title='bbox 2608 4659 2658 4712; x_wconf 89' lang='lat' dir='ltr'><strong>id</strong></span> <span class='ocrx_word' id='word_1_649' title='bbox 2687 4667 2788 4721; x_wconf 86' lang='lat' dir='ltr'><strong>est,</strong></span> <span class='ocrx_word' id='word_1_650' title='bbox 2812 4655 3066 4728; x_wconf 83' lang='lat' dir='ltr'><strong>episcopo</strong></span> <span class='ocrx_word' id='word_1_651' title='bbox 3097 4650 3522 4728; x_wconf 74' lang='lat' dir='ltr'><strong>Pergami_in_ter</strong></span> <span class='ocrx_word' id='word_1_652' title='bbox 3547 4649 3646 4702; x_wconf 84' lang='lat' dir='ltr'><strong>alia</strong></span> <span class='ocrx_word' id='word_1_653' title='bbox 3684 4649 3877 4728; x_wconf 66' lang='lat' dir='ltr'><strong>objici-</strong></span> 
     </span>
    </p>
   </div>
   <div class='ocr_carea' id='block_1_95' title="bbox 598 4715 3876 4802">
    <p class='ocr_par' dir='ltr' id='par_1_95' title="bbox 598 4715 3876 4802">
     <span class='ocr_line' id='line_1_97' title="bbox 598 4715 3876 4802; baseline -0.003 -20"><span class='ocrx_word' id='word_1_654' title='bbox 598 4715 807 4802; x_wconf 80' lang='lat' dir='ltr'><strong>scilicet</strong></span> <span class='ocrx_word' id='word_1_655' title='bbox 843 4715 1156 4785; x_wconf 72' lang='lat' dir='ltr'><strong>ccuodoxize</strong></span> <span class='ocrx_word' id='word_1_656' title='bbox 1187 4742 1240 4785; x_wconf 89' lang='lat' dir='ltr'><strong>et</strong></span> <span class='ocrx_word' id='word_1_657' title='bbox 1283 4734 1458 4786; x_wconf 90' lang='lat' dir='ltr'><strong>inanis</strong></span> <span class='ocrx_word' id='word_1_658' title='bbox 1498 4732 1714 4802; x_wconf 72' lang='lat' dir='ltr'><strong>glarim,</strong></span> <span class='ocrx_word' id='word_1_659' title='bbox 1751 4715 1859 4800; x_wconf 75' lang='lat' dir='ltr'><strong>quo</strong></span> <span class='ocrx_word' id='word_1_660' title='bbox 1889 4733 1952 4784; x_wconf 89' lang='lat' dir='ltr'><strong>ad</strong></span> <span class='ocrx_word' id='word_1_661' title='bbox 1989 4715 2188 4784; x_wconf 80' lang='lat' dir='ltr'><strong>docen-</strong></span> <span class='ocrx_word' id='word_1_662' title='bbox 2214 4715 2268 4775; x_wconf 83' lang='grc' dir='ltr'>Ῑ)</span> <span class='ocrx_word' id='word_1_663' title='bbox 2293 4739 2380 4784; x_wconf 89' lang='lat' dir='ltr'><strong>tur</strong></span> <span class='ocrx_word' id='word_1_664' title='bbox 2406 4715 2626 4802; x_wconf 41' lang='lat' dir='ltr'><strong>{Habes</strong></span> <span class='ocrx_word' id='word_1_665' title='bbox 2653 4729 2760 4802; x_wconf 80' lang='lat' dir='ltr'><strong>illic</strong></span> <span class='ocrx_word' id='word_1_666' title='bbox 2776 4715 3014 4780; x_wconf 71' lang='lat' dir='ltr'><strong>tenentes</strong></span> <span class='ocrx_word' id='word_1_667' title='bbox 3033 4715 3323 4802; x_wconf 72' lang='lat' dir='ltr'><strong>doctrinam</strong></span> <span class='ocrx_word' id='word_1_668' title='bbox 3347 4720 3590 4802; x_wconf 58' lang='lat' dir='ltr'><strong>Balaam,</strong></span> <span class='ocrx_word' id='word_1_669' title='bbox 3612 4718 3706 4802; x_wconf 58' lang='lat' dir='ltr'><strong>qui</strong></span> <span class='ocrx_word' id='word_1_670' title='bbox 3728 4720 3876 4802; x_wconf 63' lang='lat' dir='ltr'><strong>doce-</strong></span> 
     </span>
    </p>
   </div>
   <div class='ocr_carea' id='block_1_96' title="bbox 600 4800 1257 4868">
    <p class='ocr_par' dir='ltr' id='par_1_96' title="bbox 600 4800 1257 4868">
     <span class='ocr_line' id='line_1_98' title="bbox 600 4800 1257 4868; baseline 0.003 -14"><span class='ocrx_word' id='word_1_671' title='bbox 600 4801 724 4854; x_wconf 90' lang='lat' dir='ltr'><strong>dum</strong></span> <span class='ocrx_word' id='word_1_672' title='bbox 758 4800 894 4854; x_wconf 86' lang='lat' dir='ltr'><strong>alios</strong></span> <span class='ocrx_word' id='word_1_673' title='bbox 925 4802 1257 4868; x_wconf 70' lang='lat' dir='ltr'><strong>aSpirabaut.</strong></span> 
     </span>
    </p>
   </div>
   <div class='ocr_carea' id='block_1_97' title="bbox 674 4870 2186 4944">
    <p class='ocr_par' dir='ltr' id='par_1_97' title="bbox 674 4870 2186 4944">
     <span class='ocr_line' id='line_1_99' title="bbox 674 4870 2186 4944; baseline -0.001 -20"><span class='ocrx_word' id='word_1_674' title='bbox 674 4870 939 4944; x_wconf 39' lang='lat' dir='ltr'><strong>l[Balaam</strong></span> <span class='ocrx_word' id='word_1_675' title='bbox 972 4874 1229 4944; x_wconf 88' lang='lat' dir='ltr'><strong>propheta</strong></span> <span class='ocrx_word' id='word_1_676' title='bbox 1245 4888 1460 4944; x_wconf 74' lang='lat' dir='ltr'><strong>avarus,</strong></span> <span class='ocrx_word' id='word_1_677' title='bbox 1475 4874 1542 4927; x_wconf 91' lang='lat' dir='ltr'><strong>de</strong></span> <span class='ocrx_word' id='word_1_678' title='bbox 1564 4889 1667 4940; x_wconf 89' lang='lat' dir='ltr'><strong>quo</strong></span> <span class='ocrx_word' id='word_1_679' title='bbox 1686 4875 1745 4925; x_wconf 84' lang='lat' dir='ltr'><strong>D.</strong></span> <span class='ocrx_word' id='word_1_680' title='bbox 1763 4872 2186 4944; x_wconf 62' lang='lat' dir='ltr'><strong>Hieronymusiu</strong></span> 
     </span>
    </p>
   </div>
   <div class='ocr_carea' id='block_1_98' title="bbox 601 4942 2190 5012">
    <p class='ocr_par' dir='ltr' id='par_1_98' title="bbox 601 4942 2190 5012">
     <span class='ocr_line' id='line_1_100' title="bbox 601 4942 2190 5012; baseline -0.001 -16"><span class='ocrx_word' id='word_1_681' title='bbox 601 4945 665 5012; x_wconf 85' lang='lat' dir='ltr'><strong>Q.</strong></span> <span class='ocrx_word' id='word_1_682' title='bbox 685 4943 848 4997; x_wconf 86' lang='lat' dir='ltr'><strong>llchr.</strong></span> <span class='ocrx_word' id='word_1_683' title='bbox 867 4944 1062 5012; x_wconf 84' lang='lat' dir='ltr'><strong>(Super</strong></span> <span class='ocrx_word' id='word_1_684' title='bbox 1079 4943 1206 4998; x_wconf 79' lang='lat' dir='ltr'><strong>Gen.</strong></span> <span class='ocrx_word' id='word_1_685' title='bbox 1221 4962 1267 4997; x_wconf 90' lang='lat' dir='ltr'><strong>c.</strong></span> <span class='ocrx_word' id='word_1_686' title='bbox 1289 4945 1402 5008; x_wconf 69' lang='lat'><strong>22):</strong></span> <span class='ocrx_word' id='word_1_687' title='bbox 1418 4943 1639 4998; x_wconf 84' lang='lat' dir='ltr'><strong>Balaam</strong></span> <span class='ocrx_word' id='word_1_688' title='bbox 1660 4945 1747 4997; x_wconf 89' lang='lat' dir='ltr'><strong>ille</strong></span> <span class='ocrx_word' id='word_1_689' title='bbox 1768 4942 1991 5003; x_wconf 76' lang='lat' dir='ltr'><strong>divinus,</strong></span> <span class='ocrx_word' id='word_1_690' title='bbox 2007 4953 2060 4994; x_wconf 88' lang='lat' dir='ltr'><strong>ut</strong></span> <span class='ocrx_word' id='word_1_691' title='bbox 2081 4942 2190 4995; x_wconf 86' lang='lat' dir='ltr'><strong>He—</strong></span> 
     </span>
    </p>
   </div>
   <div class='ocr_carea' id='block_1_99' title="bbox 603 5013 2192 5083">
    <p class='ocr_par' dir='ltr' id='par_1_99' title="bbox 603 5013 2192 5083">
     <span class='ocr_line' id='line_1_101' title="bbox 603 5013 2192 5083; baseline -0.002 -16"><span class='ocrx_word' id='word_1_692' title='bbox 603 5017 727 5068; x_wconf 79' lang='lat' dir='ltr'><strong>brmi</strong></span> <span class='ocrx_word' id='word_1_693' title='bbox 752 5014 989 5079; x_wconf 75' lang='lat' dir='ltr'><strong>tradunt,</strong></span> <span class='ocrx_word' id='word_1_694' title='bbox 1019 5016 1106 5083; x_wconf 87' lang='lat' dir='ltr'><strong>qui</strong></span> <span class='ocrx_word' id='word_1_695' title='bbox 1129 5015 1180 5067; x_wconf 87' lang='lat' dir='ltr'><strong>in</strong></span> <span class='ocrx_word' id='word_1_696' title='bbox 1206 5015 1338 5069; x_wconf 85' lang='lat' dir='ltr'><strong>libro</strong></span> <span class='ocrx_word' id='word_1_697' title='bbox 1359 5016 1458 5068; x_wconf 84' lang='lat' dir='ltr'><strong>Job</strong></span> <span class='ocrx_word' id='word_1_698' title='bbox 1481 5016 1669 5068; x_wconf 87' lang='lat' dir='ltr'><strong>dicitur</strong></span> <span class='ocrx_word' id='word_1_699' title='bbox 1701 5014 1842 5078; x_wconf 82' lang='lat' dir='ltr'><strong>Elin,</strong></span> <span class='ocrx_word' id='word_1_700' title='bbox 1869 5017 2091 5079; x_wconf 86' lang='lat' dir='ltr'><strong>primum</strong></span> <span class='ocrx_word' id='word_1_701' title='bbox 2114 5013 2192 5065; x_wconf 85' lang='lat' dir='ltr'><strong>vir</strong></span> 
     </span>
    </p>
   </div>
   <div class='ocr_carea' id='block_1_100' title="bbox 602 5085 2193 5157">
    <p class='ocr_par' dir='ltr' id='par_1_100' title="bbox 602 5085 2193 5157">
     <span class='ocr_line' id='line_1_102' title="bbox 602 5085 2193 5157; baseline 0 -20"><span class='ocrx_word' id='word_1_702' title='bbox 602 5095 812 5137; x_wconf 83' lang='lat' dir='ltr'><strong>sanctus</strong></span> <span class='ocrx_word' id='word_1_703' title='bbox 844 5094 893 5139; x_wconf 89' lang='lat' dir='ltr'><strong>et</strong></span> <span class='ocrx_word' id='word_1_704' title='bbox 927 5087 1199 5152; x_wconf 82' lang='lat' dir='ltr'><strong>prapltetes</strong></span> <span class='ocrx_word' id='word_1_705' title='bbox 1240 5086 1353 5148; x_wconf 86' lang='lat' dir='ltr'><strong>Dei,</strong></span> <span class='ocrx_word' id='word_1_706' title='bbox 1378 5095 1554 5157; x_wconf 74' lang='lat' dir='ltr'><strong>postea</strong></span> <span class='ocrx_word' id='word_1_707' title='bbox 1585 5101 1674 5157; x_wconf 88' lang='lat' dir='ltr'><strong>per</strong></span> <span class='ocrx_word' id='word_1_708' title='bbox 1704 5085 2100 5157; x_wconf 80' lang='lat' dir='ltr'><strong>inobedtentium</strong></span> <span class='ocrx_word' id='word_1_709' title='bbox 2137 5091 2193 5157; x_wconf 82' lang='lat' dir='ltr'><strong>et</strong></span> 
     </span>
    </p>
   </div>
   <div class='ocr_carea' id='block_1_101' title="bbox 607 5155 2186 5222">
    <p class='ocr_par' dir='ltr' id='par_1_101' title="bbox 607 5155 2186 5222">
     <span class='ocr_line' id='line_1_103' title="bbox 607 5155 2186 5222; baseline -0.001 -15"><span class='ocrx_word' id='word_1_710' title='bbox 607 5157 919 5209; x_wconf 81' lang='lat' dir='ltr'><strong>desiderium</strong></span> <span class='ocrx_word' id='word_1_711' title='bbox 969 5171 1259 5219; x_wconf 87' lang='lat' dir='ltr'><strong>munerum,</strong></span> <span class='ocrx_word' id='word_1_712' title='bbox 1307 5155 1431 5210; x_wconf 83' lang='lat' dir='ltr'><strong>dum</strong></span> <span class='ocrx_word' id='word_1_713' title='bbox 1468 5155 1632 5211; x_wconf 82' lang='lat' dir='ltr'><strong>Israel</strong></span> <span class='ocrx_word' id='word_1_714' title='bbox 1667 5156 1975 5210; x_wconf 84' lang='lat' dir='ltr'><strong>maledicere</strong></span> <span class='ocrx_word' id='word_1_715' title='bbox 2025 5155 2186 5222; x_wconf 85' lang='lat' dir='ltr'><strong>cupit,</strong></span> 
     </span>
    </p>
   </div>
   <div class='ocr_carea' id='block_1_102' title="bbox 605 5224 2187 5297">
    <p class='ocr_par' dir='ltr' id='par_1_102' title="bbox 605 5224 2187 5297">
     <span class='ocr_line' id='line_1_104' title="bbox 605 5224 2187 5297; baseline -0.001 -20"><span class='ocrx_word' id='word_1_716' title='bbox 605 5229 762 5278; x_wconf 62' lang='lat' dir='ltr'><strong>divini</strong></span> <span class='ocrx_word' id='word_1_717' title='bbox 795 5226 1040 5297; x_wconf 70' lang='lat' dir='ltr'><strong>rorabqu</strong></span> <span class='ocrx_word' id='word_1_718' title='bbox 1069 5239 1419 5297; x_wconf 81' lang='lat' dir='ltr'><strong>nuncupatur.</strong></span> <span class='ocrx_word' id='word_1_719' title='bbox 1451 5227 1552 5280; x_wconf 84' lang='lat' dir='ltr'><strong>Hic</strong></span> <span class='ocrx_word' id='word_1_720' title='bbox 1578 5243 1762 5297; x_wconf 83' lang='lat' dir='ltr'><strong>nempe</strong></span> <span class='ocrx_word' id='word_1_721' title='bbox 1786 5225 2000 5281; x_wconf 87' lang='lat' dir='ltr'><strong>Balaam</strong></span> <span class='ocrx_word' id='word_1_722' title='bbox 2030 5243 2062 5278; x_wconf 92' lang='lat' dir='ltr'><strong>a</strong></span> <span class='ocrx_word' id='word_1_723' title='bbox 2086 5224 2187 5297; x_wconf 83' lang='lat' dir='ltr'><strong>Ba-</strong></span> 
     </span>
    </p>
   </div>
   <div class='ocr_carea' id='block_1_103' title="bbox 607 5295 2188 5367">
    <p class='ocr_par' dir='ltr' id='par_1_103' title="bbox 607 5295 2188 5367">
     <span class='ocr_line' id='line_1_105' title="bbox 607 5295 2188 5367; baseline -0.001 -18"><span class='ocrx_word' id='word_1_724' title='bbox 607 5309 722 5349; x_wconf 82' lang='lat' dir='ltr'><strong>tuac</strong></span> <span class='ocrx_word' id='word_1_725' title='bbox 749 5313 864 5367; x_wconf 83' lang='lat' dir='ltr'><strong>rege</strong></span> <span class='ocrx_word' id='word_1_726' title='bbox 899 5295 1052 5350; x_wconf 84' lang='lat' dir='ltr'><strong>Moab</strong></span> <span class='ocrx_word' id='word_1_727' title='bbox 1084 5295 1315 5352; x_wconf 81' lang='lat' dir='ltr'><strong>mercede</strong></span> <span class='ocrx_word' id='word_1_728' title='bbox 1338 5299 1624 5352; x_wconf 85' lang='lat' dir='ltr'><strong>conductus</strong></span> <span class='ocrx_word' id='word_1_729' title='bbox 1651 5308 1708 5352; x_wconf 89' lang='lat' dir='ltr'><strong>ut</strong></span> <span class='ocrx_word' id='word_1_730' title='bbox 1736 5296 2000 5367; x_wconf 72' lang='lat' dir='ltr'><strong>Israelitis</strong></span> <span class='ocrx_word' id='word_1_731' title='bbox 2024 5296 2188 5349; x_wconf 87' lang='lat' dir='ltr'><strong>male-</strong></span> 
     </span>
    </p>
   </div>
   <div class='ocr_carea' id='block_1_104' title="bbox 604 5365 2191 5436">
    <p class='ocr_par' dir='ltr' id='par_1_104' title="bbox 604 5365 2191 5436">
     <span class='ocr_line' id='line_1_106' title="bbox 604 5365 2191 5436; baseline 0.002 -21"><span class='ocrx_word' id='word_1_732' title='bbox 604 5365 820 5430; x_wconf 61' lang='lat' dir='ltr'><strong>diceret,</strong></span> <span class='ocrx_word' id='word_1_733' title='bbox 855 5383 971 5418; x_wconf 83' lang='lat' dir='ltr'><strong>cum</strong></span> <span class='ocrx_word' id='word_1_734' title='bbox 1002 5378 1179 5420; x_wconf 88' lang='lat' dir='ltr'><strong>contra</strong></span> <span class='ocrx_word' id='word_1_735' title='bbox 1209 5371 1523 5423; x_wconf 75' lang='lat' dir='ltr'><strong>voluntatem</strong></span> <span class='ocrx_word' id='word_1_736' title='bbox 1550 5385 1719 5434; x_wconf 80' lang='lat' dir='ltr'><strong>suam,</strong></span> <span class='ocrx_word' id='word_1_737' title='bbox 1751 5370 1934 5436; x_wconf 85' lang='lat' dir='ltr'><strong>spiritu</strong></span> <span class='ocrx_word' id='word_1_738' title='bbox 1965 5365 2062 5419; x_wconf 86' lang='lat' dir='ltr'><strong>Dei</strong></span> <span class='ocrx_word' id='word_1_739' title='bbox 2090 5369 2191 5419; x_wconf 79' lang='lat' dir='ltr'><strong>ins-</strong></span> 
     </span>
    </p>
   </div>
   <div class='ocr_carea' id='block_1_105' title="bbox 601 5438 2193 5505">
    <p class='ocr_par' dir='ltr' id='par_1_105' title="bbox 601 5438 2193 5505">
     <span class='ocr_line' id='line_1_107' title="bbox 601 5438 2193 5505; baseline 0.002 -18"><span class='ocrx_word' id='word_1_740' title='bbox 601 5440 844 5498; x_wconf 73' lang='lat' dir='ltr'><strong>pel/ente,</strong></span> <span class='ocrx_word' id='word_1_741' title='bbox 885 5440 956 5489; x_wconf 87' lang='lat' dir='ltr'><strong>eis</strong></span> <span class='ocrx_word' id='word_1_742' title='bbox 1007 5439 1363 5505; x_wconf 71' lang='lat' dir='ltr'><strong>benedixisset,</strong></span> <span class='ocrx_word' id='word_1_743' title='bbox 1412 5442 1624 5493; x_wconf 83' lang='lat' dir='ltr'><strong>avaritia</strong></span> <span class='ocrx_word' id='word_1_744' title='bbox 1656 5440 1992 5492; x_wconf 83' lang='lat' dir='ltr'><strong>nihilominus</strong></span> <span class='ocrx_word' id='word_1_745' title='bbox 2040 5438 2193 5490; x_wconf 85' lang='lat' dir='ltr'><strong>insti-</strong></span> 
     </span>
    </p>
   </div>
   <div class='ocr_carea' id='block_1_106' title="bbox 603 5508 2193 5576">
    <p class='ocr_par' dir='ltr' id='par_1_106' title="bbox 603 5508 2193 5576">
     <span class='ocr_line' id='line_1_108' title="bbox 603 5508 2193 5576; baseline 0.006 -25"><span class='ocrx_word' id='word_1_746' title='bbox 603 5518 776 5566; x_wconf 60' lang='lat' dir='ltr'><strong>gante,</strong></span> <span class='ocrx_word' id='word_1_747' title='bbox 813 5509 906 5576; x_wconf 79' lang='lat' dir='ltr'><strong>hoc</strong></span> <span class='ocrx_word' id='word_1_748' title='bbox 937 5511 1041 5575; x_wconf 77' lang='lat' dir='ltr'><strong>regi</strong></span> <span class='ocrx_word' id='word_1_749' title='bbox 1069 5508 1263 5559; x_wconf 82' lang='lat' dir='ltr'><strong>Balch</strong></span> <span class='ocrx_word' id='word_1_750' title='bbox 1290 5513 1558 5562; x_wconf 84' lang='lat' dir='ltr'><strong>Consilium</strong></span> <span class='ocrx_word' id='word_1_751' title='bbox 1586 5511 1756 5570; x_wconf 82' lang='lat' dir='ltr'><strong>dedit,</strong></span> <span class='ocrx_word' id='word_1_752' title='bbox 1808 5522 1862 5562; x_wconf 87' lang='lat' dir='ltr'><strong>ut</strong></span> <span class='ocrx_word' id='word_1_753' title='bbox 1904 5508 2193 5576; x_wconf 75' lang='lat' dir='ltr'><strong>pulcherri-</strong></span> 
     </span>
    </p>
   </div>
   <div class='ocr_carea' id='block_1_107' title="bbox 605 5575 2190 5642">
    <p class='ocr_par' dir='ltr' id='par_1_107' title="bbox 605 5575 2190 5642">
     <span class='ocr_line' id='line_1_109' title="bbox 605 5575 2190 5642; baseline 0.009 -26"><span class='ocrx_word' id='word_1_754' title='bbox 605 5589 714 5620; x_wconf 74' lang='lat' dir='ltr'><strong>mus</strong></span> <span class='ocrx_word' id='word_1_755' title='bbox 747 5575 965 5642; x_wconf 68' lang='lat' dir='ltr'><strong>fertilitas</strong></span> <span class='ocrx_word' id='word_1_756' title='bbox 1009 5575 1324 5629; x_wconf 82' lang='lat' dir='ltr'><strong>Moabitidas</strong></span> <span class='ocrx_word' id='word_1_757' title='bbox 1352 5582 1403 5630; x_wconf 85' lang='lat' dir='ltr'><strong>in</strong></span> <span class='ocrx_word' id='word_1_758' title='bbox 1436 5581 1645 5632; x_wconf 83' lang='lat' dir='ltr'><strong>lsraclis</strong></span> <span class='ocrx_word' id='word_1_759' title='bbox 1671 5591 1840 5631; x_wconf 81' lang='lat' dir='ltr'><strong>castra</strong></span> <span class='ocrx_word' id='word_1_760' title='bbox 1863 5575 2190 5642; x_wconf 83' lang='lat' dir='ltr'><strong>immitteret;</strong></span> 
     </span>
    </p>
   </div>
   <div class='ocr_carea' id='block_1_108' title="bbox 603 5641 2194 5717">
    <p class='ocr_par' dir='ltr' id='par_1_108' title="bbox 603 5641 2194 5717">
     <span class='ocr_line' id='line_1_110' title="bbox 603 5641 2194 5717; baseline 0.013 -36"><span class='ocrx_word' id='word_1_761' title='bbox 603 5654 715 5696; x_wconf 63' lang='grc' dir='ltr'><strong>(μιαί</strong></span> <span class='ocrx_word' id='word_1_762' title='bbox 739 5643 806 5717; x_wconf 73' lang='lat' dir='ltr'><strong>ad</strong></span> <span class='ocrx_word' id='word_1_763' title='bbox 835 5641 1103 5717; x_wconf 64' lang='lat' dir='ltr'><strong>lasciviam</strong></span> <span class='ocrx_word' id='word_1_764' title='bbox 1131 5656 1183 5717; x_wconf 64' lang='grc' dir='ltr'><strong>οε</strong></span> <span class='ocrx_word' id='word_1_765' title='bbox 1229 5647 1579 5717; x_wconf 72' lang='lat' dir='ltr'><strong>idololatrian:</strong></span> <span class='ocrx_word' id='word_1_766' title='bbox 1611 5651 1858 5717; x_wconf 83' lang='lat' dir='ltr'><strong>populum</strong></span> <span class='ocrx_word' id='word_1_767' title='bbox 1889 5647 1983 5700; x_wconf 87' lang='lat' dir='ltr'><strong>Dei</strong></span> <span class='ocrx_word' id='word_1_768' title='bbox 2012 5641 2194 5714; x_wconf 53' lang='lat' dir='ltr'><strong>pravo?</strong></span> 
     </span>
    </p>
   </div>
   <div class='ocr_carea' id='block_1_109' title="bbox 608 5709 2194 5782">
    <p class='ocr_par' dir='ltr' id='par_1_109' title="bbox 608 5709 2194 5782">
     <span class='ocr_line' id='line_1_111' title="bbox 608 5709 2194 5782; baseline 0.006 -26"><span class='ocrx_word' id='word_1_769' title='bbox 608 5714 805 5782; x_wconf 55' lang='lat' dir='ltr'><strong>f_{tt‘_t’nl.</strong></span> <span class='ocrx_word' id='word_1_770' title='bbox 857 5709 954 5782; x_wconf 39' lang='lat' dir='ltr'><strong>Sic.</strong></span> <span class='ocrx_word' id='word_1_771' title='bbox 987 5711 1128 5782; x_wconf 39' lang='grc' dir='ltr'><strong>(ἱρὴ-η</strong></span> <span class='ocrx_word' id='word_1_772' title='bbox 1160 5711 1274 5782; x_wconf 72' lang='lat' dir='ltr'><strong>fore</strong></span> <span class='ocrx_word' id='word_1_773' title='bbox 1301 5715 1508 5766; x_wconf 78' lang='lat' dir='ltr'><strong>dicebat</strong></span> <span class='ocrx_word' id='word_1_774' title='bbox 1553 5709 1620 5767; x_wconf 74' lang='grc' dir='ltr'><strong>ιη’</strong></span> <span class='ocrx_word' id='word_1_775' title='bbox 1662 5709 1822 5777; x_wconf 75' lang='lat' dir='ltr'><strong>Deus,</strong></span> <span class='ocrx_word' id='word_1_776' title='bbox 1868 5709 2066 5782; x_wconf 79' lang='lat' dir='ltr'><strong>populo</strong></span> <span class='ocrx_word' id='word_1_777' title='bbox 2096 5731 2194 5770; x_wconf 88' lang='lat' dir='ltr'><strong>suo</strong></span> 
     </span>
    </p>
   </div>
   <div class='ocr_carea' id='block_1_110' title="bbox 608 5763 2190 5871">
    <p class='ocr_par' dir='ltr' id='par_1_110' title="bbox 608 5763 2190 5871">
     <span class='ocr_line' id='line_1_112' title="bbox 608 5763 2190 5870; baseline 0.016 -58"><span class='ocrx_word' id='word_1_778' title='bbox 608 5775 797 5870; x_wconf 51' lang='lat' dir='ltr'><strong>Batus,</strong></span> <span class='ocrx_word' id='word_1_779' title='bbox 845 5775 956 5835; x_wconf 76' lang='lat' dir='ltr'><strong>regi</strong></span> <span class='ocrx_word' id='word_1_780' title='bbox 1007 5775 1202 5826; x_wconf 75' lang='lat' dir='ltr'><strong>Bulaac</strong></span> <span class='ocrx_word' id='word_1_781' title='bbox 1233 5778 1457 5846; x_wconf 85' lang='lat' dir='ltr'><strong>faveret,</strong></span> <span class='ocrx_word' id='word_1_782' title='bbox 1513 5795 1566 5834; x_wconf 84' lang='lat' dir='ltr'><strong>et</strong></span> <span class='ocrx_word' id='word_1_783' title='bbox 1597 5763 1897 5837; x_wconf 39' lang='lat' dir='ltr'><strong>Israel-itiner</strong></span> 
     </span>
     <span class='ocr_line' id='line_1_113' title="bbox 663 5830 2190 5871; baseline 0 0"><span class='ocrx_word' id='word_1_784' title='bbox 663 5830 764 5871; x_wconf 72' lang='lat' dir='ltr'><strong>&quot;de</strong></span> <span class='ocrx_word' id='word_1_785' title='bbox 793 5832 998 5871; x_wconf 52' lang='lat' dir='ltr'><strong>Maurusia</strong></span> <span class='ocrx_word' id='word_1_786' title='bbox 1047 5839 1178 5871; x_wconf 81' lang='lat' dir='ltr'><strong>Num</strong></span> <span class='ocrx_word' id='word_1_787' title='bbox 1248 5858 1375 5871; x_wconf 68' lang='grc' dir='ltr'><strong>-.ο--</strong></span> <span class='ocrx_word' id='word_1_788' title='bbox 1413 5850 1765 5871; x_wconf 64' lang='lat' dir='ltr'><strong>.....t-..-_--_.-_</strong></span> <span class='ocrx_word' id='word_1_789' title='bbox 1794 5852 1928 5871; x_wconf 71' lang='lat'><strong>:_-.--</strong></span> <span class='ocrx_word' id='word_1_790' title='bbox 2057 5868 2116 5871; x_wconf 46' lang='grc' dir='ltr'><strong>-η</strong></span> <span class='ocrx_word' id='word_1_791' title='bbox 2141 5870 2146 5871; x_wconf 63' lang='lat'><strong><em>,</em></strong></span> <span class='ocrx_word' id='word_1_792' title='bbox 2173 5855 2190 5871; x_wconf 70' lang='grc' dir='ltr'><strong><em>ι</em></strong></span> 
     </span>
    </p>
   </div>
   <div class='ocr_carea' id='block_1_111' title="bbox 681 5830 2194 5920">
    <p class='ocr_par' dir='ltr' id='par_1_111' title="bbox 681 5830 2194 5920">
     <span class='ocr_line' id='line_1_114' title="bbox 681 5830 2194 5920; baseline 0.005 -22"><span class='ocrx_word' id='word_1_793' title='bbox 681 5830 764 5878; x_wconf 65' lang='grc' dir='ltr'><strong>ἀθ</strong></span> <span class='ocrx_word' id='word_1_794' title='bbox 791 5830 1000 5897; x_wconf 66' lang='lat' dir='ltr'><strong>Moyses</strong></span> <span class='ocrx_word' id='word_1_795' title='bbox 1043 5839 1200 5889; x_wconf 85' lang='lat' dir='ltr'><strong>Num.</strong></span> <span class='ocrx_word' id='word_1_796' title='bbox 1248 5830 2194 5920; x_wconf 48' lang='lat' dir='ltr'><strong>m1‘vtt.ei.;é;.i‘é.l&#39;i;;tu:j&#39;Vitia</strong></span> 
     </span>
    </p>
   </div>
   <div class='ocr_carea' id='block_1_112' title="bbox 2291 4787 3873 4858">
    <p class='ocr_par' dir='ltr' id='par_1_112' title="bbox 2291 4787 3873 4858">
     <span class='ocr_line' id='line_1_115' title="bbox 2291 4787 3873 4858; baseline -0.008 -5"><span class='ocrx_word' id='word_1_797' title='bbox 2291 4801 2375 4853; x_wconf 83' lang='lat' dir='ltr'><strong>bat</strong></span> <span class='ocrx_word' id='word_1_798' title='bbox 2423 4800 2618 4853; x_wconf 83' lang='lat' dir='ltr'><strong>Balaac</strong></span> <span class='ocrx_word' id='word_1_799' title='bbox 2660 4799 2863 4852; x_wconf 84' lang='lat' dir='ltr'><strong>mittere</strong></span> <span class='ocrx_word' id='word_1_800' title='bbox 2925 4796 3227 4852; x_wconf 87' lang='lat' dir='ltr'><strong>scandalum</strong></span> <span class='ocrx_word' id='word_1_801' title='bbox 3273 4808 3444 4846; x_wconf 75' lang='lat' dir='ltr'><strong>cornus</strong></span> <span class='ocrx_word' id='word_1_802' title='bbox 3492 4787 3632 4858; x_wconf 79' lang='lat' dir='ltr'><strong>ﬁliis</strong></span> <span class='ocrx_word' id='word_1_803' title='bbox 3667 4787 3873 4850; x_wconf 78' lang='lat' dir='ltr'><strong>Israel,</strong></span> 
     </span>
    </p>
   </div>
   <div class='ocr_carea' id='block_1_113' title="bbox 2289 4861 3878 4942">
    <p class='ocr_par' dir='ltr' id='par_1_113' title="bbox 2289 4861 3878 4942">
     <span class='ocr_line' id='line_1_116' title="bbox 2289 4861 3878 4942; baseline -0.008 -17"><span class='ocrx_word' id='word_1_804' title='bbox 2289 4873 2462 4934; x_wconf 87' lang='lat' dir='ltr'><strong>edere,</strong></span> <span class='ocrx_word' id='word_1_805' title='bbox 2496 4880 2541 4923; x_wconf 90' lang='lat' dir='ltr'><strong>et</strong></span> <span class='ocrx_word' id='word_1_806' title='bbox 2567 4870 2839 4942; x_wconf 67' lang='lat' dir='ltr'><strong>fornicari.</strong></span> <span class='ocrx_word' id='word_1_807' title='bbox 2868 4867 3120 4942; x_wconf 73' lang='lat' dir='ltr'><strong>Caeterum</strong></span> <span class='ocrx_word' id='word_1_808' title='bbox 3160 4865 3257 4917; x_wconf 84' lang='lat' dir='ltr'><strong>hoc</strong></span> <span class='ocrx_word' id='word_1_809' title='bbox 3288 4865 3573 4942; x_wconf 62' lang='lat' dir='ltr'><strong>malignum</strong></span> <span class='ocrx_word' id='word_1_810' title='bbox 3602 4861 3878 4942; x_wconf 67' lang='lat' dir='ltr'><strong>consilium</strong></span> 
     </span>
    </p>
   </div>
   <div class='ocr_carea' id='block_1_114' title="bbox 2290 4931 3877 5010">
    <p class='ocr_par' dir='ltr' id='par_1_114' title="bbox 2290 4931 3877 5010">
     <span class='ocr_line' id='line_1_117' title="bbox 2290 4931 3877 5010; baseline -0.006 -15"><span class='ocrx_word' id='word_1_811' title='bbox 2290 4945 2366 4995; x_wconf 88' lang='lat' dir='ltr'><strong>ait</strong></span> <span class='ocrx_word' id='word_1_812' title='bbox 2389 4931 2716 5008; x_wconf 59' lang='lat' dir='ltr'><strong>Augustinus</strong></span> <span class='ocrx_word' id='word_1_813' title='bbox 2749 4939 2972 5010; x_wconf 76' lang='lat' dir='ltr'><strong>(Qtttest.</strong></span> <span class='ocrx_word' id='word_1_814' title='bbox 3003 4939 3072 4992; x_wconf 78' lang='lat'><strong>6&#39;5</strong></span> <span class='ocrx_word' id='word_1_815' title='bbox 3098 4953 3254 5004; x_wconf 84' lang='lat' dir='ltr'><strong>super</strong></span> <span class='ocrx_word' id='word_1_816' title='bbox 3283 4931 3496 5000; x_wconf 45' lang='lat' dir='ltr'><strong>Numi),</strong></span> <span class='ocrx_word' id='word_1_817' title='bbox 3522 4942 3577 4984; x_wconf 87' lang='lat' dir='ltr'><strong>ut</strong></span> <span class='ocrx_word' id='word_1_818' title='bbox 3603 4931 3674 5010; x_wconf 73' lang='lat' dir='ltr'><strong>ad</strong></span> <span class='ocrx_word' id='word_1_819' title='bbox 3705 4933 3877 4985; x_wconf 81' lang='lat' dir='ltr'><strong>illece-</strong></span> 
     </span>
    </p>
   </div>
   <div class='ocr_carea' id='block_1_115' title="bbox 2296 5000 3878 5081">
    <p class='ocr_par' dir='ltr' id='par_1_115' title="bbox 2296 5000 3878 5081">
     <span class='ocr_line' id='line_1_118' title="bbox 2296 5000 3878 5081; baseline -0.008 -17"><span class='ocrx_word' id='word_1_820' title='bbox 2296 5014 2437 5065; x_wconf 87' lang='lat' dir='ltr'><strong>bram</strong></span> <span class='ocrx_word' id='word_1_821' title='bbox 2468 5000 2672 5081; x_wconf 63' lang='lat' dir='ltr'><strong>feminae</strong></span> <span class='ocrx_word' id='word_1_822' title='bbox 2701 5000 3132 5081; x_wconf 73' lang='lat' dir='ltr'><strong>supponereutur,</strong></span> <span class='ocrx_word' id='word_1_823' title='bbox 3163 5000 3255 5081; x_wconf 79' lang='lat' dir='ltr'><strong>per</strong></span> <span class='ocrx_word' id='word_1_824' title='bbox 3275 5022 3404 5081; x_wconf 76' lang='lat' dir='ltr'><strong>quas</strong></span> <span class='ocrx_word' id='word_1_825' title='bbox 3430 5020 3542 5081; x_wconf 43' lang='lat' dir='ltr'><strong>non.</strong></span> <span class='ocrx_word' id='word_1_826' title='bbox 3560 5000 3736 5081; x_wconf 71' lang='lat' dir='ltr'><strong>solum</strong></span> <span class='ocrx_word' id='word_1_827' title='bbox 3775 5020 3878 5081; x_wconf 68' lang='lat' dir='ltr'><strong>car-</strong></span> 
     </span>
    </p>
   </div>
   <div class='ocr_carea' id='block_1_116' title="bbox 2297 5071 3877 5153">
    <p class='ocr_par' dir='ltr' id='par_1_116' title="bbox 2297 5071 3877 5153">
     <span class='ocr_line' id='line_1_119' title="bbox 2297 5071 3877 5153; baseline -0.008 -15"><span class='ocrx_word' id='word_1_828' title='bbox 2297 5071 2561 5153; x_wconf 52' lang='lat' dir='ltr'><strong>poroli&#39;ter,</strong></span> <span class='ocrx_word' id='word_1_829' title='bbox 2587 5083 2675 5137; x_wconf 82' lang='lat' dir='ltr'><strong>sed</strong></span> <span class='ocrx_word' id='word_1_830' title='bbox 2707 5071 2860 5153; x_wconf 69' lang='lat' dir='ltr'><strong>etiam</strong></span> <span class='ocrx_word' id='word_1_831' title='bbox 2883 5071 3576 5153; x_wconf 51' lang='lat' dir='ltr'><strong>spiritalithin&#39;adorando</strong></span> <span class='ocrx_word' id='word_1_832' title='bbox 3607 5071 3753 5127; x_wconf 83' lang='lat' dir='ltr'><strong>idolo</strong></span> <span class='ocrx_word' id='word_1_833' title='bbox 3781 5075 3877 5142; x_wconf 51' lang='lat' dir='ltr'><strong>for.</strong></span> 
     </span>
    </p>
   </div>
   <div class='ocr_carea' id='block_1_117' title="bbox 2299 5143 3876 5223">
    <p class='ocr_par' dir='ltr' id='par_1_117' title="bbox 2299 5143 3876 5223">
     <span class='ocr_line' id='line_1_120' title="bbox 2299 5143 3876 5223; baseline -0.008 -16"><span class='ocrx_word' id='word_1_834' title='bbox 2299 5143 2618 5216; x_wconf 66' lang='lat' dir='ltr'><strong>picarentur,</strong></span> <span class='ocrx_word' id='word_1_835' title='bbox 2667 5152 2873 5223; x_wconf 86' lang='lat' dir='ltr'><strong>quando</strong></span> <span class='ocrx_word' id='word_1_836' title='bbox 2910 5143 3121 5223; x_wconf 43' lang='lat' dir='ltr'><strong>&quot;dederit</strong></span> <span class='ocrx_word' id='word_1_837' title='bbox 3170 5147 3412 5207; x_wconf 88' lang='lat' dir='ltr'><strong>Balaam,</strong></span> <span class='ocrx_word' id='word_1_838' title='bbox 3459 5143 3739 5223; x_wconf 74' lang='lat' dir='ltr'><strong>Scriptura</strong></span> <span class='ocrx_word' id='word_1_839' title='bbox 3788 5161 3876 5196; x_wconf 78' lang='lat' dir='ltr'><strong>non</strong></span> 
     </span>
    </p>
   </div>
   <div class='ocr_carea' id='block_1_118' title="bbox 2300 5213 3877 5297">
    <p class='ocr_par' dir='ltr' id='par_1_118' title="bbox 2300 5213 3877 5297">
     <span class='ocr_line' id='line_1_121' title="bbox 2300 5213 3877 5297; baseline -0.008 -19"><span class='ocrx_word' id='word_1_840' title='bbox 2300 5227 2429 5278; x_wconf 72' lang='lat' dir='ltr'><strong>dixit</strong></span> <span class='ocrx_word' id='word_1_841' title='bbox 2457 5241 2474 5279; x_wconf 92' lang='lat'><strong><em>:</em></strong></span> <span class='ocrx_word' id='word_1_842' title='bbox 2500 5235 2547 5279; x_wconf 86' lang='lat' dir='ltr'><strong>et</strong></span> <span class='ocrx_word' id='word_1_843' title='bbox 2574 5213 2741 5297; x_wconf 70' lang='lat' dir='ltr'><strong>tamen.</strong></span> <span class='ocrx_word' id='word_1_844' title='bbox 2767 5232 2984 5297; x_wconf 82' lang='lat' dir='ltr'><strong>apparet</strong></span> <span class='ocrx_word' id='word_1_845' title='bbox 3016 5221 3210 5290; x_wconf 82' lang='lat' dir='ltr'><strong>factum</strong></span> <span class='ocrx_word' id='word_1_846' title='bbox 3236 5233 3366 5283; x_wconf 83' lang='lat' dir='ltr'><strong>esse,</strong></span> <span class='ocrx_word' id='word_1_847' title='bbox 3402 5231 3519 5297; x_wconf 77' lang='lat' dir='ltr'><strong>cum</strong></span> <span class='ocrx_word' id='word_1_848' title='bbox 3542 5213 3629 5297; x_wconf 39' lang='lat' dir='ltr'><strong>.l‘tic</strong></span> <span class='ocrx_word' id='word_1_849' title='bbox 3667 5230 3877 5297; x_wconf 48' lang='lat' dir='ltr'><strong>coniure-</strong></span> 
     </span>
    </p>
   </div>
   <div class='ocr_carea' id='block_1_119' title="bbox 2301 5285 3873 5364">
    <p class='ocr_par' dir='ltr' id='par_1_119' title="bbox 2301 5285 3873 5364">
     <span class='ocr_line' id='line_1_122' title="bbox 2301 5285 3873 5364; baseline -0.008 -15"><span class='ocrx_word' id='word_1_850' title='bbox 2301 5307 2550 5349; x_wconf 88' lang='lat' dir='ltr'><strong>moratur.</strong></span> <span class='ocrx_word' id='word_1_851' title='bbox 2582 5295 2656 5350; x_wconf 81' lang='lat' dir='ltr'><strong>Ita</strong></span> <span class='ocrx_word' id='word_1_852' title='bbox 2687 5285 3026 5360; x_wconf 72' lang='lat' dir='ltr'><strong>Augustinus</strong></span> <span class='ocrx_word' id='word_1_853' title='bbox 3046 5305 3304 5364; x_wconf 69' lang='lat' dir='ltr'><strong>perquam</strong></span> <span class='ocrx_word' id='word_1_854' title='bbox 3332 5285 3713 5364; x_wconf 72' lang='lat' dir='ltr'><strong>probabiliter.</strong></span> <span class='ocrx_word' id='word_1_855' title='bbox 3756 5285 3873 5338; x_wconf 64' lang='lat' dir='ltr'><strong>Cuia</strong></span> 
     </span>
    </p>
   </div>
   <div class='ocr_carea' id='block_1_120' title="bbox 2300 5355 3874 5429">
    <p class='ocr_par' dir='ltr' id='par_1_120' title="bbox 2300 5355 3874 5429">
     <span class='ocr_line' id='line_1_123' title="bbox 2300 5355 3874 5429; baseline -0.01 -9"><span class='ocrx_word' id='word_1_856' title='bbox 2300 5370 2440 5420; x_wconf 86' lang='lat' dir='ltr'><strong>enini</strong></span> <span class='ocrx_word' id='word_1_857' title='bbox 2474 5368 2681 5420; x_wconf 88' lang='lat' dir='ltr'><strong>videret</strong></span> <span class='ocrx_word' id='word_1_858' title='bbox 2711 5355 2924 5420; x_wconf 73' lang='lat' dir='ltr'><strong>Balaam</strong></span> <span class='ocrx_word' id='word_1_859' title='bbox 2958 5355 3098 5429; x_wconf 73' lang='lat' dir='ltr'><strong>quod</strong></span> <span class='ocrx_word' id='word_1_860' title='bbox 3132 5355 3392 5415; x_wconf 77' lang='lat' dir='ltr'><strong>Israelitis</strong></span> <span class='ocrx_word' id='word_1_861' title='bbox 3421 5355 3756 5429; x_wconf 85' lang='lat' dir='ltr'><strong>maledicere</strong></span> <span class='ocrx_word' id='word_1_862' title='bbox 3788 5371 3874 5429; x_wconf 39' lang='lat' dir='ltr'><strong>neu</strong></span> 
     </span>
    </p>
   </div>
   <div class='ocr_carea' id='block_1_121' title="bbox 2302 5425 3875 5506">
    <p class='ocr_par' dir='ltr' id='par_1_121' title="bbox 2302 5425 3875 5506">
     <span class='ocr_line' id='line_1_124' title="bbox 2302 5425 3875 5506; baseline -0.007 -18"><span class='ocrx_word' id='word_1_863' title='bbox 2302 5448 2506 5506; x_wconf 82' lang='lat' dir='ltr'><strong>posset,</strong></span> <span class='ocrx_word' id='word_1_864' title='bbox 2539 5448 2597 5491; x_wconf 91' lang='lat' dir='ltr'><strong>ut</strong></span> <span class='ocrx_word' id='word_1_865' title='bbox 2619 5438 2807 5491; x_wconf 84' lang='lat' dir='ltr'><strong>saltent</strong></span> <span class='ocrx_word' id='word_1_866' title='bbox 2851 5425 3270 5506; x_wconf 71' lang='lat' dir='ltr'><strong>aliquaratioite</strong></span> <span class='ocrx_word' id='word_1_867' title='bbox 3312 5431 3423 5498; x_wconf 78' lang='lat' dir='ltr'><strong>regi</strong></span> <span class='ocrx_word' id='word_1_868' title='bbox 3458 5428 3649 5481; x_wconf 82' lang='lat' dir='ltr'><strong>Balaac</strong></span> <span class='ocrx_word' id='word_1_869' title='bbox 3681 5425 3875 5504; x_wconf 28' lang='lat' dir='ltr'><strong>gratiis.</strong></span> 
     </span>
    </p>
   </div>
   <div class='ocr_carea' id='block_1_122' title="bbox 2300 5501 3872 5574">
    <p class='ocr_par' dir='ltr' id='par_1_122' title="bbox 2300 5501 3872 5574">
     <span class='ocr_line' id='line_1_125' title="bbox 2300 5501 3872 5574; baseline -0.013 -11"><span class='ocrx_word' id='word_1_870' title='bbox 2300 5501 2542 5574; x_wconf 74' lang='lat' dir='ltr'><strong>curetur,</strong></span> <span class='ocrx_word' id='word_1_871' title='bbox 2588 5507 2636 5561; x_wconf 85' lang='lat' dir='ltr'><strong>ei</strong></span> <span class='ocrx_word' id='word_1_872' title='bbox 2662 5506 2970 5561; x_wconf 83' lang='lat' dir='ltr'><strong>valetlicens</strong></span> <span class='ocrx_word' id='word_1_873' title='bbox 3008 5504 3122 5559; x_wconf 87' lang='lat' dir='ltr'><strong>ait:</strong></span> <span class='ocrx_word' id='word_1_874' title='bbox 3150 5501 3535 5574; x_wconf 76' lang='lat' dir='ltr'><strong>_Verumtamcn</strong></span> <span class='ocrx_word' id='word_1_875' title='bbox 3567 5513 3789 5574; x_wconf 71' lang='lat' dir='ltr'><strong>pergens</strong></span> <span class='ocrx_word' id='word_1_876' title='bbox 3824 5509 3872 5546; x_wconf 73' lang='lat' dir='ltr'><strong>es</strong></span> 
     </span>
    </p>
   </div>
   <div class='ocr_carea' id='block_1_123' title="bbox 2301 5570 3872 5646">
    <p class='ocr_par' dir='ltr' id='par_1_123' title="bbox 2301 5570 3872 5646">
     <span class='ocr_line' id='line_1_126' title="bbox 2301 5570 3872 5646; baseline -0.009 -16"><span class='ocrx_word' id='word_1_877' title='bbox 2301 5570 2557 5646; x_wconf 66' lang='lat' dir='ltr'><strong>papillam</strong></span> <span class='ocrx_word' id='word_1_878' title='bbox 2604 5595 2786 5640; x_wconf 85' lang='lat' dir='ltr'><strong>meum,</strong></span> <span class='ocrx_word' id='word_1_879' title='bbox 2835 5577 2964 5629; x_wconf 87' lang='lat' dir='ltr'><strong>dabo</strong></span> <span class='ocrx_word' id='word_1_880' title='bbox 2995 5572 3291 5636; x_wconf 79' lang='lat' dir='ltr'><strong>consilium,</strong></span> <span class='ocrx_word' id='word_1_881' title='bbox 3325 5570 3459 5646; x_wconf 75' lang='lat' dir='ltr'><strong>quod</strong></span> <span class='ocrx_word' id='word_1_882' title='bbox 3501 5573 3742 5646; x_wconf 79' lang='lat' dir='ltr'><strong>populus</strong></span> <span class='ocrx_word' id='word_1_883' title='bbox 3781 5581 3872 5646; x_wconf 74' lang='lat' dir='ltr'><strong>tua-</strong></span> 
     </span>
    </p>
   </div>
   <div class='ocr_carea' id='block_1_124' title="bbox 2303 5640 3874 5716">
    <p class='ocr_par' dir='ltr' id='par_1_124' title="bbox 2303 5640 3874 5716">
     <span class='ocr_line' id='line_1_127' title="bbox 2303 5640 3874 5716; baseline -0.01 -15"><span class='ocrx_word' id='word_1_884' title='bbox 2303 5640 2497 5716; x_wconf 78' lang='lat' dir='ltr'><strong>populo</strong></span> <span class='ocrx_word' id='word_1_885' title='bbox 2522 5648 2639 5701; x_wconf 82' lang='lat' dir='ltr'><strong>huic</strong></span> <span class='ocrx_word' id='word_1_886' title='bbox 2670 5649 2825 5716; x_wconf 81' lang='lat' dir='ltr'><strong>faciat</strong></span> <span class='ocrx_word' id='word_1_887' title='bbox 2849 5657 3078 5701; x_wconf 75' lang='lat' dir='ltr'><strong>extremo</strong></span> <span class='ocrx_word' id='word_1_888' title='bbox 3105 5640 3342 5716; x_wconf 79' lang='lat' dir='ltr'><strong>tempore</strong></span> <span class='ocrx_word' id='word_1_889' title='bbox 3373 5640 3562 5716; x_wconf 80' lang='lat' dir='ltr'><strong>(Num.</strong></span> <span class='ocrx_word' id='word_1_890' title='bbox 3601 5645 3773 5716; x_wconf 58' lang='lat' dir='ltr'><strong>uir).</strong></span> <span class='ocrx_word' id='word_1_891' title='bbox 3808 5645 3874 5690; x_wconf 70' lang='lat' dir='ltr'><strong>At.-</strong></span> 
     </span>
    </p>
   </div>
   <div class='ocr_carea' id='block_1_125' title="bbox 2303 5711 3870 5788">
    <p class='ocr_par' dir='ltr' id='par_1_125' title="bbox 2303 5711 3870 5788">
     <span class='ocr_line' id='line_1_128' title="bbox 2303 5711 3870 5788; baseline -0.005 -18"><span class='ocrx_word' id='word_1_892' title='bbox 2303 5711 2392 5783; x_wconf 45' lang='lat' dir='ltr'><strong>qu&#39;i</strong></span> <span class='ocrx_word' id='word_1_893' title='bbox 2426 5719 2529 5771; x_wconf 91' lang='lat' dir='ltr'><strong>hoc</strong></span> <span class='ocrx_word' id='word_1_894' title='bbox 2570 5711 2855 5772; x_wconf 72' lang='lat' dir='ltr'><strong>consilium</strong></span> <span class='ocrx_word' id='word_1_895' title='bbox 2910 5718 3121 5788; x_wconf 76' lang='lat' dir='ltr'><strong>Moyses</strong></span> <span class='ocrx_word' id='word_1_896' title='bbox 3169 5711 3771 5788; x_wconf 32' lang='lat' dir='ltr'><strong>thitlem‘taCtt_it,_quod</strong></span> <span class='ocrx_word' id='word_1_897' title='bbox 3804 5725 3870 5780; x_wconf 64' lang='lat' dir='ltr'><strong>po»</strong></span> 
     </span>
    </p>
   </div>
   <div class='ocr_carea' id='block_1_126' title="bbox 2304 5785 3867 5908">
    <p class='ocr_par' dir='ltr' id='par_1_126' title="bbox 2304 5785 3867 5908">
     <span class='ocr_line' id='line_1_129' title="bbox 2304 5785 3867 5908; baseline -0.006 -67"><span class='ocrx_word' id='word_1_898' title='bbox 2304 5800 2427 5908; x_wconf 63' lang='lat' dir='ltr'><strong>steat</strong></span> <span class='ocrx_word' id='word_1_899' title='bbox 2449 5789 2736 5856; x_wconf 80' lang='lat' dir='ltr'><strong>expressit,</strong></span> <span class='ocrx_word' id='word_1_900' title='bbox 2776 5788 2936 5844; x_wconf 90' lang='lat' dir='ltr'><strong>simili</strong></span> <span class='ocrx_word' id='word_1_901' title='bbox 2967 5785 3260 5844; x_wconf 79' lang='lat' dir='ltr'><strong>occasione</strong></span> <span class='ocrx_word' id='word_1_902' title='bbox 3313 5794 3366 5841; x_wconf 87' lang='lat' dir='ltr'><strong>et</strong></span> <span class='ocrx_word' id='word_1_903' title='bbox 3413 5785 3658 5854; x_wconf 87' lang='lat' dir='ltr'><strong>periculo</strong></span> <span class='ocrx_word' id='word_1_904' title='bbox 3703 5797 3867 5837; x_wconf 75' lang='lat' dir='ltr'><strong>oecur-</strong></span> 
     </span>
     <span class='ocr_line' id='line_1_130' title="bbox 2305 5870 2478 5908; baseline -0.006 -1"><span class='ocrx_word' id='word_1_905' title='bbox 2305 5870 2402 5908; x_wconf 85' lang='lat' dir='ltr'><strong>ren</strong></span> <span class='ocrx_word' id='word_1_906' title='bbox 2429 5870 2478 5907; x_wconf 83' lang='lat' dir='ltr'><strong>e.</strong></span> 
     </span>
    </p>
   </div>
   <div class='ocr_carea' id='block_1_127' title="bbox 2305 5870 2478 5908">
    <p class='ocr_par' dir='ltr' id='par_1_127' title="bbox 2305 5870 2478 5908">
     <span class='ocr_line' id='line_1_131' title="bbox 2305 5870 2478 5908; baseline -0.012 0"><span class='ocrx_word' id='word_1_907' title='bbox 2305 5870 2478 5908; x_wconf 83' lang='lat' dir='ltr'><strong>rente.</strong></span> 
     </span>
    </p>
   </div>
  </div>
