3986 6188
574 248 717 311 {MS

1633 241 1913 301 JOANNIS
1948 240 2260 302 CASSIANI
2295 231 2787 303 COLLATIONES.

3756 242 3822 300 η..

571 364 776 420 relevet
805 375 869 417 ac
905 359 1134 426 relaxet,
1166 357 1448 414 irremisso
1471 355 1658 428 vigore
1685 357 2013 426 lentescens,
2044 357 2152 413 vir-
2181 363 2235 423 Α
2258 357 2450 415 durum
2475 360 2524 415 ei
2559 359 2651 430 qui
2691 358 2879 428 jugum
2907 355 3107 414 Christi
3153 366 3276 414 tota
3315 361 3527 413 mente

571 459 670 513 tuti
699 456 941 527 spiritus,
964 469 1087 525 cum
1111 452 1405 509 necessitas
1425 452 1618 523 poscit,
1653 451 2025 509 obsecundare
2048 466 2152 508 non

571 551 787 624 poterit.

1144 635 1371 696 CAPUT
1420 638 1584 694 XXII.

572 755 921 828 Interrogatio
961 753 1184 828 qualiter
1228 753 1616 824 intelligendum
1648 753 1716 808 sit
1742 753 1878 823 quod
1905 754 1959 806 in
1987 751 2157 828 Etym-

639 823 1008 896 geliodicitur,
1035 823 1227 896 Jugum
1255 823 1420 879 meum
1445 840 1620 890 suave,
1640 834 1688 878 et
1714 841 1842 878 onus
1866 823 2158 878 meumleve

643 906 740 951 est.

641 1009 940 1066 Germanus
967 1027 977 1062 :
1009 1007 1274 1075 Quoniam
1310 1008 1466 1063 nobis
1495 1008 1806 1063 illusronum
1837 1016 2157 1064 cunctarum

576 1104 814 1159 remedia
836 1104 1133 1170 contulisti,
1169 1111 1223 1158 et
1252 1101 1536 1156 diabolicae
1564 1103 1760 1171 quibus
1787 1101 2160 1170 quatiebamur

575 1195 782 1252 insidiae
811 1211 904 1265 per
931 1194 1232 1250 doctrinam
1260 1205 1428 1259 tuam,
1459 1195 1686 1249 Omnino
1718 1195 1974 1260 donante,
2010 1194 2163 1250 dete-

573 1297 676 1344 ctae
705 1297 847 1357 sunt,
899 1285 932 1324 ί
965 1289 1067 1342 hoc
1113 1303 1324 1357 quoque
1373 1287 1528 1341 nobis
1577 1286 1830 1340 similiter
1879 1300 2163 1354 precamur

571 1381 802 1437 edisseri
855 1380 996 1450 quod
1050 1380 1103 1436 in
1159 1378 1456 1449 Evangelio
1501 1378 1719 1444 dicitur,
1757 1377 1950 1451 Jugum
1994 1395 2162 1433 meum

572 1489 745 1537 suane,
785 1480 833 1524 et
871 1487 1000 1526 onus
1029 1485 1194 1524 meum
1219 1469 1326 1524 leve
1353 1480 1428 1523 est
1451 1468 1665 1540 (Matth.
1700 1470 1800 1540 xi).
1845 1470 1989 1525 Satis
2016 1471 2162 1524 enim

580 1564 905 1636 prophetica:
936 1564 1016 1617 illi
1047 1565 1331 1617 sententiae
1355 1561 1567 1617 videtur
1586 1562 1873 1616 adversum
1901 1577 2005 1631 qua
2031 1560 2164 1616 dici-

582 1668 668 1713 tur
697 1678 710 1712 :
745 1657 966 1730 PrOpter
989 1658 1137 1710 verba
1158 1656 1409 1710 labiorum
1442 1665 1644 1708 tuorum
1670 1670 1760 1724 ego
1792 1654 2041 1707 custodiri
2059 1653 2162 1706 vias

2257 454 2344 520 qui
2389 465 2514 505 vera
2551 451 2849 505 humilitate
2890 449 3168 517 fundatus,
3196 462 3442 520 semper
3483 446 3561 503 ad
3621 448 3826 506 Domus:

2255 545 2572 615 respiciens,
2599 547 2652 598 in
2679 545 2928 600 omnibus
2955 560 3078 614 quas
3100 545 3206 599 sibi
3260 543 3485 597 iuerint
3523 542 3765 612 irrogata
3784 551 3828 598 ’.ει

2259 647 2405 692 tatur
2436 636 2674 705 injuriis,
2705 636 2891 692 dicens
2922 655 2934 690 :
2967 636 3195 709 PrOpter
3223 636 3380 706 quod
3431 636 3741 706 conplaceo
3762 641 3828 688 veli

2257 730 2310 783 in
2339 728 2739 798 inﬁrmitatibus,
2757 729 2812 782 in
2833 730 3178 800 passionibus,
3208 729 3265 782 in
3303 727 3588 801 angustiis
3617 743 3714 796 pro
3735 728 3835 783 Car..-

2259 833 2368 888 sto;
2392 839 2505 876 cum
2547 824 2683 876 enim
2707 823 2964 890 inﬁrinor,
2997 833 3122 877 tunc
3146 832 3338 894 potens
3366 839 3496 878 sum
3521 821 3596 892 (II
3617 818 3730 878 Cor.
3753 827 3848 891 sui"
3875 817 3879 906 l

2262 918 2404 985 Quo,
2435 917 2674 988 inquam,
2696 916 2976 972 familiaris
3007 917 3087 973 rei
3115 919 3474 973 cruciabltur
3517 916 3741 982 damno,
3767 923 3844 986 q‘,
3877 907 3879 912 ’

2266 1008 2506 1078 perlecta
2553 1009 2794 1064 nuditate
2841 1009 3136 1077 gloriosus,
3173 1009 3504 1065 voluntarie
3536 1024 3644 1082 pro
3673 1009 3844 1064 Christi

2265 1104 2550 1158 universas
2581 1103 2740 1172 hujus
2768 1103 2954 1158 mundi
2981 1105 3190 1173 respuit
3219 1103 3557 1170 facultates,
3591 1118 3848 1172 omnesque

2263 1198 2381 1266 ejus
2404 1195 2871 1262 concupiscentias
2915 1195 3248 1265 generaliter
3295 1196 3614 1249 arbitratur
3658 1206 3713 1248 ut
3741 1205 3848 1247 stet.

2265 1302 2413 1354 cora,
2449 1297 2505 1342 ut
2529 1286 2808 1341 Christum
2837 1285 3133 1342 lucrifaciat
3162 1285 3401 1358 (Philip.
3438 1289 3555 1358 ιιι),
3585 1291 3846 1358 evangelici

2266 1381 2409 1435 illius
2440 1379 2696 1449 praecepti
2723 1378 3077 1434 meditatione
3097 1391 3428 1435 cunctorum
3463 1381 3848 1448 dispendioron

2267 1479 2429 1525 tostus
2470 1470 2778 1538 (leSpiciens
2823 1478 2880 1525 et
2909 1469 3206 1525 esciudens
3243 1489 3253 1522 :
3302 1470 3454 1537 Quid
3502 1473 3635 1524 enim
3663 1474 3848 1540 prodest
3880 1469 3893 1554 j

2267 1561 2460 1616 homini
2487 1563 2533 1616 si
2574 1563 2870 1616 universum
2913 1563 3165 1616 mundum
3213 1563 3476 1628 lucretur,
3532 1566 3714 1617 animi:
3749 1582 3846 1615 rere
3881 1561 3893 1624 i

2267 1673 2376 1709 sum
2425 1657 2790 1710 detrimentum
2843 1655 3114 1725 patiatur?
3164 1656 3272 1708 Aut
3322 1672 3489 1726 quam
3531 1657 3674 1708 dabit
3719 1657 3848 1709 homo

575 1754 734 1805 duras
762 1749 939 1821 (Psal.
971 1748 1102 1818 svr).
1123 1748 1329 1818 Quippe
1346 1761 1467 1802 cum
1496 1746 1656 1801 etiam
1680 1745 1974 1814 Apostolus
1995 1744 2159 1812 dicat,
2194 1751 2240 1810 B
2270 1751 2720 1804 commutationem
2768 1765 2861 1820 pro
2891 1749 3064 1802 anima
3095 1765 3196 1803 sna
3231 1748 3459 1817 (Matth.
3523 1749 3673 1820 xvi)?
3701 1751 3852 1819 Super
3895 1744 3897 1802 Ι

581 1843 767 1896 Omnes
804 1845 892 1914 qui
917 1843 1089 1896 volunt
1123 1843 1204 1912 pie
1234 1844 1394 1895 vivere
1425 1842 1479 1894 in
1512 1839 1735 1907 Christo,
1765 1841 2164 1912 persecutionem

577 1935 835 2004 patientur
863 1934 930 2004 (ll
973 1931 1113 1987 Tim.
1165 1935 1270 1999 ιιι).
1321 1934 1590 2003 Quidquid
1634 1945 1813 1988 autem
1872 1933 2068 1987 durum
2112 1940 2166 1986 et

576 2024 1048 2096 persecutionibus
1077 2032 1162 2077 est
1193 2022 1471 2090 refertum,
1507 2038 1604 2077 nec
1655 2023 1773 2077 leve
1824 2031 2000 2092 potest
2045 2035 2164 2078 esse

574 2131 676 2172 nec
712 2130 900 2171 suave.

1138 2181 1367 2241 CAPUT
1405 2183 1596 2238 XXIII.

815 2277 1100 2350 Responsio
1130 2294 1248 2331 cum
1279 2277 1602 2347 expositione
1631 2277 1917 2331 sententiae.

647 2395 951 2451 Abraham:
981 2394 1328 2450 Verissimam
1349 2391 1562 2447 Domini
1591 2406 1652 2446 ac
1680 2390 1984 2447 Salvatoris
1998 2387 2168 2446 nostri

574 2502 700 2545 esse
749 2487 1080 2542 sententiam
1113 2484 1473 2555 experienfne
1507 2483 1675 2552 ipsius
1723 2481 1870 2537 facili
1910 2481 2168 2552 probabi-

576 2597 699 2638 mus
719 2580 1070 2644 documento,
1099 2580 1145 2634 si
1173 2578 1524 2647 perfectionis
1548 2577 1688 2630 viam
1740 2576 1978 2646 legitime
2000 2584 2053 2629 et
2077 2588 2168 2628 se-

572 2675 808 2730 cundum
841 2671 1174 2724 voluntatem
1233 2669 1431 2722 Christi
1490 2669 1751 2722 fuerimus
1802 2669 2078 2738 aggressi,
2112 2677 2169 2723 et

576 2763 966 2818 mortiﬁcantes
997 2761 1178 2815 omnia
1209 2759 1483 2814 desideria
1532 2769 1714 2814 nostra
1760 2773 1824 2815 ac
1860 2758 2168 2814 voluntates

573 2855 759 2911 noxias
787 2854 1198 2920 abscindcntes,
1231 2868 1342 2907 non
1378 2853 1554 2906 solum
1583 2853 1714 2906 nihil
1743 2852 1982 2907 residere
2011 2851 2170 2906 nobis

573 2949 642 3005 de
665 2948 851 3003 mundi
878 2947 1037 3017 hujus
1061 2945 1357 3001 substantia
1391 2945 1676 3000 siverimus
1707 2942 1875 3016 [Lips.
1918 2945 1972 2996 in
2001 2959 2164 3013 marg.

574 3041 938 3113 noverimus],
973 3056 1070 3111 per
1091 3056 1249 3111 quam
1275 3039 1456 3109 utique
1487 3055 1606 3094 cum
1641 3038 1850 3093 libitum
1884 3038 2046 3092 fuerit
2075 3052 2167 3091 va-

2266 1845 2421 1915 cujus
2454 1845 2530 1900 rei
2586 1845 2892 1914 privatione
2932 1844 3258 1910 tristabitur,
3316 1845 3410 1914 qui
3443 1847 3628 1898 omnia
3659 1862 3774 1916 qut:
3801 1847 3852 1899 ab

2268 1938 2390 1993 aliis
2421 1938 2625 1992 auferri
2657 1946 2906 2008 possunt,
2949 1951 3046 1991 sua
3075 1953 3182 1992 non
3231 1952 3353 1992 esse
3399 1940 3707 2002 cognoscit,
3741 1940 3850 1991 illud

2265 2031 2463 2085 invicta
2496 2031 2695 2086 virtute
2739 2030 3107 2100 proclamans:
3142 2028 3293 2083 Nihil
3323 2031 3600 2084 intulimus
3638 2033 3692 2084 in
3737 2033 3851 2083 hunc

2265 2125 2539 2193 mundum,
2585 2125 2726 2178 haud
2773 2125 2987 2178 dubium
3019 2125 3145 2194 quia
3173 2140 3262 2178 nec
3288 2124 3496 2191 auferre
3522 2125 3650 2192 quid
3681 2141 3851 2191 posss-

2264 2234 2379 2273 mus
2401 2218 2445 2288 (l
2473 2219 2610 2272 Tim.
2645 2217 2944 2290 v1)?Cujns
2971 2226 3154 2272 autem
3185 2217 3376 2288 inopia:
3399 2219 3732 2273 necessitate
3752 2219 3852 2287 ejus
3905 2248 3907 2254 τ

2267 2312 2612 2382 superabitur
2644 2312 2922 2374 fortitudo,
2957 2313 3047 2380 qui
3077 2327 3258 2381 peram
3287 2311 3339 2366 in
3360 2312 3464 2374 via,
3503 2326 3583 2366 es
3616 2312 3671 2364 in
3705 2326 3852 2373 siina,

2269 2413 2477 2460 vestem
2511 2405 2562 2459 in
2589 2414 2828 2473 tempora
2862 2403 3068 2459 habere
3088 2420 3193 2458 non
3225 2405 3363 2456 novit
3395 2402 3618 2472 (.latth.
3652 2404 3735 2473 ι),
3770 2405 3854 2456 sed

2266 2512 2393 2553 cum
2420 2496 2681 2567 Apostolo
2707 2496 2966 2564 gloriatur
2996 2497 3048 2549 in
3072 2497 3282 2567 jejuniis
3317 2495 3508 2552 multis.
3541 2497 3600 2546 iis
3627 2495 3776 2560 [ante
3811 2507 3858 2546 et

2270 2593 2374 2658 siti,
2400 2593 2452 2644 in
2484 2592 2680 2662 frigore
2707 2600 2756 2645 et
2787 2590 3028 2643 nuditate
3064 2589 3146 2660 (II
3186 2590 3292 2643 Cor.
3331 2587 3474 2658 sit)?
3499 2588 3639 2655 Quis
3665 2587 3848 2649 \abor,

2269 2687 2483 2758 quodve
2519 2697 2624 2739 tam
2647 2685 2876 2740 arduum
2905 2685 3142 2742 senioris
3171 2691 3514 2752 praeceptum,
3548 2683 3848 2749 tranquilli-

2267 2785 2436 2831 tatem
2470 2776 2706 2846 pectoris
2744 2775 2859 2844 ejus
2909 2775 3110 2843 poterit
3146 2774 3486 2844 perturbare,
3519 2773 3610 2842 qui
3661 2772 3848 2826 nullam

2270 2869 2478 2924 habens
2526 2868 2798 2937 propriam
2845 2867 3230 2932 voluntatem,
3284 2865 3538 2919 omnibus
3593 2879 3714 2932 qua
3762 2862 3848 2916 sibi

2270 2960 2469 3015 fuerint
2515 2959 2799 3029 imperata,
2832 2973 2939 3011 non
2992 2958 3167 3011 solum
3224 2959 3524 3026 patienter,
3573 2955 3667 3009 sed
3703 2954 3846 3009 etiam

2268 3059 2545 3122 gratanter
2601 3051 2874 3112 occurrit,
2926 3049 3204 3118 nostrique
3253 3046 3554 3104 Salvatoris
3608 3045 3845 3113 exemplo

576 3136 754 3191 standi
783 3151 884 3190 nos
906 3149 967 3188 ac
1014 3133 1344 3189 dilacerandi
1377 3141 1700 3201 potestatem
1737 3132 1986 3187 inimicus
2015 3133 2168 3187 inve-
2192 3121 2242 3185 C
2271 3121 2374 3198 έιοιι
2403 3142 2597 3212 qum“
2627 3155 2806 3206 suam,
2833 3139 2929 3195 sed
2963 3139 3140 3194 pall-i5
3177 3141 3358 3194 facere
3400 3138 3749 3200 voluntatem,
3780 3136 3848 3190 di-

574 3230 706 3294 niet,
736 3229 832 3282 sed
865 3227 1027 3281 etiam
1068 3226 1239 3280 nostri
1283 3226 1456 3291 ipsius
1483 3240 1589 3277 non
1621 3238 1744 3278 esse
1791 3239 1888 3279 nos
1915 3225 2165 3280 dominos

574 3319 928 3381 senserimus,
966 3317 1097 3369 illud
1122 3317 1493 3385 Apostolicum
1535 3318 1587 3369 in
1621 3317 1846 3372 veritate
1882 3320 2165 3387 complen-

575 3421 655 3468 tes
687 3429 700 3463 :
743 3408 869 3464 Vivo
899 3417 1073 3464 autem
1094 3412 1213 3481 jam
1243 3425 1345 3461 non
1382 3423 1498 3478 ego,
1531 3409 1651 3462 vivit
1678 3425 1800 3464 vero
1827 3411 1881 3464 in
1913 3427 1990 3464 me
2015 3411 2167 3466 Chri-

573 3517 679 3561 stus
713 3503 916 3577 (Galat.
937 3503 1021 3573 ιι).
1049 3503 1190 3571 Quid
1219 3501 1361 3558 enim
1389 3517 1554 3573 grave
1600 3504 1802 3573 poterit
1843 3519 1986 3570 esse,
2037 3505 2168 3574 quid

2270 3250 2402 3290 cens
2426 3243 2483 3290 et
2509 3235 2626 3302 ipse
2651 3234 2718 3287 ad
2748 3232 2962 3288 Patrem
2987 3248 3143 3288 suum
3171 3250 3183 3285 :
3215 3232 3586 3286 Verumtamen
3617 3247 3715 3284 non
3735 3231 3850 3283 sicut

2267 3343 2360 3395 ego
2403 3325 2540 3390 volo,
2599 3324 2689 3377 sed
2739 3323 2871 3376 sicut
2902 3333 2958 3376 tu
2995 3321 3216 3388 (Matth.
3261 3323 3432 3392 xvr)?
3477 3323 3679 3389 Quibus
3706 3323 3848 3375 etiam

2271 3416 2504 3486 injuriis,
2545 3430 2650 3484 qua
2693 3414 3067 3484 persecutione
3098 3413 3417 3480 terrebitur,
3456 3415 3621 3467 immo
3649 3410 3782 3483 quod
3808 3411 3850 3464 ei

2271 3525 2378 3564 non
2409 3507 2573 3564 etiam
2597 3507 2894 3575 jucundum
2943 3515 3124 3576 potest
3167 3522 3289 3562 esse
3318 3508 3665 3576 supplicium,
3691 3505 3771 3574 qui
3801 3503 3853 3556 in

1649 3639 1902 3696 ALARDI
1943 3640 2174 3696 GAZ/EI
2216 3639 2787 3699 COMMENTARIUS.

650 3769 676 3798 ³·
707 3759 968 3815 Eamdem
1021 3759 1372 3828 qumstionem
1404 3767 1459 3813 et
1502 3757 1871 3812 difﬁcultatem
1921 3767 2160 3826 movent,

580 3843 674 3886 aut
697 3840 845 3885 certe
886 3830 1184 3888 insinuant.
1217 3845 1444 3899 eamque
1473 3829 1624 3883 varie
1651 3829 1868 3883 solvunt
1903 3840 1952 3883 et
1995 3831 2167 3892 expli-

577 3912 700 3957 cant
731 3903 934 3955 Patres.
968 3901 1030 3955 D.
1061 3901 1425 3971 Hieronymus
1451 3900 1520 3952 ad
1556 3899 1700 3952 illum
1727 3899 1898 3971 locum
1930 3899 2165 3954 Matthaii

580 3989 636 4029 ιι
672 3992 683 4026 :
709 3972 903 4039 Iugum
928 3974 1065 4026 enim
1094 3969 1437 4024 tnettthsuave
1464 3979 1560 4031 est,
1594 3980 1697 4024 etc.
1738 3969 1800 4023 D.
1831 3970 2172 4038 Augusunus

577 4059 742 4098 serm.
779 4045 813 4099 9
843 4046 908 4097 tle
956 4043 1148 4097 Verbis
1181 4042 1429 4096 Domini:
1468 4041 1680 4103 Mirum,
1731 4041 1834 4102 ait,
1868 4041 2170 4109 quibusdam

575 4116 796 4182 videtur,
831 4114 1015 4184 fratres
1053 4114 1366 4176 charissinti,
1399 4129 1514 4164 cum
1538 4112 1755 4184 audiunt
1788 4113 2063 4165 Dominum
2091 4113 2172 4164 di-

575 4197 769 4240 centem
808 4201 823 4236 :
861 4183 1040 4238 Venite
1069 4185 1136 4236 ad
1160 4199 1262 4247 me,
1286 4200 1461 4236 omnes
1487 4183 1576 4252 qui
1615 4183 1857 4252 laboratis
1893 4190 1938 4233 et
1975 4184 2172 4236 onerati

575 4256 714 4317 estis,
759 4265 806 4306 et
836 4270 928 4323 ego
973 4254 1200 4322 reﬁciam
1243 4271 1328 4307 uos
1356 4251 1578 4324 (Matth.
1615 4254 1730 4320 tv);
1777 4251 1960 4305 Tollite
1979 4254 2172 4324 jugum

577 4340 747 4376 meum
801 4340 956 4388 super
998 4339 1104 4385 vos,
1137 4333 1276 4387 etc.;
1308 4333 1354 4376 et
1401 4323 1726 4375 considerant
1751 4338 1836 4376 eos
1875 4323 1961 4390 qui
1981 4323 2170 4391 jugnm

576 4395 747 4464 ipsum
771 4393 1027 4464 intrepida
1066 4394 1258 4464 cervice
1287 4393 1585 4452 subierunt,
1625 4401 1674 4445 et
1723 4393 1866 4444 illam
1909 4394 2170 4448 sarcinam

577 4462 1006 4516 mansuetissimis
1060 4462 1281 4514 humeris
1327 4471 1649 4528 acceperunt,
1695 4464 1848 4516 tantis
1894 4464 2079 4530 agitari
2123 4475 2172 4518 et

580 4536 806 4589 exerceri
833 4532 1222 4605 difficultatibus
1247 4533 1404 4604 hujus
1420 4532 1616 4605 steculi,
1637 4543 1689 4585 ut
1716 4549 1817 4586 non
1845 4550 1877 4585 a
1908 4535 2172 4588 laboribus

575 4607 644 4659 ad
676 4603 917 4676 quietem,
949 4606 1037 4659 sed
1064 4622 1094 4656 a
1120 4604 1287 4671 quiete
1315 4603 1402 4676 lat!
1425 4603 1647 4656 laborem
1676 4606 1838 4657 uocati
1863 4606 2162 4676 videantur;

574 4673 697 4734 cum
715 4686 761 4730 et
795 4676 1069 4748 Apostolus
1095 4676 1229 4748 dicat
1257 4691 1276 4729 :
1309 4674 1496 4748 Omnes
1526 4677 1612 4742 qui
1636 4677 1820 4748 uolunt
1871 4677 1922 4728 in
1957 4673 2162 4748 Christo

573 4750 656 4818 pie
686 4745 870 4818 vivere,
901 4747 1305 4818 persecutionem
1340 4745 1600 4814 patientur
1627 4745 1643 4815 (
1672 4746 1713 4800 II
1752 4745 1884 4798 Tim.
1929 4747 2045 4815 ιιι).
2078 4747 2166 4800 Ait

574 4835 692 4889 ergo
717 4817 935 4886 aliquis:
968 4817 1234 4889 Quomodo
1265 4819 1448 4887 iugum
1467 4818 1571 4869 leve
1589 4827 1684 4889 est,
1709 4825 1754 4870 et
1779 4818 1988 4889 sarcina
2017 4819 2160 4889 leris.

571 4887 994 4957 quandoquidem
1022 4887 1151 4941 illud
1172 4889 1363 4959 jugum
1393 4896 1441 4941 et
1464 4888 1720 4959 sarcinam
1764 4888 1896 4953 ferre
1935 4888 2062 4940 nihil
2087 4897 2163 4942 est

570 4955 716 5030 aliud
738 4955 888 5027 quam
919 4959 1000 5030 pie
1027 4955 1188 5030 vicere
1217 4955 1269 5011 in
1291 4956 1535 5012 Christo?
1561 4955 1625 5010 Et
1653 4959 1910 5028 quomodo
1938 4959 2162 5012 dicitur:

584 5029 757 5084 Venite
783 5030 850 5082 ad
875 5045 970 5090 me,
1005 5029 1091 5097 qui
1119 5030 1360 5082 laboratis
1393 5039 1439 5082 et
1463 5031 1658 5080 onerati
1689 5031 1830 5095 estis,
1861 5039 1910 5081 et
1950 5045 2041 5094 ego
2084 5045 2164 5082 re-

570 5101 741 5168 ﬁciam
765 5118 850 5154 vos
874 5102 897 5154 ἶ)
924 5099 1001 5170 Ac
1020 5116 1126 5170 non
1155 5103 1323 5168 potius
1351 5101 1570 5154 dicitur:
1602 5099 1801 5163 Venite,
1833 5101 1918 5170 qui
1946 5100 2158 5166 uocatis,

570 5182 624 5222 ut
654 5172 894 5224 laboretis
923 5171 948 5221 Ρ
982 5169 1117 5222 Nam
1147 5181 1192 5222 et
1223 5182 1458 5222 vacantes
1508 5171 1722 5231 invenit,
1749 5169 1875 5240 quos
1920 5171 2164 5224 conduxit

568 5242 620 5293 in
657 5244 878 5307 vineam,
909 5249 963 5293 ut
989 5242 1176 5311 ferrent
1207 5251 1384 5294 wstum
1415 5241 1536 5293 diei.
1565 5243 1626 5293 Et
1658 5241 1793 5294 infra
1827 5243 2116 5309 t't-Spontlet
2147 5259 2160 5294 :

571 5311 678 5365 Sed
706 5317 935 5382 profecto
961 5313 1101 5365 adest
1147 5312 1374 5380 Spiritus
1403 5321 1632 5369 sanctus.
1671 5315 1755 5379 qui
1810 5315 1863 5364 in
1897 5314 2164 5368 exterioris

569 5383 796 5436 hominis
825 5384 1150 5455 corruptione
1179 5393 1384 5455 removal
1409 5383 1470 5432 de
1494 5382 1582 5455 die
1613 5383 1668 5455 in
1702 5385 1856 5455 diem,
1886 5393 1932 5436 et
1961 5394 2164 5455 gustata

566 5456 742 5525 requie
779 5454 1041 5524 spirituali
1070 5454 1123 5525 in
1163 5452 1419 5525 afﬂuentia
1467 5453 1770 5525 deliciarum
1803 5453 1897 5506 Dci
1923 5498 1936 5521 ,
1962 5452 2037 5506 vin
2079 5471 2168 5525 spe

569 5524 763 5593 futura
791 5524 1144 5588 beatitudinis,
1166 5524 1339 5593 omnia
1369 5524 1640 5592 prcsentiu
1667 5525 1850 5576 delinit
1870 5569 1882 5589 ,
1915 5524 2167 5592 aspera’et

568 5592 740 5647 omnia
765 5598 938 5662 gravia
965 5594 1174 5646 relevat.
1198 5592 1377 5664 Secari
1399 5605 1444 5646 et
1468 5596 1545 5646 uri
1561 5611 1613 5646 se
1630 5594 1860 5648 homines
1874 5598 2158 5664 patiuntur,

568 5673 624 5716 ut
644 5665 846 5717 dolores
867 5681 966 5716 non
990 5665 1188 5728 teterni,
1205 5665 1292 5716 sed
1314 5662 1600 5733 aliquando
1623 5662 1965 5720 diuturniora
1979 5668 2160 5722 ulceris

569 5736 827 5787 acriorem
865 5735 1101 5786 dolorum
1145 5735 1310 5799 pretio
1358 5737 1697 5791 rc..'intantur.
1751 5737 1946 5802 Qubus
1971 5746 2163 5808 tempe-

2199 4577 2256 4635 υ,

2037 5865 2040 5867 .
2101 5860 2112 5870 ι
2125 5861 2226 5877 -,..-._

2267 3760 2485 3813 statibus
2517 3760 2591 3811 uel
2620 3761 2782 3829 poenis
2811 3759 3100 3825 importuni
3121 3768 3240 3810 sunt
3278 3770 3613 3821 mercatores,
3654 3766 3706 3808 ut
3731 3760 3853 3810 diri-

2271 3832 2368 3884 tias
2400 3841 2638 3884 venturas
2667 3830 2978 3897 acquirunt?
3005 3830 3110 3883 Sed
3123 3831 3208 3898 qui
3230 3830 3324 3882 has
3340 3846 3446 3882 non
3471 3840 3666 3890 autaut,
3694 3830 3852 3881 eadem

2271 3902 2448 3972 gravia
2475 3903 2780 3972 patiuntur;
2826 3902 2913 3970 qui
2946 3916 3063 3972 vero
3090 3911 3286 3972 amant,
3316 3902 3497 3953 eadem
3526 3900 3741 3968 quidem,
3773 3901 3857 3952 sed

2272 3970 2377 4025 non
2416 3970 2591 4044 grauia
2621 3973 2910 4035 patiuntur.
2967 3970 3154 4024 Omnia
3181 3973 3315 4044 epim
3348 3987 3488 4026 sava
3535 3982 3584 4044 et
3619 3971 3852 4022 immania

2279 4030 2490 4110 prorsus
2521 4030 2701 4112 facilia
2716 4050 2763 4095 et
2794 4059 2951 4113 prope
2977 4045 3124 4095 nulla
3149 4030 3297 4113 efﬁcit
3319 4059 3486 4095 amor.
3527 4043 3721 4107 Quanto
3748 4059 3857 4112 ergo

2275 4115 2484 4181 facilius
2512 4115 2580 4165 ad
2603 4127 2772 4166 verum
2799 4113 3164 4166 beatitudinem
3194 4112 3426 4165 chrtritas
3453 4115 3602 4178 facit.
3630 4114 3768 4182 quod
3795 4113 3864 4163 ad

2273 4186 2558 4246 miseriam,
2602 4193 2852 4247 quantum
2894 4185 3078 4252 potuit,
3115 4184 3370 4250 cupiditas
3394 4184 3860 4252 fecit!Gregortus

2276 4253 2462 4308 hom-il.
2501 4255 2564 4308 I7
2594 4269 2758 4321 super
2792 4255 3131 4308 Ezechielcm
3161 4271 3171 4304 :
3201 4255 3260 4306 Si
3289 4272 3381 4321 per
3410 4257 3705 4307 chantamn
3754 4272 3861 4320 per-

2274 4325 2486 4394 tingitur
2513 4325 2579 4377 ad
2613 4323 2801 4389 Deum,
2847 4335 2895 4376 et
2941 4341 3034 4394 per
3079 4327 3406 4393 semetipsum
3457 4325 3656 4377 Veritas
3702 4325 3827 4376 dicit
3848 4341 3865 4376 :

2274 4394 2478 4450 Intrate
2508 4412 2596 4460 per
2629 4407 2900 4464 angustam
2935 4405 3136 4462 portant
3166 4395 3383 4456 (Matth.
3411 4395 3485 4464 ιι)
3511 4412 3526 4450 :
3560 4406 3605 4445 et
3651 4411 3864 4447 rursum

2277 4465 2607 4520 Psalmistum
2636 4466 2792 4518 audio
2823 4467 3073 4518 dicentem
3105 4481 3123 4518 :
3172 4464 3395 4532 PrOpter
3439 4465 3582 4518 rerba
3610 4466 3867 4518 [abiaram

2275 4547 2482 4590 tuorum
2505 4553 2594 4606 ego
2639 4537 2894 4590 custodiri
2931 4536 3230 4607 rias_dnras
3253 4537 3425 4602 (Psal.
3462 4535 3603 4607 rm);
3635 4547 3788 4603 atque
3817 4539 3868 4590 in

2277 4605 2556 4679 Evangelia
2585 4607 2836 4660 Dominus
2847 4607 2972 4679 dicit
2991 4623 3009 4658 :
3030 4605 3228 4679 Iugum
3248 4610 3380 4660 enim
3412 4605 3577 4659 meruit
3594 4624 3752 4659 suave
3772 4619 3866 4673 est,

2269 4690 2318 4732 et
2346 4677 2475 4731 onus
2503 4693 2674 4731 meum
2717 4679 2822 4732 leve
2860 4678 3073 4748 (blatth.
3109 4677 3178 4748 i);
3209 4681 3468 4748 quomodo
3501 4696 3620 4744 ergo
3649 4689 3740 4731 aut
3762 4681 3865 4730 lata

2271 4750 2517 4814 charitas,
2551 4751 2592 4802 si
2616 4760 2836 4817 angusta
2862 4750 3051 4813 porta?
3075 4761 3163 4801 aut
3205 4752 3462 4814 quomodo
3484 4754 3676 4817 jugnm
3715 4767 3863 4802 suate

2271 4830 2344 4872 est
2376 4827 2422 4871 et
2453 4835 2578 4872 onus
2611 4820 2736 4884 leve,
2789 4820 2828 4873 si
2877 4820 2933 4890 in
2984 4821 3251 4890 prtecepIis
3284 4820 3380 4872 Dei
3429 4821 3521 4872 cite
3549 4824 3696 4872 dum
3723 4833 3858 4880 sunt,

2270 4905 2384 4958 quia
2429 4891 2791 4942 custodiuntur
2813 4891 2838 4943 ?
2873 4889 2990 4943 Sed
3013 4893 3146 4943 hanc
3175 4892 3318 4943 trabis
3347 4892 3683 4955 quaestionem
3713 4893 3859 4942 citius

2270 4961 2386 5031 ipsa
2417 4959 2615 5014 Veritas
2627 4961 2801 5021 solvit,
2821 4962 2942 5029 quia
2969 4963 3049 5013 via
3073 4961 3167 5013 Dei
3191 4970 3240 5013 et
3261 4963 3624 5031 inchoantibus
3645 4973 3860 5028 angns‘n

2273 5030 2365 5095 est,
2394 5041 2441 5084 et
2471 5033 2692 5102 perfecte
2713 5036 2827 5103 join
2859 5033 3138 5084 viventibus
3169 5032 3292 5082 lata.
3345 5030 3415 5084 Et
3446 5034 3578 5084 dura
3610 5043 3731 5084 sunt
3754 5049 3816 5101 qn
3841 5048 3862 5080 ."

2274 5115 2454 5173 contra
2491 5119 2637 5155 usum
2665 5102 2969 5173 spiritaliter
2996 5104 3168 5173 animo
3194 5103 3565 5171 proponimus;
3607 5115 3655 5154 ct
3699 5114 3859 5155 tntum

2273 5188 2403 5224 onus
2432 5172 2527 5225 Dei
2545 5174 2649 5227 leve
2669 5171 2767 5236 est,
2792 5182 3058 5242 postquam
3084 5171 3181 5224 hoc
3201 5173 3336 5241 [πῖνε
3363 5176 3689 5238 (aperimus,
3715 5176 3786 5226 ita
3815 5187 3860 5222 ri:

2272 5261 2366 5313 pro
2396 5260 2569 5314 amore
2598 5247 2709 5314 ejus
2735 5247 2886 5296 etiam
2911 5248 3194 5314 persecutio
3223 5244 3451 5312 placeat,
3480 5254 3528 5295 et
3560 5250 3730 5297 omnis
3778 5263 3860 5313 pro

2272 5331 2332 5367 eo
2363 5313 2566 5379 affectio
2616 5313 2730 5385 (AI.
2782 5313 3008 5383 afflictio]
3052 5316 3112 5365 in
3135 5315 3319 5367 mentis
3349 5314 3632 5367 dulcedine
3660 5318 3858 5368 veniat:

2275 5387 2403 5438 sicut
2432 5387 2592 5437 sancti
2623 5399 2822 5456 quoque
2849 5387 3074 5450 apostoli
3115 5388 3430 5456 gaudebant,
3465 5401 3586 5437 cum
3635 5401 3730 5453 pro
3766 5385 3861 5438 Do-

2277 5402 2403 5438 stcut
2432 5402 2592 5437 sancit
2623 5402 2822 5508 quoque
2849 5402 3072 5450 apostott
3115 5402 3430 5456 gaudebam,
3465 5402 3586 5437 cum
3635 5402 3730 5453 pro
3766 5402 3859 5438 uo-

2277 5459 2414 5509 tnino
2469 5457 2624 5525 ﬂagel
2650 5473 2680 5508 α
2733 5455 3037 5507 tolerabant.
3095 5457 3220 5525 Ipsa
3269 5471 3391 5524 ergo
3445 5467 3676 5525 angusta
3725 5466 3859 5524 porta

2274 5527 2560 5579 amantibus
2585 5529 2690 5578 lata
2720 5525 2816 5594 ﬁt;
2841 5525 2968 5594 ipsis
2991 5525 3086 5577 ria
3122 5529 3268 5578 dura:
3301 5526 3616 5590 spiritatiter
3657 5543 3860 5580 curren-

2272 5599 2405 5650 tibus
2437 5599 2615 5650 molles
2661 5608 2706 5650 et
2740 5595 3090 5666 plaiue'ﬂnnt,
3142 5595 3267 5647 dum
3306 5597 3652 5651 srit'animus
3695 5615 3750 5651 se
3780 5611 3861 5666 pro

2270 5668 2636 5735 temporalibus
2661 5667 2925 5719 doloribus
2946 5667 3137 5736 gaudia
3163 5674 3357 5720 eterna
3380 5668 3618 5736 recipere
3635 5685 3657 5722 :
3687 5679 3740 5724 et
3776 5671 3864 5722 hoc

2269 5740 2470 5809 incipit,
2496 5739 2632 5808 quod
2659 5737 2914 5808 affligitur,
2945 5751 3137 5790 amare.

3889 1440 3895 1716 ἓ
