3986 6188
181 269 330 326 1317

1120 263 1459 321 COLLATIO
1499 262 1691 321 xxxv.
1723 292 1793 306 —
1822 263 1910 321 an
1949 252 2555 324 MORTlFlCATlONE.

3331 263 3474 326 1518
3513 352 3524 378 (

177 381 438 438 omnibus
489 377 665 451 plagis
717 393 841 434 cum
893 379 1152 448 apostolis
1210 394 1426 449 semper
1476 379 1776 446 exsultans,
1807 382 2018 442 Asima
2040 383 2371 438 contumelia
2399 381 2699 437 mortiferis
2729 389 3079 450 impatientia
3108 382 3306 438 ictibus
3348 383 3472 439 vul-

173 482 336 542 Optat
365 481 423 527 ut
443 471 638 542 dignus
671 469 936 524 habeatur
962 483 1064 541 pro
1094 469 1315 525 nomine
1351 469 1555 526 Christi
1585 475 1779 525 contu-

172 570 399 625 meliam
425 567 536 638 pati
565 566 768 638 (Actor.
804 564 888 634 v)?

753 675 982 734 CAPUT
1011 673 1205 733 XXIV.

174 774 288 829 Cur
329 783 567 827 amarum
585 775 775 845 jugum
799 782 851 826 et
880 779 1035 841 grave
1072 785 1201 824 onus
1231 766 1440 823 Domini
1483 767 1786 825 sentiatur?

256 888 324 944 Ut
355 896 533 942 autem
562 885 719 940 nobis
745 885 1051 939 econtrario
1076 883 1262 954 jugum
1293 881 1492 938 Christi
1527 899 1631 938 non
1664 883 1782 940 leve

177 997 285 1038 nec
316 997 480 1036 suave
511 980 781 1045 videatur,
819 979 1176 1032 contumaciae
1213 987 1415 1033 nostrae
1460 985 1544 1033 est
1581 977 1784 1048 justius

174 1074 590 1137 ascrihendum,
637 1072 726 1143 qui
758 1071 1055 1125 diffidentia
1092 1079 1254 1140 atque
1281 1069 1662 1126 incredulitate
1689 1070 1784 1126 de-

173 1167 332 1237 jecti,
370 1173 557 1220 contra
591 1165 735 1218 illius
791 1162 1100 1232 imperium,
1135 1162 1299 1216 immo
1346 1161 1659 1226 consilium,
1691 1161 1783 1231 qui

176 1261 260 1314 ait
291 1277 304 1313 :
337 1257 398 1314 Si
438 1258 513 1312 vis
542 1257 799 1328 perfeczus
829 1271 959 1317 esse,
995 1254 1146 1317 vade,
1186 1253 1370 1315 vende,
1405 1253 1518 1308 sive
1546 1253 1780 1319 dimitte,

177 1353 361 1406 omnia
386 1360 494 1417 tua,
519 1359 565 1402 et
585 1346 720 1415 veni,
742 1361 947 1417 sequere
968 1361 1048 1398 me
1073 1343 1289 1416 (Matth.
1306 1345 1443 1414 nx),
1459 1344 1636 1414 inepta
1663 1360 1783 1414 per-

182 1443 455 1499 versitate
483 1454 805 1512 pugnamus,
830 1448 1175 1494 terrenarum
1206 1437 1416 1492 scilicet
1462 1437 1781 1492 facultatum

181 1535 446 1591 materias
476 1541 847 1596 retentantes;
877 1545 1106 1600 quarum
1136 1543 1258 1583 cum
1290 1527 1524 1583 nexibus
1544 1528 1783 1584 animum

181 1635 433 1683 nostrum
479 1623 729 1679 diabolus
774 1629 961 1677 teneat
1003 1620 1302 1689 illigatum,
1352 1620 1484 1689 quid
1533 1627 1783 1688 superest

181 1721 298 1776 nisi
325 1731 382 1795 ut
411 1734 530 1774 cum
562 1711 796 1771 voluerit
820 1729 918 1769 nos
945 1729 972 1766 a
1002 1712 1346 1782 spiritalibus
1385 1711 1596 1781 gaudiis
1623 1726 1780 1779 sepa-

183 1829 338 1880 rare,
371 1808 682 1867 earumdem
713 1807 1092 1862 imminutione
1137 1818 1202 1859 ac
1235 1803 1536 1873 privatione
1573 1803 1780 1858 nitesti-

183 1906 354 1962 ﬂcet?
383 1902 440 1958 ld
470 1902 712 1957 versutis
765 1898 1047 1953 fraudibus
1077 1896 1391 1962 elaborans,
1428 1904 1484 1949 ut
1511 1911 1638 1948 cum
1670 1895 1782 1966 jugi

184 2001 335 2055 illius
365 1996 608 2051 suavitas
639 2002 694 2048 et
716 1991 899 2048 oneris
929 1990 1126 2046 levitas
1158 1989 1366 2042 vitiosa:
1386 1987 1783 2054 concupiscen-

187 2093 285 2146 tiae
307 2092 573 2160 pravitate
602 2085 762 2141 nobis
788 2083 950 2138 fuerit
979 2090 1288 2151 aggravata,
1316 2078 1481 2150 ipsius
1511 2077 1786 2133 facultatis

186 2196 354 2253 atque
384 2179 728 2244 substantiae,
766 2191 926 2248 quam
958 2175 1112 2229 nobis
1149 2189 1244 2242 pro
1275 2171 1464 2242 requie
1494 2186 1558 2225 ac
1587 2171 1786 2226 solatio

187 2286 559 2337 reservamus,
589 2269 824 2325 vinculis
853 2266 1116 2331 irretitos,
1150 2265 1500 2320 saecularium
1532 2276 1785 2320 curaru

186 2365 377 2435 ﬂagris
406 2379 624 2432 semper
650 2359 946 2428 excruciet,
981 2374 1048 2413 ex
1070 2357 1476 2427 nobismetipsis
1507 2371 1614 2426 quo
1644 2353 1786 2410 dila-

185 2470 443 2511 ceremur
491 2453 834 2522 exsculpens.
900 2460 926 2488 ἰ
990 2449 1263 2504 Funiculis
1319 2463 1556 2518 namque
1606 2464 1791 2515 pecca-

188 2557 361 2602 torum
390 2563 602 2601 suorum
630 2545 976 2614 unusquisque
1006 2543 1376 2614 constringitur
1401 2540 1676 2608 (Prorerb.
1704 2541 1785 2610 v),

188 2640 420 2694 audiens
448 2654 543 2709 per
571 2638 919 2709 prophetam,
955 2634 1087 2688 Ecce
1127 2650 1302 2688 omnes
1336 2648 1424 2686 vos
1457 2631 1788 2685 accendentes

187 2734 388 2804 ignem,
419 2731 640 2784 accincti
670 2728 916 2800 flammis,
947 2726 1208 2779 ambulate
1239 2727 1290 2778 in
1321 2724 1516 2778 lumine
1543 2724 1680 2796 ignis
1705 2738 1791 2776 ve-

185 2824 312 2890 stri,
340 2832 383 2876 et
410 2823 464 2876 in
483 2824 708 2892 ﬂammis
723 2836 852 2891 quas
876 2818 1209 2873 succendistis
1239 2813 1420 2887 (Isaice
1450 2813 1524 2884 ι).
1550 2813 1655 2868 Per
1679 2815 1791 2869 Ilth

185 2916 489 2987 siquidem,
513 2923 570 2970 ut
593 2914 851 2971 Salomon
889 2914 1038 2967 testis
1072 2920 1175 2977 est,
1203 2911 1548 2979 unusquisque
1569 2925 1659 2976 per
1680 2924 1792 2978 quae

185 3011 478 3080 peccaverit
501 3017 551 3062 et
573 3009 817 3079 punietur
848 3005 1107 3077 (Sapient.
1157 3002 1254 3074 ιιι).
1288 3002 1425 3072 Ipsae
1456 3003 1600 3056 enim
1633 3000 1789 3055 nobis

185 3111 465 3157 tormento
490 3110 615 3157 sunt
643 3100 845 3170 quibus
872 3098 1075 3152 utimur
1101 3096 1435 3165 voluptates:
1469 3103 1521 3148 et
1551 3094 1790 3148 oblecta-

187 3207 378 3252 menta
405 3196 564 3265 hujus
611 3194 793 3250 carnis
841 3201 1003 3261 atque
1035 3189 1250 3244 deliciae
1279 3229 1292 3254 ,
1324 3187 1640 3243 carniﬁcum
1671 3188 1792 3242 vice

188 3289 250 3343 in
273 3303 427 3342 suum
471 3295 859 3354 retorquentur
896 3292 1170 3336 auctorem
1219 3299 1230 3332 :
1280 3280 1404 3349 quia
1439 3293 1668 3333 necesse
1708 3287 1793 3334 est

190 3395 319 3436 eum
343 3380 433 3449 qui
463 3377 807 3433 facultatibus
831 3375 1075 3444 pristinis
1097 3373 1396 3442 opibusque
1410 3370 1662 3427 suﬂ'ultus
1684 3379 1788 3440 est,

191 3487 300 3528 nec
326 3472 594 3540 integram
643 3469 1000 3522 humilitatem
1033 3465 1236 3531 cordis,
1286 3478 1386 3518 nec
1417 3462 1793 3518 mortiﬁcatio-

192 3579 320 3618 nem
353 3562 568 3632 plenam
602 3559 884 3615 noxiarum
926 3559 1204 3626 suscipere
1247 3555 1586 3608 voluntatum
1619 3553 1786 3626 [Lips.

190 3657 250 3709 in
282 3671 445 3726 marg.
477 3648 862 3722 voluptatum].
896 3649 991 3704 His
1027 3658 1205 3703 autem
1250 3647 1509 3700 virtutum
1554 3645 1790 3712 patroci-

193 3745 459 3801 nanlibus
491 3744 890 3807 instrumentis,
921 3754 1111 3794 omnes
1153 3739 1276 3792 vitae
1312 3737 1594 3807 praesentis
1625 3752 1794 3805 angu-

195 3841 316 3894 stia:
348 3848 401 3894 et
429 3848 624 3893 cuneta
656 3852 778 3906 quae
812 3834 1062 3888 inimicus
1101 3839 1280 3900 potest
1324 3829 1529 3884 inferre
1571 3830 1794 3898 dispen-

196 3933 309 3998 dia,
338 3947 450 3987 nou
483 3932 646 3986 modo
680 3927 1090 3998 patientissime,
1142 3940 1329 3979 verum
1378 3927 1542 3978 etiam
1587 3925 1791 3991 jucun-

197 4029 419 4083 dissime
459 4025 825 4086 sustinentur,
877 4019 1073 4090 quibus
1121 4032 1340 4072 rursum
1389 4018 1790 4072 exsultantibus

198 4121 360 4176 elatio
383 4130 489 4174 tam
520 4115 826 4188 perniciosa
855 4102 1172 4176 succrescit,
1202 4119 1262 4164 ut
1291 4110 1454 4164 etiam
1502 4125 1598 4178 pro
1630 4110 1792 4163 levis-

1886 489 2156 545 neremur,
2174 475 2495 544 dicaturque
2515 475 2672 530 nobis
2693 491 2787 545 per
2806 474 3095 531 Jeremlam
3112 475 3430 545 prophetam
3453 493 3469 531 :
3536 494 3542 520 τ
3566 519 3568 522 .

1885 565 1953 621 Et
1977 585 2114 660 nunc
2141 567 2268 640 quid
2297 569 2388 622 tibi
2408 569 2482 622 vis
2511 585 2626 621 cum
2654 569 2736 621 via
2755 567 2993 638 Egypti,
3019 577 3076 620 ut
3113 567 3254 621 bibas
3285 582 3501 660 aquam.‘
3577 577 3579 579 ’

1883 659 2141 713 turbidam
2165 662 2188 714 ?
2212 660 2277 712 Et
2301 676 2439 713 nunc
2460 659 2584 729 quid
2615 661 2704 714 tibi
2729 661 2802 713 vis
2830 675 2949 712 cum
2993 659 3078 712 via
3115 660 3468 729 Assyriorum,
3494 665 3500 699 ‘-

1884 758 1941 803 ut
1980 749 2119 804 bibas
2159 767 2344 820 aquam
2394 750 2674 821 ﬂuminis?
2725 751 2916 821 Arguet
2958 760 3005 803 te
3060 749 3264 803 malitia
3295 758 3401 816 tua,
3428 756 3501 824 et_

1883 843 2078 896 aversio
2101 849 2192 896 tua
2217 843 2503 910 increpabit
2531 851 2598 896 te.
2647 841 2788 896 Scito
2813 850 2862 896 et
2887 843 3004 896 vide
3029 859 3180 912 quam
3200 843 3398 896 malum
3427 850 3476 896 et

1884 950 2122 989 amarum
2152 943 2224 989 est
2249 944 2297 989 te
2323 935 2652 1003 dereliquisse
2687 935 2964 990 Dominum
3003 935 3173 989 Deum
3211 945 3380 1000 tuum,
3428 942 3476 988 et

1884 1043 1986 1081 nou
2012 1044 2121 1082 esse
2135 1028 2364 1081 timorem
2384 1042 2554 1081 meum
2580 1028 2720 1098 apud
2745 1037 2809 1092 te,
2839 1028 2963 1081 dicit
2985 1027 3237 1082 Dominus
3255 1025 3473 1098 (Jerem.

1884 1120 1970 1191 ιι).
2001 1121 2154 1188 Quod
2177 1133 2310 1190 ergo
2335 1119 2453 1190 jugi
2473 1119 2740 1174 Dominici
2779 1120 3006 1174 miriﬁca
3029 1120 3268 1174 suavitas
3291 1133 3475 1175 amara

1885 1218 2173 1281 sentiatur,
2205 1213 2332 1283 quid
2360 1223 2461 1280 est,
2499 1213 2604 1267 nisi
2634 1215 2757 1280 quia
2788 1228 2909 1268 eum
2941 1213 3243 1267 aversionis
3274 1222 3476 1268 nostra

1885 1306 2182 1361 amaritudo
2219 1305 2562 1375 corrumpit?
2613 1305 2771 1372 Quod
2802 1305 2966 1361 divini
3011 1305 3193 1361 oneris
3239 1316 3346 1360 tam
3391 1306 3476 1374 ju-

1886 1399 2058 1454 cunda
2109 1399 2300 1454 levitas
2329 1399 2676 1468 ingravescit,
2711 1398 2844 1467 quid
2878 1407 2961 1454 est
2987 1399 3089 1453 nisi
3128 1398 3251 1466 quia
3293 1414 3415 1452 eum
3443 1412 3476 1454 ι

1886 1508 1991 1564 quo
2017 1493 2418 1549 sustinebamur
2443 1493 2750 1548 contumaci
2786 1493 3206 1563 praesumptione
3229 1501 3472 1548 contem-

1887 1587 2096 1653 nimus,
2141 1588 2342 1656 quippe
2403 1601 2524 1641 cum
2572 1586 2854 1642 evidenter
2911 1587 3141 1656 idipsum
3195 1587 3476 1658 Scriptura

1886 1690 2134 1748 testetur,
2164 1681 2350 1735 dicens
2377 1680 2439 1734 εδ
2467 1679 2608 1734 Nam
2632 1681 2676 1734 si
2706 1681 3022 1734 ambularent
3054 1681 3260 1734 semitas
3289 1687 3471 1745 rectas,

1813 1765 1862 1825 B
1888 1773 2192 1826 invenissent
2222 1774 2396 1842 utique
2426 1773 2634 1826 semitas
2655 1773 2881 1844 justitice
2911 1773 3040 1824 leves
3067 1768 3246 1840 (Prov.
3275 1786 3334 1836 ll,
3373 1785 3474 1824 sec.

1887 1862 2086 1933 LXX).
2115 1864 2248 1928 Nos,
2273 1863 2512 1933 inquam,
2555 1878 2652 1918 nos
2692 1877 2812 1918 esse
2864 1862 3210 1915 manifestum
3252 1870 3355 1924 est,
3386 1859 3478 1928 qui

1888 1957 2111 2012 semitas
2133 1956 2340 2011 Domini
2371 1965 2548 2011 rectas
2576 1970 2638 2010 ac
2668 1956 2814 2010 leves
2845 1955 3027 2023 pravis
3057 1952 3316 2021 durisque
3338 1951 3481 2005 desi-

1888 2049 2162 2104 deriorum
2220 2050 2472 2104 cautibus
2524 2061 2880 2114 aSperamus,
2939 2046 3031 2116 qui
3086 2048 3228 2101 viam
3275 2046 3481 2114 regiam

1890 2141 2202 2212 apostolicis
2255 2155 2317 2196 ac
2367 2139 2700 2211 propheticis
2755 2138 3000 2194 silicibus
3053 2139 3477 2203 communitam,

1891 2245 2314 2304 sanctorumque
2334 2235 2574 2288 omnium
2600 2244 2762 2303 atque
2795 2235 2962 2301 ipsius
2988 2231 3205 2286 Domini
3235 2232 3481 2297 vestigiis

1891 2330 2309 2398 complanatam,
2339 2326 2711 2380 amentissime
2739 2325 3087 2388 deserentes,
3137 2325 3293 2379 devia
3325 2339 3482 2394 qua:-

1891 2436 1997 2492 que
2037 2435 2099 2474 ac
2122 2420 2346 2474 dumosa
2374 2428 2669 2486 sectamur,
2700 2425 2754 2472 et
2778 2417 3122 2486 praesentium
3158 2417 3482 2472 oblectatio-

1894 2529 2019 2568 num
2047 2512 2321 2567 illecebris
2347 2512 2627 2578 obcaecati,
2663 2526 2756 2580 per
2785 2510 3047 2565 obscuros
3078 2511 3481 2581 impeditosque

1891 2604 2147 2659 vitiorum
2179 2602 2424 2658 sentibus
2452 2602 2642 2667 calles,
2694 2602 2943 2657 laceratis
2983 2602 3255 2669 cruribus,
3289 2611 3344 2658 et
3390 2603 3480 2658 di-

1893 2707 2048 2768 rupta
2080 2697 2168 2751 illa
2209 2697 2436 2765 nuptiali
2464 2706 2635 2761 veste,
2683 2704 2979 2765 reptamus,
3013 2711 3116 2749 non
3156 2696 3318 2751 modo
3346 2712 3479 2752 acu-

1895 2792 2116 2847 tissimis
2147 2791 2394 2860 veprium
2424 2789 2622 2844 aculeis
2650 2787 2976 2859 conligendi,
3007 2789 3102 2844 sed
3137 2790 3297 2844 etiam
3329 2790 3483 2844 viru-

1894 2885 2162 2939 lentorum
2189 2892 2500 2952 serpentum
2535 2882 2622 2934 vel
2655 2881 3006 2949 scorpionum
3047 2880 3161 2936 illic
3201 2881 3480 2938 latentium

1895 2977 2086 3032 ictibus
2114 2975 2456 3031 vulnerandi.
2493 2986 2514 3012 ο
2560 2973 2760 3027 Tributi
2807 2974 2952 3028 enim
3005 2983 3052 3027 et
3101 2973 3271 3043 laquei
3313 2976 3365 3028 in
3387 2975 3486 3030 viis

1897 3073 2099 3142 pravis;
2126 3071 2213 3142 qui
2239 3082 2410 3124 autem
2439 3070 2578 3122 timet
2611 3066 2907 3131 Dominum,
2935 3066 3202 3120 abstinebit
3227 3082 3281 3120 se
3309 3069 3371 3121 ab
3411 3070 3485 3124 eis

1897 3164 2078 3236 (Prov.
2112 3162 2267 3232 χχιι).
2307 3163 2379 3216 lle
2424 3161 2619 3214 talibus
2663 3168 2716 3214 et
2750 3158 2879 3212 alibi
2927 3157 3183 3212 Dominus
3217 3172 3311 3228 per
3358 3172 3482 3228 pro.

1895 3257 2114 3328 phetam
2149 3273 2160 3307 :
2196 3252 2398 3308 Oblitus
2419 3260 2492 3326 est
2522 3252 2642 3318 mei,
2679 3250 2873 3319 inquit,
2910 3250 3132 3318 populus
3163 3265 3323 3315 meus,
3374 3250 3486 3319 fru-

1894 3360 2005 3405 stra
2035 3350 2252 3403 libantes
2282 3358 2326 3402 et
2351 3347 2687 3418 impiugentcs
2714 3345 2767 3398 in
2795 3345 2888 3398 viis
2919 3344 3046 3408 suis,
3083 3345 3135 3396 in
3166 3344 3358 3396 semitis
3384 3357 3485 3397 sa:-

1894 3444 2015 3510 culi,
2047 3453 2100 3496 ut
2130 3441 2453 3494 ambularent
2480 3455 2569 3508 per
2594 3455 2681 3491 eas
2704 3437 2756 3490 in
2777 3437 2957 3489 itinere
2980 3452 3082 3488 non
3111 3435 3229 3487 trito
3255 3433 3486 3506 (lerem.

1900 3537 2071 3604 xvm).
2093 3533 2120 3571 ά
2147 3533 2254 3586 γεω
2273 3533 2439 3595 enim,
2468 3529 2768 3583 secundum
2803 3526 3128 3580 sententiam
3151 3526 3480 3594 Salomonis,

1895 3627 2026 3681 nihil
2054 3625 2416 3693 aperantium,
2474 3626 2655 3671 stratae
2694 3625 2814 3668 sunt
2865 3616 3052 3685 spinis,
3110 3617 3322 3684 fortium
3368 3629 3487 3671 vero

1897 3719 2032 3770 truce
2060 3723 2172 3768 sunt
2199 3712 2385 3781 (Prov.
2421 3710 2552 3778 xv);
2582 3717 2639 3762 et
2666 3708 2735 3761 ita
2765 3705 2832 3760 ab
2861 3706 3053 3760 itinere
3075 3706 3225 3775 regio
3261 3706 3487 3761 devian-

1897 3819 2000 3874 tes,
2027 3805 2092 3860 ad
2125 3804 2268 3857 illam
2309 3799 2658 3869 metropolim
2700 3796 2999 3866 civitatem,
3028 3797 3116 3850 ubi
3151 3804 3335 3852 noster
3361 3811 3487 3851 cur-

1895 3915 1986 3956 sus
2014 3894 2465 3954 indeclinabiliter
2491 3905 2705 3959 semper
2731 3888 2891 3944 debet
2918 3902 3041 3943 esse
3070 3888 3334 3954 directus,
3371 3903 3481 3944 non

1895 4002 2148 4068 poterunt
2195 3990 2497 4063 pervenire.
2543 3984 2697 4053 Quod
2737 3983 2897 4038 etiam
2947 3981 3303 4038 Ecclesiastes
3353 3985 3486 4038 satis

1894 4091 2266 4164 significanter
2285 4080 2570 4152 expressit,
2604 4087 2627 4114 θ
2657 4074 2826 4130 Labor
2847 4116 2862 4140 ,
2893 4075 3168 4143 inquiens,
3206 4075 3486 4130 stultorum

1267 4220 1527 4275 ALARDI
1566 4219 1792 4274 GAZAEI
1831 4200 2392 4272 COMMENTARIUS.

198 4363 200 4366 '
275 4356 301 4383 ⁸
341 4346 534 4400 Noster
577 4343 850 4417 interpres
885 4358 898 4393 :
933 4339 1239 4410 Iniquitates
1285 4351 1394 4390 sure
1446 4335 1654 4417 capiunt
1695 4335 1792 4387 im-

199 4421 364 4491 pium,
389 4427 436 4469 et
458 4415 668 4491 funibus
701 4422 1268 4491 peccatorumsuorum
1301 4415 1694 4489 constringitur.

273 4490 301 4528 ι)
332 4488 423 4543 Sic
457 4481 736 4540 reatitutns
774 4502 804 4538 a
831 4483 1088 4539 Ciaconio
1118 4481 1270 4534 locus
1302 4481 1422 4540 iste,
1458 4481 1547 4543 qui
1599 4481 1793 4530 vitiosa

205 4560 555 4616 distinctione
578 4567 734 4611 antea
770 4556 1074 4626 legebatur:
1112 4549 1262 4626 Nam
1288 4551 1332 4602 si
1363 4547 1687 4626 ambularent
1709 4563 1787 4601 se-
1820 4550 1875 4611 D

203 4615 353 4686 initas
377 4638 561 4694 rectas,
609 4615 914 4681 inveniss‘eitt
947 4625 1118 4692 utique
1137 4623 1342 4694 sem-itas
1360 4619 1592 4694 justitiae.
1638 4615 1794 4694 Leues

209 4720 299 4758 nos
347 4713 449 4755 etc.
485 4689 618 4753 Nam
652 4700 836 4754 Graeca
874 4699 942 4751 ita
993 4689 1187 4747 sonant
1229 4709 1242 4745 :
1279 4692 1338 4744 Si
1385 4691 1517 4742 enim
1558 4689 1796 4742 ambula-

206 4783 315 4827 rent
349 4774 454 4825 vias
483 4771 663 4832 bonas,
705 4769 1013 4822 invenissent
1043 4765 1216 4829 utique
1248 4763 1352 4815 vias
1376 4760 1605 4832 justitin
1644 4760 1791 4814 leves.

203 4845 311 4901 Sed
346 4831 778 4907 (2as~iauusipr0
820 4839 1031 4913 τριϐοὑς
1078 4837 1301 4908 ἀγαθάς,
1328 4833 1564 4913 ,νιιιιξμιι-
1597 4831 1798 4913 legisse

201 4916 410 4992 τριϐοὺς
437 4915 609 4992 ὀρθᾴς,
643 4901 721 4964 vel
752 4901 963 4970 εὐθέίας.
1017 4907 1089 4988 Ita
1118 4901 1429 4992 inaequius:
1459 4901 1555 4992 cui
1606 4902 1798 4992 satira:

202 4970 359 5055 ginta
389 4970 841 5051 S.'llierouytttus
882 4998 930 5055 tu
963 4978 1191 5055 epistola
1225 4977 1288 5029 ad
1320 4973 1657 5055 ('laelantiam,
1694 4970 1797 5055 ubi

205 5043 350 5108 liitiic
381 5057 558 5108 locum
607 5043 942 5118 ita'respicit
988 5043 1044 5104 et
1088 5052 1265 5103 citat:
1321 5043 1793 5118 Inveniturhsicut

202 5128 476 5188 Scriptura
504 5125 646 5185 dicit,
673 5113 851 5175 semita
872 5122 1093 5191 justitice
1128 5120 1249 5172 levis
1279 5118 1460 5184 (Prov.
1511 5113 1590 5184 ιι).
1626 5114 1794 5168 Porro

201 5216 252 5251 ιιι
297 5197 521 5264 Vulgata
555 5195 796 5249 editione
828 5193 959 5245 mhil
994 5193 1100 5244 tale
1127 5192 1377 5264 habetur.

279 5279 299 5304 ε
335 5255 560 5330 νιΠμτιιςι
604 5264 810 5319 editio:
837 5264 993 5316 Arma
1033 5272 1076 5314 et
1115 5262 1278 5332 gladii
1325 5263 1376 5313 in
1417 5259 1499 5332 via
1545 5255 1796 5332 peruersi;

201 5351 376 5391 custos
405 5326 575 5390 autem
614 5336 802 5388 animae
842 5351 947 5388 saw
988 5326 1137 5402 longe
1173 5332 1360 5384 recedit
1391 5329 1463 5402 ab
1496 5332 1569 5383 eis
1613 5326 1794 5402 (Prov.

204 5411 362 5476 xx“).
402 5405 500 5462 Ubi
536 5407 800 5460 Veni-vah.
852 5405 1034 5459 Beda:
1078 5395 1392 5476 Dupliciter,
1453 5395 1646 5476 inquit,
1703 5395 1799 5450 hoc

201 5472 594 5548 intelligendum
619 5493 636 5532 :
664 5478 786 5547 quia
811 5477 1052 5548 perversi,
1075 5474 1262 5548 armati
1285 5487 1480 5548 semper
1509 5472 1576 5522 ad
1608 5484 1796 5548 nocen-

202 5551 329 5604 dum
354 5542 602 5618 proximis
631 5542 910 5612 verbofvct
939 5562 1089 5618 Opere
1109 5547 1346 5618 scelesto,
1374 5554 1434 5618 et-
1450 5542 1588 5618 ipsos
1615 5545 1801 5618 parata

203 5609 404 5692 semper
435 5627 698 5689 exspectat
739 5609 866 5672 ultio
896 5616 1056 5692 divini
1088 5613 1355 5692 mirantis.
1396 5611 1496 5692 Qui
1537 5626 1652 5661 vero
1677 5609 1802 5692 ani:

203 5683 346 5746 mauu
380 5683 613 5745 suam'iu
639 5699 885 5743 wteruum
910 5687 1097 5740 salvari
1127 5692 1387 5756 procurat,
1419 5685 1570 5752 longe
1610 5683 1802 5748 refugit

206 5761 280 5823 ab
298 5763 596 5828 huiusmodi
613 5762 771 5817 armis
799 5771 845 5816 et
864 5759 1075 5828 gladiis,
1107 5757 1225 5826 quia
1249 5763 1295 5810 st
1327 5761 1540 5808 mentem
1567 5765 1804 5804 manum-

1903 4347 1998 4402 que
2022 4343 2166 4382 suam
2198 4341 2228 4376 a
2255 4309 2838 4402 proximorumjltesione
2859 4315 3152 4402 orelrenat,‘
3183 4317 3236 4402 et
3268 4323 3330 4360 ne
3370 4307 3486 4402 ani-

1904 4379 2265 4455 biennio";
2293 4387 2509 4446 districti
2535 4383 2730 4453 judicis
2776 4379 2992 4449 feriatur
3020 4421 3034 4444 ,
3079 4380 3273 4432 intenta
3318 4389 3484 4433 mente

1900 4478 2172 4541 praecavet.
2483 4529 2546 4541 ψ
2661 4526 2671 4536 _
2952 4519 3260 4541 wuhmh

1971 4541 1998 4579 ἀ
2032 4541 2186 4606 Vulg.
2231 4543 2406 4590 textus
2434 4550 2446 4583 :
2483 4529 2595 4606 Vite
2624 4529 3261 4606 pigrornumnquqstlsqpes
3309 4529 3489 4606 spina-

1898 4589 2168 4675 rumfi-iz
2207 4589 2468 4675 justorum
2515 4589 2704 4675 absque
2753 4589 3124 4675 o/fendiculql
3148 4589 3300 4642 Prov.
3331 4607 3416 4671 ,κν
3439 4592 3484 4662 ).

1900 4662 2232 4753 'Pigrbsdici't
2259 4693 2344 4753 eos
2365 4688 2488 4741 quos
2519 4671 2653 4738 piget
2684 4662 3183 4753 opqrariLjus‘titiam
3254 4662 3342 4753 qui
3366 4677 3490 4742 cum

1899 4731 2270 4805 inﬁmam:
2300 4731 2677 4813 appetun't,’eos
2705 4731 2837 4813 velut
2867 4731 3228 4813 obsistentium
3265 4735 3487 4801 sepium,

1899 4803 1974 4877 sic
2004 4803 2344 4892 formidinum
2369 4803 2578 4866 suarum
2607 4808 2858 4876 opposita:
2889 4803 3202 4874 suspiciones
3229 4812 3486 4873 pungunt.

1901 4893 2191 5029 Beeav'ulg.
2217 4956 2388 5011 Labor
2405 4946 3014 5029 stultorum-afﬂigeteos
3034 4944 3120 5012 qui
3151 4943 3384 5029 nesciunt
3416 4943 3490 4997 ire

1898 5037 1950 5090 in
1982 5014 2238 5088 civ‘itai’cm
2265 5023 2491 5094 (Eccles.
2526 5026 2636 5094 xv).
2684 5014 2826 5086 Lege
2851 5014 3140 5094 Platonem,
3178 5015 3256 5067 ait
3297 5014 3488 5094 Iliam.

1899 5080 2433 5178 ⁷Ᾰιλιδξοιρξιὶις
2459 5080 2654 5174 revolre
2675 5080 3242 5178 t'er'sutiqsLZenouem
3289 5093 3336 5134 et
3365 5080 3492 5178 Car;

2135 5169 2431 5239 diligentius
2459 5165 2676 5225 intuere,
2704 5155 3014 5239 et_probabis
3028 5170 3205 5239 verum
3220 5169 3328 5206 esse
3353 5155 3493 5239 quod

1901 5224 2332 5303 dic‘ilu‘rngliabor
2375 5224 2669 5288 stultorum
2704 5226 3030 5303 aﬁligetfeos.
3086 5224 3261 5303 Verita
3281 5240 3365 5303 em
3409 5224 3491 5278 illi

2115 5294 2260 5370 omni
2281 5309 2450 5364 studio
2471 5294 2775 5386 quasiverunt
2793 5294 2925 5387 ;'s‘ed
2943 5296 3063 5375 quia
3081 5312 3182 5350 non
3204 5294 3492 5387 haLbuerunt

2124 5366 2456 5456 ρίριιωυίιιηι
2483 5366 2711 5435 itineris,
2750 5382 2795 5424 et
2849 5367 3087 5449 bumauis
3116 5366 3350 5456 seqsibns
3391 5367 3493 5420 rati

1902 5437 2024 5515 Qui
2035 5437 2093 5514 se
2116 5437 2543 5524 comprehendere
2571 5459 2722 5524 posse
2751 5439 3059 5524 sapientiam
3077 5478 3090 5502 ,
3109 5437 3200 5524 Jad.
3211 5437 3492 5524 [civitatein

1904 5505 2500 5600 iiiiuiie'péiimeruuc,
2547 5505 2832 5595 dequo-iu
2869 5507 3066 5591 psalmo
3097 5506 3287 5600 dicitur
3329 5522 3346 5587 ς
3381 5505 3493 5600 Dp-

1906 5577 2410 5668 iiii'e'fd'uuum
2471 5577 2562 5643 tua
2608 5577 2882 5654 imaginem
2921 5580 3158 5648 ipsorum
3215 5577 3495 5647 dissipabis

1907 5675 2133 5748 (Psatm.
2158 5672 2351 5736 um).
