4022 6192
478 334 608 403 1519
1539 328 1814 389 JOANNIS
1851 324 2168 384 CASSIANI
2204 312 2700 381 COLLATIONES.
3642 317 3819 381 I320

475 462 659 531 aﬁltget
696 472 779 510 eos
800 454 887 525 qui
908 470 1008 506 non
1037 456 1378 519 cognoverunt
1404 445 1477 498 ire
1504 444 1559 497 in
1584 444 1843 496 civitatem
1867 438 2065 511 (Eccle.
2093 442 2149 504 Α
2171 446 2219 490 et
2245 436 2509 490 invenietis
2540 432 2875 505 refrigerium
2906 431 3179 531 animabus
3199 432 3380 531 vestris
3408 432 3641 499 (larem.
3669 453 3753 506 v1)
3776 455 3801 507 ;

434 552 448 603 ἒ
478 522 598 621 xv),
628 550 769 603 illam
798 522 1011 600 scilicet
1040 542 1333 596 Jerusalem
1363 539 1636 602 caelestem,
1668 550 1782 606 qua:
1811 542 1885 589 εει
1911 541 2074 587 mater
2174 527 2305 583 θείη
2328 541 2561 596 namque
2587 527 2668 621 ei}
2687 526 2945 621 οοηῑίηξιο
2969 539 3132 592 ll"!va
3155 524 3208 577 ίη
3233 522 3466 591 ἀίτεεῑπι
3494 536 3551 579 θοι
3576 542 3813 596 εερεει
3872 568 3913 591 κο

478 616 706 697 animum
726 647 961 693 nostrum
983 633 1183 705 (Galat.
1210 632 1313 699 tv).
2173 623 2230 678 in
2249 623 2365 677 vias
2384 621 2572 692 planas
2598 617 2780 689 (Isaia
2800 616 2913 687 xL);
2939 628 2993 674 et
3014 628 3293 689 gustantes
3323 620 3593 675 videbunt
3618 638 3811 692 quam

1056 724 1283 782 CAPUT
1328 722 1492 779 XXV.
2177 716 2359 771 suavis
2416 722 2501 769 est
2550 714 2814 768 Dominus
2873 708 3048 783 (Psal.
3102 710 3330 784 xxxnt);
3377 714 3818 786 audientesque

665 824 804 893 Quid
834 822 977 876 nobis
1006 820 1243 874 utilitatis
1272 821 1539 888 conferant
1567 815 1891 869 tentationes.
2177 807 2455 863 Christum
2481 807 2534 861 in
2558 806 2853 875 Evangelio
2879 806 3306 875 proclamantem
3331 825 3344 860 :
3377 806 3561 863 Venite
3581 812 3667 862 ad
3686 828 3815 874 me,

553 917 807 987 Quisquis
841 922 1021 968 autem
1054 913 1108 966 in
1128 911 1360 966 veritate
1377 910 1499 962 huic
1529 907 1729 962 mundo
1757 902 2076 959 renuntiaus
2182 916 2358 954 omnes
2380 900 2469 969 qui
2502 900 2749 953 laboratis
2774 908 2823 952 et
2848 900 3048 952 onerati
3069 900 3214 965 estis,
3242 908 3288 952 et
3314 916 3407 972 ego
3431 902 3677 969 reficiam
3708 920 3817 956 ros

483 1027 646 1083 super
676 1026 734 1065 se
778 1007 1174 1075 tuleritiugum
1214 1002 1445 1067 Christi,
1486 1008 1541 1055 et
1588 998 1844 1053 didicerit
1886 995 1955 1051 ab
1986 1009 2075 1058 eo,
2181 990 2406 1061 (Matth.
2462 990 2588 1061 xl);
2644 990 2907 1060 depositis
2960 990 3287 1059 ponderibus
3336 993 3620 1059 vitiorum,
3667 1009 3815 1064 qua

485 1100 819 1175 quotidianis
848 1100 1170 1168 iniuriarum
1194 1093 1476 1151 exercitiis
1500 1090 1763 1155 eruditus,
1793 1090 1915 1159 quia
1945 1086 2083 1140 mitis
2184 1094 2490 1152 sequuntur
2521 1084 2842 1151 intelligent,
2872 1083 3010 1147 Quia
3030 1086 3220 1155 jugum
3248 1100 3415 1137 meum
3438 1103 3593 1141 suave
3619 1090 3727 1149 est,
3757 1098 3817 1140 et

488 1174 570 1253 est
599 1206 648 1250 et
678 1195 889 1248 humilis
920 1193 1073 1246 corde
1104 1188 1318 1261 (Matth.
1365 1186 1464 1257 xt),
1497 1186 1550 1239 in
1580 1184 1790 1239 cunctis
1832 1179 2084 1236 tentatio—
2184 1193 2315 1231 onus
2341 1192 2509 1229 meum
2540 1176 2645 1229 leve
2677 1174 2890 1246 (1bid.).
2923 1184 2949 1213 ι
2974 1176 3152 1231 Habet
3174 1193 3301 1247 ergo
3330 1178 3677 1249 refrigerium
3712 1184 3815 1235 via

493 1289 651 1343 nibus
675 1285 918 1342 manebit
952 1296 1166 1351 semper
1197 1278 1513 1343 immobilis,
1543 1277 1716 1330 omnia
1747 1289 1851 1343 que
1894 1272 1968 1327 illi
1999 1287 2085 1325 co-

493 1379 842 1451 operabuntur
872 1378 925 1430 in
956 1376 1145 1429 bonum
1175 1372 1353 1444 (Rom.
1383 1368 1521 1439 vui).
1570 1368 1739 1422 Verba
1768 1366 1910 1421 enim
1965 1364 2080 1429 Dei,

494 1470 791 1528 secundum
824 1468 1067 1523 Abdiam.
1090 1464 1427 1535 prophetam,
1465 1464 1595 1515 bona
1626 1468 1743 1513 sunt
1771 1474 1887 1511 cum
1909 1472 1968 1511 eo
1998 1456 2085 1525 qui

496 1574 627 1617 recte
655 1563 887 1631 graditur
912 1558 1101 1625 (Mich.
1129 1557 1213 1629 ιι).
1248 1556 1314 1610 Et
1344 1556 1539 1609 iterum
1580 1571 1592 1604 :
1647 1552 1782 1617 Quia
1814 1558 1965 1603 recta:
1992 1550 2088 1602 via:

498 1653 731 1719 Domini,
752 1663 797 1706 et
807 1653 941 1723 justi
964 1650 1204 1704 incedunt
1226 1649 1279 1701 in
1296 1648 1389 1711 eis,
1408 1646 1824 1718 pravaricatores
1847 1658 1961 1695 vero
1975 1657 2087 1693 cor-

498 1755 644 1801 ruent
660 1747 711 1799 in
726 1745 795 1798 eis
812 1742 959 1815 (Osc.
980 1742 1115 1811 xiv).
1143 1740 1342 1809 Majora
1358 1738 1520 1809 igitur
1541 1736 1697 1791 nobis
1713 1750 1807 1805 per
1831 1734 2091 1788 collucta-

2192 1269 2431 1332 Domini,
2462 1270 2504 1321 si
2534 1268 2827 1323 secundum
2857 1270 3029 1337 legem
3060 1269 3232 1339 ipsius
3262 1280 3526 1325 teneatur.
3546 1274 3661 1327 Sed
3699 1288 3815 1329 nos

2187 1376 2376 1416 sumus
2406 1362 2497 1431 qui
2537 1361 2755 1416 dolores
2779 1361 2936 1416 nobis
2965 1373 3127 1431 atque
3158 1372 3429 1418 tormenta
3462 1366 3814 1422 turbulentis

2190 1454 2615 1511 distentionibus
2646 1470 3023 1525 procuramus,
3068 1456 3199 1511 dum
3248 1459 3512 1513 malumus
3540 1463 3659 1516 vias
3689 1478 3813 1517 sm-

2187 1547 2295 1601 culi
2328 1546 2487 1615 hujus
2516 1561 2711 1617 pravas
2734 1556 2898 1616 atque
2925 1562 3210 1616 perversas
3234 1550 3399 1603 etiam
3423 1567 3543 1605 cum
3570 1567 3810 1606 summo

2190 1638 2499 1695 discrimine
2553 1656 2617 1695 ac
2667 1639 2987 1695 difﬁcultate
3034 1643 3254 1696 sectari.
3306 1641 3442 1697 Cum
3495 1660 3622 1700 vero
3688 1646 3809 1702 hoc

2192 1731 2355 1786 modo
2392 1746 2557 1801 grave
2600 1732 2759 1786 nobis
2789 1747 2852 1786 ac
2898 1732 3090 1786 durum
3120 1733 3307 1803 jugum
3342 1736 3553 1791 Domini
3585 1738 3802 1793 feceri-

503 1838 702 1893 tionem
729 1837 1109 1898 tentationum,
1136 1833 1310 1887 laudis
1336 1830 1565 1886 contulit
1588 1829 1832 1899 prtcmia,
1858 1826 2091 1895 benigna
2121 1830 2170 1890 B
2197 1841 2315 1879 mus
2355 1824 2671 1895 blasphemo
2702 1826 2812 1894 jam
2844 1826 3059 1896 spiritu,
3094 1829 3179 1881 vel
3211 1828 3279 1883 de
3322 1830 3494 1899 ipsius
3530 1831 3672 1901 jugi,
3708 1832 3803 1887 vel

501 1945 626 1999 erga
660 1943 759 1983 nos
787 1930 955 1997 gratia
989 1924 1318 1989 Salvatoris,
1347 1938 1507 1993 quam
1545 1923 1589 1975 si
1624 1935 1837 1975 omnem
1866 1934 1895 1972 a
1927 1918 2085 1973 nobis
2126 1995 2131 2001 _

503 2019 889 2073 necessitatem
928 2016 1243 2069 certaminis
1285 2012 1621 2066 abstulisset.
1663 2011 1875 2065 Etenim
1925 2008 2097 2064 subli-

506 2110 697 2166 mioris
748 2094 1250 2177 prmstantiorisque
1299 2104 1516 2156 virtutis
1567 2111 1690 2167 est,
1748 2100 2095 2167 passionibus

506 2205 874 2273 atrumnisque
902 2203 1190 2264 vallatum,
1227 2212 1445 2253 manere
1487 2211 1703 2266 semper
1733 2194 2092 2263 immobilem,

508 2309 582 2369 et,
631 2298 918 2352 adversum
975 2278 1033 2349 se
1083 2292 1433 2347 saevientibus
1482 2289 1713 2354 cunctis,
1764 2297 1972 2341 certum
2028 2286 2099 2341 de

514 2394 775 2464 praesidio
804 2392 901 2446 Dei
925 2399 1089 2459 atque
1116 2384 1440 2467 intrepidum
1473 2384 1797 2455 perdurare;
1826 2382 2100 2436 Immanis-

512 2504 616 2559 qne
641 2486 951 2541 incursibus
973 2484 1121 2537 velut
1141 2482 1307 2535 armis
1328 2480 1543 2535 invicta:
1565 2477 1779 2531 virtutis
1800 2476 2099 2530 accinctum

513 2578 903 2650 gloriosissime
930 2576 998 2629 de
1026 2574 1359 2642 impatientia
1405 2569 1771 2639 triumphare,
1821 2576 1875 2621 et
1920 2567 2105 2635 acqui-

514 2687 637 2726 rere
659 2666 1053 2739 quodammodo
1068 2666 1135 2719 de
1168 2664 1479 2717 inﬁrmitate
1502 2661 1779 2723 virtutum,
1797 2659 1919 2728 quia
1940 2660 2103 2711 virtus

518 2765 573 2818 in
602 2760 903 2830 inﬁrmitate
930 2758 1195 2828 perficitur
1224 2755 1301 2827 (ll
1332 2754 1454 2807 Cor.
1498 2752 1617 2819 xu).
1654 2750 1786 2804 Ecce
1818 2751 1951 2803 enim
1984 2750 2105 2803 dedi

519 2864 590 2919 te,
619 2854 792 2924 inquit
833 2852 1113 2919 Dominus,
1143 2851 1197 2924 ip
1227 2848 1519 2903 columnam
1549 2847 1791 2916 ferream,
1825 2854 1872 2898 et
1900 2846 1953 2898 in
1992 2860 2107 2898 mu-

519 2865 590 2919 te,
619 2865 792 2924 Inqmt
833 2865 1113 2919 uomtnus,
1143 2867 1160 2903 ι
1227 2865 1519 2903 catumnam
1549 2865 1791 2916 lernam,
1825 2865 1872 2898 et
1900 2865 1953 2898 tn
1992 2865 2106 2898 mu-

515 2964 632 3002 rum
677 2926 867 3001 cereum
917 2959 1068 3014 super
1086 2865 1313 3089 gignens
1364 2949 1573 3005 terram,
1618 2938 1819 3007 regibus
1849 2934 2027 3001 Iuda,
2058 2944 2106 2990 et

518 3040 860 3089 principibus.
908 3046 955 3089 et
1000 3016 1117 3089 orni
1146 3034 1382 3089 .‘nonulo
1422 3041 1605 3089 terra}.
1653 3042 1701 3085 et
1740 3030 2106 3089 belliqerabunt

518 3040 860 3111 principibus,
908 3046 955 3091 et
1000 3016 1165 3117 οῂίξξ
1187 3034 1382 3106 populo
1422 3041 1605 3100 terra},
1653 3042 1701 3085 et
1740 3030 2107 3101 belligerabunt

519 3136 793 3188 adversum
820 3142 886 3196 te,
911 3142 958 3185 et
986 3136 1091 3199 no]
1113 3128 1483 3199 prwvalebunt,
1513 3128 1635 3199 quia
1661 3143 1753 3197 ego
1781 3135 1946 3179 tecum
1972 3141 2104 3189 sum,

2198 1917 2268 1973 de
2296 1916 2495 1972 Christi
2524 1919 2610 1988 qui
2636 1918 2762 1971 illud
2788 1920 3041 1987 imponit,
3070 1918 3268 1973 duritia
3296 1932 3461 1991 atque
3498 1925 3813 1992 asperitate

2198 2025 2512 2077 causamur,
2542 2010 2837 2066 secundum
2862 2011 3017 2076 illud,
3039 2010 3065 2050 ιν
3098 2010 3408 2080 [nsipientia
3437 2016 3532 2068 riri
3558 2033 3813 2070 corrum-

2197 2105 2275 2175 pit
2304 2105 2413 2157 vias
2446 2108 2579 2176 ejus.
2612 2104 2777 2157 Deum
2804 2114 2975 2158 autem
3002 2116 3249 2159 causatur
3274 2109 3430 2161 corde
3457 2127 3573 2164 suo.
3605 2110 3679 2164 Et
3711 2126 3811 2165 se-

2197 2198 2433 2251 cundum
2482 2198 2735 2266 Aggeum
2766 2195 3108 2265 pr0phetam,
3144 2215 3263 2253 cum
3294 2200 3615 2267 dixerimus,
3654 2203 3809 2269 Quia

2199 2290 2281 2343 uia
2306 2288 2517 2342 Domini
2542 2306 2643 2343 non
2666 2290 2879 2359 dirigit,
2914 2305 3151 2361 congrue
3178 2295 3537 2361 respondetur
3568 2298 3734 2351 nobis
3768 2314 3806 2352 a

2204 2381 2432 2436 Domino
2462 2400 2473 2433 :
2506 2379 2777 2451 Numquid
2807 2384 2888 2435 via
2919 2400 3029 2436 mea
3052 2401 3150 2439 non
3171 2387 3378 2456 dirigit?
3404 2388 3596 2444 Nonne
3624 2392 3812 2460 magis

2203 2474 2298 2527 via:
2344 2482 2521 2527 vestra:
2566 2484 2686 2527 sunt
2718 2492 2889 2544 prava:
2920 2475 3133 2545 (Ezech.
3180 2479 3383 2545 mn)?
3406 2479 3473 2532 Et
3510 2496 3709 2534 revera
3743 2483 3806 2535 si

2208 2584 2526 2637 comparare
2554 2568 2794 2623 volueris
2823 2569 3189 2638 splendentem
3218 2571 3545 2640 virginitatis
3582 2572 3805 2627 ﬂorem

2207 2668 2263 2714 et
2294 2675 2459 2715 suave
2489 2660 2727 2715 olentem
2759 2662 3093 2715 castimoniae
3121 2662 3403 2729 puritatem
3433 2665 3593 2718 tetris
3615 2678 3685 2718 ac
3714 2666 3804 2719 te-

2208 2752 2335 2807 tidis
2381 2752 2667 2807 libidinum
2696 2753 3023 2819 volutabris,
3073 2754 3309 2823 quietem
3339 2757 3806 2825 securitatemque

2210 2844 2601 2899 monachorum
2628 2847 2881 2916 periculis
2907 2857 2964 2902 et
2986 2848 3243 2902 aerumnis
3272 2849 3464 2917 quibus
3486 2850 3667 2903 mundi
3700 2849 3803 2904 hu-

2204 2936 2294 3005 jus
2319 2936 2567 2993 homines
2590 2938 2965 3006 implicantur,
2986 2942 3321 3009 paupertatis
3344 2951 3541 2995 nostra:
3558 2942 3801 3010 requiem

2210 3027 2472 3083 edacibus
2502 3028 2731 3085 divitum
2766 3030 2999 3085 tristitiis
3043 3046 3106 3086 ac
3152 3032 3501 3101 pervigilibus
3544 3034 3708 3098 curis,
3747 3033 3801 3087 in

2211 3121 2410 3191 quibus
2454 3137 2561 3177 non
2605 3123 2811 3193 absque
2840 3138 3052 3177 summo
3093 3124 3217 3178 vita:
3248 3124 3492 3194 periculo
3521 3126 3711 3179 diebus
3739 3142 3801 3181 ac

520 3238 577 3281 ut
600 3244 776 3281 eruam
800 3236 867 3289 te,
890 3224 1019 3277 dicit
1040 3214 1296 3276 Dominus
1320 3218 1617 3291 (Jercm.t).
1644 3217 1787 3288 Ergo
1814 3217 2109 3273 secundum
2138 3214 2185 3278 C
2217 3218 2464 3271 noctibus
2493 3227 2910 3281 consumuntur,
2960 3218 3345 3272 suavissimum
3372 3219 3556 3288 jugum
3597 3218 3801 3277 Christi

519 3333 703 3374 veram
727 3316 944 3369 Βὸωὶιιί
974 3313 1343 3378 traditionem,
1373 3312 1462 3365 via
1490 3310 1641 3380 regia
1670 3311 1853 3363 suavis
1883 3325 1946 3364 ac
1975 3310 2110 3364 levis

522 3417 625 3473 est,
655 3408 785 3462 licet
806 3406 943 3460 dura
970 3412 1027 3460 et
1052 3418 1245 3475 aspera
1273 3404 1557 3457 sentiatur.
1589 3402 1683 3456 Pie
1713 3401 1857 3456 enim
1889 3416 1952 3457 ac
1980 3402 2109 3457 fide-
2155 3410 2175 3455 '.

524 3502 648 3555 liter
676 3499 1001 3564 servientes,
1054 3511 1176 3551 cum
1225 3494 1447 3551 tulerint
1484 3495 1671 3565 jugum
1706 3494 1918 3549 Domini
1948 3510 2111 3564 super

525 3612 620 3663 se,
654 3604 709 3651 et
737 3594 1030 3650 didicerint
1068 3593 1135 3648 ab
1174 3607 1241 3647 eo
1290 3591 1413 3660 quia
1468 3590 1613 3644 mitis
1660 3598 1746 3645 est
1790 3598 1846 3645 et
1894 3588 2112 3644 humilis

526 3688 692 3755 corde
744 3685 957 3757 (Matth.
1007 3683 1117 3756 xt),
1160 3683 1273 3754 jam
1320 3681 1727 3752 quodammodo
1774 3690 2110 3737 terrenarum

529 3782 841 3852 passionum
871 3779 1203 3848 deponentes
1250 3776 1519 3831 sarcinam
1541 3817 1555 3842 ,
1588 3790 1692 3829 non
1726 3774 1992 3840 laborem,
2018 3774 2111 3830 sed

528 3876 770 3946 requiem
798 3873 1083 3928 animabus
1106 3870 1219 3926 suis
1246 3870 1475 3925 Domino
1504 3879 1793 3939 praestante
1816 3871 2115 3939 reperient,

528 3968 669 4023 sicut
716 3982 813 4037 per
842 3963 1131 4020 Jeremiam
1182 3961 1500 4032 prophetam
1558 3962 1674 4029 ipse
1722 3968 1950 4015 teStatus
2008 3968 2113 4026 est,

529 4060 720 4116 dicens
751 4077 763 4111 :
796 4058 940 4114 State
983 4072 1138 4126 super
1176 4056 1285 4109 vias
1325 4064 1374 4109 et
1413 4055 1599 4122 videte,
1632 4063 1677 4107 et
1708 4054 2025 4125 interrogate
2053 4054 2114 4107 de

529 4153 724 4208 semitis
764 4152 1010 4221 antiquis,
1040 4164 1157 4220 quae
1184 4149 1247 4202 sit
1275 4148 1358 4201 via
1386 4146 1534 4214 bona,
1569 4156 1613 4199 et
1653 4146 1913 4199 ambulate
1941 4146 1993 4199 in
2032 4161 2113 4211 ea,

2171 3386 2177 3391 _
2212 3324 2460 3381 onusque
2490 3309 2824 3367 levissimum
2857 3311 3117 3366 facillime
3145 3313 3541 3383 comprobabis.

2777 3423 3005 3478 CAPUT
3052 3425 3246 3479 XXVI.

2215 3514 2485 3584 Quomodo
2515 3514 2737 3584 perfecte
2764 3514 3249 3590 abrenuntiantibus
3292 3520 3599 3590 centuplum
3624 3519 3677 3573 in
3704 3522 3797 3573 hoc

2681 3586 2873 3638 mundo
2914 3590 3327 3656 repromittatur.

2286 3678 2523 3735 Proinde
2572 3679 2735 3734 etiam
2792 3677 2885 3732 illa
2941 3678 3225 3731 retributio
3274 3681 3659 3748 praemiorum,
3701 3698 3799 3752 qua

2223 3775 2465 3844 perfecte
2495 3770 2928 3827 renuntiantibus
2958 3771 3011 3824 in
3061 3771 3160 3824 hac
3189 3772 3300 3826 vita
3345 3776 3664 3843 centuplum
3695 3776 3795 3830 Do-

2223 3868 2405 3921 minus
2429 3867 2761 3937 repromisit,
2784 3865 2970 3921 dicens
3005 3883 3016 3918 :
3053 3877 3075 3904 ο
3108 3865 3176 3919 Et
3207 3869 3372 3922 omnis
3412 3871 3501 3937 qui
3544 3873 3797 3939 reliquerit

2224 3961 2455 4024 domum,
2478 3961 2554 4013 vel
2588 3960 2795 4027 fratres,
2826 3968 2917 4011 aut
2958 3974 3183 4023 sorores,
3210 3970 3297 4013 aut
3336 3971 3554 4031 patrem,
3583 3974 3669 4015 aut
3696 3980 3796 4016 ma-

2223 4064 2376 4118 trem,
2406 4062 2494 4105 aut
2521 4068 2761 4118 uxorem,
2794 4062 2881 4104 aut
2912 4051 3070 4119 ﬁlios,
3100 4060 3189 4104 aut
3219 4068 3369 4121 agros
3396 4064 3603 4123 propter
3622 4073 3796 4109 nomen

2225 4160 2419 4211 meum,
2441 4141 2468 4179 ἀ
2492 4144 2791 4211 centuplum
2824 4145 3038 4212 accipiet
3058 4144 3110 4197 in
3134 4146 3394 4213 prwsenti,
3412 4156 3460 4199 et
3484 4147 3634 4201 citam
3653 4162 3797 4204 teter-

1597 4284 1852 4340 ALARDI
1894 4282 2125 4340 GAZIEI
2163 4283 2715 4343 COMMENTARIUS

606 4411 632 4439 λ
658 4396 855 4455 Facilis
884 4406 937 4451 et
967 4397 1145 4451 brevis
1174 4397 1371 4451 solutio
1400 4397 1545 4451 illius
1569 4394 1900 4449 difficultatis
1927 4412 1938 4446 :
1970 4394 2112 4462 Quo-

535 4473 696 4529 modo
722 4470 903 4537 jttgutn
938 4468 1146 4522 Domini
1173 4482 1335 4521 suam
1364 4473 1409 4519 cl
1442 4482 1579 4519 onus
1610 4466 1759 4521 leve?
1792 4467 2041 4519 nimirum
2066 4467 2111 4521 si

533 4543 829 4601 secundum
882 4540 997 4610 ejus
1047 4540 1219 4608 legem
1273 4549 1534 4610 teneatur,
1557 4548 1612 4591 et
1651 4549 1922 4605 portetur;
1952 4552 2115 4606 grave

536 4632 666 4670 vero
709 4629 771 4667 ac
806 4609 1050 4678 dillicile,
1079 4613 1122 4663 si
1174 4624 1366 4663 secus:
1402 4609 1542 4673 quod
1574 4625 1679 4662 non
1725 4624 1788 4663 ex
1824 4610 1989 4675 ipsius
2020 4623 2118 4662 na-

537 4696 651 4741 tura
682 4696 733 4739 et
760 4682 1090 4746 conditione,
1144 4681 1237 4734 sed
1284 4690 1470 4733 nostro
1515 4680 1645 4734 vitio
1690 4680 1905 4746 accidit,
1936 4690 1992 4733 ut
2028 4679 2116 4735 hic

539 4758 858 4823 explicatur.

605 4820 633 4867 Β
669 4829 741 4879 De
770 4825 868 4877 hac
895 4821 1159 4875 sententia
1184 4820 1307 4875 vide
1333 4821 1513 4874 collat.
1546 4821 1611 4874 12
1633 4838 1752 4890 cap.
1780 4824 1833 4877 8.

614 4911 637 4938 ε
678 4894 945 4965 Praeclare
992 4892 1052 4944 D.
1090 4891 1393 4965 Bernardus
1423 4892 1489 4947 de
1517 4892 1619 4947 hac
1646 4893 1856 4965 Christi
1888 4894 2121 4965 promis-

537 4974 693 5026 sione
723 4985 735 5019 :
770 4964 905 5037 Huic
920 4971 1041 5037 sunt
1070 4962 1242 5027 verba,
1276 4965 1447 5037 inquit
1490 4965 1590 5033 (In
1616 4962 1903 5020 declamat.
1917 4982 2070 5037 super
2102 4981 2121 5019 :

540 5044 690 5107 Ecce,
718 5054 807 5093 nos
834 5036 1130 5103 reliquimus
1154 5035 1381 5100 omnia),
1424 5051 1536 5104 qua:
1572 5043 1911 5106 contemptum
1946 5035 2125 5090 mundi

537 5115 773 5166 universo
803 5107 1028 5168 mundo,
1058 5115 1104 5159 et
1145 5107 1483 5158 voluntariam
1515 5123 1809 5172 persuasere
1836 5108 2125 5160 hominibus

535 5175 992 5255 paupertatem._H
997 5193 1073 5255 ire
1089 5186 1225 5255 sunt.
1230 5194 1339 5244 qua:
1368 5176 1627 5255 monachis
1654 5177 2123 5255 claustra-replent,

539 5246 737 5307 deserta
780 5248 1120 5303 anachoretis.
1173 5246 1304 5301 ch
1327 5288 1340 5311 ,
1371 5249 1578 5315 inquam
1604 5289 1615 5306 .
1650 5258 1767 5301 sunt
1796 5246 1980 5313 verba,
1997 5264 2127 5370 jure

548 5326 831 5370 xlvimmtum
857 5320 1112 5370 spoliant.
1152 5329 1197 5370 et
1234 5322 1427 5370 ontima
1455 5335 1665 5370 auteaue
1694 5321 1806 5370 eius
1841 5335 1959 5370 vam
2036 5322 2127 5370 iri-

540 5326 831 5393 .Js‘gyptum
857 5320 1079 5387 spoliant
1099 5359 1129 5393 ,_
1152 5329 1197 5370 et
1234 5322 1427 5393 optima
1455 5335 1665 5387 quicque
1694 5321 1806 5390 ejus
1841 5335 1959 5371 vasa
1997 5320 2050 5393 di

541 5390 719 5461 piunt;
763 5392 847 5444 hic
878 5405 1043 5445 sermo
1082 5390 1224 5443 vivus
1253 5399 1299 5442 et
1336 5390 1513 5460 eﬁicax
1536 5430 1551 5455 ,
1590 5400 1880 5441 convertens
1922 5392 2126 5444 animas

538 5467 675 5537 felici
714 5463 1043 5519 a'mulatione
1089 5462 1375 5514 sanctitatis
1424 5470 1470 5514 et
1520 5462 1744 5515 veritatis
1790 5462 2127 5531 promissione

578 5538 701 5589 deli.

536 5539 796 5660 ﬁd‘fltDuo
840 5603 1088 5674 promisit
1131 5601 1375 5666 Christus
1420 5603 1845 5671 relinqttentihus
1899 5619 1991 5657 sua
2039 5602 2125 5657 vel

539 5692 667 5734 suos
694 5684 917 5743 propter
943 5689 1165 5743 regnum
1193 5675 1307 5732 Dei.
1332 5676 1642 5745 centuplum
1662 5676 1930 5735 videlicet.
1960 5684 2012 5729 et
2044 5674 2124 5728 vi-

537 5756 645 5799 tam
696 5754 978 5814 aeternam.
1041 5745 1170 5814 llaec
1202 5747 1343 5797 cnim
1374 5761 1492 5801 csse
1521 5747 1730 5800 diversa
1758 5791 1771 5814 ,
1805 5755 1860 5800 et
1884 5745 1951 5800 ad
1984 5745 2125 5800 idem

538 5823 647 5869 non
673 5824 837 5872 posse
865 5809 1079 5877 referri,
1109 5822 1168 5867 ut
1198 5817 1463 5883 posterior
1492 5832 1614 5886 pars
1641 5809 1835 5885 prioris
1863 5817 1932 5872 sit
1958 5832 2129 5890 expo-

2036 5322 2128 5373 iri-

2216 4397 2340 4475 s_itio
2368 4405 2422 4451 et
2448 4398 2942 4475 declaratio,‘patet
2971 4414 3037 4455 ex
3068 4400 3246 4455 Marco
3275 4410 3328 4456 et
3354 4401 3485 4456 Luca
3512 4403 3700 4472 (Herc.
3732 4424 3795 4475 x,

2217 4468 2344 4544 Luc.
2382 4468 2557 4536 xvm),
2590 4470 2680 4538 qui
2706 4471 2940 4544 priorem
2971 4483 3177 4544 partem
3211 4474 3500 4544 significant
3520 4468 3795 4541 pertinere

2217 4539 2283 4593 ad
2311 4554 2548 4616 praesens
2567 4541 2864 4616 saeculum,
2899 4539 3416 4616 posteriorem'vero
3450 4539 3791 4616 adiuturum,

2218 4610 2687 4684 quemadmodum
2705 4621 2759 4665 et
2787 4611 2875 4665 hic.
2902 4612 3069 4667 abbas
3096 4617 3335 4682 exponit,
3368 4631 3490 4684 qua:
3521 4628 3688 4672 tamen
3718 4610 3794 4673 di;

2219 4682 2439 4735 stinctio
2468 4682 2608 4746 apud
2641 4682 2949 4736 Matthtenm
2976 4700 3080 4737 non
3107 4686 3353 4739 habetur.
3380 4682 3471 4742 Sic
3499 4690 3636 4742 enim
3666 4691 3793 4745 Mar-

2221 4766 2318 4830 cus
2357 4753 2457 4805 sub
2485 4751 2686 4830 duplici
2731 4755 3014 4830 negatione
3052 4756 3295 4830 eamdem
3338 4760 3653 4813 sententiain
3684 4763 3789 4830 ple-

2142 4807 2198 4866 D
2224 4826 2344 4877 nius
2377 4807 2690 4892 expressit:
2730 4807 2894 4877 Nemo
2925 4807 3005 4878 est
3038 4807 3132 4894 qui
3667 4807 3788 4897 fit}:

2229 4897 2443 5017 fratres,
2476 4902 2566 4946 aut
2595 4910 2825 4960 sorores,
2865 4906 2955 4947 aut
2982 4906 3207 4963 patrem,
3237 4908 3329 4951 aut
3364 4911 3601 4963 matrem,
3631 4915 3711 4954 aut
3735 4906 3789 4973 ﬁ.

2248 4966 2345 5017 ias.
2378 4974 2466 5017 aut
2494 4980 2645 5017 aaros
2680 4975 2883 5017 propter
2913 4982 3011 5017 me.
3036 4978 3081 5017 et
3111 4978 3317 5017 nronter
3340 4970 3668 5017 Ευαηιιρίὶηηι
3712 4978 3789 5017 ηηὶ

2248 4966 2345 5029 ias,
2378 4974 2468 5042 aut
2494 4980 2645 5042 agros
2680 4975 2883 5042 propter
2913 4982 3011 5031 me,
3036 4978 3081 5020 et
3111 4978 3317 5042 propter
3339 4970 3688 5039 Euangelium,
3712 4966 3789 5042 qui

2230 5052 2330 5111 non
2357 5036 2577 5111 accipiat
2608 5037 2797 5111 centies
2829 5044 3025 5089 tantum
3052 5036 3309 5111 nuncLin
3350 5036 3573 5111 tempore
3602 5036 3683 5095 hoc
3702 5036 3789 5108 {et

2227 5106 2281 5158 in
2310 5106 2502 5159 saeculo
2529 5106 2705 5172 futuro
2735 5110 2888 5160 vitam
2910 5118 3169 5165 (eternam.
3222 5106 3489 5166 Similiter
3531 5124 3584 5167 et
3616 5106 3782 5177 Lucas,

2231 5178 2341 5249 nisi
2374 5177 2518 5249 quod
2550 5192 2647 5246 pro
2680 5179 2869 5231 centies
2897 5188 3099 5233 tantum
3119 5221 3131 5241 ,
3167 5191 3261 5233 aut
3290 5184 3615 5249 centuplum,
3648 5187 3787 5238 habet

2234 5246 2397 5300 multo
2424 5248 2619 5317 plura;
2665 5259 2720 5301 ut
2756 5249 3080 5317 signiﬁcaret
3121 5246 3485 5306 centenarium
3533 5246 3783 5309 numerum

2234 5334 2331 5386 pro
2360 5319 2568 5373 inﬁnito
2603 5319 2834 5389 positum
2863 5334 2981 5373 csse
3004 5362 3019 5383 ,
3066 5324 3516 5389 quemadmodum
3561 5342 3787 5382 numerus

2236 5390 2416 5466 ﬁnitus
2471 5404 2632 5466 sa’pe
2665 5390 2716 5443 itt
2753 5390 3047 5466 _Scri_pt_ura
3095 5406 3191 5460 pro
3242 5394 3516 5466 indefinito
3572 5399 3781 5466 punitur.

2234 5458 2403 5537 Porro
2420 5460 2729 5537 centuplum
2750 5460 2894 5515 istud
2921 5458 3133 5537 duobus
3156 5465 3327 5537 modis
3351 5475 3529 5532 potest
3552 5458 3781 5537 intelligi:

2236 5530 2290 5584 1⁸
2318 5532 2370 5585 in
2401 5531 2699 5600 quantitate
2725 5542 2779 5586 et
2801 5547 3047 5593 numero.
3079 5534 3137 5585 2'
3167 5536 3218 5587 in
3261 5530 3614 5592 testimatiune
3640 5549 3685 5592 et
3712 5530 3781 5591 ra-

2232 5600 2393 5677 lore_;_
2425 5611 2787 5677 et_u_tramque
2817 5604 3205 5677 expositionem
3234 5608 3428 5675 prohat
3453 5618 3507 5662 et
3536 5611 3780 5677 amplecti-

2232 5680 2319 5744 tur
2347 5673 2431 5726 hic
2460 5672 2646 5737 abbas,
2670 5683 2723 5727 et
2745 5683 2974 5744 utroque
2996 5675 3155 5729 modo
3177 5672 3485 5744 centuplum
3512 5672 3783 5734 retribuen—

2232 5743 2360 5820 dum
2393 5744 2457 5797 iis
2487 5746 2679 5820 asserit
2698 5745 2786 5814 qui
2817 5760 2917 5820 pro
2943 5742 3162 5820 Christo
3189 5763 3321 5803 suos
3344 5742 3429 5803 vel
3456 5766 3552 5804 sua
3585 5751 3785 5820 relique-

2232 5816 2383 5885 rint;
2438 5815 2570 5886 quia,
2605 5830 2715 5873 non
2759 5818 2935 5875 solum
2983 5817 3234 5889 meliora,
3264 5821 3620 5894 pretiosiora.
3644 5815 3789 5890 subli‘
