3986 6188
141 481 288 551 1525

1063 486 1408 547 αοιιΑτιο
1445 489 1634 547 XXIV.
1663 514 1732 533 ιν
1757 489 1847 551 DE
1888 484 2487 549 MORTIFICATIONE.

3270 486 3418 560 1⁸526,
3441 532 3474 546 ..

138 615 218 671 de
247 612 460 669 sinistra
489 608 810 667 transfertur
833 606 890 664 in
915 606 1221 676 dexteram;
1255 617 1312 666 et
1330 609 1457 666 licet
1481 609 1724 666 eamdem
1752 618 1804 681 Α
1828 608 2110 666 domorum
2137 621 2297 682 atque
2317 620 2572 682 agrorum
2592 607 2934 680 possessione
2953 605 3236 679 ditabitur,
3266 611 3413 682 quis-

135 707 201 764 in
231 705 615 776 supputatione
658 703 946 774 digitorum
988 703 1208 773 ﬁguram
1247 712 1432 760 tenere
1465 702 1726 774 videatur,

138 799 374 856 nimium
403 805 582 854 tamen
608 796 930 868 quantitatis
951 796 1319 868 magnitudine
1347 797 1730 866 supercrescit.

142 893 270 948 Fiet
301 894 442 948 enim
468 899 527 946 ut
551 890 644 962 qui
672 890 814 946 haedi
856 890 1084 946 formam
1119 904 1309 960 gerere
1331 887 1647 945 videbamur
1677 888 1733 943 in

139 987 306 1055 laeva,
332 987 446 1043 ovis
477 988 730 1042 meritum
762 984 1005 1040 translati
1032 998 1424 1053 consequamur
1452 984 1517 1039 ad
1547 984 1734 1039 dexte-

140 1094 290 1134 ram.
324 1077 476 1133 Nunc
501 1077 568 1132 ad
597 1077 955 1150 quantitatem
1003 1091 1186 1132 earum
1231 1091 1409 1132 rerum
1457 1090 1590 1145 quas
1634 1088 1734 1145 pro

145 1177 468 1241 contemptu
498 1171 680 1226 mundi
724 1179 776 1225 et
804 1171 1034 1226 aliorum
1060 1168 1467 1224 commodorum
1497 1167 1650 1223 nobis
1676 1167 1732 1223 in

143 1263 258 1319 hoc
278 1263 478 1319 saeculo
499 1263 748 1318 Christus
775 1263 1030 1327 restituit,
1071 1271 1433 1328 transeamus,
1459 1261 1734 1328 praecipue

141 1354 448 1410 secundum
477 1355 830 1424 Evangelium
858 1354 1020 1409 Marci
1057 1354 1129 1409 ita
1159 1355 1388 1410 dicentis
1415 1371 1427 1406 :
1462 1351 1632 1408 Nemo
1660 1364 1734 1407 est

142 1447 240 1514 qui
265 1447 467 1519 reliquit
497 1447 728 1512 domum,
755 1454 843 1498 aut
872 1446 1074 1516 fratres,
1107 1455 1196 1500 aut
1234 1463 1456 1509 sorores,
1493 1457 1585 1500 aut
1624 1461 1735 1499 ma-

146 1548 302 1604 trem,
327 1549 415 1592 aut
438 1539 594 1607 ﬁlios,
619 1547 710 1592 aut
739 1555 887 1609 agros
909 1548 1115 1610 propter
1138 1555 1234 1604 me,
1261 1547 1306 1592 et
1331 1549 1536 1610 propter
1558 1537 1733 1592 Evan-

135 1629 360 1700 gelium,
383 1632 468 1699 qui
489 1647 592 1685 non
614 1631 828 1702 accipiet
851 1632 1040 1684 centies
1063 1640 1260 1685 tantum
1281 1631 1486 1685 nuncin
1512 1639 1736 1700 tempore

141 1723 269 1789 ltoc,
299 1724 495 1793 domos,
530 1729 712 1795 fratres
750 1735 794 1778 et
820 1741 1038 1792 sorores,
1070 1736 1114 1780 et
1147 1735 1350 1792 matres,
1396 1736 1443 1780 et
1486 1725 1645 1795 ﬁlios,
1687 1734 1734 1780 et

142 1832 306 1887 agros
329 1823 354 1851 ει
384 1832 496 1869 cum
525 1817 974 1884 persecutionibus,
1006 1826 1054 1872 et
1080 1818 1135 1871 in
1160 1818 1349 1872 sarculo
1381 1818 1556 1889 futuro
1580 1817 1732 1871 vitam

145 1916 398 1964 wternam
429 1907 624 1980 (Marc.
654 1908 733 1978 x).
763 1910 1082 1979 Centuplam
1117 1925 1348 1979 namque
1379 1911 1600 1964 fratrum
1634 1925 1730 1980 pa-

1833 703 1954 773 quis
1983 719 2087 759 una
2127 703 2290 760 domo
2318 717 2417 773 pro
2442 700 2645 760 Christi
2677 700 2967 759 dilectione
2993 701 3217 773 reiecta,
3251 703 3413 759 innu-

1833 810 1980 852 mera
2009 797 2400 853 monachorum
2425 795 2731 852 habitacula
2755 803 3020 868 tamquam
3039 796 3263 868 propria
3287 811 3415 867 pose

1833 887 2048 955 sidebit,
2079 889 2130 942 in
2159 902 2498 960 quacumque
2525 888 2673 945 orbis
2717 897 2870 958 parte
2900 888 3051 944 velut
3087 888 3145 943 in
3175 903 3288 945 suae
3313 890 3412 945 do-

1835 994 1955 1036 mus
1971 979 2096 1050 jure
2120 981 2436 1038 succedens.
2466 979 2749 1048 Quomodo
2773 980 2915 1037 enim
2945 995 3052 1036 non
3072 981 3404 1050 centuplum,

1835 1083 1908 1141 et,
1941 1075 1986 1129 si
2011 1074 2222 1131 Domini
2245 1075 2418 1131 nostri
2447 1075 2729 1132 sententiae
2750 1071 3071 1144 superadjici
3094 1073 3296 1144 aliquid
3333 1072 3418 1130 fat.

1833 1178 1945 1236 est,
1978 1169 2098 1240 plus
2139 1184 2299 1240 quam
2349 1169 2660 1241 centuplum
2703 1169 2922 1239 recipit,
2967 1169 3061 1240 qui
3103 1168 3288 1224 decem
3319 1167 3415 1225 vel

1835 1261 2022 1330 viginti
2053 1275 2335 1318 servorum
2366 1262 2667 1319 ministeria
2695 1261 2854 1317 inﬁda
2883 1270 2937 1317 et
2977 1260 3233 1318 coacticia
3257 1261 3413 1319 dere-

1834 1355 2108 1424 linquens,
2159 1365 2238 1413 tot
2287 1356 2641 1427 ingenuorum
2693 1371 2757 1412 ac
2808 1355 3064 1412 nobilium
3114 1369 3414 1426 spontaneo

1835 1447 2056 1503 fulcitur
2081 1447 2382 1519 obsequio?
2412 1449 2563 1516 Quod
2593 1449 2664 1503 ita
2691 1462 2812 1504 esse
2833 1448 2995 1504 etiam
3021 1447 3214 1502 vestris
3245 1462 3414 1520 expe-

1835 1540 2083 1595 rimentis
2126 1541 2356 1612 probare
2411 1542 2686 1612 patuistis,
2744 1542 2835 1611 qui
2890 1540 3116 1611 singulis
3173 1540 3414 1612 patribu

1835 1633 2202 1704 matribusque
2226 1649 2289 1688 ac
2317 1633 2564 1688 domibus
2591 1631 2887 1699 derelictis,
2914 1632 3206 1704 quamlibet
3228 1632 3415 1687 mundi

1835 1733 2047 1795 partem
2076 1725 2282 1780 fueritis
2307 1725 2573 1795 ingressi,
2620 1735 2821 1795 patres,
2853 1735 3084 1788 matres,
3111 1724 3414 1791 fratresque

1834 1815 2178 1880 innumeros,
2213 1816 2404 1874 domos
2431 1832 2646 1887 quoque
2667 1826 2723 1873 et
2747 1831 2930 1886 agros,
2954 1829 3252 1884 servusque
3280 1815 3415 1872 fide-

1831 1905 2096 1973 lissimos,
2125 1907 2330 1978 absque
2362 1907 2474 1964 ullo
2502 1907 2881 1965 sollicitudinis
2910 1907 3098 1964 labore
3138 1909 3414 1977 conquiri-

144 2009 434 2056 rentumve
458 2001 684 2071 recipiet
705 2002 1058 2072 quantitatem
1085 2002 1326 2073 quisquis
1358 2003 1522 2071 patris
1545 2003 1724 2072 unius,
1759 2013 1804 2073 Β
1834 2001 1922 2064 tis,
1949 2003 2039 2072 qui
2067 2017 2163 2057 vos
2183 2015 2240 2057 ut
2260 2003 2508 2074 proprios
2529 2003 2779 2057 dominos
2800 2002 3070 2057 submisse
3090 2003 3413 2072 suscipiunt,

143 2092 235 2149 vel
286 2093 496 2154 matris.
531 2109 625 2150 seu
657 2093 772 2161 ﬁlii,
811 2110 907 2164 pro
945 2094 1146 2149 Christi
1196 2096 1432 2165 nomine,
1463 2097 1728 2152 clntritate

145 2197 482 2258 contempta,
519 2187 571 2242 in
602 2190 838 2243 omnium
867 2190 955 2259 qui
983 2187 1199 2244 Christo
1225 2190 1536 2246 deserviunt
1564 2191 1731 2247 dilec-

151 2281 360 2336 tionem
405 2282 828 2338 sinrerissimam
861 2283 1084 2349 transit,
1119 2299 1216 2353 pro
1253 2300 1360 2341 uno
1405 2287 1610 2341 scilicet
1654 2293 1733 2341 tot

142 2373 436 2429 inveniens
463 2383 663 2445 patres,
689 2374 1012 2446 fratresque,
1038 2376 1364 2432 ferventiore
1385 2393 1448 2433 ac
1472 2386 1733 2447 [Winsle

142 2469 293 2523 tiore
345 2467 446 2523 sibi
500 2467 782 2524 affectione
828 2468 1129 2526 devinctos.
1179 2469 1527 2540 Multiplicata
1570 2470 1734 2526 etiam

1831 2095 2251 2164 amplectuntur,
2281 2094 2486 2165 fovent,
2521 2105 2846 2150 venerantur
2887 2094 3098 2150 ofﬁciis.
3146 2094 3249 2151 Sed
3288 2093 3414 2162 hoc,

1832 2189 2076 2258 inquam,
2108 2189 2284 2244 sancti
2308 2188 2608 2245 miniSterio
2637 2188 2829 2245 merito
2852 2205 2914 2244 ac
2941 2187 3263 2243 fiducialiter
3291 2203 3415 2258 per-

1833 2282 2104 2347 fruentur,
2127 2283 2217 2351 qui
2241 2282 2389 2352 prius
2414 2283 2464 2335 in
2487 2283 2800 2338 servitutem
2827 2281 3179 2337 fraternitatis
3214 2289 3412 2338 semet-

1833 2376 1982 2447 ipsos
2003 2391 2207 2447 suaque
2226 2376 2406 2431 omnia
2425 2376 2721 2431 voluntaria
2740 2373 3025 2431 devotione
3047 2375 3406 2430 subdiderint.

1834 2471 2117 2543 Recipient
2143 2471 2288 2528 enim
2317 2469 2611 2529 secundum
2649 2471 2968 2528 sententiam
2999 2471 3211 2528 Domini
3241 2469 3413 2528 libere

1221 2604 1478 2661 ALARDI
1514 2605 1742 2662 GAZEI
1779 2601 2335 2666 COMMENTARIUS.

143 2711 403 2762 coronat,
445 2704 499 2751 et
546 2704 660 2752 tres
691 2696 896 2752 fructus
933 2696 1230 2768 evangelici
1264 2699 1431 2754 tribus
1460 2699 1737 2754 hominum

142 2768 460 2894 genetghus,
487 2768 602 2823 sive
635 2768 910 2837 gradibus,
946 2767 1057 2839 jam
1088 2767 1349 2841 expositis
1380 2778 1628 2840 aptantur
1654 2769 1738 2827 his

146 2855 300 2894 versi
341 2854 402 2894 us
439 2857 454 2893 :

146 2854 402 2896 VBI’SIDUS
439 2857 454 2893 2

404 2931 546 2982 Serta
571 2939 648 2981 ter
671 2932 814 2981 denis
840 2931 957 2982 alios
980 2940 1213 2984 coronant

496 2994 648 3044 Aucta
681 2996 963 3045 crementis.

153 3080 326 3141 Atios,
357 3094 548 3148 nempe
575 3079 914 3149 conjugatos,
941 3088 1091 3135 caste
1115 3080 1374 3136 viventes.
1402 3079 1535 3135 Nam
1565 3082 1734 3149 prima

146 3165 387 3222 corona,
428 3161 480 3205 et
509 3150 710 3222 primus
757 3151 962 3205 l'ructus
1004 3151 1342 3222 evangelieus
1369 3191 1382 3214 ,
1417 3165 1609 3221 nempe
1635 3151 1735 3222 tri-

147 3221 421 3290 gesimus,
463 3232 543 3276 est
583 3220 838 3276 castitatis
877 3220 1193 3292 conjugalis.
1239 3222 1491 3292 Sequitur
1544 3220 1731 3278 eodem

145 3306 317 3348 versu
350 3311 361 3343 :

401 3359 656 3424 Duplleata
678 3361 909 3426 quosdam
930 3379 942 3414 :

149 3447 312 3504 Serta
343 3461 534 3513 nempe
559 3446 822 3514 duplicata
840 3489 854 3512 ,
885 3447 1142 3516 quosdam
1166 3489 1181 3512 ,
1209 3449 1415 3505 scilicet
1440 3448 1649 3514 viduos,
1681 3457 1737 3503 et

151 3518 352 3571 viduas
381 3522 720 3572 continentes
748 3530 1006 3574 coronant
1037 3538 1050 3574 :
1080 3521 1199 3590 quia
1243 3521 1472 3576 secunda
1513 3535 1732 3586 corona,

153 3596 217 3660 et
247 3590 507 3660 secundus
542 3590 774 3655 fructus,
811 3606 1002 3660 nempe
1044 3595 1404 3654 sexagesimus
1426 3631 1441 3654 ,
1475 3607 1543 3644 ex
1579 3592 1739 3645 tri:e-

149 3658 304 3785 sunt:
343 3659 656 3784 ilunlicato,
703 3658 952 3715 castitati
990 3663 1188 3717 viduali
1241 3665 1568 3734 assignatus.
1613 3662 1738 3718 Mox

154 3744 225 3786 su
263 3747 447 3802 chLttt‘
478 3746 494 3784 :

351 3800 495 3851 Trina
522 3809 733 3851 centeno
758 3802 998 3852 cumulata
1028 3803 1184 3854 fructu

532 3863 623 3920 Te,
647 3878 805 3927 sacer,
841 3873 1030 3916 ornant.

153 3948 262 4004 Te.
294 3961 328 4000 o
352 3945 584 4000 Joannes
614 3947 870 4014 Baptism,
901 3957 956 4002 et
985 3948 1152 4019 \‘itgn,
1191 3949 1370 4015 tuique
1403 3946 1607 4001 similes
1635 3947 1742 4000 vir—

153 4020 345 4086 gines,
389 4029 628 4071 ornant:
663 4020 790 4086 quia
835 4019 986 4074 tet-tiu
1031 4032 1085 4073 et
1138 4035 1383 4082 surirem-.1
1415 4033 1648 4080 corona,
1691 4025 1744 4072 et

154 4088 370 4144 fruetus
417 4090 778 4151 centesimus,
827 4091 1056 4143 castitati
1105 4091 1348 4152 virginali
1403 4089 1740 4143 retribuitur.

154 4162 272 4216 Sed
299 4175 470 4228 neque
496 4159 863 4226 praetereunda
897 4161 982 4215 hic
1011 4161 1070 4213 Ι).
1097 4160 1338 4229 Gregorii
1364 4161 1744 4216 cmutnentatio

157 4231 456 4302 (Apologet.
493 4245 608 4296 cap.
640 4229 751 4295 19),
787 4232 874 4298 qui
905 4232 1214 4299 parabolatn
1251 4231 1393 4283 illam
1427 4235 1745 4302 seminantis

154 4301 325 4356 aliter
353 4304 737 4366 interpretans,
769 4304 954 4355 eadem
986 4315 1160 4356 tamen
1193 4303 1456 4357 allusinuc
1478 4311 1532 4356 et
1556 4301 1747 4356 simili-

159 4373 352 4426 tudine
390 4388 491 4438 qua
536 4373 598 4426 D.
637 4375 993 4443 Hieronymus
1038 4373 1217 4444 (Hom.
1253 4375 1314 4444 1]
1347 4390 1499 4444 super
1532 4370 1746 4444 Ezect't.)

154 4458 296 4496 usus
317 4452 396 4514 est
422 4444 469 4494 iu
502 4444 642 4496 hunc
675 4442 889 4497 tuoduut
924 4462 936 4495 :
973 4442 1227 4510 Quoniam
1256 4442 1394 4496 Deus
1419 4443 1608 4496 homini
1634 4442 1749 4514 pec;-

155 4515 329 4566 catori
372 4512 530 4582 legem
569 4514 756 4585 dedit,
789 4530 902 4582 qua:
945 4517 998 4566 in
1040 4516 1209 4567 decem
1255 4517 1521 4585 prteccptis
1561 4512 1749 4585 scripta

157 4593 282 4646 est,
333 4595 378 4636 ct
425 4584 678 4636 sexdecies
725 4584 881 4636 ducta
934 4592 987 4638 tn
1057 4584 1447 4654 sexagenarium
1498 4584 1745 4654 surgunt,

157 4663 301 4708 recte
361 4669 446 4721 per
491 4655 751 4724 sexaginta
803 4657 993 4708 cubitus
1033 4655 1280 4708 bonorum
1329 4672 1537 4723 aperum
1584 4659 1750 4724 perfe-

158 4726 271 4778 ctio
298 4724 612 4793 designatur.
654 4725 806 4791 Quod
834 4736 1005 4794 aperte
1029 4729 1177 4778 etiam
1211 4726 1456 4779 Dominus
1491 4730 1541 4776 in
1581 4727 1750 4778 I'Ivun.

157 4795 301 4865 gelio
329 4794 592 4864 designat,
637 4800 722 4863 qui
768 4812 884 4849 cum
924 4798 1219 4865 parulolam
1257 4798 1552 4851 seminantis
1594 4813 1750 4865 exps-

159 4875 350 4930 rteret,
408 4866 536 4917 dixit
591 4882 608 4918 :
657 4867 815 4919 Aliud
868 4868 1046 4919 cecidit
1093 4868 1148 4920 in
1198 4879 1383 4921 terrnm
1438 4872 1657 4933 bonam,
1704 4873 1752 4920 et

1708 4934 1833 4994 etD

162 4936 328 5006 dabnt
390 4936 614 5004 fructum
683 4938 1036 4990 ascendentem
1066 4982 1080 5004 ,
1141 4950 1185 4992 et
1233 4951 1633 5006 excrescentem;

163 5005 417 5074 afferebat
477 5009 947 5080 unum__triginta,
980 5016 1052 5080 _et
1122 5025 1278 5063 unum
1336 5005 1640 5080 sexaginta,
1704 5019 1750 5062 et

162 5093 333 5133 unum
371 5091 568 5129 centum
612 5075 802 5146 (Marci
828 5083 926 5142 tv).
973 5075 1196 5133 Fructus
1241 5081 1375 5133 enim
1424 5075 1570 5133 terra:
1609 5082 1750 5133 bona:

158 5147 589 5220 triginma/fert,
613 5163 726 5200 cum
770 5163 922 5220 mens
946 5150 1313 5217 perfectionem
1351 5151 1471 5215 fidei
1517 5166 1632 5220 qua:
1672 5160 1746 5204 est

157 5222 215 5273 in
241 5217 514 5271 ’Trinitate
555 5221 860 5292 conceperit.
897 5219 1188 5292 Sexaginta
1225 5221 1395 5288 o/I'ert,
1445 5217 1560 5274 cum
1605 5222 1747 5274 bonts'

158 5293 284 5343 vin
309 5304 464 5358 opera
490 5289 714 5357 perfecte
739 5291 1026 5353 protulerit.
1045 5289 1266 5344 Centum
1288 5307 1406 5344 t'ero
1424 5291 1594 5358 a/fert.
1631 5308 1745 5344 cum

158 5360 467 5433 adtuleram
514 5365 629 5412 uiue
657 5362 1142 5433 contemplationem
1184 5367 1474 5433 profecerit.
1517 5364 1744 5416 Sinistsa

158 5432 306 5483 enim
358 5442 535 5482 nostra
565 5441 639 5482 est
680 5429 782 5481 rita
829 5429 1096 5499 praesens:
1131 5429 1336 5484 (rerum
1384 5447 1500 5484 vero
1531 5444 1602 5482 est
1642 5434 1744 5483 vita

158 5511 404 5554 ventura.
443 5499 506 5552 Et
548 5512 682 5552 recte
723 5517 812 5567 per
861 5503 1204 5554 centenarium
1246 5517 1513 5553 numerum
1541 5511 1745 5553 alternat

158 5574 284 5624 vita:
315 5576 678 5640 contemplatio
728 5574 1046 5636 designatur,
1075 5573 1192 5636 quin
1223 5587 1340 5622 cum
1380 5581 1492 5639 post
1535 5573 1746 5637 triginta

159 5658 227 5694 ac
258 5645 530 5711 sexaginta
560 5643 627 5692 ad
659 5652 992 5693 centesimum
1037 5657 1307 5692 numerum
1345 5644 1746 5706 computandum

164 5717 516 5785 pert'enirnns,
548 5715 683 5763 tdem
725 5714 1051 5785 centenarias
1091 5727 1335 5785 numerus
1380 5711 1439 5785 in
1483 5712 1746 5785 dexteram

168 5779 381 5837 transit.
412 5779 568 5834 Ftdes
599 5794 746 5848 atque
787 5783 1019 5850 Operatio
1069 5781 1238 5833 adltne
1289 5786 1343 5834 in
1396 5780 1606 5832 sinistra
1638 5793 1747 5836 est:

168 5853 295 5925 quia
345 5855 426 5904 hic
473 5854 642 5904 adhuc
682 5854 835 5925 positi
866 5861 913 5901 cl
945 5853 1199 5925 credimus
1228 5852 1366 5922 quod
1397 5868 1499 5903 non
1528 5852 1752 5925 videmus

173 5920 221 5978 et
252 5937 534 5995 ourrumur
563 5934 614 5972 ut
642 5924 923 5974 videamus.
951 5920 1078 5974 Cum
1113 5920 1364 5995 t'ero'jum
1392 5937 1445 5974 se
1471 5922 1672 5975 animus
1701 5924 1752 5976 in

172 5993 660 6049 con(cntutntimtem
704 6002 906 6043 (σίνηαι
953 5994 1066 6046 vitm
1111 5993 1453 6060 suspenderit,
1488 5994 1633 6058 quasi
1685 5996 1750 6044 nd

1842 2701 2110 2776 dexteram
2135 2719 2344 2776 manum
2363 2710 2627 2776 computus
2647 2703 2886 2768 pervenit.
2909 2702 2984 2776 lla
3015 2701 3076 2758 D.
3093 2704 3408 2774 Gregorius.

1841 2771 2013 2828 Porro
2045 2782 2208 2828 totam
2249 2773 2386 2828 hanc
2423 2771 2593 2829 artem
2625 2774 2950 2844 supputaudi
2980 2790 3076 2844 per
3102 2771 3300 2842 digitos
3324 2777 3408 2831 in-

1846 2853 1930 2914 ter
1958 2844 2294 2899 Venerabilis
2315 2845 2476 2899 Beda:
2493 2861 2660 2914 opera
2690 2845 3305 2912 complectiturlibellns
3321 2847 3414 2914 qui

1842 2913 1923 2988 _qu
1948 2924 2193 2986 computo
2215 2916 2294 2969 vel
2317 2916 2522 2988 loquela
2545 2933 2636 2988 per
2673 2925 2869 2988 gestant
2893 2917 3178 2988 digitorum
3201 2913 3410 2988 inscri~

1840 2985 1988 3057 bitur
2022 3002 2037 3041 :
2070 3002 2135 3042 ex
2165 3001 2274 3054 quo
2315 2985 2431 3040 haec
2462 2985 2918 3043 tan'tutn'notasse
2955 2985 3256 3051 suﬁ'ecerit,
3289 3004 3409 3057 qua

1841 3057 1908 3112 ad
1929 3056 2090 3125 hujus
2104 3057 2209 3112 loci
2227 3067 2284 3112 et
2311 3071 2500 3112 eorum
2526 3074 2646 3126 quae
2670 3060 2813 3113 dictu
2841 3067 2968 3113 sunt
2990 3056 3406 3128 intelligentiam

1840 3131 2061 3197 proprie
2098 3137 2350 3197 spectant
2381 3145 2392 3180 :
2428 3129 2509 3184 sic
2535 3130 2696 3200 igitur
2727 3129 2868 3184 Beda
2905 3144 3059 3184 suum
3099 3135 3408 3200 computum

1838 3213 1866 3252 a
1897 3200 2117 3255 sinistra
2168 3213 2395 3255 exorsus
2447 3215 2616 3269 usque
2665 3199 2732 3253 ad
2779 3200 2986 3259 decem.
3019 3199 3204 3254 subdit
3238 3217 3248 3250 :
3281 3199 3408 3254 Cum

1837 3268 1968 3343 dicis
1993 3269 2186 3343 decem,
2207 3286 2441 3343 unguem
2465 3268 2652 3325 indicis
2681 3273 2732 3325 in
2761 3271 2926 3343 medio
2954 3271 3078 3343 figas
3115 3279 3232 3343 arts
3255 3271 3413 3343 polii.

1835 3342 1942 3414 cis;
1970 3357 2084 3394 cum
2110 3341 2242 3395 dicis
2261 3343 2491 3412 triginta,
2519 3357 2715 3414 ungues
2742 3342 2931 3414 indicis
2952 3340 3230 3413 ct'potlicis
3261 3340 3412 3394 blan-

1843 3412 1909 3466 do
1937 3414 2217 3482 conjunges
2247 3415 2522 3484 amplexu;
2552 3412 2670 3466 cum
2700 3413 2988 3482 sexaginta,
3019 3412 3254 3478 pollicem
3288 3427 3411 3463 cur—

1837 3494 2008 3536 vatum
2036 3485 2202 3536 indice
2219 3484 2548 3553 circuiri/lese
2569 3485 2842 3549 diligenter
2865 3499 2896 3534 a
2920 3486 3090 3550 [rente
3115 3484 3410 3551 irriti-iuges.

1766 3552 1809 3613 C
1845 3553 2049 3609 Deinde
2092 3563 2374 3622 postquam
2407 3562 2636 3607 caeteros
2676 3567 2932 3604 numerus
2967 3552 3414 3622 cardinales,_qui

1842 3624 1896 3679 iu
1925 3619 2141 3681 sinistra
2169 3619 2814 3692 varieexprimebantur,
2834 3635 3004 3692 usque
3026 3623 3090 3672 ad
3119 3619 3412 3692 nonaginta

1842 3697 2124 3763 exposuit;
2153 3689 2723 3758 deiticeps'conversus
2753 3691 2818 3744 ad
2843 3691 3124 3763 dexteram
3144 3689 3365 3763 subiicit
3395 3706 3410 3743 :

1844 3761 1973 3818 Cum
1996 3773 2193 3817 centum
2219 3764 2501 3832 signiﬁcas,
2523 3764 2697 3816 eodem
2716 3762 2876 3815 utaris
2902 3771 3181 3832 gestu,quo
3202 3762 3254 3812 in
3281 3761 3415 3814 [mea

1844 3836 2012 3888 decem
2054 3831 2393 3888 monstrabas.
2431 3834 2504 3887 Ex
2546 3835 2744 3903 quibus
2783 3832 2968 3886 verbis
3002 3831 3180 3899 colligi
3223 3832 3410 3897 debet,

1843 3923 1945 3972 qua
1980 3909 2187 3958 ratione
2216 3905 2563 3960 centenarias
2617 3918 2878 3958 numerus
2927 3906 3040 3957 sive
3079 3903 3414 3956 centesimus

1845 3977 1912 4030 de
1964 3975 2185 4030 sinistra
2223 3985 2314 4030 aut
2363 3975 2494 4028 larva
2543 3974 2928 4028 transferretur
2986 3975 3037 4027 in
3083 3973 3414 4026 dexteram:

1846 4047 1975 4117 quia
2007 4049 2256 4101 nimirum
2291 4047 2438 4100 laevae
2468 4045 2649 4117 digitis
2671 4043 2932 4117 usquead
2964 4055 3178 4117 centum
3211 4057 3410 4098 nume-

1848 4114 2041 4172 rabant
2070 4137 2082 4171 :
2114 4118 2165 4170 in
2211 4118 2510 4171 centesimo
2545 4116 2612 4170 ad
2651 4114 2898 4169 destram
2938 4114 3238 4169 transibant
3265 4131 3278 4162 .-
3310 4127 3416 4181 qua

1848 4190 1973 4243 item
2001 4191 2230 4252 ratiOne,
2259 4189 2490 4259 triginta,
2521 4197 2576 4240 ttt
2599 4188 2676 4242 ait
2703 4187 3081 4257 Hieronymus,
3103 4185 3418 4259 referuntur

1848 4263 1914 4313 ad
1945 4262 2181 4330 nuptias;
2208 4258 2471 4328 sexaginta
2501 4260 2568 4312 ad
2596 4259 2815 4324 viduas;
2843 4267 3060 4330 centum
3090 4258 3200 4326 (qui
3231 4271 3412 4330 nurne-

1850 4347 1941 4385 rus
2001 4326 2202 4401 primus
2238 4326 2422 4387 esfin
2471 4331 2688 4399 dextra)
2723 4330 2788 4384 ad
2841 4329 3247 4401 virgittit:item._
3280 4326 3416 4401 Nam

1851 4399 2253 4457 matrimonium
2312 4403 2433 4457 ideo
2476 4417 2571 4471 per
2617 4404 2834 4468 triginta
2877 4400 3165 4469 SigillﬁCﬂl‘i
3199 4399 3415 4471 dicitur,

1851 4474 1992 4541 quod
2037 4492 2102 4528 eo
2150 4489 2394 4536 nmnero,
2424 4466 2553 4528 leni.
2581 4466 2839 4540 mollique
2880 4466 3129 4524 contactu
3178 4466 3412 4541 pollicis,

1851 4537 2174 4613 indivisque,
2198 4545 2459 4618 conjuges
2489 4544 2641 4618 velut
2671 4537 3160 4618 exosculantesse
3183 4537 3416 4618 eonjutt-

1851 4625 2042 4682 gntitttr
2068 4610 2090 4666 ἐ
2119 4617 2252 4668 sicut
2294 4610 2525 4668 viduitas
2556 4610 3198 4682 viduarutuqueal'llictio
3233 4610 3416 4682 expri-

1854 4677 2016 4739 lililltl'
2058 4700 2123 4739 ex
2171 4685 2365 4737 indicis
2396 4701 2557 4751 supra
2589 4685 2838 4752 pullicetn
2861 4677 3174 4736 ili-ﬂexione
3206 4696 3217 4731 :
3250 4677 3418 4752 virgi-

1855 4772 1986 4808 num
2016 4768 2196 4809 autetu
2227 4747 2604 4820 coruuufquai
2623 4754 2932 4808 centenario
2965 4766 3192 4806 numero
3217 4747 3420 4820 signiti-

1856 4836 2026 4883 catur,
2055 4841 2120 4879 ex
2152 4825 2379 4888 circulo,
2412 4817 2508 4893 qui
2533 4822 2727 4877 indicis
2752 4839 2926 4888 ungue
2958 4825 3009 4876 itt
3042 4822 3223 4876 tuedin
3255 4817 3419 4886 polli-

1857 4897 1936 4950 cis
1981 4896 2160 4948 delixo
2209 4897 2260 4948 in
2331 4897 2521 4949 destra
2572 4892 2912 4959 exprimitur,
2960 4894 3131 4945 inStar
3180 4905 3417 4959 cornuae.

1856 4968 2082 5021 Centum
2132 4982 2260 5018 vero
2289 4974 2346 5018 et
2371 4967 2458 5033 qui
2488 4958 2743 5030 deinceps
2775 4974 3073 5032 sequuntur
3113 4961 3322 5033 numeri
3363 4958 3419 5012 in

1857 5037 2043 5092 dextra
2097 5031 2610 5090 numerariisolitos
2654 5031 2863 5088 docent.
2905 5036 3067 5086 etiam
3110 5031 3197 5084 illa
3248 5041 3422 5097 poeta:

1851 5108 2057 5163 satirici
2100 5109 2336 5161 carmina
2383 5103 2649 5176 (Juvenal.
2681 5104 2845 5159 Satir.
2890 5106 3003 5171 10),
3053 5101 3242 5176 tibide
3271 5099 3423 5176 _Nes-

1853 5191 1991 5243 to-e,
2025 5194 2180 5246 quem
2205 5171 2482 5231 trecentos
2511 5190 2701 5240 autms,
2737 5177 2837 5228 hoc
2867 5182 2970 5238 est,
3004 5173 3105 5246 tria
3140 5171 3418 5225 hominum

1850 5244 2052 5305 smcula
2080 5252 2280 5304 vixisse
2309 5249 2573 5302 llomerus
2603 5245 2804 5316 prodit,
2839 5247 2907 5298 ita
2930 5244 3079 5298 cauit
3107 5261 3120 5296 :

1971 5340 2109 5389 Felix
2134 5341 2378 5400 nimirum,
2402 5341 2486 5401 qui
2506 5353 2595 5400 per
2618 5346 2686 5387 tot
2703 5337 2877 5386 saecula
2899 5342 3104 5384 mortem

1970 5401 2182 5460 Distulit,
2208 5411 2354 5464 atque
2376 5414 2492 5450 suos
2507 5401 2794 5461 jatudextra
2812 5406 3052 5460 computat
3077 5409 3244 5447 annos.

1852 5507 2018 5572 Quem
2043 5506 2280 5560 imitatus
2306 5503 2560 5559 Sidettius
2587 5503 2780 5557 Fausto
2805 5501 3158 5570 applaudens,
3179 5511 3229 5554 et
3249 5515 3410 5569 gran-

1853 5579 2059 5631 d'J'Vlllll
2088 5576 2414 5644 significans,
2441 5578 2588 5627 velut
2634 5575 3003 5627 centenarium
3041 5589 3052 5624 :
3088 5572 3424 5644 Quandoqui-

1853 5648 1988 5710 dem,
2020 5649 2112 5712 ait,
2141 5642 2260 5699 tuos
2307 5662 2470 5699 annos
2505 5648 2612 5714 iam
2642 5646 2849 5697 dextera
2895 5644 3233 5696 numeraverit
3255 5642 3422 5711 (Libr.

1852 5731 1929 5784 Ix,
1963 5719 2112 5784 epist.
2145 5717 2223 5784 9).

1928 5797 1952 5823 ει
1981 5783 2050 5839 Ita
2099 5783 2237 5856 apud
2280 5787 2516 5841 Marcum
2570 5786 2624 5840 in
2682 5785 2861 5840 verbis
2909 5799 3070 5849 supra
3114 5783 3310 5856 citatis.
3348 5783 3424 5836 Ex

1859 5858 2052 5925 quibus
2078 5853 2237 5912 etiam
2273 5857 2586 5928 intelligitur
2629 5858 2774 5911 illaut
2816 5857 3063 5928 centunli
3106 5853 3428 5928 retributioj

1861 5943 1980 5980 netu
2013 5928 2076 5981 ad
2110 5943 2346 5996 pratscns
2378 5926 2631 5983 Sit-culum
2673 5945 2792 5982 esse
2821 5927 3190 5982 referendum:
3226 5940 3329 5978 non
3362 5926 3428 5977 ad

1863 5998 2120 6066 futurum,
2161 6001 2207 6051 itt
2236 6014 2341 6065 quo
2375 6000 2517 6054 nulla
2550 6000 2652 6052 erit
2680 6000 3013 6067 persecutio.
