4026 6334
168 298 233 361 13

182 515 299 574 mit.
326 516 659 589 Sequuntur
688 520 923 575 Annales
953 521 1275 592 singularum
1307 522 1607 577 editionum.

821 616 1050 673 Securo
1087 631 1176 672 xv.

922 710 1081 766 1485.

256 799 498 869 Basileat,
532 802 727 873 iii-fol.
773 801 1065 858 Cassianus
1103 800 1171 858 de
1211 801 1472 858 Institutis
1520 802 1796 859 coenobio.

195 910 335 963 rum,
380 895 628 966 origine,
687 896 875 951 causis
928 903 983 951 et
1036 895 1292 951 remediis
1338 895 1629 961 vitiorum,
1683 894 1794 948 col-

198 988 582 1059 lationibusque
634 988 880 1043 Patrum.
930 986 989 1043 In
1038 986 1143 1044 ﬁne
1191 1003 1204 1040 :
1268 985 1569 1057 Expliciunt
1616 985 1794 1057 viginti

196 1090 407 1150 quatuor
451 1081 765 1137 collatione:
807 1090 1101 1136 sanctorum
1142 1080 1359 1136 Patrum
1405 1080 1689 1149 conscripta
1731 1081 1794 1134 ab

196 1175 389 1229 Joanne
417 1175 671 1231 heremita
714 1177 805 1243 qui
847 1184 894 1231 et
945 1174 1487 1231 Cassianusdicilur.
1542 1173 1797 1245 lmpresse

196 1266 409 1325 Basilete
435 1288 576 1324 anno
606 1269 823 1325 Domini
857 1267 1366 1327 MCCCCLXXXV.

262 1362 305 1416 T
308 1372 489 1417 extum
518 1363 783 1432 prmcedit
813 1363 1085 1434 regislrum
1111 1361 1506 1433 alphabeticum
1530 1376 1711 1417 rerum
1741 1371 1796 1417 et

196 1454 584 1510 sententiarum
614 1456 1071 1525 memorabilium,
1104 1455 1158 1510 in
1187 1471 1294 1527 quo
1319 1455 1385 1509 ad
1418 1454 1584 1511 libros
1614 1463 1671 1511 et.
1708 1468 1796 1509 ca-

199 1549 304 1617 pita
346 1549 562 1618 singula
602 1551 932 1604 excitantur.
962 1548 1019 1603 In
1052 1561 1247 1605 aversa
1277 1547 1415 1603 tituli
1446 1547 1636 1619 pagina
1668 1546 1796 1615 tegi-

199 1650 317 1695 tur:
350 1640 548 1694 Auctor
580 1641 697 1710 qnis
741 1657 802 1694 ac
847 1640 1014 1711 qualis
1060 1640 1264 1710 fuerit:
1307 1654 1432 1709 quos
1480 1637 1679 1691 libros:
1728 1637 1795 1689 ad

198 1750 316 1802 quos
338 1750 357 1788 :
380 1745 424 1787 et
448 1734 513 1787 de
540 1735 726 1807 quibus
763 1735 1022 1807 scripserit
1045 1750 1063 1789 :
1088 1733 1503 1791 continendatitt'a
1537 1734 1797 1800 brevisque

199 1828 445 1896 expositio
492 1827 550 1882 in
604 1829 744 1883 hanc
803 1828 1130 1882 sententiam
1177 1826 1475 1884 desinens:
1528 1824 1594 1881 Ut
1641 1826 1797 1895 igitur

816 306 1095 365 ΝΟΤΙΤΙᾹ
1136 304 1941 367 HtSTORlCO-LITTERARIA
1982 306 2046 362 IN
2086 304 2400 362 JOANNEM
2439 300 2853 365 CASSIANUM.
3423 309 3492 369 ﬂ

172 426 225 481 in
244 422 380 478 locis
409 431 468 479 et
500 423 827 483 novissime
854 426 1047 498 Lipsiae
1081 427 1218 485 1755
1248 428 1384 500 typis
1416 428 1649 484 describi
1675 442 1790 483 me-

1915 426 2001 479 ine
2034 445 2044 478 :

2100 423 2421 496 Expliciunt,
2465 434 2570 481 etc.
2609 425 2889 496 Impresste
2924 423 3147 484 Basilete
3186 444 3277 503 per
3323 433 3486 502 magis

1894 530 2057 573 stram
2100 518 2357 572 Joannem
2409 518 2711 573 Amerbach.
2766 518 2912 574 Anno
2968 519 3177 577 Domini
3208 520 3485 580 Λιϐίας.

1898 607 2155 664 ιΧΧΧΧ
2170 608 2300 663 VII.
2334 619 2387 664 et
2417 611 2601 666 subter
2628 629 2639 664 :
2669 609 2779 665 Deo
2804 613 3020 684 gratias.

1969 703 2145 761 Prima
2193 704 2516 759 Basileensis
2556 704 2623 759 ad
2663 705 2875 777 singula
2904 706 3072 762 verba
3097 716 3183 765 est
3217 709 3488 784 descripta

1897 797 2213 853 charactere
2243 796 2472 853 Gothico
2500 797 2726 864 minuto,
2790 799 2895 854 inis
2924 801 3214 859 columnis.
3409 788 3413 792 ’

2521 946 2733 989 δεουιο
2763 946 2870 989 XVI.

2609 1025 2767 1081 1516.

1969 1115 2246 1185 Lugduni;
2277 1118 2449 1173 iii-8'.
2495 1119 2723 1173 Joannis
2759 1119 3037 1190 Eremitte,
3066 1123 3160 1193 qui
3193 1132 3246 1179 et
3270 1125 3488 1183 Cassia-

1899 1225 2000 1264 nus
2025 1210 2244 1277 dicitur,
2265 1211 2379 1265 Vita
2406 1220 2460 1265 et
2482 1211 2601 1266 libri
2630 1212 2749 1276 Xll.
2779 1214 3031 1270 videlicet
3058 1234 3068 1269 :
3103 1216 3171 1272 de
3191 1218 3488 1276 Cmnobio-

1900 1319 2016 1359 rum
2046 1306 2305 1359 Institutis
2340 1305 2461 1360 libri
2499 1306 2588 1369 ιν,
2622 1316 2675 1361 et
2713 1308 2780 1362 de
2814 1309 2949 1363 Orto
2981 1308 3139 1365 Vttiis
3166 1312 3487 1381 capitalibus

1899 1399 2021 1454 libri
2050 1398 2186 1452 Vill.
2227 1398 2345 1453 Cat.
2382 1398 2514 1453 Bibl.
2544 1398 2747 1455 Bodlei.
2781 1406 3044 1458 Auctores
3076 1404 3323 1460 Historiae
3359 1406 3483 1465 Litt.

1899 1492 2090 1547 Gallia:
2134 1493 2194 1547 Τ.
2244 1493 2309 1558 ll,
2368 1510 2419 1563 ρ.
2478 1494 2602 1548 2'24.
2648 1496 2788 1564 apud
2840 1496 3106 1553 Simonem
3154 1500 3489 1573 Berilaquam

1900 1588 2313 1658 Lugdunensem
2347 1590 2740 1661 typographum
2773 1589 2913 1646 hanc
2940 1592 3232 1649 editionem
3260 1594 3489 1666 impres-

1900 1696 2014 1735 sam
2043 1680 2241 1736 ferunt.

2619 1755 2776 1810 1521.

1971 1842 2243 1913 Bononia,
2288 1846 2430 1914 apud
2470 1844 2737 1903 Benedict.
2785 1846 2980 1904 Hector
2995 1867 3016 1917 ;
3061 1849 3221 1906 ενι-8⁸.
3265 1850 3492 1910 Joannis

202 1918 430 1985 praeclari
460 1919 621 1993 ltnjus
650 1920 746 1973 viri
771 1918 1059 1991 (Cassiani)
1092 1918 1261 1989 Opera
1295 1929 1437 1973 tanta
1471 1920 1797 1974 commenda-

1915 1935 2165 2000 Eremite,
2198 1936 2290 2006 qui
2318 1947 2372 1995 et
2399 1937 2691 1995 Cassianus
2721 1938 2941 2007 dicitur,
2969 1957 3106 2012 opus
3135 1943 3201 1997 dc
3224 1943 3490 2001 Institutis

200 2012 329 2064 tione
356 2014 517 2084 digna
549 2012 613 2065 ab
642 2013 875 2069 omnibus
911 2012 1073 2087 legere
1101 2015 1419 2084 cupientibus
1450 2014 1655 2082 facilius
1700 2015 1797 2069 Ita-

201 2103 299 2156 beri
322 2105 525 2171 possint
549 2121 569 2158 :
598 2123 762 2179 nuper
791 2107 845 2160 in
872 2107 1065 2177 inclyta
1104 2106 1474 2163 Basileensimn
1518 2107 1639 2163 urbe
1685 2120 1798 2178 post

196 2199 644 2253 aeeuratissimam
694 2200 990 2255 earumdem
1035 2203 1487 2259 emendationem:
1546 2203 1795 2269 artiﬁcio-

196 2304 401 2359 sumque
422 2298 473 2343 et
495 2290 778 2363 peru:ilem
807 2300 856 2346 et
882 2299 1033 2349 antea
1054 2310 1158 2349 non
1183 2294 1343 2349 visam
1383 2295 1761 2349 distinctionem
1779 2311 1799 2349 .-

196 2384 394 2453 singula
424 2400 548 2436 cum
580 2385 1003 2465 inscriptionibus
1031 2388 1138 2442 suis
1162 2402 1181 2443 :
1207 2388 1262 2443 in
1288 2387 1386 2443 hoc
1414 2406 1577 2445 unum
1612 2406 1801 2460 corpus

193 2486 306 2528 sunt
335 2476 558 2531 collecta
590 2494 608 2533 :
636 2476 961 2551 elimatisque
991 2480 1285 2541 litterarum
1326 2481 1705 2539 characteribus
1747 2493 1800 2539 ut

194 2568 389 2634 liquido
434 2571 673 2626 cernitur
715 2572 962 2641 impressa
984 2589 1005 2628 .'
1039 2573 1109 2629 ad
1140 2574 1404 2647 frugifera:
1433 2578 1558 2630 artis
1589 2577 1800 2648 impres-

194 2660 344 2713 soria:
370 2664 919 2719 commendationem:
952 2665 1280 2737 omniumque
1317 2666 1585 2739 diligenter
1625 2668 1679 2721 in
1722 2669 1799 2723 Itis

195 2750 473 2821 legentium
496 2755 775 2810 utilitatem
803 2772 822 2810 :
854 2756 1238 2828 Salratorisque
1259 2760 1420 2813 nostri
1450 2757 1577 2815 Jesu
1608 2758 1803 2815 Christi

196 2842 414 2913 gloriam
443 2856 492 2899 et
521 2848 769 2902 honorem
794 2864 813 2904 :
838 2850 927 2919 qui
952 2860 1025 2905 est
1056 2850 1342 2909 benedictus
1370 2855 1421 2904 in
1449 2853 1639 2908 serrula
1664 2869 1682 2906 :
1708 2871 1802 2908 an-

197 2951 261 2988 no
306 2937 595 2992 nativitatis
643 2939 873 3009 ejusdem
930 2939 1440 2997 MCCCCLXXXV.
1486 2942 1562 3001 De
1610 2945 1800 3001 eodem

197 3040 516 3096 argumento
543 3046 734 3086 versus
764 3031 1063 3088 hexametri
1109 3036 1385 3103 sexaginta
1431 3035 1624 3105 adjecti
1676 3048 1803 3093 sunt

198 3119 249 3172 in
274 3122 515 3176 secanda
548 3125 739 3194 pagina
773 3126 902 3180 noni
941 3141 1009 3181 ex
1055 3126 1197 3181 loliis
1244 3128 1480 3197 registri,
1528 3130 1618 3201 qui
1666 3130 1802 3183 inci-

199 3211 380 3281 piunt:
404 3212 626 3269 Cie-saris
650 3217 868 3286 imperio
891 3219 1171 3287 [antuletur
1196 3219 1490 3276 thomulus
1513 3223 1673 3287 orbis,
1694 3234 1798 3281 etc.

1900 2032 2295 2096 ctenobiorum,
2335 2031 2570 2101 origine,
2610 2034 2794 2089 causis
2832 2044 2890 2091 et
2927 2036 3186 2093 remediis
3212 2040 3490 2106 vitiorum.

1899 2120 2399 2192 Collationibusque
2426 2122 2668 2181 Patrum.
2701 2125 2995 2189 CatuBibl.
3040 2128 3168 2201 Reg.
3216 2130 3389 2186 Paris.
3422 2131 3491 2189 Τ.

1898 2211 1940 2280 I,
1977 2228 2028 2284 p.
2061 2213 2188 2282 589,
2219 2231 2273 2270 ιι.
2305 2215 2426 2269 772.

2615 2288 2771 2343 15:25.

1974 2377 2237 2448 Lugduni,
2281 2394 2369 2447 per
2415 2376 2669 2433 Iacobum
2710 2379 2882 2451 Myt.;
2935 2384 3101 2439 in—S".
3157 2386 3322 2443 Iidem
3372 2388 3489 2443 libri

1902 2468 2268 2537 Sponsoribus
2318 2470 2569 2527 Patribus
2619 2470 2878 2529 Maurinis
2918 2474 2971 2533 in
3020 2475 3160 2531 Hist.
3213 2478 3314 2535 litt.
3366 2479 3489 2534 Cal-

1901 2559 1987 2617 lia:
2016 2562 2051 2617 l.
2088 2563 2125 2618 ι.
2712 2608 2715 2609 ν

2618 2656 2775 2712 1528.

1975 2746 2053 2820 (In
2087 2746 2193 2802 ﬁne
2226 2747 2266 2818 :)
2302 2746 2571 2817 Hoganote
2599 2749 2699 2821 (α),
2742 2767 2829 2821 per
2856 2750 2975 2805 Jolt.
3011 2751 3297 2825 Secerium,
3327 2773 3495 2813 mense

1904 2838 2120 2907 Martio,
2157 2840 2325 2893 iit-4°.
2370 2842 2430 2895 D.
2468 2841 2717 2897 Cassiani
2761 2844 3340 2917 Coastantinopolitani
3380 2850 3495 2905 dia-

1904 2933 2027 2987 coni
2067 2932 2134 2986 dc
2178 2933 2296 2987 Lib.
2339 2934 2583 2988 Arbitrio
2620 2935 2871 2991 Collatia.
2905 2937 3040 2993 Octo
3072 2941 3299 3010 plagulas
3343 2943 3494 2999 lucu—

1905 3023 2051 3079 lento
2080 3024 2393 3081 charactere
2429 3027 2699 3093 Romano,
2732 3038 2789 3083 ut
2817 3030 3063 3087 Justinus
3099 3034 3310 3091 duobus
3340 3038 3496 3092 annis

1903 3128 2031 3177 ante
2082 3117 2281 3172 ibidem
2338 3135 2591 3187 excusus,
2643 3121 2944 3192 impresszu.
2994 3126 3184 3182 Esstat
3230 3129 3393 3184 etiam
3441 3132 3494 3186 in

1904 3210 2017 3265 Cal.
2047 3210 2182 3266 Bibl.
2214 3212 2344 3283 Reg.
2382 3211 2555 3267 Paris.
2587 3212 2817 3270 Collatia
2848 3217 2961 3272 hinc
2999 3218 3051 3274 in
3082 3236 3247 3289 opere
3286 3222 3497 3292 integro

202 3317 253 3362 ei
272 3309 529 3365 desinunt
557 3328 569 3362 :
604 3312 874 3367 Sermones
903 3313 1121 3367 Abrahw
1144 3328 1161 3365 ;
1188 3313 1249 3366 de
1272 3315 1442 3368 carnis
1462 3312 1569 3386 lege
1590 3316 1805 3369 doman—
1831 3316 1876 3378 C
1910 3316 1995 3360 est
2014 3306 2271 3377 vigesima
2305 3309 2480 3362 tertia.
2518 3308 2756 3365 Βεδείαὶι
2783 3324 2964 3367 autem
2992 3314 3186 3380 editor,
3220 3326 3278 3371 ut
3308 3317 3497 3373 Patres

201 3406 294 3456 de.
330 3403 676 3474 Epigraphen
706 3404 908 3461 faciunt
932 3405 984 3460 hi
1010 3405 1115 3461 duo
1141 3422 1155 3462 :
1187 3406 1327 3473 Quos
1351 3424 1478 3479 opus
1506 3408 1600 3462 hoc
1649 3408 1805 3465 libros

203 3503 368 3548 teneat
413 3511 722 3566 cognoscere
771 3498 817 3550 si
869 3498 960 3555 vis.
1003 3496 1067 3553 Et
1094 3497 1221 3568 quid
1248 3498 1458 3567 quisque
1486 3506 1663 3555 tenet:
1688 3499 1806 3555 sub-

202 3589 419 3660 scriptos
450 3588 661 3661 perlege
690 3607 882 3647 versus.

270 3682 613 3754 impressum
641 3695 724 3742 est
758 3686 1011 3741 volumen
1045 3685 1188 3759 typis
1216 3685 1459 3743 Gothicis
1486 3686 1802 3757 grandibus,

202 3777 293 3833 sed
333 3777 686 3832 tenuioribus
713 3785 770 3832 et
819 3779 1021 3847 acutis,
1056 3779 1200 3833 binis
1253 3779 1524 3834 columnis
1571 3779 1669 3835 abs
1715 3796 1809 3835 nu-

203 3869 371 3924 meris
410 3878 469 3924 et
510 3869 850 3925 custodibus.
886 3869 1123 3940 Ptaguta:
1154 3871 1379 3941 signatae
1421 3881 1574 3937 sunt;
1608 3872 1807 3929 adsunt

200 3960 365 4016 etiam
395 3961 672 4018 librorum
700 3960 838 4019 tituli
862 3962 1159 4032 majusculo
1187 3963 1505 4020 charactere
1522 3966 1726 4020 exarati
1750 3965 1806 4021 in

200 4068 415 4109 summa
445 4069 568 4121 ora,
602 4062 656 4108 et
683 4054 880 4109 littera:
911 4054 1145 4111 initiates
1188 4056 1405 4110 minuta:
1445 4056 1500 4111 in
1530 4057 1802 4127 capitulis.

266 4146 329 4201 id
359 4162 529 4201 unum
560 4146 677 4201 fere
703 4148 979 4217 singulare
1019 4148 1073 4203 in
1114 4147 1519 4203 eharacteribus
1544 4149 1806 4205 observa-

200 4239 401 4303 vimus,
435 4238 585 4309 quod
616 4239 825 4310 syllaba
868 4239 912 4293 is
956 4241 1006 4294 in
1042 4239 1149 4294 line
1190 4256 1381 4296 meum
1417 4257 1511 4309 per
1542 4258 1802 4309 compen-

201 4330 348 4386 dium
376 4333 543 4387 linea:
566 4344 732 4388 recta:
765 4333 1232 4403 perpendicularis
1265 4334 1501 4405 desuper
1528 4336 1803 4404 paululum

202 4440 394 4481 versus
428 4426 715 4482 sinistram
761 4427 977 4483 inﬂexae
1019 4440 1239 4483 exarata
1283 4430 1374 4484 sit.
1424 4430 1683 4485 Eamdcm
1716 4431 1801 4485 ed.

202 4518 461 4572 servabat
496 4519 630 4574 olim
676 4518 812 4574 Bibl.
856 4519 1017 4574 Ducis
1058 4521 1120 4573 de
1157 4520 1208 4574 la
1258 4521 1504 4576 Valliérc.
1536 4522 1803 4579 Caeterum

196 4608 494 4667 Fabricius
524 4612 581 4666 in
615 4611 753 4666 Bibl.
778 4612 847 4666 Μ.
882 4624 935 4668 ct
963 4614 1003 4669 Ι.
1035 4613 1153 4668 Lat.
1181 4614 1362 4668 laudat
1393 4616 1682 4670 editionem
1714 4618 1807 4672 Γει-

198 4712 373 4756 notam
399 4718 454 4759 a.
492 4701 657 4768 1481,
686 4718 845 4774 quam
871 4705 1122 4775 equidem
1159 4716 1337 4759 tamen
1373 4706 1633 4777 tantisper
1666 4707 1805 4765 inter
1834 4704 1881 4763 D

196 4793 416 4851 fabulas
448 4796 686 4863 habebo,
722 4796 897 4854 donec
922 4799 1068 4854 aliud
1102 4799 1255 4855 fuero
1281 4800 1525 4855 edoctus.

936 4891 1094 4947 M9l.

274 4981 544 5049 i’enetiis,
578 4983 756 5055 iit-fol.
782 4983 869 5039 Jo.
902 4982 1199 5040 Cassianus
1234 4986 1300 5041 de
1328 4986 1592 5045 Institutis
1623 5002 1806 5043 coeno-

198 5074 415 5130 biorum
462 5093 476 5129 :
524 5085 579 5131 et
618 5076 861 5146 ejusdem
899 5074 1234 5133 Collationcs
1274 5078 1515 5133 Patrum.
1550 5080 1810 5136 Producit

198 5168 524 5223 ﬂaettarius
548 5168 614 5222 T.
648 5166 690 5235 Ι,
725 5184 778 5239 p.
813 5183 874 5233 tt,
913 5182 965 5237 p.
1006 5168 1133 5233 558,
1177 5184 1241 5222 ex
1286 5166 1426 5222 Bibl.
1458 5168 1809 5226 Menarsiante

198 5256 457 5332 Catalogo
511 5275 565 5331 p.
624 5259 715 5329 19,
765 5276 822 5316 n.
874 5260 997 5315 161.
1046 5259 1305 5317 Exstabat
1355 5261 1520 5319 etiam
1570 5261 1623 5320 in
1667 5262 1805 5319 Bibl.

194 5347 402 5406 Pinell.
1072 5363 1088 5368 ’

934 5447 960 5502 ’1
973 5442 1096 5503 497.

263 5535 497 5592 Basilete
526 5554 615 5596 uer
642 5535 731 5595 Jo.
765 5536 1091 5606 Amerbach;
1122 5540 1286 5595 iit-l0.
1325 5538 1561 5595 Joannes
1596 5538 1801 5595 CaSsia-

188 5648 295 5690 nus
332 5634 409 5689 de
446 5635 713 5699 Institutis
743 5637 1274 5713 emirabiorumpetc
1294 5646 1401 5703 .ut
1433 5636 1487 5694 in
1520 5638 1713 5705 prima.
1744 5638 1802 5697 la

1910 3399 2137 3457 Maurini
2169 3401 2330 3456 modo
2356 3402 2560 3459 laudati
2588 3416 2829 3469 mouent,
2860 3417 3020 3475 eaput
3050 3409 3322 3479 ultimum,
3353 3413 3493 3481 ejus-

1906 3507 2010 3561 que
2037 3492 2153 3546 toco
2180 3492 2315 3546 XVII
2338 3494 2439 3548 alia
2464 3508 2531 3548 ex
2554 3496 2671 3551 aliis
2703 3496 3091 3555 Collationihus
3120 3504 3493 3558 consarcinata

1906 3586 2205 3652 substituit,
2251 3596 2306 3639 ut
2347 3588 2389 3639 si
2432 3587 2635 3655 justum
2676 3590 2807 3647 velis
2843 3606 2963 3645 esse
3006 3594 3239 3661 titulum,
3273 3595 3492 3650 inscribi

1906 3677 2200 3743 debuisset,
2249 3676 2526 3732 Tractatus
2570 3682 2632 3732 de
2661 3679 2846 3734 Libero
2889 3681 3114 3737 Arbitrio
3158 3701 3219 3739 ea:
3260 3685 3490 3743 Cassiani

1907 3768 2302 3836 Collationibns,
2324 3773 2610 3842 prtvsertim
2635 3771 2800 3825 XXII
2813 3772 2839 3824 1
2866 3773 3173 3844 desetiptns.

2621 3864 2779 3919 1540.

1979 3952 2240 4021 Coloniw,
2286 3972 2347 4008 ex
2390 3956 2590 4024 (ﬂicina
2636 3954 2827 4011 Melclt.
2880 3956 3267 4025 Novesianttm;
3314 3962 3488 4032 iit-fol.

1906 4045 2125 4102 Joannis
2160 4047 2404 4101 Cassiani
2444 4046 2568 4101 libri
2604 4046 2698 4102 ΧΗ
2734 4047 2800 4102 de
2835 4047 3097 4104 Institutis
3125 4052 3489 4107 coenobiorum

1906 4139 2057 4194 etde
2093 4139 2232 4191 vitiis
2272 4138 2615 4208 capitalibus,
2660 4155 2757 4195 nec
2799 4156 2906 4195 non
2950 4141 3073 4197 libri
3105 4143 3211 4198 duo
3243 4143 3491 4200 Coltntio-

1907 4250 2032 4287 num
2064 4232 2230 4286 XXIV
2258 4234 2355 4287 SS.
2393 4236 2609 4289 l’attum
2640 4237 3043 4306 paraphrasticc
3074 4238 3285 4304 redditi,
3316 4240 3479 4294 studit

1906 4323 2144 4397 Dionysii
2170 4325 2538 4382 Carthusiani.
2575 4327 2797 4397 Adjecta
2820 4336 2904 4382 est
2931 4329 2993 4384 D.
3023 4329 3246 4384 Joannis
3274 4329 3491 4386 Climac

1906 4419 2048 4472 scala
2087 4417 2348 4484 l’aradisi,
2382 4418 2595 4484 Latine,
2642 4435 2706 4475 ex
2752 4421 3198 4490 interpretatione
3231 4425 3493 4478 Ambrosi.

1904 4509 2178 4566 monachi.
2227 4508 2341 4567 Cat.
2391 4508 2528 4566 Bibl.
2572 4509 2776 4568 Bodlei.
2832 4511 3007 4569 Paris.
3044 4506 3292 4584 ‘Regfet
3342 4512 3489 4571 Casa

1906 4613 2104 4660 ualens.

2629 4700 2787 4756 1542.

1982 4790 2246 4863 Lugduni,
2277 4791 2417 4862 apud
2447 4790 2700 4847 Jacobum
2724 4792 2945 4861 Giunta;
2985 4795 3141 4851 iit-8°.
3172 4796 3488 4856 Collatione:

1912 4880 2155 4939 Patrum.
2202 4884 2345 4950 Opus
2386 4883 2608 4939 Joannis
2649 4886 2923 4950 Eremitm,
2973 4889 3062 4957 qui
3113 4897 3167 4947 et
3214 4890 3487 4947 Cassianut

1910 4975 2129 5043 dicitur,
2160 4979 2226 5032 de
2252 4979 2511 5034 institutis
2553 4981 2924 5035 ccenobiorum
2946 5022 2960 5046 ,
2990 4978 3219 5052 origine,
3247 4987 3426 5040 causis
3446 5000 3491 5042 et

1911 5074 2167 5128 remediis
2194 5074 2469 5136 vitiorum,
2506 5075 3003 5145 CollationibuSque
3035 5079 3273 5135 Patrum.
3303 5080 3479 5135 Addit.

1916 5166 2166 5221 Auctoris
2195 5167 2325 5220 vita.
2359 5166 2475 5220 Cat.
2511 5165 2647 5220 Bibl.
2680 5167 2922 5225 Casanat.
2950 5168 3013 5224 lt.
3043 5170 3160 5226 Cat.
3189 5170 3251 5225 de
3276 5170 3329 5225 la
3356 5169 3470 5227 Bib.

1914 5258 1977 5315 de
2004 5258 2364 5330 St.-Jacques,
2398 5260 2431 5312 ὰ
2459 5257 2613 5330 Liége
2640 5262 2805 5328 1788,
2838 5279 2891 5333 p.
2924 5262 3047 5321 190.

2622 5355 2778 5409 1ἱᾼ59.

1980 5447 2235 5513 Basileaz,
2284 5465 2346 5503 ea;
2374 5447 2466 5516 oﬂ“.
2500 5447 3005 5515 Henrico-Petrina;
3052 5449 3228 5521 its-fol.
3277 5449 3495 5506 Joann.”

1908 5542 2153 5603 Cassiani
2195 5559 2355 5615 opera
2397 5544 2600 5615 aliquot
2650 5560 2771 5603 cum
2816 5543 2873 5598 S.
2920 5543 3143 5603 Joannis
3179 5545 3472 5607 Damascen-

1907 5651 2034 5709 app.

271 5791 355 5859 (at
400 5792 458 5849 id
487 5793 1294 5869 estHaynte(Grussen-ilayn)
1329 5798 1378 5854 in
1414 5795 1643 5857 Suxonia
1677 5798 1965 5872 Superiori,
2001 5811 2055 5859 ut
2084 5810 2233 5859 recte
2260 5803 2591 5861 Benedicdui
2618 5822 2628 5858 :
2660 5802 2887 5877 allayn,
2913 5803 3105 5861 dansla
3129 5800 3461 5861 (laute-Sos
