4026 6334
490 272 561 332 ιδ
1299 251 1394 308 AD
1431 248 1663 308 ouans
1696 208 1983 306 JOANNIS
2018 246 2336 306 cassum
2372 242 2908 302 rnonscoueua.
3696 259 3765 318 ,ο

560 383 680 442 Jam
705 381 939 455 pridem,
969 389 1167 448 nempe
1193 389 1243 429 a.
1273 372 1410 429 I548
1435 369 1614 426 omnia
1645 384 1707 427 ex
1738 368 1925 426 eadem
1956 367 2078 421 olli-
2108 374 2154 433 Α
2186 365 2266 422 Μ.
2321 367 2392 423 D.
2445 366 2594 422 LXX
2611 365 2801 435 VIII.)
2843 365 3008 420 multa
3068 372 3396 437 conquestus
3461 365 3532 425 de
3576 368 3763 426 seculi

486 480 610 537 cina
666 477 977 546 prodierant
1024 470 1248 528 Joannis
1313 464 1627 521 Damasceni
1680 478 1863 529 opera,
1918 476 2079 531 quam

491 572 783 628 editionem
813 569 864 623 in
898 568 998 621 bac
1027 579 1146 620 esse
1172 577 1437 623 recusam,
1471 559 1612 612 haud
1644 558 1909 611 incertum
1935 555 2083 610 vide-

489 673 596 730 tur,
630 662 837 715 tametsi
872 659 960 714 illa
993 656 1308 712 Cassianum
1348 667 1451 706 non
1490 651 1775 719 complexa
1812 647 1992 711 fuerit,
2026 656 2084 702 ut

468 773 556 827 ‘ex
597 756 749 810 titulo
790 755 936 808 illius
973 751 1025 805 in
1069 748 1181 803 Cat.
1216 744 1355 800 Bibl.
1388 743 1516 815 Reg.
1549 740 1722 797 Paris.
1750 741 1912 796 obvio
1940 738 2005 795 Τ.
2036 737 2079 803 I,

466 837 545 921 'p.
572 848 699 913 357,
724 864 781 904 ιι.
813 846 938 914 589.,
971 850 1213 913 apparet.

460 932 480 987 ⁸.
1207 932 1365 988 I572.

468 996 486 1058 λ
563 1031 765 1104 Tiguri,
809 1028 987 1099 iii-fol.
1038 1005 1260 1084 Joannis
1303 1021 1548 1080 Cassiani
1593 1020 1663 1076 de
1710 1017 2084 1075 Incarnatione

489 1122 690 1179 Christi
737 1135 925 1178 contra
986 1118 1295 1175 Nestorium
1355 1118 1665 1169 lmreticum
1719 1111 1784 1164 ad
1846 1110 2081 1164 Leonem

488 1215 750 1271 Romanae
792 1213 939 1269 urbis
984 1214 1320 1282 episcopum,
1361 1206 1484 1261 libri
1517 1205 1643 1269 VII;
1690 1204 1830 1258 inter
1874 1202 2085 1269 Scripta

488 1317 716 1362 veterum
754 1306 943 1359 Latina
976 1304 1039 1357 de
1070 1319 1176 1356 una
1211 1315 1436 1373 persona
1462 1303 1518 1353 et
1541 1296 1697 1351 duab.
1739 1304 1851 1349 nat.
1891 1290 2086 1347 Christi

490 1398 633 1456 edita
673 1412 705 1451 a
742 1396 908 1452 Josua
949 1394 1204 1461 Simlero,
1256 1407 1358 1461 pag
1424 1389 1487 1444 I7
1555 1386 1766 1442 Addita:
1796 1391 1922 1439 sunt
1963 1381 2086 1436 Vita

491 1490 733 1546 Cassiani
757 1499 813 1545 et
839 1487 1199 1543 annotationes
1229 1484 1284 1538 in
1313 1482 1479 1538 libros
1507 1481 1624 1550 ejus
1652 1492 1683 1532 a
1714 1491 1837 1547 pag.
1867 1475 1959 1530 47.

1213 1575 1372 1630 1575.

563 1676 803 1740 Basilew,
828 1690 890 1728 ex
916 1672 1007 1740 0/7'.
1031 1666 1527 1731 IIenrico-Petrina,
1559 1678 1734 1718 mense
1762 1657 2087 1733 Septembri;

2185 476 2409 534 propter
2432 480 2711 520 enormem
2760 464 2813 518 in
2859 464 3011 518 libris
3050 466 3356 519 scribendis
3396 467 3764 535 iiut-uipran-

2185 558 2310 609 tiam
2342 557 2716 623 librarumque
2754 556 2914 611 simul
2957 560 3285 624 proterviam
3313 568 3362 613 et
3403 559 3766 629 corruptelam

2181 646 2541 713 infelicitate;
2574 665 2687 700 eam
2738 651 2800 703 ob
2847 665 3058 701 causam
3116 650 3250 705 inter
3296 650 3437 711 illos.
3468 669 3593 720 quos
3614 651 3766 707 Chri-

2183 740 2354 792 stiana
2378 757 2515 805 resp.
2544 739 2830 795 Dominicw
2864 742 3026 795 ttinere
3063 742 3287 796 cultores
3317 744 3491 809 habet,
3516 761 3617 798 non
3648 762 3769 799 con-

2183 834 2508 885 temnendam
2535 847 2749 897 cperam
2793 848 3002 887 navare.
3036 844 3225 888 censet
3267 848 3383 900 eas,
3428 836 3518 902 qui
3546 847 3769 889 ueterum

2182 939 2306 977 mss.
2330 925 2568 978 codicum
2613 925 2724 993 ﬁde
2763 927 2958 999 adjuti,
2991 927 3047 979 in
3090 929 3420 982 restituendis
3465 932 3767 983 emaculan-

2183 1015 2363 1085 disque
2393 1015 2501 1071 SS.
2555 1014 2776 1070 Patrum
2828 1020 3196 1083 monumentis,
3246 1021 3414 1090 iisque
3451 1020 3684 1094 legendis
3714 1038 3771 1076 ac

2183 1107 2536 1177 perdiscendis
2566 1125 2719 1163 omne
2753 1126 2904 1164 suum
2949 1112 3178 1164 studium
3218 1115 3490 1167 collocent.
3521 1114 3674 1181 Quod
3704 1129 3772 1170 ne

2184 1199 2390 1267 absque
2412 1214 2571 1254 causa
2599 1199 2805 1255 dixisse
2830 1203 3108 1257 videretur
3130 1204 3195 1257 ad
3220 1204 3402 1259 laude.»
3423 1218 3475 1260 et
3499 1221 3773 1262 commen-

2184 1291 2459 1346 dationem
2493 1291 2709 1347 Patrum
2759 1307 2820 1348 se
2860 1295 3173 1361 convertit,
3206 1300 3300 1352 sed
3339 1314 3464 1351 mox
3496 1303 3562 1352 ait
3594 1315 3653 1355 se
3684 1316 3802 1357 rev

2184 1384 2340 1439 diens
2373 1403 2386 1438 :
2421 1387 2687 1453 Quoniam
2728 1398 2938 1455 autem,
2983 1392 3192 1460 inquit,
3243 1393 3435 1462 partim
3485 1404 3773 1466 temporum

2184 1478 2380 1551 injuria
2399 1488 2447 1531 et
2469 1488 2731 1537 vetustate.
2750 1481 2941 1551 partim
2964 1483 3250 1537 scribarum
3272 1487 3567 1547 oscitanlia,
3585 1490 3774 1553 partim

2188 1570 2341 1623 etiam
2371 1564 2730 1625 hereticorum
2773 1574 3014 1627 insolenti
3044 1577 3329 1629 temeritate
3354 1575 3543 1630 horum
3575 1580 3774 1633 labores

2188 1666 2536 1734 compluribus
2562 1666 2616 1718 in
2644 1668 2771 1719 locis
2811 1667 2993 1735 fwdati
3035 1679 3082 1721 et
3115 1670 3291 1722 multis
3320 1672 3518 1723 mendis
3550 1671 3775 1740 respersi

491 1772 550 1824 in
583 1770 677 1839 fol.
730 1777 811 1824 ΤΛ
864 1776 985 1823 ΤΟΥ
1027 1772 1182 1823 MAR.
1232 1766 1494 1819 ιοΔΝΝοΥ
1537 1769 1659 1815 ΤΟΥ
1687 1759 2086 1814 ΔΔΜΛΣΚΗΝΟΥ

2191 1770 2328 1823 sunt,
2357 1769 2402 1812 et
2421 1758 2586 1812 multa
2608 1760 2801 1827 passim
2825 1759 2938 1812 loca
2968 1761 3021 1812 in
3053 1761 3126 1813 eis
3158 1772 3431 1815 occurrunt
3449 1762 3645 1828 hiulca,
3665 1763 3773 1818 dis-

488 1858 680 1918 "EPI‘A.
710 1860 932 1915 Joannis
962 1856 1272 1911 Damasceni
1304 1867 1473 1920 Opera
1498 1849 1843 1917 omnia,qua3
1864 1844 2081 1916 quidem

491 1960 708 2009 exstant
746 1969 759 2004 :
803 1953 1031 2005 maxima
1071 1957 1226 2019 parte
1270 1945 1534 2001 hactenus
1573 1957 1683 1997 non
1718 1941 1857 1995 visa.
1901 1938 2031 1993 Item
2067 1954 2080 1991 :

491 2029 718 2100 Joannis
768 2040 1014 2097 Cassiani
1069 2037 1324 2095 Ereniitm
1374 2051 1482 2091 non
1539 2047 1757 2104 prorsus
1806 2029 2087 2086 dissimilis

492 2137 799 2210 argumenti
836 2134 960 2189 libri
996 2135 1224 2204 aliquot,
1266 2145 1498 2201 quorum
1538 2128 1802 2190 omnium,
1847 2133 1954 2177 tam
1981 2120 2087 2176 hu-

490 2231 603 2302 jus,
627 2244 787 2300 quam
811 2228 955 2282 illius
985 2224 1291 2286 elenchum,
1320 2235 1474 2276 versa
1504 2219 1720 2289 pagina,
1747 2215 2084 2287 singulorum

494 2331 675 2377 autem
718 2329 1034 2392 argumenta
1071 2318 1125 2372 in
1168 2316 1486 2386 praefatione
1532 2314 1790 2382 reperies.
1845 2306 2092 2364 Accessit

492 2416 651 2473 Joan.
683 2413 1004 2471 Damasceni
1032 2412 1309 2480 operibus,
1345 2407 1586 2476 itemque
1612 2402 1877 2467 Cassiani,
1906 2414 2087 2455 rerum

493 2523 562 2564 ac
585 2508 873 2564 verborum
897 2504 1355 2569 memorabilium,
1386 2516 1487 2555 nec
1510 2516 1614 2553 non
1648 2498 1889 2552 locorum
1919 2507 2092 2547 sacra:

494 2601 817 2669 Scriptura,
850 2614 971 2668 qua:
1008 2598 1062 2651 in
1095 2596 1182 2651 bis
1207 2594 1548 2661 explicantur
1574 2599 1737 2660 atque
1766 2590 2090 2657 allegantur,

496 2695 820 2765 trigeminus
861 2691 1020 2745 index
1054 2703 1211 2755 quam
1241 2685 1659 2756 diligentissime
1688 2685 2050 2752 conscriptus.

569 2787 760 2842 Insunt
803 2784 985 2837 omnia
1028 2780 1293 2843 Cassiani,
1343 2792 1541 2842 nempe
1580 2776 1644 2829 de
1692 2774 1822 2829 Inst.
1873 2772 2089 2829 tmnob.

495 2881 537 2936 I.
568 2879 660 2947 ιν,
693 2893 721 2931 a
751 2876 847 2931 fol.
876 2876 1014 2939 905;
1044 2872 1114 2928 de
1134 2872 1271 2928 Octo
1301 2870 1464 2925 Vitiis
1485 2867 1811 2937 capitalibus
1835 2867 1872 2921 ι.
1901 2865 2034 2930 VIII,
2062 2878 2091 2917 a

497 2971 597 3026 fol.
630 2969 770 3034 952;
802 2965 1137 3022 Collationes
1171 2963 1275 3019 PP.
1308 2960 1501 3028 XXIV,
1534 2977 1561 3013 a
1595 2960 1689 3014 fol.
1716 2960 1848 3025 990;
1882 2968 1936 3013 et
1965 2955 2094 3011 libri

498 3062 597 3120 VII
636 3074 825 3118 contra
876 3059 1206 3123 Nestorium,
1257 3072 1285 3109 a
1339 3057 1433 3110 fol.
1488 3053 1648 3109 I259.
1703 3053 1967 3108 Prae-fatus
2010 3058 2095 3105 est

2191 1861 2361 1918 torta,
2405 1866 2627 1917 manca,
2691 1852 2907 1920 confusa
2945 1865 2994 1905 et
3046 1852 3206 1906 veluti
3254 1870 3425 1926 scopis
3465 1856 3775 1921 dissolutae;

2189 1944 2387 1998 idcirco
2411 1945 2589 1998 danda
2611 1954 2686 1998 est
2708 1961 2886 2011 Opera,
2914 1956 2966 1997 ut
2994 1962 3059 2000 ea:
3086 1948 3439 2001 vetustissimis
3469 1951 3777 2013 aptimisque

2187 2038 2566 2103 exemplaribus
2589 2054 2716 2093 mss.
2746 2054 2842 2091 suo
2873 2040 3030 2092 uitari
3065 2050 3112 2093 et
3138 2042 3421 2111 integritati
3449 2059 3600 2109 quam
3624 2060 3778 2098 accu-

2189 2129 2447 2183 ratissime
2474 2130 2838 2183 restituantur.
2875 2128 2955 2182 Ea
2985 2131 3146 2198 igitur
3168 2148 3252 2185 res
3298 2149 3378 2186 me
3424 2150 3623 2203 quoque
3656 2152 3777 2202 per-

2189 2221 2377 2285 movit,
2410 2220 2636 2291 mihique
2678 2223 2935 2289 persuasit
2964 2238 3134 2293 operre
3179 2226 3401 2292 pretium
3436 2241 3643 2297 remque
3671 2243 3779 2281 om-

2192 2312 2340 2365 nibus
2372 2312 2663 2366 divinarum
2717 2314 3006 2365 litterarum
3052 2316 3361 2377 cultoribus,
3392 2326 3440 2371 et
3476 2319 3779 2387 cumprimis

2190 2406 2487 2457 monasticae
2513 2404 2839 2471 perfectionis
2862 2406 3179 2461 amatoribus
3203 2410 3500 2480 neutiquam
3526 2411 3779 2482 ingratam

2193 2512 2272 2549 me
2294 2500 2594 2566 facturum;
2621 2495 2667 2548 si
2701 2497 2754 2548 in
2785 2499 3118 2568 repurgando
3139 2500 3552 2572 illustrandoque
3577 2501 3780 2559 Joanne

2192 2583 2442 2640 Cassiano
2477 2586 2676 2655 aliquid
2703 2601 2876 2656 aperte
2906 2588 3231 2643 collocarem.
3262 2593 3415 2658 Quod
3444 2602 3497 2645 ut
3529 2596 3776 2662 facerem,

2192 2680 2531 2733 illustrissimi
2572 2690 2724 2749 atque
2768 2682 3077 2749 amplissimi
3134 2684 3420 2739 cardinalis
3463 2687 3535 2744 Ι).
3569 2688 3781 2745 Antonii

2194 2774 2400 2846 (Ξανθία
2426 2779 2728 2841 auctoritas,
2756 2795 2872 2848 qua:
2900 2783 3114 2834 maximi
3139 2781 3280 2851 apud
3304 2798 3384 2837 me
3412 2784 3657 2837 momenti
3681 2791 3781 2850 est,

2194 2868 2383 2936 elfecit.
2400 2867 2458 2923 Is
2476 2872 2627 2933 enim,
2643 2870 2778 2924 datis
2804 2872 2873 2925 ad
2891 2888 2969 2926 me
2993 2889 3056 2927 ea:
3069 2873 3191 2925 urbe
3204 2874 3383 2928 litteris
3396 2876 3450 2926 id
3465 2876 3561 2928 sibi
3577 2884 3783 2945 gratum

2194 2972 2243 3015 et
2275 2958 2585 3016 Christiana!
2607 2965 2737 3033 reip.
2774 2980 2874 3016 non
2903 2966 3286 3019 incommodum
3317 2967 3429 3035 [ore
3459 2967 3664 3034 scripsit
3688 2983 3708 3032 ,'
3735 2976 3785 3021 et

2196 3052 2321 3122 quid
2341 3054 2394 3107 in
2419 3057 2529 3126 ejus
2551 3056 2781 3109 auctoris
2810 3059 3159 3127 recognitione
3186 3060 3299 3129 ﬁeri
3329 3062 3650 3132 potissimum
3684 3062 3786 3115 rel-

503 3154 713 3211 Marcus
752 3150 1037 3222 Happerus
1072 3148 1423 3207 Basileensis,
1456 3146 1685 3213 epistola
1725 3143 1790 3197 ad
1829 3144 2091 3199 Thomam
2121 3131 2167 3196 C
2199 3146 2305 3212 let,
2338 3150 2592 3217 exposuit.
2620 3148 2761 3215 Quid
2782 3162 2897 3202 vero
2919 3150 2970 3201 in
2993 3167 3052 3203 ea
3079 3168 3132 3204 re
3157 3167 3187 3204 a
3217 3131 3362 3205 nobis
3389 3153 3672 3211 prws‘itum
3692 3155 3781 3223 sit,

500 3265 532 3305 τι
564 3249 753 3304 Planta
784 3246 953 3316 cpisc.
985 3243 1300 3298 Curiensem
1342 3255 1437 3296 seu
1475 3238 1703 3293 Rboetia:
1730 3240 1851 3291 alta!
1880 3236 1937 3290 d.
1968 3234 2091 3289 Bas.

505 3339 732 3395 Kalend.
779 3339 1002 3407 August.
1049 3333 1221 3397 I575;
1250 3331 1343 3387 sed
1387 3331 1456 3386 de
1498 3332 1724 3396 ratione,
1766 3345 1869 3397 qua
1901 3330 1954 3382 in
1986 3336 2095 3382 tra-

502 3430 700 3486 ctando
739 3437 962 3484 auctore
998 3426 1082 3481 vel
1114 3427 1232 3496 ipse
1267 3425 1349 3479 vel
1388 3425 1700 3494 superiores
1737 3422 1977 3477 editores
2014 3421 2095 3475 usi

503 3524 726 3591 fuerint,
752 3521 924 3576 altum
956 3527 1104 3575 tenet
1130 3518 1430 3574 silentium.

1222 3610 1383 3669 1560.

576 3708 776 3771 Roinw,
822 3707 979 3763 in-8’.
1027 3705 1112 3762 Jo.
1157 3704 1405 3762 Cassiani
1438 3703 1575 3758 Vita:
1601 3703 1822 3758 Patrum
1865 3717 1931 3757 ex
1979 3701 2094 3771 ejus

503 3800 925 3857 Institutionibus
985 3798 1411 3853 Renuntiantium
1468 3806 1522 3851 et
1573 3793 1948 3850 Collationibus
2004 3808 2095 3847 ex-

508 3903 711 3965 cerpta:
740 3911 752 3947 :
780 3893 831 3948 in
878 3892 1004 3945 l'itis
1028 3890 1136 3947 SS.
1168 3889 1363 3960 Aloysii
1397 3887 1686 3959 Lipomani,
1719 3894 1831 3941 tota
1861 3893 2009 3954 parte
2034 3900 2093 3939 ιι.

1219 3980 1380 4036 1578.

580 4076 902 4147 Antuerpite,
944 4090 1007 4128 ea:
1048 4073 1176 4143 ofﬁc.
1206 4069 1575 4143 [ChrisIOpltori
1626 4067 1894 4131 Plautini;
1932 4064 2090 4121 in-8°.

506 4157 573 4226 ἶ).
604 4167 827 4224 Joannis
858 4165 1101 4221 Cassiani
1134 4161 1403 4226 tarentina,
1439 4160 1851 4216 MonaStiearum
1881 4157 2095 4212 Institu-

506 4267 712 4320 tionum
741 4264 860 4318 libri
894 4260 984 4325 IV,
1016 4258 1083 4314 de
1109 4257 1267 4312 Vitiis
1297 4257 1576 4328 capitalib.
1612 4255 1708 4311 lib.
1742 4253 1878 4310 VIII.
1918 4253 2095 4308 Colla-

507 4359 683 4414 tiones
729 4358 829 4413 SS.
882 4354 1101 4409 Patrum
1152 4351 1345 4417 XXIV,
1394 4352 1464 4406 de
1516 4349 1677 4405 Verbi
1722 4347 2094 4403 lncarnalione

404 4456 419 4471 '
504 4449 600 4504 lib.
637 4446 748 4503 VII.
770 4445 924 4501 Nunc
945 4444 1161 4501 demum
1191 4453 1311 4513 post
1338 4442 1519 4497 varias
1550 4440 1816 4497 editiones
1847 4439 1912 4495 ad
1940 4454 2089 4494 com-

2197 3241 2420 3296 aliorum
2451 3253 2561 3297 esto
2581 3243 2869 3312 judicium.
2904 3240 3050 3295 Illud
3090 3261 3181 3296 um
3203 3261 3251 3297 m
3290 3246 3545 3315 aﬂirmare
3574 3248 3740 3299 audeo
3766 3263 3784 3300 :

2196 3336 2334 3405 quod
2356 3336 2401 3388 si
2425 3336 2541 3405 quis
2572 3337 2706 3388 lianc
2736 3345 2966 3387 nostram
2996 3352 3110 3388 cum
3142 3339 3397 3398 prioribus
3435 3339 3747 3391 editionibus
3768 3384 3783 3408 ,

2195 3443 2325 3497 quas
2354 3437 2463 3480 tum
2489 3443 2521 3480 a
2553 3425 2809 3481 Basilicus
2832 3425 2945 3491 bus,
2968 3438 3070 3481 tum
3095 3444 3127 3480 a
3151 3427 3586 3501 Lugdunen.~ibus
3610 3434 3787 3499 paucis

2195 3517 2386 3571 abhinc
2408 3522 2559 3571 annis
2582 3522 2891 3587 accepimus,
2909 3523 3220 3591 compararit
3236 3524 3447 3590 (minuto
3470 3523 3788 3593 antiquiores

2196 3610 2475 3677 impressas
2507 3612 2728 3675 codices,
2771 3613 2824 3663 in
2867 3612 3050 3681 quibus
3077 3616 3250 3666 omnia
3291 3632 3419 3686 pene
3459 3618 3641 3669 mutila
3668 3628 3788 3671 sunt

2196 3712 2244 3756 et
2280 3701 2620 3774 imperfecta)
2642 3745 2657 3770 ,
2691 3718 2871 3757 novam
2903 3703 3120 3777 hujusce
3147 3707 3413 3774 scriptoris
3443 3707 3659 3775 facient,
3693 3723 3788 3760 no-

2194 3811 2311 3850 vam
2340 3796 2567 3863 formam
2589 3836 2604 3860 ,
2636 3812 2919 3865 novumque
2952 3798 3148 3851 cultum
3181 3797 3467 3851 adhibitum
3502 3798 3660 3867 fuisse
3690 3801 3785 3854 de—

2194 3887 2474 3958 prehendet
2506 3903 2524 3940 :
2551 3887 2606 3939 id
2632 3881 2770 3959 quod
2798 3904 2862 3943 ex
2895 3890 3201 3959 prtefatione
3220 3891 3452 3958 proxime
3481 3891 3708 3961 subjecta
3737 3901 3787 3945 et

2196 3978 2331 4032 notis
2361 3980 2713 4051 castigatoriis
2752 3982 2822 4033 ad
2866 3983 3060 4036 calcem
3103 3982 3272 4053 operis
3317 3983 3583 4055 adjunctis
3618 3983 3788 4037 mani~

2196 4070 2384 4139 festum
2423 4071 2624 4125 evadet.
2655 4071 2863 4141 Duplex
2898 4073 3151 4127 nimirum
3184 4083 3268 4129 est
3296 4083 3543 4128 notarum
3575 4090 3782 4144 genus,

2194 4163 2391 4229 quibus
2416 4179 2514 4234 pro
2538 4181 2622 4229 eo,
2655 4181 2816 4234 quem
2848 4167 2949 4219 sibi
2981 4170 3097 4233 ipse
3126 4176 3391 4221 statuerat
3424 4182 3613 4237 seopo,
3649 4171 3785 4223 Cas—

2194 4256 2347 4310 siano
2365 4258 2665 4327 opitulatus
2692 4268 2799 4324 est;
2816 4258 2958 4322 alim,
2985 4274 3119 4328 quas
3139 4262 3498 4331 castigatorias
3522 4271 3697 4323 vocat,
3729 4263 3784 4317 in

2193 4350 2389 4418 quibus
2421 4368 2553 4405 mss.
2585 4354 2861 4407 Variantes
2903 4362 2957 4406 et
2997 4354 3438 4410 emendatiouum
3472 4371 3661 4411 causas
3688 4372 3788 4411 ex-

2196 4444 2378 4512 ponit;
2431 4445 2515 4499 liis
2558 4448 2785 4515 insuper
2841 4446 3051 4517 adjecta
3105 4461 3185 4504 cst
3239 4450 3546 4504 Elui-idatiu
3586 4465 3783 4505 vocum

504 4539 737 4610 plurium
764 4554 893 4593 mss.
924 4537 1079 4592 Iidem
1108 4550 1137 4590 a
1172 4552 1276 4590 non
1307 4537 1487 4604 paucis
1511 4533 1823 4589 mendarum
1856 4533 2091 4587 millibus
2120 4509 2173 4570 D
2196 4534 2388 4591 Graeco
2424 4534 2738 4593 Latinarum
2761 4579 2773 4599 ,
2808 4556 2926 4606 quze
2959 4538 3012 4592 in
3064 4540 3325 4594 Cassiano
3355 4542 3551 4608 passim
3592 4556 3786 4598 occur-

504 4630 808 4687 incredibili
840 4629 1025 4684 labore
1052 4629 1333 4697 expurgati
1365 4642 1381 4685 :
1409 4627 1461 4682 id
1486 4626 1630 4696 quod
1653 4641 1719 4681 ex
1744 4625 2003 4696 subjectis
2023 4624 2089 4680 ad

506 4724 706 4780 calcem
752 4718 1195 4791 castigationibus
1232 4718 1392 4772 facile
1429 4716 1680 4787 cognosci
1723 4716 1936 4786 poterit.
1984 4715 2091 4771 Ad-

507 4816 635 4871 ditis
671 4816 835 4870 etiam
868 4812 936 4867 ad
968 4811 1213 4881 quaedam
1247 4810 1364 4864 loca
1402 4808 1667 4864 censoriis
1703 4808 2089 4875 notationibus,

507 4919 562 4965 et
591 4910 941 4964 obscurarum
970 4918 1164 4959 vocum
1196 4918 1259 4956 ac
1290 4904 1678 4958 sententiarum
1710 4902 2088 4968 elucidatione,

508 5016 612 5055 una
640 5015 765 5055 cum
799 4998 1010 5053 duobus
1043 4995 1310 5051 indicibus
1347 4994 1799 5065 locupletissimis.
1835 4998 2094 5052 Accesse-

509 5102 634 5148 runt
680 5106 894 5163 quoque
945 5089 1161 5157 Regulae
1206 5089 1305 5144 SS.
1341 5089 1557 5144 Patrum
1603 5105 1668 5143 ex
1717 5091 2093 5158 antiquissimo

507 5182 900 5253 Afﬂiginiensis
931 5180 1244 5236 monasterii
1284 5195 1385 5235 ius.
1430 5181 1617 5236 Codice
1661 5182 1979 5250 desumpta.
2024 5181 2095 5235 O-

508 5290 640 5347 pera
662 5283 718 5331 et
738 5274 918 5331 studio
940 5271 1150 5327 Henrici
1182 5271 1398 5345 Cuychii
1421 5288 1589 5330 saera:
1616 5274 1904 5343 theologia:
1930 5272 2093 5327 licen-

509 5369 628 5423 tiati
659 5371 868 5435 (postea
892 5366 1138 5436 episcopi
1165 5365 1673 5434 Ruremondensis).

578 5460 775 5516 Editor
795 5462 847 5514 in
870 5459 1101 5530 epistola
1125 5460 1193 5514 ad
1222 5459 1588 5515 Hermannuin
1612 5456 1863 5513 comitem
1886 5472 1915 5511 a
1948 5456 2093 5512 Ren-

441 5546 451 5598 λ
507 5553 755 5613 neborch
784 5553 1039 5611 Ecclesia!
1070 5553 1130 5611 S.
1182 5553 1480 5610 Salvatoris
1523 5552 1666 5620 apud
1709 5550 2091 5619 Ultrajectinos

513 5648 863 5720 prtepositum
892 5657 948 5705 et
975 5648 1439 5712 archidiaconum,
1468 5656 1574 5703 etc.
1601 5647 1744 5717 (ilata
1776 5643 2002 5707 Lovauii
2026 5661 2092 5702 ex

511 5739 773 5798 Albarum
817 5741 1164 5799 Dominarum
1213 5738 1575 5805 monasterio,
1628 5736 1875 5794 Calendis
1927 5740 2087 5795 Mart.

2196 4637 2321 4681 runt
2342 4670 2358 4694 ,
2385 4642 2722 4698 quarumque
2747 4630 3072 4699 signiﬁcatio
3121 4630 3279 4697 paulo
3320 4630 3607 4687 obscurior
3635 4631 3787 4688 vide-

2194 4719 2379 4774 batur.
2420 4720 2551 4774 Alia:
2577 4722 2824 4774 censoria:
2851 4721 3041 4785 dieue,
3075 4736 3209 4790 quas
3239 4721 3405 4776 velini
3450 4724 3693 4779 antidota
3726 4736 3785 4781 et

2195 4813 2430 4867 amuleta
2456 4812 2702 4881 quaedam
2732 4821 2921 4867 contra
2953 4813 3274 4870 obscuriora
3327 4816 3531 4883 aliquot
3565 4816 3684 4871 loca
3725 4827 3784 4874 et

2196 4919 2434 4968 errores,
2468 4913 2574 4957 tam
2610 4904 2662 4957 in
2694 4906 2855 4960 tertia
2894 4905 3100 4962 decima
3126 4951 3141 4976 ,
3177 4923 3335 4978 quam
3366 4909 3418 4961 in
3451 4908 3571 4962 aliis
3594 4908 3747 4963 Colla

2200 4996 2438 5051 tionibus
2469 4995 2624 5050 obvia
2656 5012 2778 5052 esse
2804 4999 3001 5066 voluit,
3036 5000 3434 5070 digressionum
3465 5001 3634 5056 instar
3665 5002 3783 5070 ple-

2198 5087 2319 5141 nius
2350 5087 2418 5142 de
2450 5089 2676 5158 singulis
2705 5098 2962 5145 traCIant.
2990 5091 3305 5147 Tenendum
3330 5109 3481 5157 vero,
3508 5093 3647 5163 quod
3670 5105 3779 5147 tant

2196 5179 2248 5232 in
2280 5178 2592 5249 praefatione
2624 5181 2789 5237 totius
2818 5184 3072 5237 editionis
3093 5228 3108 5254 ,
3140 5201 3301 5253 quam
3334 5189 3383 5239 in
3411 5184 3783 5243 ailmuniione

2193 5272 2259 5327 ad
2294 5282 2447 5327 notas
2492 5274 2614 5329 illas
2646 5278 2921 5331 censorias
2956 5279 3239 5345 profitetur
3276 5288 3330 5332 et
3373 5288 3688 5333 coasranter
3716 5295 3782 5336 se

2197 5367 2471 5422 afﬁrmare
2498 5368 2658 5436 dicit,
2681 5371 3015 5437 argumentis
3038 5371 3167 5425 item
3192 5379 3435 5424 astruere
3459 5372 3667 5434 nititur,
3693 5389 3780 5426 er-

2194 5476 2335 5515 rores
2366 5464 2488 5514 istos
2519 5478 2619 5515 non
2651 5474 2756 5515 tam
2795 5464 2894 5529 ipsi
2926 5462 3193 5516 Cassiano.
3223 5478 3375 5532 quam
3402 5460 3779 5531 Collatoribus,

2196 5568 2322 5620 quos
2349 5552 2441 5608 ille
2463 5553 2535 5606 ita
2558 5555 2795 5621 apinatss
2836 5554 2997 5624 fuisse
3025 5553 3213 5607 scribat
3241 5594 3255 5616 ,
3280 5554 3610 5625 imputandos
3643 5570 3778 5610 esse.

2197 5644 2351 5713 Quod
2383 5644 2589 5721 reliqua
2622 5646 2848 5711 attinet,
2881 5646 3108 5717 capitum
3137 5645 3527 5700 distinctionem
3555 5660 3583 5700 a
3611 5661 3780 5716 supc-

2198 5738 2435 5795 rioribus
2461 5736 2765 5793 editoribus
2814 5748 3120 5808 receptam,
3160 5737 3407 5809 quamvis
3425 5753 3560 5794 mss.
3590 5755 3781 5797 exem~
