4026 6334
267 277 326 334 t7
874 284 1152 342 norma
1191 283 2008 345 HISTORICO-LITTERARIA
2049 287 2114 344 IN
2151 289 2468 350 JUANNEM
2507 293 2918 352 cassunua.
3489 299 3556 353 ts

271 396 506 470 plsribus
559 411 678 453 non
727 400 952 454 omnino
993 403 1331 456 contormem
1380 399 1858 470 deprehendisset,
1887 403 1942 464 Δ
1965 417 2026 458 ea
2056 411 2247 460 notare
2277 421 2382 460 non
2411 407 2510 462 fuit
2533 409 2856 472 consilium.
2895 411 2948 464 in
2973 411 3272 466 immensum
3301 414 3436 467 enim
3467 429 3554 468 ro-

271 506 370 548 uon
398 502 610 547 sensere
635 505 824 548 tamen
853 501 1064 550 mutare
1091 495 1291 560 Vulttll,
1329 493 1496 550 libros
1519 509 1652 548 vero
1681 493 1748 548 de
1779 493 1862 547 ln-

271 582 586 638 carnatimte
631 585 874 640 nondum
919 585 1239 652 distinctos,
1286 587 1339 640 in
1395 589 1571 656 capita
1615 585 1860 652 digessit.

271 677 484 732 Addidit
511 679 744 744 indices,
781 696 944 733 unum
983 681 1374 748 explicaturum
1409 681 1477 732 ab
1509 689 1730 734 auclore
1759 679 1860 735 SS.

268 775 710 832 sententiarum:
757 773 1022 841 alterum,
1073 772 1370 844 insignium
1419 787 1484 828 ac
1535 773 1862 828 memorabi-

269 865 396 920 lium
421 881 628 922 rerum.

989 957 1150 1014 1588.

339 1045 556 1113 Rome,
591 1064 656 1102 ea:
687 1059 896 1120 lypngr.
935 1048 1221 1114 Vaticana;
1269 1049 1442 1106 in-8“.
1473 1049 1704 1104 Joannis
1727 1049 1862 1104 Cas-

273 1137 406 1192 siani
441 1139 702 1192 Eremita'
735 1141 806 1194 de
837 1139 1106 1194 Institutis
1133 1141 1562 1195 renuntiandum
1599 1142 1717 1196 libri
1748 1141 1859 1208 XII,

272 1225 604 1283 Colationes
635 1240 956 1284 sanctorum
995 1230 1212 1284 Patrum
1243 1230 1434 1296 XXIV,
1467 1231 1534 1286 ab
1565 1233 1864 1286 innumeris

275 1335 408 1388 pene
454 1321 672 1374 mendis
719 1321 924 1375 auxilio
955 1323 1450 1376 vetustissinmrum
1493 1323 1740 1378 codicum
1772 1339 1866 1378 ex-

273 1427 532 1481 turgalar.
557 1423 614 1468 et
643 1414 710 1466 ad
735 1430 888 1468 suam
923 1417 1286 1482 integritati-ut
1321 1417 1602 1470 restilulte.
1622 1417 1864 1486 Atljet'lte

273 1515 392 1557 sunt
420 1507 790 1572 quarumdam
824 1509 1180 1560 obscurarum
1213 1507 1508 1560 dictionum
1545 1509 1864 1578 interpreta-

275 1594 442 1649 tiones
474 1595 674 1650 ordttte
703 1597 982 1662 alphabeti
1013 1601 1293 1668 dispositae
1319 1617 1334 1652 ε
1365 1611 1420 1652 et
1449 1601 1862 1656 observationes

274 1687 322 1740 itt
350 1686 468 1740 loca
499 1688 758 1756 amb-[tua
793 1699 848 1743 et
879 1689 1054 1744 minus
1101 1699 1244 1756 tuta,
1275 1707 1394 1758 quat
1427 1697 1568 1759 pium
1605 1693 1858 1746 lectorem

1963 495 2135 550 lumen
2161 509 2506 563 excresceret;
2539 501 2666 554 satis
2691 503 2756 556 sit
2783 502 2882 556 hoc
2911 501 3022 558 loco
3049 505 3304 558 monuisse
3321 546 3334 570 ,
3361 505 3550 560 lectio-

1965 601 2088 641 nem
2119 598 2452 644 \-etustorum
2491 593 2734 647 codicum
2768 604 2914 648 tanta
2949 611 2978 650 a
3025 597 3180 650 nobis
3213 597 3382 652 fuisse
3415 597 3546 652 reli-

1963 677 2124 746 gione
2151 691 2548 750 conservatam,
2582 691 2638 736 ut
2669 698 2844 752 neque
2884 701 3072 740 eorum
3115 687 3432 742 varietatem
3457 731 3472 754 ,
3505 689 3550 742 si

1965 770 2179 837 quando
2237 771 2538 836 inciderat.
2585 777 2994 845 neglexerimtts
3037 777 3394 850 (a).Prreter
3443 783 3553 834 hare

1965 863 2174 918 timeas
2199 881 2364 930 voces,
2396 869 2580 934 quibus
2609 867 2692 920 hic
2718 879 2898 922 auctor
2923 869 3140 922 libenter
3169 873 3348 938 utitur,
3371 880 3418 925 et
3441 871 3550 924 La-

1965 958 2096 1010 tinas
2123 960 2378 1028 quasdam
2399 961 2690 1014 rudiaribus
2714 962 3056 1022 consulentes.
3082 961 3344 1034 ulphabeti
3371 965 3552 1018 ordine

1966 1049 2240 1117 dispositus
2270 1049 2427 1104 latius
2455 1051 2841 1121 eaplanavimus
2859 1094 2874 1116 ,
2902 1053 3141 1105 adductis
3183 1069 3361 1106 eorum
3386 1055 3510 1108 locis
3535 1095 3550 1116 ,

1965 1156 2028 1194 ea:
2041 1157 2258 1210 quorum
2283 1143 2516 1210 fontibus
2539 1143 2775 1198 hausisse
2792 1141 3100 1198 Cassianum
3127 1145 3550 1198 existimarimus.

1965 1231 2284 1288 Testintonia
2297 1251 2461 1290 sacra:
2479 1237 2765 1306 Scriptura'
2787 1237 2960 1288 omnia
2983 1235 3256 1306 diligenter
3269 1237 3556 1308 conquisita

1967 1328 2017 1380 in
2045 1329 2276 1398 margine
2303 1329 2624 1396 notavimus;
2649 1337 2694 1382 ct
2715 1345 2828 1397 qua:
2853 1337 3000 1380 erant
3023 1344 3084 1384 ea:
3117 1327 3262 1381 LXX
3291 1327 3556 1399 Interpre-

1967 1429 2074 1472 tum
2099 1421 2342 1480 editione.
2368 1432 2456 1474 aut
2473 1431 2696 1474 auostra
2719 1419 2932 1491 vulgata
2953 1421 3234 1488 aliquando
3251 1421 3472 1484 dirersa,
3489 1435 3556 1474 ne

1965 1511 2099 1580 forte
2145 1512 2324 1565 vitiosa
2373 1513 2722 1578 crederentur,
2765 1512 2818 1564 in
2871 1513 3051 1564 indicis
3085 1512 3306 1579 [orntum
3355 1511 3558 1581 digesta

1965 1605 2178 1660 seorsim
2233 1605 2605 1676 impressimus,
2653 1604 2840 1672 quibus
2887 1613 2932 1658 ct
2979 1603 3201 1670 Greece,
3253 1605 3388 1658 unde
3437 1615 3558 1659 sunt

1967 1697 2306 1762 transscripta
2331 1736 2346 1758 ,
2375 1697 2741 1758 coniunximus
2787 1711 2848 1749 ex
2893 1695 3251 1764 antiquissimo
3285 1695 3558 1748 Vaticana!

273 1777 547 1832 olle-odere
575 1792 820 1846 possent.
850 1781 1116 1834 Praetereo
1153 1784 1361 1836 indit-es
1385 1785 1490 1836 duo
1523 1789 1860 1838 tnsltmottio-
1891 1781 1935 1840 Β
1965 1787 2281 1842 ὺὶΜῐοΙιεείιε
2310 1787 2444 1840 libro
2491 1797 2537 1841 et
2583 1787 2704 1840 aliis
2751 1787 3052 1840 veneranda:
3093 1789 3352 1840 uetustatis
3380 1803 3556 1840 ensem-

271 1883 386 1924 rum
417 1885 592 1924 sacra:
623 1869 949 1940 Scriptum,
979 1889 1096 1939 quae
1129 1889 1156 1926 a
1177 1872 1441 1928 Cassmno
1475 1877 1556 1928 \cl
1585 1877 1860 1944 esplican-

179 1985 186 1996 ·
273 1969 376 2025 tur,
403 1963 486 2016 sel
519 1961 706 2028 aliter,
740 1979 902 2033 quam
931 1965 1140 2034 vulgata
1171 1968 1337 2020 editio
1375 1967 1536 2020 nabat
1559 2007 1573 2031 ,
1599 1977 1856 2022 Cttttntut‘.

273 2052 434 2108 Index
465 2067 746 2122 postremo
777 2071 960 2108 rerum
995 2057 1454 2112 tttemorahiliutn.
1479 2057 1726 2112 Accessit
1755 2058 1860 2112 Re-

272 2149 386 2217 gula
415 2147 476 2203 S.
511 2147 793 2202 Pacbomii
815 2189 832 2214 ,
865 2165 984 2219 qua:
1011 2167 1038 2202 a
1069 2150 1126 2202 S.
1155 2149 1488 2220 Ilieronymo
1522 2151 1574 2203 in
1609 2151 1860 2204 Latinum

271 2256 578 2298 seruionern
611 2257 876 2298 conversa
919 2253 1034 2308 est,
1083 2243 1260 2298 multo
1303 2243 1668 2312 etnendatior,
1700 2257 1860 2314 quam

273 2345 444 2390 antea.

336 2425 740 2499 Typographus
786 2427 1102 2482 Dominicus
1154 2429 1288 2482 Basa
1335 2427 1608 2484 dedicavit
1653 2428 1861 2484 editio-

273 2534 388 2576 ttelu
412 2519 682 2590 Gregorio
703 2519 818 2574 XIII
845 2520 1048 2576 Pontif.
1067 2521 1203 2576 Max.
1223 2521 1287 2594 (1-
1311 2521 1472 2588 1585)
1497 2522 1722 2589 epistola
1735 2523 1860 2576 data

277 2610 448 2668 Roma
473 2613 732 2668 Kalendis
767 2615 1118 2668 intercalarib.
1148 2631 1200 2668 α.
1227 2613 1306 2668 Μ,
1330 2613 1396 2668 D.
1423 2613 1622 2669 LXXX
1649 2615 1862 2686 (15-0).

275 2703 402 2760 Tam
429 2707 484 2760 in
535 2707 638 2760 hac
683 2705 1018 2761 dedicatoria
1065 2723 1214 2772 vero,
1246 2723 1404 2774 quam
1449 2711 1500 2760 tu
1545 2707 1866 2776 priefatione

277 2810 366 2852 sua
397 2799 464 2852 ad
499 2800 762 2852 lectorem
795 2799 935 2854 hunc
959 2800 1196 2856 laborem
1227 2803 1470 2855 maxime
1500 2815 1664 2868 opera
1687 2801 1866 2854 cardi-

277 2891 410 2946 ualis
441 2891 668 2946 Antonii
711 2889 924 2947 Catelle
963 2903 1276 2956 susceptum
1309 2907 1376 2946 ac
1418 2891 1714 2962 perfectum
1743 2907 1867 2947 esse

277 2983 566 3054 signiﬁcat.
599 2984 773 3053 Quam
805 2987 1024 3054 quidem
1057 2985 1346 3056 posteriori
1389 2987 1440 3040 in
1473 2987 1591 3040 loco
1622 2985 1868 3040 declarat

279 3077 536 3144 apertius,
588 3079 720 3130 dum
771 3075 966 3130 codicis
995 3079 1110 3148 jam
1159 3079 1286 3132 editi
1332 3091 1379 3132 et
1427 3077 1574 3132 Petri
1606 3075 1866 3133 Ciacconii

1965 1879 2220 1946 pluribus.
2255 1879 2554 1950 Adjecimus
2585 1891 2630 1930 et
2661 1879 2946 1932 secumlum
2975 1879 3216 1942 indicem,
3253 1879 3364 1930 loco
3395 1879 3446 1930 in
3473 1875 3558 1932 his

1965 1971 2108 2024 libris
2138 1970 2296 2024 obiter
2319 1969 2575 2038 explicata
2605 1973 2970 2024 continentem.
3011 1968 3174 2022 Porro
3203 1970 3256 2020 id
3281 1969 3417 2038 quod
3444 1977 3558 2022 erat

1963 2061 2188 2114 nmxime
2231 2063 2578 2114 necessarium
2605 2105 2617 2126 ,
2649 2061 2892 2114 adversus
2923 2061 3170 2129 quasdam
3205 2061 3372 2112 minus
3407 2059 3554 2113 tritas

1963 2154 2121 2228 hujus
2151 2157 2376 2208 auctoris
2403 2155 2710 2218 sententias,
2739 2155 2877 2222 quod
2921 2153 3216 2206 antidotum
3263 2153 3328 2206 sit
3358 2151 3558 2206 exhilii-

1965 2259 2102 2310 tunt,
2131 2249 2396 2316 superiore
2420 2249 2638 2316 epistola
2668 2247 2912 2300 diximus.
2945 2245 3170 2316 Scripsit
3199 2244 3406 2314 quidem
3426 2241 3558 2298 Cas-

1963 2343 2138 2396 sianus
2169 2341 2374 2394 hortatu
2409 2339 2592 2394 Leonis
2629 2337 2648 2376 ⁸
2684 2338 2840 2392 Pont.
2891 2337 3036 2392 Max.
3069 2335 3357 2390 luculentos
3395 2335 3556 2390 libros

1965 2435 2028 2488 de
2055 2432 2426 2486 [neat-natione
2475 2431 2688 2486 Domini
2736 2440 2915 2484 contra
2955 2429 3298 2494 Nestorium;
3333 2427 3425 2482 sed
3471 2443 3558 2480 eos

1964 2527 2102 2596 quod
2133 2525 2336 2596 nullum
2381 2533 2600 2578 exstaret
2643 2525 2696 2576 in
2749 2521 3000 2576 Vaticana
3033 2521 3340 2575 bibliotheca
3371 2535 3556 2574 manu-

1967 2593 2522 2686 scriptum'exemmar,
2553 2615 2621 2668 ad
2653 2617 2808 2684 cujus
2835 2615 2991 2683 fidem
3021 2613 3280 2670 emendari
3306 2621 3510 2682 possent
3535 2652 3552 2677 ,

1966 2719 2014 2762 et
2043 2713 2106 2762 ab
2131 2709 2362 2762 instituto
2405 2717 2604 2772 nostro,
2643 2722 2746 2776 quo
2801 2703 3060 2760 hominem
3103 2721 3216 2758 uere
3259 2703 3558 2776 religiosum

1967 2801 2251 2870 informare
2289 2799 2612 2864 studuimus,
2664 2795 2884 2850 multum
2929 2795 3220 2862 distarent,
3255 2793 3554 2860 omisimus,

1968 2893 2148 2948 addita
2177 2892 2360 2964 regula
2391 2892 2450 2948 S.
2481 2890 2777 2958 Pachomii,
2803 2900 2912 2946 etc.

2043 2987 2166 3042 llaec
2197 2987 2310 3054 ille,
2337 2987 2430 3056 qui
2473 2986 2518 3042 si
2567 2984 2900 3040 Ciacconius
2926 2983 3114 3048 fuerit,
3162 2983 3412 3040 dolemus
3441 2983 3563 3054 qui-

1969 3079 2116 3142 dem,
2149 3095 2270 3134 enim
2302 3093 2430 3142 non,
2463 3089 2571 3132 uta
2599 3077 2926 3148 prmi-denti
2949 3075 3158 3134 editore
3205 3075 3402 3130 factum
3453 3081 3560 3138 est,

279 3169 638 3238 manuscriptis
667 3169 987 3239 marginibus
1013 3171 1152 3222 aucti
1183 3169 1394 3238 cupiam
1443 3169 1512 3225 ab
1545 3185 1612 3226 eo
1653 3171 1754 3224 sibi
1787 3171 1866 3224 ia-
1891 3159 1935 3221 C
1969 3179 2160 3236 aperte
2186 3169 2512 3246 declarasse,
2543 3169 2804 3240 quidquid
2843 3169 3083 3224 muneris
3111 3167 3290 3222 critici
3332 3167 3386 3220 in
3431 3163 3564 3220 Cas-

279 3270 410 3316 ctam
455 3276 582 3317 e~se
639 3263 934 3326 praedicat,
983 3278 1047 3314 ne
1092 3263 1206 3332 ejus
1249 3264 1534 3316 auctoritas
1579 3262 1862 3332 deﬁceret,

280 3368 424 3424 cujus
453 3353 470 3422 (
497 3350 558 3406 C.
595 3348 901 3422 Ciacconii)
932 3369 1090 3424 opera
1119 3353 1215 3406 iste
1241 3353 1387 3406 labor
1413 3363 1681 3418 susceptus
1717 3363 1864 3407 esset.

279 3443 430 3498 Addit
468 3443 689 3510 deinde,
745 3445 965 3498 Petrum
1007 3441 1358 3498 Ciacconiuttt
1405 3445 1698 3500 cardinalis
1749 3444 1868 3498 lau-

281 3535 390 3590 dati
409 3535 890 3590 cohnrtationibus
906 3533 1226 3590 Cassianum
1247 3536 1314 3589 ab
1337 3535 1634 3589 innumeris
1659 3535 1869 3590 mendis

283 3639 638 3696 espurgatum
661 3628 716 3683 in
742 3629 1024 3696 pristinum
1049 3630 1392 3698 splendorem
1419 3628 1748 3694 restituisse,
1771 3643 1868 3684 no-

284 3727 470 3790 tasque
497 3721 804 3783 addidisse.
853 3723 946 3774 sed
983 3737 1176 3774 nomen
1221 3736 1286 3776 ex
1329 3723 1594 3774 modesoa
1627 3721 1867 3790 protiteri

281 3827 568 3869 recusasse
585 3856 600 3876 ,
627 3827 793 3882 aeque
815 3813 984 3884 igitur
1007 3813 1209 3868 εοιιὶυἱς
1235 3813 1580 3868 Ciaccmtani
1607 3812 1869 3868 beneﬁcio

287 3909 564 3975 adjutum,
593 3904 910 3960 Cassianum
940 3914 994 3960 et
1017 3905 1441 3960 emendatiorem
1464 3913 1520 3960 et
1551 3907 1872 3972 locupletio-

279 4013 394 4054 rem
425 3999 588 4053 simul
615 3999 888 4054 eminere.
913 3997 1054 4068 quod
1083 3999 1248 4052 multa
1275 3997 1550 4054 Ciacconii
1583 4013 1747 4052 manu
1781 3997 1872 4054 de-

281 4105 392 4145 nuo
417 4091 678 4158 adjuncta
724 4093 1041 4160 reperisset,
1089 4103 1213 4159 qum
1261 4091 1456 4146 librum
1508 4091 1869 4146 illustriorem

283 4184 515 4238 reddere
555 4192 802 4254 possent.
833 4183 938 4239 Sed
968 4183 1234 4254 ejusmodi
1267 4193 1552 4250 sugtnenta
1571 4225 1586 4249 ,
1609 4199 1727 4254 qua:
1751 4197 1874 4252 spe-

281 4279 429 4334 ciose
455 4277 678 4344 quidem
709 4295 776 4334 es
823 4281 1104 4348 utriusque
1153 4279 1408 4332 edtllttllls
1440 4279 1588 4352 (hoc
1623 4279 1728 4334 sibi
1763 4278 1876 4332 vult

281 4371 653 4440 antiquiorum
683 4382 738 4426 et
768 4376 948 4440 ηονςιι)
971 4372 1377 4439 comparatione
1402 4371 1634 4426 lcetores
1663 4369 1875 4424 discere

281 4463 454 4532 jubet,
481 4473 686 4533 praeter
715 4463 974 4532 Ilegnlatn
1006 4463 1065 4518 S.
1093 4463 1368 4517 Pachumii
1401 4463 1546 4516 nulla
1571 4460 1849 4528 deprehen

1970 3259 2180 3314 sianum
2208 3275 2238 3314 a
2269 3275 2328 3314 se
2351 3259 2611 3314 collatum
2641 3261 2733 3322 sit,
2765 3259 3116 3328 intelligimus
3161 3268 3362 3323 autem,
3415 3270 3566 3310 eam-

1971 3356 2092 3407 dem
2122 3353 2220 3423 ipsi
2251 3353 2304 3408 in
2335 3355 2616 3407 tractando
2645 3353 2909 3408 Cassiano
2937 3354 3202 3408 rationem
3227 3351 3295 3406 ab
3323 3349 3565 3405 Antonio

1970 3443 2178 3500 Carales
2207 3443 2374 3500 fuisse
2406 3445 2807 3514 praescriptam.
2848 3461 3008 3514 quam
3057 3442 3298 3516 Cnycltio
3347 3443 3563 3510 placere

1969 3537 2070 3592 sibi
2103 3537 2194 3593 ille
2214 3537 2634 3606 signiﬁcaverat.
2667 3537 2836 3606 Cujus
2867 3551 3078 3592 summa
3105 3535 3322 3605 qudem
3354 3549 3420 3590 eo
3444 3541 3568 3588 ten-

1971 3629 2118 3682 disse
2168 3627 2402 3688 videtur.
2438 3638 2494 3682 ut
2550 3628 2780 3682 let-tortu
2811 3629 2880 3682 de
2927 3627 3058 3682 locis
3111 3626 3568 3694 Pelagianismum

1971 3720 2338 3774 redolentibus
2363 3727 2736 3772 monerentur.
2769 3718 2914 3773 Idem
2937 3717 3264 3786 enim,quod
3293 3717 3568 3788 Cnycbius

1973 3811 2026 3864 in
2059 3811 2194 3866 notis
2220 3811 2470 3864 censoriis
2507 3809 2657 3874 fecit.
2691 3811 2778 3864 hic
2811 3825 2906 3880 per
2934 3809 3346 3874 observationes,
3373 3808 3568 3862 ultimo

1975 3903 2096 3956 loco
2127 3913 2252 3956 ante
2299 3901 2509 3956 indices
2535 3901 2828 3966 exhibitis,
2866 3912 3125 3968 praestare
3171 3901 3378 3952 studuit
3405 3939 3420 3962 .
3453 3898 3571 3953 loca

1974 3993 2170 4060 omnia,
2195 4009 2312 4064 quia
2353 3991 2725 4062 Pelagiunismi
2769 3992 3112 4063 suspicionem
3155 4005 3406 4060 generare
3449 4006 3572 4057 pos-

1973 4099 2106 4152 sent.
2141 4087 2381 4140 undecim
2405 4083 2853 4154 prepositionibus
2881 4083 3221 4154 complexus,
3249 4083 3448 4152 quibus
3492 4083 3574 4136 in-

1975 4195 2140 4250 super
2167 4195 2350 4248 ναιισω
2373 4177 2494 4234 alia:
2513 4179 2782 4232 sententiae
2809 4175 3046 4232 Cassiani
3075 4179 3216 4248 piam
3261 4179 3314 4228 in
3339 4185 3574 4244 erpreta-

1978 4276 2168 4328 tiOnem
2188 4274 2564 4334 desiderantes.
2591 4273 2739 4325 nulla
2765 4271 2969 4325 ordinis
2997 4268 3256 4323 librorum
3279 4279 3368 4321 aut
3395 4267 3568 4322 colla-

1980 4369 2186 4422 tiouum
2220 4367 2432 4420 ratione
2464 4363 2670 4428 habita,
2717 4361 3069 4430 adjiciuntur.
3105 4359 3212 4414 llas
3235 4374 3364 4414 vero
3397 4359 3572 4414 obser-

1979 4462 2205 4516 uationes
2233 4457 2559 4514 antecedunt
2587 4457 2976 4512 annotationum
3007 4455 3228 4510 nomine
3255 4453 3576 4524 explicatio-

283 4555 478 4608 dimus.
517 4553 777 4624 Sequitur
805 4570 937 4609 vero
979 4554 1119 4609 hanc
1173 4552 1546 4624 praefationem
1596 4553 1770 4608 alteta
1809 4551 1874 4605 ad
1907 4543 2078 4608 Dnes
2127 4567 2322 4606 vocum
2373 4549 2710 4611 Grai-carum,
2761 4547 2960 4618 quibus
3006 4543 3302 4601 Cassianus
3357 4547 3568 4610 utitur,

283 4649 522 4704 lectores
557 4663 768 4718 quoque
799 4649 1058 4716 inscripta
1079 4688 1096 4714 ,
1141 4663 1302 4718 quam
1347 4647 1568 4716 quidem
1599 4645 1876 4700 Ciacc0nii

283 4755 440 4803 esse,
469 4755 538 4794 ex
557 4741 928 4810 superioribus
952 4755 1057 4796 non
1081 4742 1316 4796 obscure
1347 4741 1688 4806 intelligitur.
1707 4739 1878 4808 Igitur

283 4829 400 4896 ipsa
435 4831 600 4884 verba
623 4875 638 4898 ,
669 4833 864 4898 quibus
894 4847 1114 4900 operam
1147 4847 1299 4886 suam
1331 4832 1602 4898 declarat,
1637 4846 1878 4902 appona-

285 4935 410 4974 mus
445 4937 458 4972 :
501 4918 758 4974 Vaticana
801 4919 1128 4988 bibliotheca,
1153 4922 1360 4992 inquit,
1407 4933 1523 4975 octo
1568 4923 1713 4976 nobis
1748 4921 1888 4976 anti-

283 5011 540 5078 quissima
569 5012 797 5064 exhibuit
823 5010 1058 5068 Cassiani
1085 5015 1406 5078 exemplaria
1425 5058 1440 5082 ,
1473 5023 1518 5067 et
1541 5029 1604 5068 ea:
1636 5012 1718 5068 his
1744 5030 1884 5084 quie-

284 5103 407 5156 dam
427 5105 847 5158 ernendatissime
864 5108 1056 5175 scripta
1075 5145 1089 5171 ,
1121 5121 1185 5160 ex
1209 5121 1438 5176 quorum
1471 5107 1768 5163 collatione
1796 5107 1882 5162 in-

285 5196 646 5251 numerabilia
675 5197 794 5252 loca
822 5207 950 5253 sunt
990 5199 1044 5254 in
1074 5200 1172 5254 hac
1195 5199 1436 5256 editione
1461 5201 1709 5256 restituta
1743 5221 1755 5254 :
1787 5201 1883 5258 sed

361 5357 444 5428 (ιι)
473 5357 604 5413 Haec
629 5371 753 5412 cum
781 5357 964 5414 verbis
993 5359 1444 5416 antecedentibus
1473 5359 1710 5414 rotundo
1739 5359 1884 5428 pari-

287 5441 376 5486 ter
427 5430 750 5502 charactere
799 5431 1094 5499 exscriptis
1151 5433 1238 5486 vix
1287 5431 1572 5487 commode
1599 5433 1670 5486 ab
1699 5431 1884 5502 aliquo

287 5499 588 5556 conciliari
615 5509 894 5570 poterunt.

359 5569 444 5643 (ὑ)
487 5569 793 5646 Cassianus,
833 5572 1028 5646 inquit.
1063 5574 1355 5646 testimonia
1393 5589 1555 5629 sacrm
1602 5573 1886 5646 Scriptura"

283 5645 402 5714 [ere
441 5643 624 5696 omnia
648 5659 714 5697 ea:
754 5643 964 5714 uulgata
994 5645 1220 5698 editione
1247 5647 1481 5708 adducit,
1511 5662 1666 5712 quam
1717 5643 1888 5698 mno-

277 5731 400 5770 s'em
423 5729 536 5768 csse
559 5715 1034 5782 interpretationem
1067 5728 1114 5770 et
1157 5717 1226 5770 ad
1271 5719 1533 5771 ueritatem
1579 5715 1890 5771 Hebraicam

277 5801 590 5849 expressam
611 5785 863 5850 afﬁrmat.
907 5785 1090 5840 Verum
1117 5788 1354 5852 quoniam
1379 5785 1530 5843 LXX
1561 5789 1882 5844 interpretes.

1981 4643 2328 4710 alphabettco
2343 4643 2506 4696 etiam
2531 4640 2747 4702 ordine,
2762 4639 2856 4692 sed
2876 4637 3153 4692 uberiores
3168 4637 3388 4690 acet-ebt
3405 4635 3570 4702 iores,

1985 4717 2146 4808 quam
2171 4733 2314 4802 apud
2339 4731 2661 4804 Cuychtum,
2687 4731 2777 4798 qui
2801 4729 3171 4783 elucidationes
3188 4729 3318 4784 istas
3341 4729 3572 4796 castiga-

1983 4833 2148 4886 torias
2183 4831 2323 4882 notis
2348 4827 2462 4882 suis
2487 4825 2829 4894 adjunxvrat.
2867 4823 2959 4876 llis
2981 4821 3210 4876 acces-it
3235 4820 3396 4872 t'llalll
3428 4817 3570 4872 indi-

1980 4921 2136 4978 culus
2169 4921 2410 4974 locorum
2445 4919 2746 4983 Scriptura-
2779 4929 2948 4968 sacris
2977 4914 3136 4982 juxta
3179 4909 3320 4965 LXX
3363 4911 3576 4964 versio-

1987 5031 2108 5072 nem
2141 5015 2484 5068 laudatorum
2518 5010 2618 5081 (b).
2644 5008 2846 5064 additis
2871 5007 3098 5070 Gre-cis,
3127 5007 3268 5059 unde
3293 5003 3576 5071 desumpta

1985 5117 2134 5174 sunt,
2161 5123 2225 5162 ea:
2247 5105 2590 5160 vetustissimo
2624 5101 2886 5156 Vaticana:
2911 5099 3226 5154 bibliothecis
3247 5097 3376 5150 libro
3393 5103 3438 5148 et
3460 5095 3580 5148 aliis

1986 5199 2402 5258 correctioribus.

1989 5361 2077 5431 qui
2104 5361 2156 5412 in
2185 5355 2412 5431 ninnium
2438 5363 2559 5431 tunc
2603 5351 2844 5431 manibus
2882 5345 3240 5431 ponebantur,
3270 5343 3579 5431 imbiberat;

1993 5413 2074 5500 iit,
2105 5441 2158 5481 ut
2187 5429 2304 5481 loca
2331 5423 2572 5500 quoidam
2595 5424 2706 5500 (sed
2736 5421 2992 5500 pt'wcipue
3031 5433 3094 5498 ea:
3123 5413 3438 5500 Proverbiis,
3468 5431 3582 5482 quae

1993 5487 2353 5570 'fortassejant'
2383 5496 2510 5550 olim
2550 5487 2614 5546 in
2631 5487 2746 5570 ejus
2773 5487 3017 5568 memoria
3045 5487 3366 5570 insederant)
3399 5502 3582 5570 secan-

1993 5557 2114 5624 dum
2157 5557 2331 5624 eorum
2363 5557 2836 5632 interpretaiionem
2867 5563 3001 5612 citet.
3039 5557 3114 5610 Ea
3155 5574 3266 5632 nos,
3307 5559 3494 5627 majori
3518 5573 3582 5608 ea:

1993 5651 2142 5714 parte
2170 5641 2234 5694 ab
2260 5641 2380 5692 aliis
2411 5629 2511 5690 non
2550 5635 2926 5690 animadversa.
2977 5639 3064 5682 aut
3113 5629 3456 5714 negligentior.
3493 5641 3583 5677 ca-

1993 5699 2206 5782 stigata.
2235 5721 2278 5762 et
2307 5711 2348 5762 si
2369 5725 2467 5782 qua
2493 5710 2644 5782 atina
2669 5707 2872 5782 uulgata
2899 5712 3074 5782 nostra
3099 5701 3320 5782 editione
3340 5699 3582 5782 aliquan-

1996 5768 2160 5840 ιυίέιω
2191 5768 2568 5848 disrrcpabrtnt,
2603 5777 2654 5828 in
2684 5773 2866 5826 indicis
2897 5772 3114 5841 formam
3137 5768 3444 5842 redegimtts,
3468 5775 3578 5822 etc.

3585 193 3652 277 ἐξ
