  <div class='ocr_page' id='page_1' title='image "/cluster/home/n/w/nwhite01/storage/ocr_20150623/49/hvd.32044015471543/015.png"; bbox 0 0 4026 6334; ppageno 0'>
   <div class='ocr_carea' id='block_1_1' title="bbox 479 259 548 314">
    <p class='ocr_par' dir='ltr' id='par_1_1' title="bbox 479 259 548 314">
     <span class='ocr_line' id='line_1_1' title="bbox 479 259 548 314; baseline 0 0"><span class='ocrx_word' id='word_1_1' title='bbox 479 259 548 314; x_wconf 74' lang='grc'><strong>19</strong></span> 
     </span>
    </p>
   </div>
   <div class='ocr_carea' id='block_1_2' title="bbox 1089 387 1464 429">
    <p class='ocr_par' dir='ltr' id='par_1_2' title="bbox 1089 387 1464 429">
     <span class='ocr_line' id='line_1_2' title="bbox 1089 387 1464 429; baseline -0.008 -1"><span class='ocrx_word' id='word_1_2' title='bbox 1089 387 1313 429; x_wconf 67' lang='grc' dir='ltr'><strong>ελεαυιο</strong></span> <span class='ocrx_word' id='word_1_3' title='bbox 1339 389 1464 428; x_wconf 80' lang='grc' dir='ltr'><strong>ινιι.</strong></span> 
     </span>
    </p>
   </div>
   <div class='ocr_carea' id='block_1_3' title="bbox 1189 467 1346 523">
    <p class='ocr_par' dir='ltr' id='par_1_3' title="bbox 1189 467 1346 523">
     <span class='ocr_line' id='line_1_3' title="bbox 1189 467 1346 523; baseline 0 -2"><span class='ocrx_word' id='word_1_4' title='bbox 1189 467 1346 523; x_wconf 83' lang='lat' dir='ltr'><strong>I606.</strong></span> 
     </span>
    </p>
   </div>
   <div class='ocr_carea' id='block_1_4' title="bbox 521 557 2060 634">
    <p class='ocr_par' dir='ltr' id='par_1_4' title="bbox 521 557 2060 634">
     <span class='ocr_line' id='line_1_4' title="bbox 521 557 2060 634; baseline -0.003 -18"><span class='ocrx_word' id='word_1_5' title='bbox 521 562 804 634; x_wconf 81' lang='lat' dir='ltr'><strong>&#39;Lugduni,</strong></span> <span class='ocrx_word' id='word_1_6' title='bbox 855 561 1021 616; x_wconf 77' lang='lat' dir='ltr'><strong>iii-8°.</strong></span> <span class='ocrx_word' id='word_1_7' title='bbox 1067 560 1291 614; x_wconf 85' lang='lat' dir='ltr'><strong>Joannis</strong></span> <span class='ocrx_word' id='word_1_8' title='bbox 1323 559 1570 613; x_wconf 83' lang='lat' dir='ltr'><strong>Cassiani</strong></span> <span class='ocrx_word' id='word_1_9' title='bbox 1601 557 1670 613; x_wconf 89' lang='lat' dir='ltr'><strong>de</strong></span> <span class='ocrx_word' id='word_1_10' title='bbox 1715 557 2060 612; x_wconf 70' lang='lat' dir='ltr'><strong>Institutione</strong></span> 
     </span>
    </p>
   </div>
   <div class='ocr_carea' id='block_1_5' title="bbox 474 652 2056 719">
    <p class='ocr_par' dir='ltr' id='par_1_5' title="bbox 474 652 2056 719">
     <span class='ocr_line' id='line_1_5' title="bbox 474 652 2056 719; baseline -0.004 -7"><span class='ocrx_word' id='word_1_11' title='bbox 474 656 915 714; x_wconf 76' lang='lat' dir='ltr'><strong>Benttntiantium</strong></span> <span class='ocrx_word' id='word_1_12' title='bbox 983 655 1104 709; x_wconf 93' lang='lat' dir='ltr'><strong>libri</strong></span> <span class='ocrx_word' id='word_1_13' title='bbox 1158 653 1273 719; x_wconf 82' lang='lat' dir='ltr'><strong>XII,</strong></span> <span class='ocrx_word' id='word_1_14' title='bbox 1326 652 1660 710; x_wconf 84' lang='lat' dir='ltr'><strong>Collationes</strong></span> <span class='ocrx_word' id='word_1_15' title='bbox 1710 652 1806 707; x_wconf 78' lang='lat' dir='ltr'><strong>SS.</strong></span> <span class='ocrx_word' id='word_1_16' title='bbox 1836 653 2056 707; x_wconf 82' lang='lat' dir='ltr'><strong>Patrum</strong></span> 
     </span>
    </p>
   </div>
   <div class='ocr_carea' id='block_1_6' title="bbox 474 744 2058 804">
    <p class='ocr_par' dir='ltr' id='par_1_6' title="bbox 474 744 2058 804">
     <span class='ocr_line' id='line_1_6' title="bbox 474 744 2058 804; baseline -0.003 0"><span class='ocrx_word' id='word_1_17' title='bbox 474 747 662 804; x_wconf 74' lang='lat' dir='ltr'><strong>XXIV.</strong></span> <span class='ocrx_word' id='word_1_18' title='bbox 693 748 945 803; x_wconf 85' lang='lat' dir='ltr'><strong>Occurrit</strong></span> <span class='ocrx_word' id='word_1_19' title='bbox 975 747 1028 802; x_wconf 90' lang='lat' dir='ltr'><strong>in</strong></span> <span class='ocrx_word' id='word_1_20' title='bbox 1063 746 1179 802; x_wconf 89' lang='lat' dir='ltr'><strong>Cat.</strong></span> <span class='ocrx_word' id='word_1_21' title='bbox 1221 745 1359 800; x_wconf 97' lang='lat' dir='ltr'><strong>Bibl.</strong></span> <span class='ocrx_word' id='word_1_22' title='bbox 1396 746 1563 800; x_wconf 78' lang='lat' dir='ltr'><strong>Musei</strong></span> <span class='ocrx_word' id='word_1_23' title='bbox 1589 744 1744 800; x_wconf 88' lang='lat' dir='ltr'><strong>Britt.</strong></span> <span class='ocrx_word' id='word_1_24' title='bbox 1787 746 1866 800; x_wconf 75' lang='lat' dir='ltr'><strong>Es</strong></span> <span class='ocrx_word' id='word_1_25' title='bbox 1903 745 2058 800; x_wconf 79' lang='lat' dir='ltr'><strong>titulo</strong></span> 
     </span>
    </p>
   </div>
   <div class='ocr_carea' id='block_1_7' title="bbox 471 838 2054 912">
    <p class='ocr_par' dir='ltr' id='par_1_7' title="bbox 471 838 2054 912">
     <span class='ocr_line' id='line_1_7' title="bbox 471 838 2054 912; baseline -0.002 -18"><span class='ocrx_word' id='word_1_26' title='bbox 471 848 642 912; x_wconf 86' lang='lat' dir='ltr'><strong>patet,</strong></span> <span class='ocrx_word' id='word_1_27' title='bbox 667 841 1048 910; x_wconf 80' lang='lat' dir='ltr'><strong>repetitionem</strong></span> <span class='ocrx_word' id='word_1_28' title='bbox 1080 839 1338 896; x_wconf 64' lang='lat' dir='ltr'><strong>Romanae</strong></span> <span class='ocrx_word' id='word_1_29' title='bbox 1365 853 1522 906; x_wconf 84' lang='lat' dir='ltr'><strong>esse;</strong></span> <span class='ocrx_word' id='word_1_30' title='bbox 1558 838 1610 894; x_wconf 89' lang='lat' dir='ltr'><strong>id</strong></span> <span class='ocrx_word' id='word_1_31' title='bbox 1639 838 1784 909; x_wconf 88' lang='lat' dir='ltr'><strong>quod</strong></span> <span class='ocrx_word' id='word_1_32' title='bbox 1827 838 2054 895; x_wconf 68' lang='lat' dir='ltr'><strong>Gazaeus</strong></span> 
     </span>
    </p>
   </div>
   <div class='ocr_carea' id='block_1_8' title="bbox 470 933 1832 1005">
    <p class='ocr_par' dir='ltr' id='par_1_8' title="bbox 470 933 1832 1005">
     <span class='ocr_line' id='line_1_8' title="bbox 470 933 1832 1005; baseline -0.002 -15"><span class='ocrx_word' id='word_1_33' title='bbox 470 935 638 990; x_wconf 86' lang='lat' dir='ltr'><strong>etiam</strong></span> <span class='ocrx_word' id='word_1_34' title='bbox 668 934 724 988; x_wconf 88' lang='lat' dir='ltr'><strong>in</strong></span> <span class='ocrx_word' id='word_1_35' title='bbox 757 933 1080 1005; x_wconf 64' lang='lat' dir='ltr'><strong>praefatione</strong></span> <span class='ocrx_word' id='word_1_36' title='bbox 1104 933 1364 990; x_wconf 85' lang='lat' dir='ltr'><strong>editionis</strong></span> <span class='ocrx_word' id='word_1_37' title='bbox 1387 947 1499 989; x_wconf 69' lang='lat' dir='ltr'><strong>suae</strong></span> <span class='ocrx_word' id='word_1_38' title='bbox 1528 933 1832 989; x_wconf 83' lang='lat' dir='ltr'><strong>conﬁrmat.</strong></span> 
     </span>
    </p>
   </div>
   <div class='ocr_carea' id='block_1_9' title="bbox 446 1028 1362 1084">
    <p class='ocr_par' dir='ltr' id='par_1_9' title="bbox 446 1028 1362 1084">
     <span class='ocr_line' id='line_1_9' title="bbox 446 1028 1362 1084; baseline -0.002 0"><span class='ocrx_word' id='word_1_39' title='bbox 446 1028 452 1084; x_wconf 72' lang='grc' dir='ltr'><strong><em>ἓ</em></strong></span> <span class='ocrx_word' id='word_1_40' title='bbox 1201 1030 1362 1084; x_wconf 74' lang='grc'><strong>1611.</strong></span> 
     </span>
    </p>
   </div>
   <div class='ocr_carea' id='block_1_10' title="bbox 540 1120 2054 1194">
    <p class='ocr_par' dir='ltr' id='par_1_10' title="bbox 540 1120 2054 1194">
     <span class='ocr_line' id='line_1_10' title="bbox 540 1120 2054 1194; baseline 0.001 -20"><span class='ocrx_word' id='word_1_41' title='bbox 540 1121 739 1188; x_wconf 65' lang='lat' dir='ltr'><strong>Romae,</strong></span> <span class='ocrx_word' id='word_1_42' title='bbox 774 1121 910 1192; x_wconf 85' lang='lat' dir='ltr'><strong>typis</strong></span> <span class='ocrx_word' id='word_1_43' title='bbox 936 1120 1164 1176; x_wconf 82' lang='lat' dir='ltr'><strong>Camerte</strong></span> <span class='ocrx_word' id='word_1_44' title='bbox 1214 1121 1560 1194; x_wconf 80' lang='lat' dir='ltr'><strong>Apastolicte;</strong></span> <span class='ocrx_word' id='word_1_45' title='bbox 1609 1120 1776 1178; x_wconf 87' lang='lat' dir='ltr'><strong>in-8°.</strong></span> <span class='ocrx_word' id='word_1_46' title='bbox 1826 1121 2054 1176; x_wconf 84' lang='lat' dir='ltr'><strong>Joannis</strong></span> 
     </span>
    </p>
   </div>
   <div class='ocr_carea' id='block_1_11' title="bbox 465 1215 2054 1275">
    <p class='ocr_par' dir='ltr' id='par_1_11' title="bbox 465 1215 2054 1275">
     <span class='ocr_line' id='line_1_11' title="bbox 465 1215 2054 1275; baseline 0.002 -5"><span class='ocrx_word' id='word_1_47' title='bbox 465 1215 710 1270; x_wconf 87' lang='lat' dir='ltr'><strong>Cassiani</strong></span> <span class='ocrx_word' id='word_1_48' title='bbox 746 1215 1001 1271; x_wconf 84' lang='lat' dir='ltr'><strong>Eremitae</strong></span> <span class='ocrx_word' id='word_1_49' title='bbox 1043 1217 1167 1272; x_wconf 87' lang='lat' dir='ltr'><strong>libri</strong></span> <span class='ocrx_word' id='word_1_50' title='bbox 1208 1217 1304 1272; x_wconf 82' lang='lat' dir='ltr'><strong>XII</strong></span> <span class='ocrx_word' id='word_1_51' title='bbox 1335 1219 1404 1274; x_wconf 88' lang='lat' dir='ltr'><strong>de</strong></span> <span class='ocrx_word' id='word_1_52' title='bbox 1434 1219 1700 1274; x_wconf 89' lang='lat' dir='ltr'><strong>Institutis</strong></span> <span class='ocrx_word' id='word_1_53' title='bbox 1734 1221 2054 1275; x_wconf 88' lang='lat' dir='ltr'><strong>renuntian-</strong></span> 
     </span>
    </p>
   </div>
   <div class='ocr_carea' id='block_1_12' title="bbox 465 1305 2052 1378">
    <p class='ocr_par' dir='ltr' id='par_1_12' title="bbox 465 1305 2052 1378">
     <span class='ocr_line' id='line_1_12' title="bbox 465 1305 2052 1378; baseline 0.005 -20"><span class='ocrx_word' id='word_1_54' title='bbox 465 1305 633 1373; x_wconf 88' lang='lat' dir='ltr'><strong>tium,</strong></span> <span class='ocrx_word' id='word_1_55' title='bbox 669 1306 1006 1364; x_wconf 85' lang='lat' dir='ltr'><strong>Collationes</strong></span> <span class='ocrx_word' id='word_1_56' title='bbox 1051 1307 1148 1364; x_wconf 86' lang='lat' dir='ltr'><strong>SS.</strong></span> <span class='ocrx_word' id='word_1_57' title='bbox 1198 1309 1420 1366; x_wconf 84' lang='lat' dir='ltr'><strong>Patrum</strong></span> <span class='ocrx_word' id='word_1_58' title='bbox 1466 1309 1662 1378; x_wconf 76' lang='lat' dir='ltr'><strong>XXIV,</strong></span> <span class='ocrx_word' id='word_1_59' title='bbox 1706 1310 1828 1365; x_wconf 86' lang='lat' dir='ltr'><strong>libri</strong></span> <span class='ocrx_word' id='word_1_60' title='bbox 1865 1309 1955 1364; x_wconf 83' lang='lat' dir='ltr'><strong>VII</strong></span> <span class='ocrx_word' id='word_1_61' title='bbox 1983 1311 2052 1366; x_wconf 89' lang='lat' dir='ltr'><strong>de</strong></span> 
     </span>
    </p>
   </div>
   <div class='ocr_carea' id='block_1_13' title="bbox 465 1399 2052 1460">
    <p class='ocr_par' dir='ltr' id='par_1_13' title="bbox 465 1399 2052 1460">
     <span class='ocr_line' id='line_1_13' title="bbox 465 1399 2052 1460; baseline 0.004 -6"><span class='ocrx_word' id='word_1_62' title='bbox 465 1399 633 1454; x_wconf 82' lang='lat' dir='ltr'><strong>Verbi</strong></span> <span class='ocrx_word' id='word_1_63' title='bbox 669 1399 1048 1457; x_wconf 87' lang='lat' dir='ltr'><strong>Incarnatione</strong></span> <span class='ocrx_word' id='word_1_64' title='bbox 1075 1417 1197 1457; x_wconf 93' lang='lat' dir='ltr'><strong>cum</strong></span> <span class='ocrx_word' id='word_1_65' title='bbox 1227 1405 1669 1460; x_wconf 85' lang='lat' dir='ltr'><strong>annotationibus</strong></span> <span class='ocrx_word' id='word_1_66' title='bbox 1709 1413 1764 1460; x_wconf 90' lang='lat' dir='ltr'><strong>et</strong></span> <span class='ocrx_word' id='word_1_67' title='bbox 1793 1404 2052 1460; x_wconf 86' lang='lat' dir='ltr'><strong>observa-</strong></span> 
     </span>
    </p>
   </div>
   <div class='ocr_carea' id='block_1_14' title="bbox 464 1490 2050 1566">
    <p class='ocr_par' dir='ltr' id='par_1_14' title="bbox 464 1490 2050 1566">
     <span class='ocr_line' id='line_1_14' title="bbox 464 1490 2050 1566; baseline 0.004 -22"><span class='ocrx_word' id='word_1_68' title='bbox 464 1490 725 1546; x_wconf 84' lang='lat' dir='ltr'><strong>tionibus.</strong></span> <span class='ocrx_word' id='word_1_69' title='bbox 757 1494 1125 1549; x_wconf 78' lang='lat' dir='ltr'><strong>Accesserunt</strong></span> <span class='ocrx_word' id='word_1_70' title='bbox 1152 1493 1356 1566; x_wconf 82' lang='lat' dir='ltr'><strong>Regula</strong></span> <span class='ocrx_word' id='word_1_71' title='bbox 1386 1497 1444 1553; x_wconf 92' lang='lat' dir='ltr'><strong>S.</strong></span> <span class='ocrx_word' id='word_1_72' title='bbox 1477 1496 1751 1552; x_wconf 89' lang='lat' dir='ltr'><strong>Pacbomii</strong></span> <span class='ocrx_word' id='word_1_73' title='bbox 1783 1513 1798 1562; x_wconf 90' lang='lat'><strong>;</strong></span> <span class='ocrx_word' id='word_1_74' title='bbox 1831 1497 2050 1566; x_wconf 71' lang='lat' dir='ltr'><strong>Regulm</strong></span> 
     </span>
    </p>
   </div>
   <div class='ocr_carea' id='block_1_15' title="bbox 463 1581 2048 1658">
    <p class='ocr_par' dir='ltr' id='par_1_15' title="bbox 463 1581 2048 1658">
     <span class='ocr_line' id='line_1_15' title="bbox 463 1581 2048 1658; baseline 0.003 -21"><span class='ocrx_word' id='word_1_75' title='bbox 463 1581 563 1637; x_wconf 90' lang='lat' dir='ltr'><strong>SS.</strong></span> <span class='ocrx_word' id='word_1_76' title='bbox 597 1583 818 1638; x_wconf 88' lang='lat' dir='ltr'><strong>Patrum</strong></span> <span class='ocrx_word' id='word_1_77' title='bbox 851 1594 905 1639; x_wconf 90' lang='lat' dir='ltr'><strong>et</strong></span> <span class='ocrx_word' id='word_1_78' title='bbox 931 1586 990 1642; x_wconf 91' lang='lat' dir='ltr'><strong>S.</strong></span> <span class='ocrx_word' id='word_1_79' title='bbox 1025 1587 1272 1657; x_wconf 88' lang='lat' dir='ltr'><strong>Prosperi</strong></span> <span class='ocrx_word' id='word_1_80' title='bbox 1296 1588 1554 1658; x_wconf 81' lang='lat' dir='ltr'><strong>Aquitani</strong></span> <span class='ocrx_word' id='word_1_81' title='bbox 1607 1588 1744 1643; x_wconf 76' lang='lat' dir='ltr'><strong>liber</strong></span> <span class='ocrx_word' id='word_1_82' title='bbox 1772 1587 1842 1642; x_wconf 89' lang='lat' dir='ltr'><strong>de</strong></span> <span class='ocrx_word' id='word_1_83' title='bbox 1864 1587 2048 1643; x_wconf 81' lang='lat' dir='ltr'><strong>Gratia</strong></span> 
     </span>
    </p>
   </div>
   <div class='ocr_carea' id='block_1_16' title="bbox 462 1673 2048 1747">
    <p class='ocr_par' dir='ltr' id='par_1_16' title="bbox 462 1673 2048 1747">
     <span class='ocr_line' id='line_1_16' title="bbox 462 1673 2048 1747; baseline 0.004 -19"><span class='ocrx_word' id='word_1_84' title='bbox 462 1673 563 1729; x_wconf 89' lang='lat' dir='ltr'><strong>Dei</strong></span> <span class='ocrx_word' id='word_1_85' title='bbox 589 1685 644 1731; x_wconf 90' lang='lat' dir='ltr'><strong>et</strong></span> <span class='ocrx_word' id='word_1_86' title='bbox 671 1677 846 1732; x_wconf 90' lang='lat' dir='ltr'><strong>libero</strong></span> <span class='ocrx_word' id='word_1_87' title='bbox 872 1677 1138 1747; x_wconf 87' lang='lat' dir='ltr'><strong>Arbitrio,</strong></span> <span class='ocrx_word' id='word_1_88' title='bbox 1173 1688 1230 1736; x_wconf 86' lang='lat' dir='ltr'><strong>et</strong></span> <span class='ocrx_word' id='word_1_89' title='bbox 1256 1681 1672 1736; x_wconf 79' lang='lat' dir='ltr'><strong>observationes</strong></span> <span class='ocrx_word' id='word_1_90' title='bbox 1709 1681 1764 1736; x_wconf 92' lang='lat' dir='ltr'><strong>in</strong></span> <span class='ocrx_word' id='word_1_91' title='bbox 1795 1681 1910 1736; x_wconf 82' lang='lat' dir='ltr'><strong>lo&#39;ca</strong></span> <span class='ocrx_word' id='word_1_92' title='bbox 1935 1697 2048 1735; x_wconf 86' lang='lat' dir='ltr'><strong>am-</strong></span> 
     </span>
    </p>
   </div>
   <div class='ocr_carea' id='block_1_17' title="bbox 463 1755 2125 1842">
    <p class='ocr_par' dir='ltr' id='par_1_17' title="bbox 463 1755 2125 1842">
     <span class='ocr_line' id='line_1_17' title="bbox 463 1755 2125 1842; baseline 0.006 -23"><span class='ocrx_word' id='word_1_93' title='bbox 463 1764 658 1836; x_wconf 86' lang='lat' dir='ltr'><strong>bigua:</strong></span> <span class='ocrx_word' id='word_1_94' title='bbox 694 1769 874 1823; x_wconf 87' lang='lat' dir='ltr'><strong>omnia</strong></span> <span class='ocrx_word' id='word_1_95' title='bbox 905 1769 1080 1824; x_wconf 89' lang='lat' dir='ltr'><strong>multo</strong></span> <span class='ocrx_word' id='word_1_96' title='bbox 1125 1772 1495 1826; x_wconf 87' lang='lat' dir='ltr'><strong>emcndatiora</strong></span> <span class='ocrx_word' id='word_1_97' title='bbox 1544 1785 1703 1842; x_wconf 89' lang='lat' dir='ltr'><strong>quam</strong></span> <span class='ocrx_word' id='word_1_98' title='bbox 1747 1781 1902 1828; x_wconf 84' lang='lat' dir='ltr'><strong>antea</strong></span> <span class='ocrx_word' id='word_1_99' title='bbox 1953 1788 2048 1828; x_wconf 81' lang='lat' dir='ltr'><strong>cx-</strong></span> <span class='ocrx_word' id='word_1_100' title='bbox 2077 1755 2125 1819; x_wconf 77' lang='grc' dir='ltr'><strong>Β</strong></span> 
     </span>
    </p>
   </div>
   <div class='ocr_carea' id='block_1_18' title="bbox 463 1859 1872 1935">
    <p class='ocr_par' dir='ltr' id='par_1_18' title="bbox 463 1859 1872 1935">
     <span class='ocr_line' id='line_1_18' title="bbox 463 1859 1872 1935; baseline 0.004 -21"><span class='ocrx_word' id='word_1_101' title='bbox 463 1875 612 1916; x_wconf 90' lang='lat' dir='ltr'><strong>cusa.</strong></span> <span class='ocrx_word' id='word_1_102' title='bbox 645 1859 757 1914; x_wconf 83' lang='lat' dir='ltr'><strong>Cat.</strong></span> <span class='ocrx_word' id='word_1_103' title='bbox 782 1860 920 1916; x_wconf 89' lang='lat' dir='ltr'><strong>Bibl.</strong></span> <span class='ocrx_word' id='word_1_104' title='bbox 949 1861 1080 1935; x_wconf 78' lang='lat' dir='ltr'><strong>Reg.</strong></span> <span class='ocrx_word' id='word_1_105' title='bbox 1117 1861 1274 1918; x_wconf 85' lang='lat' dir='ltr'><strong>Paris</strong></span> <span class='ocrx_word' id='word_1_106' title='bbox 1303 1875 1350 1918; x_wconf 86' lang='lat' dir='ltr'><strong>et</strong></span> <span class='ocrx_word' id='word_1_107' title='bbox 1373 1863 1514 1918; x_wconf 83' lang='lat' dir='ltr'><strong>Bibl.</strong></span> <span class='ocrx_word' id='word_1_108' title='bbox 1543 1864 1872 1921; x_wconf 86' lang='lat' dir='ltr'><strong>Casanatcns.</strong></span> 
     </span>
    </p>
   </div>
   <div class='ocr_carea' id='block_1_19' title="bbox 1173 1961 1334 2016">
    <p class='ocr_par' dir='ltr' id='par_1_19' title="bbox 1173 1961 1334 2016">
     <span class='ocr_line' id='line_1_19' title="bbox 1173 1961 1334 2016; baseline 0 -2"><span class='ocrx_word' id='word_1_109' title='bbox 1173 1961 1334 2016; x_wconf 79' lang='grc'>1616.</span> 
     </span>
    </p>
   </div>
   <div class='ocr_carea' id='block_1_20' title="bbox 532 2047 2043 2123">
    <p class='ocr_par' dir='ltr' id='par_1_20' title="bbox 532 2047 2043 2123">
     <span class='ocr_line' id='line_1_20' title="bbox 532 2047 2043 2123; baseline 0.006 -22"><span class='ocrx_word' id='word_1_110' title='bbox 532 2047 722 2116; x_wconf 88' lang='lat' dir='ltr'><strong>Duaci,</strong></span> <span class='ocrx_word' id='word_1_111' title='bbox 768 2066 832 2104; x_wconf 76' lang='lat' dir='ltr'><strong>ex</strong></span> <span class='ocrx_word' id='word_1_112' title='bbox 877 2051 1227 2123; x_wconf 83' lang='lat' dir='ltr'><strong>typagraphia</strong></span> <span class='ocrx_word' id='word_1_113' title='bbox 1273 2049 1570 2106; x_wconf 75' lang='lat' dir='ltr'><strong>Baltasaris</strong></span> <span class='ocrx_word' id='word_1_114' title='bbox 1598 2050 1828 2121; x_wconf 85' lang='lat' dir='ltr'><strong>Bellcri;</strong></span> <span class='ocrx_word' id='word_1_115' title='bbox 1876 2051 2043 2120; x_wconf 76' lang='lat' dir='ltr'><strong>its-8°,</strong></span> 
     </span>
    </p>
   </div>
   <div class='ocr_carea' id='block_1_21' title="bbox 463 2138 2046 2219">
    <p class='ocr_par' dir='ltr' id='par_1_21' title="bbox 463 2138 2046 2219">
     <span class='ocr_line' id='line_1_21' title="bbox 463 2138 2046 2219; baseline 0.006 -25"><span class='ocrx_word' id='word_1_116' title='bbox 463 2138 562 2194; x_wconf 83' lang='grc'><strong>111</strong></span> <span class='ocrx_word' id='word_1_117' title='bbox 591 2143 764 2198; x_wconf 88' lang='lat' dir='ltr'><strong>tomis.</strong></span> <span class='ocrx_word' id='word_1_118' title='bbox 809 2143 1034 2199; x_wconf 89' lang='lat' dir='ltr'><strong>Joannis</strong></span> <span class='ocrx_word' id='word_1_119' title='bbox 1081 2143 1324 2200; x_wconf 90' lang='lat' dir='ltr'><strong>Cassiani</strong></span> <span class='ocrx_word' id='word_1_120' title='bbox 1370 2145 1698 2216; x_wconf 82' lang='lat' dir='ltr'><strong>presbyteri,</strong></span> <span class='ocrx_word' id='word_1_121' title='bbox 1749 2160 1911 2219; x_wconf 86' lang='lat' dir='ltr'><strong>quem</strong></span> <span class='ocrx_word' id='word_1_122' title='bbox 1953 2149 2046 2204; x_wconf 85' lang='lat' dir='ltr'><strong>alii</strong></span> 
     </span>
    </p>
   </div>
   <div class='ocr_carea' id='block_1_22' title="bbox 460 2235 2034 2311">
    <p class='ocr_par' dir='ltr' id='par_1_22' title="bbox 460 2235 2034 2311">
     <span class='ocr_line' id='line_1_22' title="bbox 460 2235 2034 2311; baseline 0.004 -20"><span class='ocrx_word' id='word_1_123' title='bbox 460 2235 767 2302; x_wconf 86' lang='lat' dir='ltr'><strong>eremitam,</strong></span> <span class='ocrx_word' id='word_1_124' title='bbox 801 2236 894 2292; x_wconf 87' lang='lat' dir='ltr'><strong>alii</strong></span> <span class='ocrx_word' id='word_1_125' title='bbox 935 2238 1186 2294; x_wconf 88' lang='lat' dir='ltr'><strong>abbatem</strong></span> <span class='ocrx_word' id='word_1_126' title='bbox 1231 2247 1567 2310; x_wconf 88' lang='lat' dir='ltr'><strong>nuncupant,</strong></span> <span class='ocrx_word' id='word_1_127' title='bbox 1611 2239 1784 2311; x_wconf 83' lang='lat' dir='ltr'><strong>Opera</strong></span> <span class='ocrx_word' id='word_1_128' title='bbox 1831 2243 2034 2297; x_wconf 88' lang='lat' dir='ltr'><strong>omnia.</strong></span> 
     </span>
    </p>
   </div>
   <div class='ocr_carea' id='block_1_23' title="bbox 457 2328 2040 2407">
    <p class='ocr_par' dir='ltr' id='par_1_23' title="bbox 457 2328 2040 2407">
     <span class='ocr_line' id='line_1_23' title="bbox 457 2328 2040 2407; baseline 0.005 -23"><span class='ocrx_word' id='word_1_129' title='bbox 457 2328 764 2384; x_wconf 86' lang='lat' dir='ltr'><strong>Novissime</strong></span> <span class='ocrx_word' id='word_1_130' title='bbox 788 2333 1090 2402; x_wconf 84' lang='lat' dir='ltr'><strong>recognita,</strong></span> <span class='ocrx_word' id='word_1_131' title='bbox 1122 2345 1416 2404; x_wconf 81' lang='lat' dir='ltr'><strong>repurgata</strong></span> <span class='ocrx_word' id='word_1_132' title='bbox 1448 2343 1501 2390; x_wconf 90' lang='lat' dir='ltr'><strong>et</strong></span> <span class='ocrx_word' id='word_1_133' title='bbox 1521 2335 1663 2390; x_wconf 90' lang='lat' dir='ltr'><strong>notis</strong></span> <span class='ocrx_word' id='word_1_134' title='bbox 1685 2335 2040 2407; x_wconf 84' lang='lat' dir='ltr'><strong>amplissimis</strong></span> 
     </span>
    </p>
   </div>
   <div class='ocr_carea' id='block_1_24' title="bbox 459 2421 2044 2499">
    <p class='ocr_par' dir='ltr' id='par_1_24' title="bbox 459 2421 2044 2499">
     <span class='ocr_line' id='line_1_24' title="bbox 459 2421 2044 2499; baseline 0.007 -24"><span class='ocrx_word' id='word_1_135' title='bbox 459 2421 751 2478; x_wconf 86' lang='lat' dir='ltr'><strong>illustrata.</strong></span> <span class='ocrx_word' id='word_1_136' title='bbox 785 2425 990 2492; x_wconf 89' lang='lat' dir='ltr'><strong>Quibus</strong></span> <span class='ocrx_word' id='word_1_137' title='bbox 1016 2440 1302 2483; x_wconf 87' lang='lat' dir='ltr'><strong>accessere</strong></span> <span class='ocrx_word' id='word_1_138' title='bbox 1337 2429 1442 2483; x_wconf 86' lang='lat' dir='ltr'><strong>alia</strong></span> <span class='ocrx_word' id='word_1_139' title='bbox 1469 2428 1711 2496; x_wconf 81' lang='lat' dir='ltr'><strong>ejusdem</strong></span> <span class='ocrx_word' id='word_1_140' title='bbox 1737 2431 2044 2499; x_wconf 85' lang='lat' dir='ltr'><strong>argumenti</strong></span> 
     </span>
    </p>
   </div>
   <div class='ocr_carea' id='block_1_25' title="bbox 457 2515 2045 2591">
    <p class='ocr_par' dir='ltr' id='par_1_25' title="bbox 457 2515 2045 2591">
     <span class='ocr_line' id='line_1_25' title="bbox 457 2515 2045 2591; baseline 0.007 -25"><span class='ocrx_word' id='word_1_141' title='bbox 457 2515 738 2583; x_wconf 83' lang='lat' dir='ltr'><strong>Opuscula,</strong></span> <span class='ocrx_word' id='word_1_142' title='bbox 773 2531 1000 2586; x_wconf 88' lang='lat' dir='ltr'><strong>quorum</strong></span> <span class='ocrx_word' id='word_1_143' title='bbox 1026 2518 1322 2573; x_wconf 84' lang='lat' dir='ltr'><strong>Elenehum</strong></span> <span class='ocrx_word' id='word_1_144' title='bbox 1345 2535 1580 2589; x_wconf 89' lang='lat' dir='ltr'><strong>sequens</strong></span> <span class='ocrx_word' id='word_1_145' title='bbox 1607 2521 1795 2591; x_wconf 85' lang='lat' dir='ltr'><strong>pagina</strong></span> <span class='ocrx_word' id='word_1_146' title='bbox 1823 2523 2045 2578; x_wconf 82' lang='lat' dir='ltr'><strong>exhibe-</strong></span> 
     </span>
    </p>
   </div>
   <div class='ocr_carea' id='block_1_26' title="bbox 457 2605 2046 2682">
    <p class='ocr_par' dir='ltr' id='par_1_26' title="bbox 457 2605 2046 2682">
     <span class='ocr_line' id='line_1_26' title="bbox 457 2605 2046 2682; baseline 0.008 -24"><span class='ocrx_word' id='word_1_147' title='bbox 457 2605 561 2658; x_wconf 85' lang='lat' dir='ltr'><strong>bit.</strong></span> <span class='ocrx_word' id='word_1_148' title='bbox 612 2607 804 2661; x_wconf 88' lang='lat' dir='ltr'><strong>Studio</strong></span> <span class='ocrx_word' id='word_1_149' title='bbox 856 2617 911 2662; x_wconf 86' lang='lat' dir='ltr'><strong>et</strong></span> <span class='ocrx_word' id='word_1_150' title='bbox 959 2624 1124 2678; x_wconf 87' lang='lat' dir='ltr'><strong>opera</strong></span> <span class='ocrx_word' id='word_1_151' title='bbox 1171 2611 1235 2666; x_wconf 88' lang='lat' dir='ltr'><strong>D.</strong></span> <span class='ocrx_word' id='word_1_152' title='bbox 1267 2611 1448 2665; x_wconf 73' lang='grc' dir='ltr'><strong>Αἰανάὶ</strong></span> <span class='ocrx_word' id='word_1_153' title='bbox 1497 2610 1700 2682; x_wconf 69' lang='grc' dir='ltr'><strong>ϐακωί,</strong></span> <span class='ocrx_word' id='word_1_154' title='bbox 1758 2615 2046 2671; x_wconf 71' lang='lat' dir='ltr'><strong>cmnobitte</strong></span> 
     </span>
    </p>
   </div>
   <div class='ocr_carea' id='block_1_27' title="bbox 455 2693 1240 2757">
    <p class='ocr_par' dir='ltr' id='par_1_27' title="bbox 455 2693 1240 2757">
     <span class='ocr_line' id='line_1_27' title="bbox 455 2693 1240 2757; baseline 0.008 -7"><span class='ocrx_word' id='word_1_155' title='bbox 455 2693 739 2752; x_wconf 76' lang='lat' dir='ltr'><strong>Vedastini</strong></span> <span class='ocrx_word' id='word_1_156' title='bbox 786 2700 901 2754; x_wconf 90' lang='lat' dir='ltr'><strong>ord.</strong></span> <span class='ocrx_word' id='word_1_157' title='bbox 940 2699 1240 2757; x_wconf 78' lang='lat' dir='ltr'><strong>Benedicti.</strong></span> 
     </span>
    </p>
   </div>
   <div class='ocr_carea' id='block_1_28' title="bbox 525 2789 2043 2870">
    <p class='ocr_par' dir='ltr' id='par_1_28' title="bbox 525 2789 2043 2870">
     <span class='ocr_line' id='line_1_28' title="bbox 525 2789 2043 2870; baseline 0.009 -26"><span class='ocrx_word' id='word_1_158' title='bbox 525 2789 735 2844; x_wconf 83' lang='lat' dir='ltr'><strong>Tomos</strong></span> <span class='ocrx_word' id='word_1_159' title='bbox 762 2792 1031 2848; x_wconf 90' lang='lat' dir='ltr'><strong>secundus</strong></span> <span class='ocrx_word' id='word_1_160' title='bbox 1049 2796 1256 2850; x_wconf 82' lang='lat' dir='ltr'><strong>duabus</strong></span> <span class='ocrx_word' id='word_1_161' title='bbox 1283 2796 1531 2866; x_wconf 90' lang='lat' dir='ltr'><strong>partibus</strong></span> <span class='ocrx_word' id='word_1_162' title='bbox 1551 2806 1782 2866; x_wconf 81' lang='lat' dir='ltr'><strong>constat,</strong></span> <span class='ocrx_word' id='word_1_163' title='bbox 1815 2816 2043 2870; x_wconf 85' lang='lat' dir='ltr'><strong>quarum</strong></span> 
     </span>
    </p>
   </div>
   <div class='ocr_carea' id='block_1_29' title="bbox 455 2879 2044 2963">
    <p class='ocr_par' dir='ltr' id='par_1_29' title="bbox 455 2879 2044 2963">
     <span class='ocr_line' id='line_1_29' title="bbox 455 2879 2044 2963; baseline 0.009 -31"><span class='ocrx_word' id='word_1_164' title='bbox 455 2879 628 2934; x_wconf 88' lang='lat' dir='ltr'><strong>altera</strong></span> <span class='ocrx_word' id='word_1_165' title='bbox 660 2882 857 2950; x_wconf 86' lang='lat' dir='ltr'><strong>incipit</strong></span> <span class='ocrx_word' id='word_1_166' title='bbox 884 2898 914 2937; x_wconf 90' lang='lat' dir='ltr'><strong>a</strong></span> <span class='ocrx_word' id='word_1_167' title='bbox 943 2886 1264 2954; x_wconf 65' lang='lat' dir='ltr'><strong>praefatione</strong></span> <span class='ocrx_word' id='word_1_168' title='bbox 1288 2887 1611 2944; x_wconf 90' lang='lat' dir='ltr'><strong>Collationis</strong></span> <span class='ocrx_word' id='word_1_169' title='bbox 1637 2887 1823 2956; x_wconf 78' lang='lat' dir='ltr'><strong>XVIII,</strong></span> <span class='ocrx_word' id='word_1_170' title='bbox 1852 2894 2044 2963; x_wconf 81' lang='lat' dir='ltr'><strong>pagina</strong></span> 
     </span>
    </p>
   </div>
   <div class='ocr_carea' id='block_1_30' title="bbox 455 2969 2043 3051">
    <p class='ocr_par' dir='ltr' id='par_1_30' title="bbox 455 2969 2043 3051">
     <span class='ocr_line' id='line_1_30' title="bbox 455 2969 2043 3051; baseline 0.008 -25"><span class='ocrx_word' id='word_1_171' title='bbox 455 2969 581 3039; x_wconf 82' lang='lat'><strong>881,</strong></span> <span class='ocrx_word' id='word_1_172' title='bbox 617 2987 737 3046; x_wconf 77' lang='lat' dir='ltr'><strong>qua:</strong></span> <span class='ocrx_word' id='word_1_173' title='bbox 761 2983 846 3028; x_wconf 88' lang='lat' dir='ltr'><strong>est</strong></span> <span class='ocrx_word' id='word_1_174' title='bbox 878 2975 1017 3030; x_wconf 91' lang='lat' dir='ltr'><strong>tituli</strong></span> <span class='ocrx_word' id='word_1_175' title='bbox 1047 2977 1235 3046; x_wconf 90' lang='lat' dir='ltr'><strong>ipsius.</strong></span> <span class='ocrx_word' id='word_1_176' title='bbox 1289 2977 1584 3051; x_wconf 84' lang='lat' dir='ltr'><strong>Utriusque</strong></span> <span class='ocrx_word' id='word_1_177' title='bbox 1627 2981 1758 3037; x_wconf 91' lang='lat' dir='ltr'><strong>tomi</strong></span> <span class='ocrx_word' id='word_1_178' title='bbox 1785 2984 2043 3041; x_wconf 85' lang='lat' dir='ltr'><strong>elenchus</strong></span> 
     </span>
    </p>
   </div>
   <div class='ocr_carea' id='block_1_31' title="bbox 453 3065 2036 3148">
    <p class='ocr_par' dir='ltr' id='par_1_31' title="bbox 453 3065 2036 3148">
     <span class='ocr_line' id='line_1_31' title="bbox 453 3065 2036 3148; baseline 0.009 -30"><span class='ocrx_word' id='word_1_179' title='bbox 453 3074 576 3131; x_wconf 90' lang='lat' dir='ltr'><strong>post</strong></span> <span class='ocrx_word' id='word_1_180' title='bbox 598 3065 819 3119; x_wconf 88' lang='lat' dir='ltr'><strong>titulum</strong></span> <span class='ocrx_word' id='word_1_181' title='bbox 839 3069 1022 3122; x_wconf 85' lang='lat' dir='ltr'><strong>statim</strong></span> <span class='ocrx_word' id='word_1_182' title='bbox 1043 3069 1130 3124; x_wconf 87' lang='lat' dir='ltr'><strong>hic</strong></span> <span class='ocrx_word' id='word_1_183' title='bbox 1161 3077 1459 3141; x_wconf 84' lang='lat' dir='ltr'><strong>comparet.</strong></span> <span class='ocrx_word' id='word_1_184' title='bbox 1495 3073 1680 3130; x_wconf 87' lang='lat' dir='ltr'><strong>Insunt</strong></span> <span class='ocrx_word' id='word_1_185' title='bbox 1699 3085 1834 3131; x_wconf 86' lang='lat' dir='ltr'><strong>tome</strong></span> <span class='ocrx_word' id='word_1_186' title='bbox 1851 3077 2036 3148; x_wconf 84' lang='lat' dir='ltr'><strong>primo;</strong></span> 
     </span>
    </p>
   </div>
   <div class='ocr_carea' id='block_1_32' title="bbox 1314 243 2916 306">
    <p class='ocr_par' dir='ltr' id='par_1_32' title="bbox 1314 243 2916 306">
     <span class='ocr_line' id='line_1_32' title="bbox 1314 243 2916 306; baseline -0.003 0"><span class='ocrx_word' id='word_1_187' title='bbox 1314 247 1408 306; x_wconf 71' lang='lat' dir='ltr'><strong>AD</strong></span> <span class='ocrx_word' id='word_1_188' title='bbox 1445 243 1667 304; x_wconf 76' lang='lat' dir='ltr'><strong>OPERA</strong></span> <span class='ocrx_word' id='word_1_189' title='bbox 1710 245 1988 303; x_wconf 80' lang='lat' dir='ltr'><strong>JOANNIS</strong></span> <span class='ocrx_word' id='word_1_190' title='bbox 2025 243 2336 304; x_wconf 73' lang='lat' dir='ltr'><strong>CASSIANI</strong></span> <span class='ocrx_word' id='word_1_191' title='bbox 2380 244 2916 304; x_wconf 72' lang='lat' dir='ltr'><strong>PROLEGOMENA.</strong></span> 
     </span>
    </p>
   </div>
   <div class='ocr_carea' id='block_1_33' title="bbox 3679 263 3753 321">
    <p class='ocr_par' dir='ltr' id='par_1_33' title="bbox 3679 263 3753 321">
     <span class='ocr_line' id='line_1_33' title="bbox 3679 263 3753 321; baseline 0.041 -3"><span class='ocrx_word' id='word_1_192' title='bbox 3679 263 3753 321; x_wconf 62' lang='grc' dir='ltr'><strong>εἰ)</strong></span> 
     </span>
    </p>
   </div>
   <div class='ocr_carea' id='block_1_34' title="bbox 2089 373 3750 447">
    <p class='ocr_par' dir='ltr' id='par_1_34' title="bbox 2089 373 3750 447">
     <span class='ocr_line' id='line_1_34' title="bbox 2089 373 3750 447; baseline 0.008 -24"><span class='ocrx_word' id='word_1_193' title='bbox 2089 376 2138 434; x_wconf 70' lang='grc' dir='ltr'>Α</span> <span class='ocrx_word' id='word_1_194' title='bbox 2165 381 2256 426; x_wconf 86' lang='lat' dir='ltr'><strong>aut</strong></span> <span class='ocrx_word' id='word_1_195' title='bbox 2297 373 2631 444; x_wconf 78' lang='lat' dir='ltr'><strong>reformando</strong></span> <span class='ocrx_word' id='word_1_196' title='bbox 2679 391 2781 429; x_wconf 88' lang='lat' dir='ltr'><strong>non</strong></span> <span class='ocrx_word' id='word_1_197' title='bbox 2820 389 3128 447; x_wconf 76' lang='lat' dir='ltr'><strong>magnOpere</strong></span> <span class='ocrx_word' id='word_1_198' title='bbox 3177 377 3526 432; x_wconf 78' lang='lat' dir='ltr'><strong>laborandum</strong></span> <span class='ocrx_word' id='word_1_199' title='bbox 3573 381 3750 436; x_wconf 66' lang='lat' dir='ltr'><strong>existi-</strong></span> 
     </span>
    </p>
   </div>
   <div class='ocr_carea' id='block_1_35' title="bbox 2161 467 3746 534">
    <p class='ocr_par' dir='ltr' id='par_1_35' title="bbox 2161 467 3746 534">
     <span class='ocr_line' id='line_1_35' title="bbox 2161 467 3746 534; baseline 0.008 -16"><span class='ocrx_word' id='word_1_200' title='bbox 2161 467 2317 534; x_wconf 82' lang='lat' dir='ltr'><strong>movi,</strong></span> <span class='ocrx_word' id='word_1_201' title='bbox 2347 484 2466 521; x_wconf 89' lang='lat' dir='ltr'><strong>cum</strong></span> <span class='ocrx_word' id='word_1_202' title='bbox 2492 471 2618 522; x_wconf 86' lang='lat' dir='ltr'><strong>satis</strong></span> <span class='ocrx_word' id='word_1_203' title='bbox 2648 470 2978 524; x_wconf 89' lang='lat' dir='ltr'><strong>emendatum</strong></span> <span class='ocrx_word' id='word_1_204' title='bbox 2997 477 3045 524; x_wconf 89' lang='lat' dir='ltr'><strong>et</strong></span> <span class='ocrx_word' id='word_1_205' title='bbox 3075 471 3398 526; x_wconf 75' lang='lat' dir='ltr'><strong>enucleatum</strong></span> <span class='ocrx_word' id='word_1_206' title='bbox 3435 487 3552 526; x_wconf 77' lang='lat' dir='ltr'><strong>cum</strong></span> <span class='ocrx_word' id='word_1_207' title='bbox 3600 475 3746 530; x_wconf 83' lang='lat' dir='ltr'><strong>nobis</strong></span> 
     </span>
    </p>
   </div>
   <div class='ocr_carea' id='block_1_36' title="bbox 2157 561 3739 636">
    <p class='ocr_par' dir='ltr' id='par_1_36' title="bbox 2157 561 3739 636">
     <span class='ocr_line' id='line_1_36' title="bbox 2157 561 3739 636; baseline 0.006 -20"><span class='ocrx_word' id='word_1_208' title='bbox 2157 562 2452 631; x_wconf 75' lang='lat' dir='ltr'><strong>reliquerint</strong></span> <span class='ocrx_word' id='word_1_209' title='bbox 2481 561 2740 634; x_wconf 69' lang='lat' dir='ltr'><strong>(Iugo/tius</strong></span> <span class='ocrx_word' id='word_1_210' title='bbox 2784 574 2831 618; x_wconf 88' lang='lat' dir='ltr'><strong>et</strong></span> <span class='ocrx_word' id='word_1_211' title='bbox 2877 565 3209 636; x_wconf 82' lang='lat' dir='ltr'><strong>Ciacconius,</strong></span> <span class='ocrx_word' id='word_1_212' title='bbox 3258 567 3355 622; x_wconf 78' lang='lat' dir='ltr'><strong>viri</strong></span> <span class='ocrx_word' id='word_1_213' title='bbox 3385 568 3669 624; x_wconf 70' lang='lat' dir='ltr'><strong>doctissimi</strong></span> <span class='ocrx_word' id='word_1_214' title='bbox 3701 587 3739 625; x_wconf 68' lang='lat' dir='ltr'><strong>ei</strong></span> 
     </span>
    </p>
   </div>
   <div class='ocr_carea' id='block_1_37' title="bbox 2155 658 3737 734">
    <p class='ocr_par' dir='ltr' id='par_1_37' title="bbox 2155 658 3737 734">
     <span class='ocr_line' id='line_1_37' title="bbox 2155 658 3737 734; baseline 0.004 -24"><span class='ocrx_word' id='word_1_215' title='bbox 2155 658 2556 722; x_wconf 78' lang='lat' dir='ltr'><strong>accuratissimi,</strong></span> <span class='ocrx_word' id='word_1_216' title='bbox 2577 658 2666 728; x_wconf 88' lang='lat' dir='ltr'><strong>qui</strong></span> <span class='ocrx_word' id='word_1_217' title='bbox 2688 659 2850 713; x_wconf 82' lang='lat' dir='ltr'><strong>hacin</strong></span> <span class='ocrx_word' id='word_1_218' title='bbox 2870 675 2927 712; x_wconf 86' lang='lat' dir='ltr'><strong>re</strong></span> <span class='ocrx_word' id='word_1_219' title='bbox 2948 669 3208 714; x_wconf 88' lang='lat' dir='ltr'><strong>strenuam</strong></span> <span class='ocrx_word' id='word_1_220' title='bbox 3228 677 3435 734; x_wconf 76' lang='lat' dir='ltr'><strong>operam</strong></span> <span class='ocrx_word' id='word_1_221' title='bbox 3461 671 3737 717; x_wconf 86' lang='lat' dir='ltr'><strong>navarunt.</strong></span> 
     </span>
    </p>
   </div>
   <div class='ocr_carea' id='block_1_38' title="bbox 2157 749 3738 824">
    <p class='ocr_par' dir='ltr' id='par_1_38' title="bbox 2157 749 3738 824">
     <span class='ocr_line' id='line_1_38' title="bbox 2157 749 3738 824; baseline 0.003 -20"><span class='ocrx_word' id='word_1_222' title='bbox 2157 749 2368 804; x_wconf 85' lang='lat' dir='ltr'><strong>Contuli</strong></span> <span class='ocrx_word' id='word_1_223' title='bbox 2395 762 2562 806; x_wconf 86' lang='lat' dir='ltr'><strong>tamen</strong></span> <span class='ocrx_word' id='word_1_224' title='bbox 2583 769 2700 807; x_wconf 86' lang='lat' dir='ltr'><strong>cum</strong></span> <span class='ocrx_word' id='word_1_225' title='bbox 2729 755 2929 824; x_wconf 82' lang='lat' dir='ltr'><strong>aliquot</strong></span> <span class='ocrx_word' id='word_1_226' title='bbox 2976 754 3356 824; x_wconf 68' lang='lat' dir='ltr'><strong>exemplaribus</strong></span> <span class='ocrx_word' id='word_1_227' title='bbox 3384 764 3492 808; x_wconf 88' lang='lat' dir='ltr'><strong>tum</strong></span> <span class='ocrx_word' id='word_1_228' title='bbox 3517 758 3738 820; x_wconf 71' lang='lat' dir='ltr'><strong>excusis,</strong></span> 
     </span>
    </p>
   </div>
   <div class='ocr_carea' id='block_1_39' title="bbox 2157 843 3736 916">
    <p class='ocr_par' dir='ltr' id='par_1_39' title="bbox 2157 843 3736 916">
     <span class='ocr_line' id='line_1_39' title="bbox 2157 843 3736 916; baseline 0.004 -23"><span class='ocrx_word' id='word_1_229' title='bbox 2157 849 2264 894; x_wconf 90' lang='lat' dir='ltr'><strong>tum</strong></span> <span class='ocrx_word' id='word_1_230' title='bbox 2281 859 2426 908; x_wconf 85' lang='lat' dir='ltr'><strong>mss.,</strong></span> <span class='ocrx_word' id='word_1_231' title='bbox 2451 850 2499 897; x_wconf 86' lang='lat' dir='ltr'><strong>et</strong></span> <span class='ocrx_word' id='word_1_232' title='bbox 2522 843 2736 896; x_wconf 83' lang='lat' dir='ltr'><strong>subinde</strong></span> <span class='ocrx_word' id='word_1_233' title='bbox 2759 845 2994 913; x_wconf 73' lang='lat' dir='ltr'><strong>quwdam</strong></span> <span class='ocrx_word' id='word_1_234' title='bbox 3021 844 3136 898; x_wconf 90' lang='lat' dir='ltr'><strong>loca</strong></span> <span class='ocrx_word' id='word_1_235' title='bbox 3161 844 3346 898; x_wconf 88' lang='lat' dir='ltr'><strong>abillis</strong></span> <span class='ocrx_word' id='word_1_236' title='bbox 3366 847 3736 916; x_wconf 71' lang='lat' dir='ltr'><strong>prctcrmissa,</strong></span> 
     </span>
    </p>
   </div>
   <div class='ocr_carea' id='block_1_40' title="bbox 2153 933 3741 1004">
    <p class='ocr_par' dir='ltr' id='par_1_40' title="bbox 2153 933 3741 1004">
     <span class='ocr_line' id='line_1_40' title="bbox 2153 933 3741 1004; baseline 0.004 -21"><span class='ocrx_word' id='word_1_237' title='bbox 2153 941 2242 984; x_wconf 88' lang='lat' dir='ltr'><strong>aut</strong></span> <span class='ocrx_word' id='word_1_238' title='bbox 2272 933 2442 986; x_wconf 89' lang='lat' dir='ltr'><strong>minus</strong></span> <span class='ocrx_word' id='word_1_239' title='bbox 2474 949 2699 1004; x_wconf 71' lang='lat' dir='ltr'><strong>expensa</strong></span> <span class='ocrx_word' id='word_1_240' title='bbox 2739 933 2962 998; x_wconf 76' lang='lat' dir='ltr'><strong>correxi,</strong></span> <span class='ocrx_word' id='word_1_241' title='bbox 3009 943 3099 988; x_wconf 91' lang='lat' dir='ltr'><strong>aut</strong></span> <span class='ocrx_word' id='word_1_242' title='bbox 3152 936 3380 1002; x_wconf 71' lang='lat' dir='ltr'><strong>excussi,</strong></span> <span class='ocrx_word' id='word_1_243' title='bbox 3412 945 3462 989; x_wconf 88' lang='lat' dir='ltr'><strong>et</strong></span> <span class='ocrx_word' id='word_1_244' title='bbox 3511 937 3741 990; x_wconf 76' lang='lat' dir='ltr'><strong>adhibita</strong></span> 
     </span>
    </p>
   </div>
   <div class='ocr_carea' id='block_1_41' title="bbox 2150 1023 3741 1097">
    <p class='ocr_par' dir='ltr' id='par_1_41' title="bbox 2150 1023 3741 1097">
     <span class='ocr_line' id='line_1_41' title="bbox 2150 1023 3741 1097; baseline 0.001 -20"><span class='ocrx_word' id='word_1_245' title='bbox 2150 1025 2307 1078; x_wconf 85' lang='lat' dir='ltr'><strong>etiam</strong></span> <span class='ocrx_word' id='word_1_246' title='bbox 2354 1023 2593 1096; x_wconf 81' lang='lat' dir='ltr'><strong>Dionysii</strong></span> <span class='ocrx_word' id='word_1_247' title='bbox 2618 1024 2952 1080; x_wconf 69' lang='grc' dir='ltr'><strong>ϐαι-[ἠμείαηὶ</strong></span> <span class='ocrx_word' id='word_1_248' title='bbox 2981 1025 3313 1097; x_wconf 75' lang='lat' dir='ltr'><strong>paraphrasi,</strong></span> <span class='ocrx_word' id='word_1_249' title='bbox 3342 1027 3508 1080; x_wconf 81' lang='lat' dir='ltr'><strong>lucem</strong></span> <span class='ocrx_word' id='word_1_250' title='bbox 3545 1027 3702 1082; x_wconf 80' lang='lat' dir='ltr'><strong>aseivi</strong></span> <span class='ocrx_word' id='word_1_251' title='bbox 3721 1041 3741 1087; x_wconf 84' lang='lat'><strong><em>;</em></strong></span> 
     </span>
    </p>
   </div>
   <div class='ocr_carea' id='block_1_42' title="bbox 2151 1118 3740 1191">
    <p class='ocr_par' dir='ltr' id='par_1_42' title="bbox 2151 1118 3740 1191">
     <span class='ocr_line' id='line_1_42' title="bbox 2151 1118 3740 1191; baseline 0.001 -19"><span class='ocrx_word' id='word_1_252' title='bbox 2151 1133 2301 1189; x_wconf 83' lang='lat' dir='ltr'><strong>quem</strong></span> <span class='ocrx_word' id='word_1_253' title='bbox 2333 1127 2504 1172; x_wconf 83' lang='lat' dir='ltr'><strong>tamen</strong></span> <span class='ocrx_word' id='word_1_254' title='bbox 2521 1118 2916 1190; x_wconf 80' lang='lat' dir='ltr'><strong>paraphrastem</strong></span> <span class='ocrx_word' id='word_1_255' title='bbox 2938 1119 3105 1190; x_wconf 80' lang='lat' dir='ltr'><strong>(salva</strong></span> <span class='ocrx_word' id='word_1_256' title='bbox 3131 1119 3260 1173; x_wconf 86' lang='lat' dir='ltr'><strong>tanti</strong></span> <span class='ocrx_word' id='word_1_257' title='bbox 3282 1119 3377 1173; x_wconf 88' lang='lat' dir='ltr'><strong>viri</strong></span> <span class='ocrx_word' id='word_1_258' title='bbox 3405 1120 3740 1191; x_wconf 87' lang='lat' dir='ltr'><strong>auctoritate)</strong></span> 
     </span>
    </p>
   </div>
   <div class='ocr_carea' id='block_1_43' title="bbox 2153 1210 3741 1282">
    <p class='ocr_par' dir='ltr' id='par_1_43' title="bbox 2153 1210 3741 1282">
     <span class='ocr_line' id='line_1_43' title="bbox 2153 1210 3741 1282; baseline -0.001 -17"><span class='ocrx_word' id='word_1_259' title='bbox 2153 1225 2542 1282; x_wconf 79' lang='lat' dir='ltr'><strong>nonnumquam</strong></span> <span class='ocrx_word' id='word_1_260' title='bbox 2589 1210 2653 1265; x_wconf 87' lang='lat' dir='ltr'><strong>ab</strong></span> <span class='ocrx_word' id='word_1_261' title='bbox 2686 1212 2914 1266; x_wconf 78' lang='lat' dir='ltr'><strong>auctoris</strong></span> <span class='ocrx_word' id='word_1_262' title='bbox 2944 1221 3134 1276; x_wconf 84' lang='lat' dir='ltr'><strong>mente,</strong></span> <span class='ocrx_word' id='word_1_263' title='bbox 3178 1227 3242 1266; x_wconf 89' lang='lat' dir='ltr'><strong>ac</strong></span> <span class='ocrx_word' id='word_1_264' title='bbox 3287 1213 3542 1267; x_wconf 80' lang='lat' dir='ltr'><strong>sententia</strong></span> <span class='ocrx_word' id='word_1_265' title='bbox 3591 1212 3741 1266; x_wconf 81' lang='lat' dir='ltr'><strong>aber-</strong></span> 
     </span>
    </p>
   </div>
   <div class='ocr_carea' id='block_1_44' title="bbox 2151 1303 3708 1374">
    <p class='ocr_par' dir='ltr' id='par_1_44' title="bbox 2151 1303 3708 1374">
     <span class='ocr_line' id='line_1_44' title="bbox 2151 1303 3708 1374; baseline 0 -17"><span class='ocrx_word' id='word_1_266' title='bbox 2151 1319 2294 1359; x_wconf 86' lang='lat' dir='ltr'><strong>rasse</strong></span> <span class='ocrx_word' id='word_1_267' title='bbox 2317 1303 2608 1367; x_wconf 86' lang='lat' dir='ltr'><strong>submonui,</strong></span> <span class='ocrx_word' id='word_1_268' title='bbox 2637 1306 2839 1358; x_wconf 81' lang='lat' dir='ltr'><strong>lectoris</strong></span> <span class='ocrx_word' id='word_1_269' title='bbox 2872 1304 3078 1358; x_wconf 84' lang='lat' dir='ltr'><strong>interim</strong></span> <span class='ocrx_word' id='word_1_270' title='bbox 3105 1304 3301 1374; x_wconf 76' lang='lat' dir='ltr'><strong>iudicia</strong></span> <span class='ocrx_word' id='word_1_271' title='bbox 3330 1305 3708 1358; x_wconf 80' lang='lat' dir='ltr'><strong>arbitrantium.</strong></span> 
     </span>
    </p>
   </div>
   <div class='ocr_carea' id='block_1_45' title="bbox 2223 1399 3738 1470">
    <p class='ocr_par' dir='ltr' id='par_1_45' title="bbox 2223 1399 3738 1470">
     <span class='ocr_line' id='line_1_45' title="bbox 2223 1399 3738 1470; baseline -0.001 -16"><span class='ocrx_word' id='word_1_272' title='bbox 2223 1400 2288 1454; x_wconf 94' lang='lat' dir='ltr'><strong>II.</strong></span> <span class='ocrx_word' id='word_1_273' title='bbox 2319 1399 2688 1454; x_wconf 77' lang='lat' dir='ltr'><strong>Annotationes</strong></span> <span class='ocrx_word' id='word_1_274' title='bbox 2727 1400 2836 1468; x_wconf 91' lang='lat' dir='ltr'><strong>fere</strong></span> <span class='ocrx_word' id='word_1_275' title='bbox 2880 1407 3156 1470; x_wconf 86' lang='lat' dir='ltr'><strong>perpetuas</strong></span> <span class='ocrx_word' id='word_1_276' title='bbox 3189 1399 3389 1470; x_wconf 83' lang='lat' dir='ltr'><strong>adjeci,</strong></span> <span class='ocrx_word' id='word_1_277' title='bbox 3421 1399 3606 1468; x_wconf 84' lang='lat' dir='ltr'><strong>quibus</strong></span> <span class='ocrx_word' id='word_1_278' title='bbox 3635 1412 3738 1453; x_wconf 88' lang='lat' dir='ltr'><strong>non</strong></span> 
     </span>
    </p>
   </div>
   <div class='ocr_carea' id='block_1_46' title="bbox 2150 1490 3734 1563">
    <p class='ocr_par' dir='ltr' id='par_1_46' title="bbox 2150 1490 3734 1563">
     <span class='ocr_line' id='line_1_46' title="bbox 2150 1490 3734 1563; baseline 0 -17"><span class='ocrx_word' id='word_1_279' title='bbox 2150 1493 2318 1546; x_wconf 85' lang='lat' dir='ltr'><strong>solum</strong></span> <span class='ocrx_word' id='word_1_280' title='bbox 2346 1505 2514 1558; x_wconf 81' lang='lat' dir='ltr'><strong>voces,</strong></span> <span class='ocrx_word' id='word_1_281' title='bbox 2547 1504 2594 1546; x_wconf 88' lang='lat' dir='ltr'><strong>et</strong></span> <span class='ocrx_word' id='word_1_282' title='bbox 2632 1493 2883 1546; x_wconf 79' lang='lat' dir='ltr'><strong>dictiones</strong></span> <span class='ocrx_word' id='word_1_283' title='bbox 2912 1493 3163 1563; x_wconf 86' lang='lat' dir='ltr'><strong>quasdam</strong></span> <span class='ocrx_word' id='word_1_284' title='bbox 3201 1490 3432 1560; x_wconf 66' lang='lat' dir='ltr'><strong>Griecas,</strong></span> <span class='ocrx_word' id='word_1_285' title='bbox 3463 1491 3734 1560; x_wconf 85' lang='lat' dir='ltr'><strong>barbaras,</strong></span> 
     </span>
    </p>
   </div>
   <div class='ocr_carea' id='block_1_47' title="bbox 2150 1587 3737 1657">
    <p class='ocr_par' dir='ltr' id='par_1_47' title="bbox 2150 1587 3737 1657">
     <span class='ocr_line' id='line_1_47' title="bbox 2150 1587 3737 1657; baseline 0.001 -18"><span class='ocrx_word' id='word_1_286' title='bbox 2150 1596 2242 1640; x_wconf 90' lang='lat' dir='ltr'><strong>aut</strong></span> <span class='ocrx_word' id='word_1_287' title='bbox 2273 1587 2442 1640; x_wconf 86' lang='lat' dir='ltr'><strong>minus</strong></span> <span class='ocrx_word' id='word_1_288' title='bbox 2467 1588 2700 1657; x_wconf 80' lang='lat' dir='ltr'><strong>vulgatos</strong></span> <span class='ocrx_word' id='word_1_289' title='bbox 2752 1587 3044 1653; x_wconf 82' lang='lat' dir='ltr'><strong>elucidavi;</strong></span> <span class='ocrx_word' id='word_1_290' title='bbox 3084 1587 3174 1641; x_wconf 85' lang='lat' dir='ltr'><strong>sed</strong></span> <span class='ocrx_word' id='word_1_291' title='bbox 3201 1597 3247 1640; x_wconf 89' lang='lat' dir='ltr'><strong>et</strong></span> <span class='ocrx_word' id='word_1_292' title='bbox 3269 1587 3541 1641; x_wconf 83' lang='lat' dir='ltr'><strong>sententias</strong></span> <span class='ocrx_word' id='word_1_293' title='bbox 3578 1603 3737 1657; x_wconf 87' lang='lat' dir='ltr'><strong>quas-</strong></span> 
     </span>
    </p>
   </div>
   <div class='ocr_carea' id='block_1_48' title="bbox 2149 1679 3734 1750">
    <p class='ocr_par' dir='ltr' id='par_1_48' title="bbox 2149 1679 3734 1750">
     <span class='ocr_line' id='line_1_48' title="bbox 2149 1679 3734 1750; baseline 0.001 -18"><span class='ocrx_word' id='word_1_294' title='bbox 2149 1694 2247 1749; x_wconf 88' lang='lat' dir='ltr'><strong>que</strong></span> <span class='ocrx_word' id='word_1_295' title='bbox 2268 1679 2605 1747; x_wconf 75' lang='lat' dir='ltr'><strong>obscuriores,</strong></span> <span class='ocrx_word' id='word_1_296' title='bbox 2641 1681 2815 1735; x_wconf 85' lang='lat' dir='ltr'><strong>itidem</strong></span> <span class='ocrx_word' id='word_1_297' title='bbox 2841 1681 3148 1746; x_wconf 65' lang='lat' dir='ltr'><strong>quaestiones</strong></span> <span class='ocrx_word' id='word_1_298' title='bbox 3171 1679 3486 1750; x_wconf 79' lang='lat' dir='ltr'><strong>theolagicas</strong></span> <span class='ocrx_word' id='word_1_299' title='bbox 3515 1680 3585 1732; x_wconf 86' lang='lat' dir='ltr'><strong>ad</strong></span> <span class='ocrx_word' id='word_1_300' title='bbox 3620 1697 3734 1734; x_wconf 82' lang='lat' dir='ltr'><strong>ma-</strong></span> 
     </span>
    </p>
   </div>
   <div class='ocr_carea' id='block_1_49' title="bbox 2150 1773 3738 1845">
    <p class='ocr_par' dir='ltr' id='par_1_49' title="bbox 2150 1773 3738 1845">
     <span class='ocr_line' id='line_1_49' title="bbox 2150 1773 3738 1845; baseline 0 -19"><span class='ocrx_word' id='word_1_301' title='bbox 2150 1774 2406 1827; x_wconf 86' lang='lat' dir='ltr'><strong>nasticum</strong></span> <span class='ocrx_word' id='word_1_302' title='bbox 2453 1775 2738 1827; x_wconf 87' lang='lat' dir='ltr'><strong>institutum</strong></span> <span class='ocrx_word' id='word_1_303' title='bbox 2793 1782 3107 1843; x_wconf 86' lang='lat' dir='ltr'><strong>spectantes,</strong></span> <span class='ocrx_word' id='word_1_304' title='bbox 3149 1789 3337 1842; x_wconf 87' lang='lat' dir='ltr'><strong>easque</strong></span> <span class='ocrx_word' id='word_1_305' title='bbox 3382 1773 3628 1845; x_wconf 87' lang='lat' dir='ltr'><strong>perutiles</strong></span> <span class='ocrx_word' id='word_1_306' title='bbox 3675 1789 3738 1826; x_wconf 80' lang='lat' dir='ltr'><strong>ea:</strong></span> 
     </span>
    </p>
   </div>
   <div class='ocr_carea' id='block_1_50' title="bbox 2149 1864 3738 1935">
    <p class='ocr_par' dir='ltr' id='par_1_50' title="bbox 2149 1864 3738 1935">
     <span class='ocr_line' id='line_1_50' title="bbox 2149 1864 3738 1935; baseline -0.002 -16"><span class='ocrx_word' id='word_1_307' title='bbox 2149 1865 2420 1920; x_wconf 83' lang='lat' dir='ltr'><strong>occasione</strong></span> <span class='ocrx_word' id='word_1_308' title='bbox 2445 1875 2785 1930; x_wconf 85' lang='lat' dir='ltr'><strong>occurrentes,</strong></span> <span class='ocrx_word' id='word_1_309' title='bbox 2807 1873 3001 1934; x_wconf 87' lang='lat' dir='ltr'><strong>quanta</strong></span> <span class='ocrx_word' id='word_1_310' title='bbox 3029 1864 3170 1934; x_wconf 84' lang='lat' dir='ltr'><strong>potui</strong></span> <span class='ocrx_word' id='word_1_311' title='bbox 3191 1864 3444 1932; x_wconf 83' lang='lat' dir='ltr'><strong>facilitate</strong></span> <span class='ocrx_word' id='word_1_312' title='bbox 3464 1872 3514 1917; x_wconf 88' lang='lat' dir='ltr'><strong>et</strong></span> <span class='ocrx_word' id='word_1_313' title='bbox 3538 1864 3738 1935; x_wconf 82' lang='lat' dir='ltr'><strong>perspi-</strong></span> 
     </span>
    </p>
   </div>
   <div class='ocr_carea' id='block_1_51' title="bbox 2148 1957 3736 2030">
    <p class='ocr_par' dir='ltr' id='par_1_51' title="bbox 2148 1957 3736 2030">
     <span class='ocr_line' id='line_1_51' title="bbox 2148 1957 3736 2030; baseline 0.001 -20"><span class='ocrx_word' id='word_1_314' title='bbox 2148 1958 2340 2012; x_wconf 87' lang='lat' dir='ltr'><strong>cuitate</strong></span> <span class='ocrx_word' id='word_1_315' title='bbox 2365 1974 2458 2030; x_wconf 85' lang='lat' dir='ltr'><strong>pro</strong></span> <span class='ocrx_word' id='word_1_316' title='bbox 2479 1967 2634 2028; x_wconf 84' lang='lat' dir='ltr'><strong>captu</strong></span> <span class='ocrx_word' id='word_1_317' title='bbox 2645 1959 2916 2029; x_wconf 84' lang='lat' dir='ltr'><strong>juniorum</strong></span> <span class='ocrx_word' id='word_1_318' title='bbox 2945 1958 3271 2012; x_wconf 71' lang='lat' dir='ltr'><strong>examinari:</strong></span> <span class='ocrx_word' id='word_1_319' title='bbox 3299 1958 3437 2010; x_wconf 87' lang='lat' dir='ltr'><strong>unde</strong></span> <span class='ocrx_word' id='word_1_320' title='bbox 3465 1959 3612 2010; x_wconf 90' lang='lat' dir='ltr'><strong>multi</strong></span> <span class='ocrx_word' id='word_1_321' title='bbox 3633 1957 3736 2012; x_wconf 87' lang='lat' dir='ltr'><strong>loci</strong></span> 
     </span>
    </p>
   </div>
   <div class='ocr_carea' id='block_1_52' title="bbox 2149 2051 3735 2119">
    <p class='ocr_par' dir='ltr' id='par_1_52' title="bbox 2149 2051 3735 2119">
     <span class='ocr_line' id='line_1_52' title="bbox 2149 2051 3735 2119; baseline 0.001 -17"><span class='ocrx_word' id='word_1_322' title='bbox 2149 2063 2445 2104; x_wconf 87' lang='lat' dir='ltr'><strong>communes</strong></span> <span class='ocrx_word' id='word_1_323' title='bbox 2483 2053 2546 2104; x_wconf 85' lang='lat' dir='ltr'><strong>de</strong></span> <span class='ocrx_word' id='word_1_324' title='bbox 2573 2051 2724 2105; x_wconf 89' lang='lat' dir='ltr'><strong>rebus</strong></span> <span class='ocrx_word' id='word_1_325' title='bbox 2754 2051 3049 2106; x_wconf 79' lang='lat' dir='ltr'><strong>monasticis</strong></span> <span class='ocrx_word' id='word_1_326' title='bbox 3074 2051 3126 2104; x_wconf 88' lang='lat' dir='ltr'><strong>in</strong></span> <span class='ocrx_word' id='word_1_327' title='bbox 3156 2067 3282 2104; x_wconf 89' lang='lat' dir='ltr'><strong>usus</strong></span> <span class='ocrx_word' id='word_1_328' title='bbox 3309 2051 3645 2119; x_wconf 77' lang='lat' dir='ltr'><strong>quotidianae</strong></span> <span class='ocrx_word' id='word_1_329' title='bbox 3671 2065 3735 2104; x_wconf 91' lang='lat' dir='ltr'><strong>ac</strong></span> 
     </span>
    </p>
   </div>
   <div class='ocr_carea' id='block_1_53' title="bbox 2149 2141 3733 2216">
    <p class='ocr_par' dir='ltr' id='par_1_53' title="bbox 2149 2141 3733 2216">
     <span class='ocr_line' id='line_1_53' title="bbox 2149 2141 3733 2216; baseline 0 -19"><span class='ocrx_word' id='word_1_330' title='bbox 2149 2141 2438 2214; x_wconf 78' lang='lat' dir='ltr'><strong>familiares</strong></span> <span class='ocrx_word' id='word_1_331' title='bbox 2457 2145 2692 2216; x_wconf 84' lang='lat' dir='ltr'><strong>depromi</strong></span> <span class='ocrx_word' id='word_1_332' title='bbox 2713 2154 2918 2215; x_wconf 84' lang='lat' dir='ltr'><strong>queant.</strong></span> <span class='ocrx_word' id='word_1_333' title='bbox 2946 2142 3179 2215; x_wconf 81' lang='lat' dir='ltr'><strong>Inqenue</strong></span> <span class='ocrx_word' id='word_1_334' title='bbox 3198 2144 3402 2198; x_wconf 87' lang='lat' dir='ltr'><strong>interim</strong></span> <span class='ocrx_word' id='word_1_335' title='bbox 3433 2143 3733 2214; x_wconf 85' lang='lat' dir='ltr'><strong>fateorsub-</strong></span> 
     </span>
    </p>
   </div>
   <div class='ocr_carea' id='block_1_54' title="bbox 2147 2233 3733 2307">
    <p class='ocr_par' dir='ltr' id='par_1_54' title="bbox 2147 2233 3733 2307">
     <span class='ocr_line' id='line_1_54' title="bbox 2147 2233 3733 2307; baseline -0.001 -16"><span class='ocrx_word' id='word_1_336' title='bbox 2147 2235 2268 2291; x_wconf 83' lang='lat' dir='ltr'><strong>inde</strong></span> <span class='ocrx_word' id='word_1_337' title='bbox 2297 2237 2534 2307; x_wconf 86' lang='lat' dir='ltr'><strong>adjutum</strong></span> <span class='ocrx_word' id='word_1_338' title='bbox 2563 2253 2643 2289; x_wconf 90' lang='lat' dir='ltr'><strong>me</strong></span> <span class='ocrx_word' id='word_1_339' title='bbox 2673 2246 2782 2290; x_wconf 89' lang='lat' dir='ltr'><strong>tum</strong></span> <span class='ocrx_word' id='word_1_340' title='bbox 2805 2237 3152 2290; x_wconf 87' lang='lat' dir='ltr'><strong>natationibus</strong></span> <span class='ocrx_word' id='word_1_341' title='bbox 3183 2235 3419 2306; x_wconf 78' lang='lat' dir='ltr'><strong>Cuychii,</strong></span> <span class='ocrx_word' id='word_1_342' title='bbox 3450 2245 3559 2289; x_wconf 88' lang='lat' dir='ltr'><strong>tum</strong></span> <span class='ocrx_word' id='word_1_343' title='bbox 3590 2233 3733 2290; x_wconf 82' lang='lat' dir='ltr'><strong>Ciac-</strong></span> 
     </span>
    </p>
   </div>
   <div class='ocr_carea' id='block_1_55' title="bbox 2149 2330 3726 2400">
    <p class='ocr_par' dir='ltr' id='par_1_55' title="bbox 2149 2330 3726 2400">
     <span class='ocr_line' id='line_1_55' title="bbox 2149 2330 3726 2400; baseline 0.002 -19"><span class='ocrx_word' id='word_1_344' title='bbox 2149 2330 2304 2394; x_wconf 87' lang='lat' dir='ltr'><strong>conii,</strong></span> <span class='ocrx_word' id='word_1_345' title='bbox 2337 2347 2464 2398; x_wconf 87' lang='lat' dir='ltr'><strong>quas</strong></span> <span class='ocrx_word' id='word_1_346' title='bbox 2507 2331 2721 2400; x_wconf 81' lang='lat' dir='ltr'><strong>proinde</strong></span> <span class='ocrx_word' id='word_1_347' title='bbox 2749 2339 2796 2383; x_wconf 91' lang='lat' dir='ltr'><strong>et</strong></span> <span class='ocrx_word' id='word_1_348' title='bbox 2841 2331 2990 2396; x_wconf 86' lang='lat' dir='ltr'><strong>meis,</strong></span> <span class='ocrx_word' id='word_1_349' title='bbox 3024 2331 3230 2400; x_wconf 81' lang='lat' dir='ltr'><strong>publica</strong></span> <span class='ocrx_word' id='word_1_350' title='bbox 3259 2334 3392 2384; x_wconf 88' lang='lat' dir='ltr'><strong>bona</strong></span> <span class='ocrx_word' id='word_1_351' title='bbox 3435 2331 3726 2396; x_wconf 85' lang='lat' dir='ltr'><strong>consulens,</strong></span> 
     </span>
    </p>
   </div>
   <div class='ocr_carea' id='block_1_56' title="bbox 2145 2421 3732 2492">
    <p class='ocr_par' dir='ltr' id='par_1_56' title="bbox 2145 2421 3732 2492">
     <span class='ocr_line' id='line_1_56' title="bbox 2145 2421 3732 2492; baseline 0.001 -18"><span class='ocrx_word' id='word_1_352' title='bbox 2145 2421 2220 2474; x_wconf 89' lang='lat' dir='ltr'><strong>ita</strong></span> <span class='ocrx_word' id='word_1_353' title='bbox 2240 2421 2458 2486; x_wconf 85' lang='lat' dir='ltr'><strong>inserui,</strong></span> <span class='ocrx_word' id='word_1_354' title='bbox 2492 2431 2544 2472; x_wconf 85' lang='lat' dir='ltr'><strong>ut</strong></span> <span class='ocrx_word' id='word_1_355' title='bbox 2585 2433 2757 2475; x_wconf 84' lang='lat' dir='ltr'><strong>tamen</strong></span> <span class='ocrx_word' id='word_1_356' title='bbox 2794 2437 2916 2476; x_wconf 85' lang='lat' dir='ltr'><strong>suus</strong></span> <span class='ocrx_word' id='word_1_357' title='bbox 2936 2423 3118 2492; x_wconf 87' lang='lat' dir='ltr'><strong>cuique</strong></span> <span class='ocrx_word' id='word_1_358' title='bbox 3147 2423 3350 2476; x_wconf 85' lang='lat' dir='ltr'><strong>auctori</strong></span> <span class='ocrx_word' id='word_1_359' title='bbox 3391 2431 3624 2486; x_wconf 79' lang='lat' dir='ltr'><strong>acceptas</strong></span> <span class='ocrx_word' id='word_1_360' title='bbox 3652 2438 3732 2476; x_wconf 85' lang='lat' dir='ltr'><strong>re-</strong></span> 
     </span>
    </p>
   </div>
   <div class='ocr_carea' id='block_1_57' title="bbox 2149 2514 3731 2588">
    <p class='ocr_par' dir='ltr' id='par_1_57' title="bbox 2149 2514 3731 2588">
     <span class='ocr_line' id='line_1_57' title="bbox 2149 2514 3731 2588; baseline 0 -20"><span class='ocrx_word' id='word_1_361' title='bbox 2149 2517 2356 2587; x_wconf 79' lang='lat' dir='ltr'><strong>ferrem,</strong></span> <span class='ocrx_word' id='word_1_362' title='bbox 2378 2514 2507 2568; x_wconf 81' lang='lat' dir='ltr'><strong>nihil</strong></span> <span class='ocrx_word' id='word_1_363' title='bbox 2532 2516 2758 2570; x_wconf 78' lang='lat' dir='ltr'><strong>alieuum</strong></span> <span class='ocrx_word' id='word_1_364' title='bbox 2791 2515 2917 2569; x_wconf 85' lang='lat' dir='ltr'><strong>mihi</strong></span> <span class='ocrx_word' id='word_1_365' title='bbox 2943 2517 3224 2571; x_wconf 86' lang='lat' dir='ltr'><strong>vindicans.</strong></span> <span class='ocrx_word' id='word_1_366' title='bbox 3257 2516 3444 2588; x_wconf 86' lang='lat' dir='ltr'><strong>Neque</strong></span> <span class='ocrx_word' id='word_1_367' title='bbox 3467 2531 3584 2569; x_wconf 90' lang='lat' dir='ltr'><strong>vero</strong></span> <span class='ocrx_word' id='word_1_368' title='bbox 3605 2515 3731 2568; x_wconf 71' lang='lat' dir='ltr'><strong>mihi</strong></span> 
     </span>
    </p>
   </div>
   <div class='ocr_carea' id='block_1_58' title="bbox 2147 2603 3730 2679">
    <p class='ocr_par' dir='ltr' id='par_1_58' title="bbox 2147 2603 3730 2679">
     <span class='ocr_line' id='line_1_58' title="bbox 2147 2603 3730 2679; baseline -0.001 -20"><span class='ocrx_word' id='word_1_369' title='bbox 2147 2607 2340 2659; x_wconf 70' lang='lat' dir='ltr'><strong>cxciiit</strong></span> <span class='ocrx_word' id='word_1_370' title='bbox 2367 2603 2504 2660; x_wconf 87' lang='lat' dir='ltr'><strong>illud</strong></span> <span class='ocrx_word' id='word_1_371' title='bbox 2543 2605 2704 2661; x_wconf 78' lang='lat' dir='ltr'><strong>Plinii</strong></span> <span class='ocrx_word' id='word_1_372' title='bbox 2759 2609 2828 2662; x_wconf 87' lang='lat' dir='ltr'><strong>ad</strong></span> <span class='ocrx_word' id='word_1_373' title='bbox 2875 2605 3253 2679; x_wconf 84' lang='lat' dir='ltr'><strong>Vespasianum</strong></span> <span class='ocrx_word' id='word_1_374' title='bbox 3292 2610 3417 2663; x_wconf 86' lang='lat' dir='ltr'><strong>scite</strong></span> <span class='ocrx_word' id='word_1_375' title='bbox 3447 2608 3730 2678; x_wconf 84' lang='lat' dir='ltr'><strong>scriptum;</strong></span> 
     </span>
    </p>
   </div>
   <div class='ocr_carea' id='block_1_59' title="bbox 2147 2696 3720 2774">
    <p class='ocr_par' dir='ltr' id='par_1_59' title="bbox 2147 2696 3720 2774">
     <span class='ocr_line' id='line_1_59' title="bbox 2147 2696 3720 2774; baseline 0.001 -22"><span class='ocrx_word' id='word_1_376' title='bbox 2147 2696 2448 2767; x_wconf 84' lang='lat' dir='ltr'><strong>Benignum</strong></span> <span class='ocrx_word' id='word_1_377' title='bbox 2496 2713 2640 2766; x_wconf 83' lang='lat' dir='ltr'><strong>esse,</strong></span> <span class='ocrx_word' id='word_1_378' title='bbox 2676 2709 2729 2754; x_wconf 86' lang='lat' dir='ltr'><strong>et</strong></span> <span class='ocrx_word' id='word_1_379' title='bbox 2759 2701 2971 2770; x_wconf 87' lang='lat' dir='ltr'><strong>ingenui</strong></span> <span class='ocrx_word' id='word_1_380' title='bbox 3015 2701 3230 2771; x_wconf 88' lang='lat' dir='ltr'><strong>plenum</strong></span> <span class='ocrx_word' id='word_1_381' title='bbox 3268 2701 3490 2774; x_wconf 89' lang='lat' dir='ltr'><strong>pudoris</strong></span> <span class='ocrx_word' id='word_1_382' title='bbox 3539 2699 3720 2766; x_wconf 80' lang='lat' dir='ltr'><strong>lateri,</strong></span> 
     </span>
    </p>
   </div>
   <div class='ocr_carea' id='block_1_60' title="bbox 2145 2793 2844 2864">
    <p class='ocr_par' dir='ltr' id='par_1_60' title="bbox 2145 2793 2844 2864">
     <span class='ocr_line' id='line_1_60' title="bbox 2145 2793 2844 2864; baseline 0 -14"><span class='ocrx_word' id='word_1_383' title='bbox 2145 2807 2244 2864; x_wconf 88' lang='lat' dir='ltr'><strong>per</strong></span> <span class='ocrx_word' id='word_1_384' title='bbox 2266 2809 2401 2864; x_wconf 85' lang='lat' dir='ltr'><strong>quos</strong></span> <span class='ocrx_word' id='word_1_385' title='bbox 2432 2793 2844 2864; x_wconf 79' lang='lat' dir='ltr'><strong>profecerimus.</strong></span> 
     </span>
    </p>
   </div>
   <div class='ocr_carea' id='block_1_61' title="bbox 2215 2886 3730 2956">
    <p class='ocr_par' dir='ltr' id='par_1_61' title="bbox 2215 2886 3730 2956">
     <span class='ocr_line' id='line_1_61' title="bbox 2215 2886 3730 2956; baseline -0.001 -13"><span class='ocrx_word' id='word_1_386' title='bbox 2215 2887 2300 2943; x_wconf 88' lang='lat' dir='ltr'><strong>III.</strong></span> <span class='ocrx_word' id='word_1_387' title='bbox 2345 2886 2510 2943; x_wconf 90' lang='lat' dir='ltr'><strong>Porro</strong></span> <span class='ocrx_word' id='word_1_388' title='bbox 2541 2889 2778 2956; x_wconf 84' lang='lat' dir='ltr'><strong>antiquas</strong></span> <span class='ocrx_word' id='word_1_389' title='bbox 2802 2890 2951 2956; x_wconf 88' lang='lat' dir='ltr'><strong>ritus,</strong></span> <span class='ocrx_word' id='word_1_390' title='bbox 2976 2898 3025 2944; x_wconf 88' lang='lat' dir='ltr'><strong>et</strong></span> <span class='ocrx_word' id='word_1_391' title='bbox 3051 2890 3282 2945; x_wconf 88' lang='lat' dir='ltr'><strong>instituta</strong></span> <span class='ocrx_word' id='word_1_392' title='bbox 3307 2898 3526 2944; x_wconf 83' lang='lat' dir='ltr'><strong>veterum</strong></span> <span class='ocrx_word' id='word_1_393' title='bbox 3553 2901 3730 2943; x_wconf 82' lang='lat' dir='ltr'><strong>mana-</strong></span> 
     </span>
    </p>
   </div>
   <div class='ocr_carea' id='block_1_62' title="bbox 2145 2977 3730 3054">
    <p class='ocr_par' dir='ltr' id='par_1_62' title="bbox 2145 2977 3730 3054">
     <span class='ocr_line' id='line_1_62' title="bbox 2145 2977 3730 3054; baseline 0 -20"><span class='ocrx_word' id='word_1_394' title='bbox 2145 2977 2356 3034; x_wconf 83' lang='lat' dir='ltr'><strong>cltarum</strong></span> <span class='ocrx_word' id='word_1_395' title='bbox 2396 2989 2501 3034; x_wconf 89' lang='lat' dir='ltr'><strong>tum</strong></span> <span class='ocrx_word' id='word_1_396' title='bbox 2534 2982 2586 3034; x_wconf 87' lang='lat' dir='ltr'><strong>in</strong></span> <span class='ocrx_word' id='word_1_397' title='bbox 2607 2980 2784 3051; x_wconf 74' lang='lat' dir='ltr'><strong>officiis</strong></span> <span class='ocrx_word' id='word_1_398' title='bbox 2820 2981 3004 3035; x_wconf 83' lang='lat' dir='ltr'><strong>divinis</strong></span> <span class='ocrx_word' id='word_1_399' title='bbox 3033 2981 3335 3054; x_wconf 85' lang='lat' dir='ltr'><strong>peragendis</strong></span> <span class='ocrx_word' id='word_1_400' title='bbox 3357 3021 3372 3048; x_wconf 92' lang='lat'><strong>,</strong></span> <span class='ocrx_word' id='word_1_401' title='bbox 3402 2992 3505 3034; x_wconf 88' lang='lat' dir='ltr'><strong>tum</strong></span> <span class='ocrx_word' id='word_1_402' title='bbox 3531 2983 3583 3033; x_wconf 89' lang='lat' dir='ltr'><strong>in</strong></span> <span class='ocrx_word' id='word_1_403' title='bbox 3614 2979 3730 3034; x_wconf 88' lang='lat' dir='ltr'><strong>aliis</strong></span> 
     </span>
    </p>
   </div>
   <div class='ocr_carea' id='block_1_63' title="bbox 2147 3071 3730 3138">
    <p class='ocr_par' dir='ltr' id='par_1_63' title="bbox 2147 3071 3730 3138">
     <span class='ocr_line' id='line_1_63' title="bbox 2147 3071 3730 3138; baseline -0.003 -10"><span class='ocrx_word' id='word_1_404' title='bbox 2147 3073 2584 3128; x_wconf 66' lang='lat' dir='ltr'><strong>exercitationibus</strong></span> <span class='ocrx_word' id='word_1_405' title='bbox 2614 3075 2843 3128; x_wconf 85' lang='lat' dir='ltr'><strong>asceticis</strong></span> <span class='ocrx_word' id='word_1_406' title='bbox 2869 3075 3068 3128; x_wconf 89' lang='lat' dir='ltr'><strong>curiose</strong></span> <span class='ocrx_word' id='word_1_407' title='bbox 3102 3072 3358 3128; x_wconf 83' lang='lat' dir='ltr'><strong>observavi</strong></span> <span class='ocrx_word' id='word_1_408' title='bbox 3385 3115 3398 3138; x_wconf 88' lang='lat'><strong>,</strong></span> <span class='ocrx_word' id='word_1_409' title='bbox 3441 3081 3490 3126; x_wconf 88' lang='lat' dir='ltr'><strong>et</strong></span> <span class='ocrx_word' id='word_1_410' title='bbox 3514 3071 3650 3125; x_wconf 86' lang='lat' dir='ltr'><strong>velut</strong></span> <span class='ocrx_word' id='word_1_411' title='bbox 3678 3072 3730 3124; x_wconf 88' lang='lat' dir='ltr'><strong>in</strong></span> 
     </span>
    </p>
   </div>
   <div class='ocr_carea' id='block_1_64' title="bbox 451 3141 3728 3238">
    <p class='ocr_par' dir='ltr' id='par_1_64' title="bbox 451 3141 3728 3238">
     <span class='ocr_line' id='line_1_64' title="bbox 451 3141 3728 3238; baseline 0.002 -28"><span class='ocrx_word' id='word_1_412' title='bbox 451 3155 518 3210; x_wconf 88' lang='lat' dir='ltr'><strong>de</strong></span> <span class='ocrx_word' id='word_1_413' title='bbox 546 3153 816 3213; x_wconf 87' lang='lat' dir='ltr'><strong>Institutis</strong></span> <span class='ocrx_word' id='word_1_414' title='bbox 861 3161 1236 3219; x_wconf 70' lang='lat' dir='ltr'><strong>coenobiorum</strong></span> <span class='ocrx_word' id='word_1_415' title='bbox 1284 3163 1406 3220; x_wconf 86' lang='lat' dir='ltr'><strong>libri</strong></span> <span class='ocrx_word' id='word_1_416' title='bbox 1441 3165 1559 3235; x_wconf 84' lang='lat' dir='ltr'><strong>XII,</strong></span> <span class='ocrx_word' id='word_1_417' title='bbox 1585 3183 1706 3225; x_wconf 91' lang='lat' dir='ltr'><strong>cum</strong></span> <span class='ocrx_word' id='word_1_418' title='bbox 1751 3141 2035 3227; x_wconf 77' lang='lat' dir='ltr'><strong>commen-</strong></span> <span class='ocrx_word' id='word_1_419' title='bbox 2063 3141 2108 3208; x_wconf 67' lang='grc' dir='ltr'><strong>δ</strong></span> <span class='ocrx_word' id='word_1_420' title='bbox 2141 3165 2316 3221; x_wconf 89' lang='lat' dir='ltr'><strong>tabula</strong></span> <span class='ocrx_word' id='word_1_421' title='bbox 2339 3169 2541 3238; x_wconf 83' lang='lat' dir='ltr'><strong>depicta</strong></span> <span class='ocrx_word' id='word_1_422' title='bbox 2559 3168 2734 3220; x_wconf 88' lang='lat' dir='ltr'><strong>lectori</strong></span> <span class='ocrx_word' id='word_1_423' title='bbox 2763 3165 3062 3237; x_wconf 84' lang='lat' dir='ltr'><strong>diligentius</strong></span> <span class='ocrx_word' id='word_1_424' title='bbox 3087 3167 3408 3236; x_wconf 74' lang='lat' dir='ltr'><strong>inspicienda</strong></span> <span class='ocrx_word' id='word_1_425' title='bbox 3434 3175 3483 3218; x_wconf 87' lang='lat' dir='ltr'><strong>et</strong></span> <span class='ocrx_word' id='word_1_426' title='bbox 3506 3171 3728 3218; x_wconf 86' lang='lat' dir='ltr'><strong>cantem-</strong></span> 
     </span>
    </p>
   </div>
   <div class='ocr_carea' id='block_1_65' title="bbox 451 3249 2032 3328">
    <p class='ocr_par' dir='ltr' id='par_1_65' title="bbox 451 3249 2032 3328">
     <span class='ocr_line' id='line_1_65' title="bbox 451 3249 2032 3328; baseline 0.013 -27"><span class='ocrx_word' id='word_1_427' title='bbox 451 3249 606 3304; x_wconf 89' lang='lat' dir='ltr'><strong>tariis</strong></span> <span class='ocrx_word' id='word_1_428' title='bbox 651 3259 705 3306; x_wconf 89' lang='lat' dir='ltr'><strong>et</strong></span> <span class='ocrx_word' id='word_1_429' title='bbox 757 3255 1155 3322; x_wconf 86' lang='lat' dir='ltr'><strong>natationibus,</strong></span> <span class='ocrx_word' id='word_1_430' title='bbox 1191 3257 1393 3328; x_wconf 77' lang='lat' dir='ltr'><strong>Regula</strong></span> <span class='ocrx_word' id='word_1_431' title='bbox 1420 3260 1478 3318; x_wconf 92' lang='lat' dir='ltr'><strong>S.</strong></span> <span class='ocrx_word' id='word_1_432' title='bbox 1513 3259 1792 3318; x_wconf 85' lang='lat' dir='ltr'><strong>Pachomii</strong></span> <span class='ocrx_word' id='word_1_433' title='bbox 1827 3265 1955 3320; x_wconf 90' lang='lat' dir='ltr'><strong>olim</strong></span> <span class='ocrx_word' id='word_1_434' title='bbox 2002 3281 2032 3321; x_wconf 89' lang='lat' dir='ltr'><strong>a</strong></span> 
     </span>
    </p>
   </div>
   <div class='ocr_carea' id='block_1_66' title="bbox 447 3339 2033 3416">
    <p class='ocr_par' dir='ltr' id='par_1_66' title="bbox 447 3339 2033 3416">
     <span class='ocr_line' id='line_1_66' title="bbox 447 3339 2033 3416; baseline 0.011 -21"><span class='ocrx_word' id='word_1_435' title='bbox 447 3339 507 3396; x_wconf 86' lang='lat' dir='ltr'><strong>S.</strong></span> <span class='ocrx_word' id='word_1_436' title='bbox 542 3339 873 3416; x_wconf 85' lang='lat' dir='ltr'><strong>Hieronymo</strong></span> <span class='ocrx_word' id='word_1_437' title='bbox 901 3347 1092 3404; x_wconf 89' lang='lat' dir='ltr'><strong>Latine</strong></span> <span class='ocrx_word' id='word_1_438' title='bbox 1121 3351 1413 3408; x_wconf 85' lang='lat' dir='ltr'><strong>translata:</strong></span> <span class='ocrx_word' id='word_1_439' title='bbox 1449 3365 1590 3409; x_wconf 88' lang='lat' dir='ltr'><strong>nunc</strong></span> <span class='ocrx_word' id='word_1_440' title='bbox 1619 3356 1780 3410; x_wconf 85' lang='lat' dir='ltr'><strong>etiam</strong></span> <span class='ocrx_word' id='word_1_441' title='bbox 1812 3358 2033 3412; x_wconf 86' lang='lat' dir='ltr'><strong>scholiis</strong></span> 
     </span>
    </p>
   </div>
   <div class='ocr_carea' id='block_1_67' title="bbox 447 3437 2033 3507">
    <p class='ocr_par' dir='ltr' id='par_1_67' title="bbox 447 3437 2033 3507">
     <span class='ocr_line' id='line_1_67' title="bbox 447 3437 2033 3507; baseline 0.009 -18"><span class='ocrx_word' id='word_1_442' title='bbox 447 3443 504 3489; x_wconf 89' lang='lat' dir='ltr'><strong>et</strong></span> <span class='ocrx_word' id='word_1_443' title='bbox 547 3441 690 3492; x_wconf 88' lang='lat' dir='ltr'><strong>notis</strong></span> <span class='ocrx_word' id='word_1_444' title='bbox 733 3437 1036 3507; x_wconf 87' lang='lat' dir='ltr'><strong>illustrata;</strong></span> <span class='ocrx_word' id='word_1_445' title='bbox 1081 3439 1272 3499; x_wconf 85' lang='lat' dir='ltr'><strong>Flores</strong></span> <span class='ocrx_word' id='word_1_446' title='bbox 1316 3444 1564 3501; x_wconf 89' lang='lat' dir='ltr'><strong>Cassiani</strong></span> <span class='ocrx_word' id='word_1_447' title='bbox 1613 3447 1732 3503; x_wconf 85' lang='lat' dir='ltr'><strong>sive</strong></span> <span class='ocrx_word' id='word_1_448' title='bbox 1775 3449 2033 3504; x_wconf 90' lang='lat' dir='ltr'><strong>illustrio-</strong></span> 
     </span>
    </p>
   </div>
   <div class='ocr_carea' id='block_1_68' title="bbox 448 3535 2031 3607">
    <p class='ocr_par' dir='ltr' id='par_1_68' title="bbox 448 3535 2031 3607">
     <span class='ocr_line' id='line_1_68' title="bbox 448 3535 2031 3607; baseline 0.01 -25"><span class='ocrx_word' id='word_1_449' title='bbox 448 3545 535 3584; x_wconf 85' lang='lat' dir='ltr'><strong>res</strong></span> <span class='ocrx_word' id='word_1_450' title='bbox 567 3535 854 3588; x_wconf 65' lang='lat' dir='ltr'><strong>sententias</strong></span> <span class='ocrx_word' id='word_1_451' title='bbox 885 3549 950 3589; x_wconf 81' lang='lat' dir='ltr'><strong>ex</strong></span> <span class='ocrx_word' id='word_1_452' title='bbox 996 3535 1166 3606; x_wconf 91' lang='lat' dir='ltr'><strong>ipsius</strong></span> <span class='ocrx_word' id='word_1_453' title='bbox 1198 3540 1457 3607; x_wconf 88' lang='lat' dir='ltr'><strong>operibus</strong></span> <span class='ocrx_word' id='word_1_454' title='bbox 1497 3541 1766 3597; x_wconf 53' lang='lat' dir='ltr'><strong>collectam</strong></span> <span class='ocrx_word' id='word_1_455' title='bbox 1809 3539 2031 3598; x_wconf 84' lang='lat' dir='ltr'><strong>Joannis</strong></span> 
     </span>
    </p>
   </div>
   <div class='ocr_carea' id='block_1_69' title="bbox 445 3615 2028 3692">
    <p class='ocr_par' dir='ltr' id='par_1_69' title="bbox 445 3615 2028 3692">
     <span class='ocr_line' id='line_1_69' title="bbox 445 3615 2028 3692; baseline 0.011 -17"><span class='ocrx_word' id='word_1_456' title='bbox 445 3615 690 3676; x_wconf 87' lang='lat' dir='ltr'><strong>Cassiani</strong></span> <span class='ocrx_word' id='word_1_457' title='bbox 723 3623 790 3680; x_wconf 89' lang='lat' dir='ltr'><strong>de</strong></span> <span class='ocrx_word' id='word_1_458' title='bbox 817 3624 1019 3682; x_wconf 88' lang='lat' dir='ltr'><strong>Christi</strong></span> <span class='ocrx_word' id='word_1_459' title='bbox 1056 3629 1436 3688; x_wconf 86' lang='lat' dir='ltr'><strong>Incarnatione</strong></span> <span class='ocrx_word' id='word_1_460' title='bbox 1466 3635 1561 3690; x_wconf 90' lang='lat' dir='ltr'><strong>lib.</strong></span> <span class='ocrx_word' id='word_1_461' title='bbox 1617 3631 1719 3691; x_wconf 76' lang='lat' dir='ltr'><strong>VII.</strong></span> <span class='ocrx_word' id='word_1_462' title='bbox 1757 3636 1915 3692; x_wconf 85' lang='lat' dir='ltr'><strong>Temo</strong></span> <span class='ocrx_word' id='word_1_463' title='bbox 1945 3639 2028 3692; x_wconf 85' lang='lat' dir='ltr'><strong>ul-</strong></span> 
     </span>
    </p>
   </div>
   <div class='ocr_carea' id='block_1_70' title="bbox 447 3714 2030 3792">
    <p class='ocr_par' dir='ltr' id='par_1_70' title="bbox 447 3714 2030 3792">
     <span class='ocr_line' id='line_1_70' title="bbox 447 3714 2030 3792; baseline 0.011 -26"><span class='ocrx_word' id='word_1_464' title='bbox 447 3719 586 3767; x_wconf 86' lang='lat' dir='ltr'><strong>tero:</strong></span> <span class='ocrx_word' id='word_1_465' title='bbox 609 3714 1353 3778; x_wconf 87' lang='lat' dir='ltr'><strong>Jo.CassianiCollationum</strong></span> <span class='ocrx_word' id='word_1_466' title='bbox 1387 3723 1488 3779; x_wconf 84' lang='lat' dir='ltr'><strong>PP.</strong></span> <span class='ocrx_word' id='word_1_467' title='bbox 1523 3723 1718 3792; x_wconf 76' lang='lat' dir='ltr'><strong>XXIV,</strong></span> <span class='ocrx_word' id='word_1_468' title='bbox 1752 3744 2030 3783; x_wconf 68' lang='lat' dir='ltr'><strong>commen-</strong></span> 
     </span>
    </p>
   </div>
   <div class='ocr_carea' id='block_1_71' title="bbox 444 3807 2026 3890">
    <p class='ocr_par' dir='ltr' id='par_1_71' title="bbox 444 3807 2026 3890">
     <span class='ocr_line' id='line_1_71' title="bbox 444 3807 2026 3890; baseline 0.013 -32"><span class='ocrx_word' id='word_1_469' title='bbox 444 3807 600 3861; x_wconf 89' lang='lat' dir='ltr'><strong>tariis</strong></span> <span class='ocrx_word' id='word_1_470' title='bbox 635 3818 690 3863; x_wconf 89' lang='lat' dir='ltr'><strong>et</strong></span> <span class='ocrx_word' id='word_1_471' title='bbox 733 3811 877 3866; x_wconf 89' lang='lat' dir='ltr'><strong>notis</strong></span> <span class='ocrx_word' id='word_1_472' title='bbox 909 3811 1214 3871; x_wconf 67' lang='lat' dir='ltr'><strong>illustratur.</strong></span> <span class='ocrx_word' id='word_1_473' title='bbox 1248 3815 1497 3890; x_wconf 48' lang='lat' dir='ltr'><strong>Dionysii</strong></span> <span class='ocrx_word' id='word_1_474' title='bbox 1544 3817 1886 3876; x_wconf 79' lang='lat' dir='ltr'><strong>Cartliusiani</strong></span> <span class='ocrx_word' id='word_1_475' title='bbox 1917 3825 2026 3878; x_wconf 88' lang='lat' dir='ltr'><strong>Do-</strong></span> 
     </span>
    </p>
   </div>
   <div class='ocr_carea' id='block_1_72' title="bbox 441 3900 2024 3970">
    <p class='ocr_par' dir='ltr' id='par_1_72' title="bbox 441 3900 2024 3970">
     <span class='ocr_line' id='line_1_72' title="bbox 441 3900 2024 3970; baseline 0.013 -20"><span class='ocrx_word' id='word_1_476' title='bbox 441 3900 622 3952; x_wconf 81' lang='lat' dir='ltr'><strong>ctrina</strong></span> <span class='ocrx_word' id='word_1_477' title='bbox 654 3900 932 3958; x_wconf 85' lang='lat' dir='ltr'><strong>Catholica</strong></span> <span class='ocrx_word' id='word_1_478' title='bbox 961 3903 1249 3960; x_wconf 86' lang='lat' dir='ltr'><strong>Collatinni</strong></span> <span class='ocrx_word' id='word_1_479' title='bbox 1294 3907 1412 3962; x_wconf 75' lang='lat' dir='ltr'>XIII</span> <span class='ocrx_word' id='word_1_480' title='bbox 1443 3909 1753 3965; x_wconf 75' lang='lat' dir='ltr'><strong>substituto.</strong></span> <span class='ocrx_word' id='word_1_481' title='bbox 1793 3911 1856 3967; x_wconf 90' lang='lat' dir='ltr'><strong>D.</strong></span> <span class='ocrx_word' id='word_1_482' title='bbox 1890 3913 2024 3970; x_wconf 84' lang='lat' dir='ltr'><strong>Pre-</strong></span> 
     </span>
    </p>
   </div>
   <div class='ocr_carea' id='block_1_73' title="bbox 441 3993 2028 4064">
    <p class='ocr_par' dir='ltr' id='par_1_73' title="bbox 441 3993 2028 4064">
     <span class='ocr_line' id='line_1_73' title="bbox 441 3993 2028 4064; baseline 0.011 -19"><span class='ocrx_word' id='word_1_483' title='bbox 441 3993 590 4060; x_wconf 86' lang='lat' dir='ltr'><strong>speri</strong></span> <span class='ocrx_word' id='word_1_484' title='bbox 656 3994 962 4064; x_wconf 85' lang='lat' dir='ltr'><strong>Aquitanici</strong></span> <span class='ocrx_word' id='word_1_485' title='bbox 1026 3995 1162 4052; x_wconf 90' lang='lat' dir='ltr'><strong>liber</strong></span> <span class='ocrx_word' id='word_1_486' title='bbox 1220 3998 1288 4054; x_wconf 90' lang='lat' dir='ltr'><strong>de</strong></span> <span class='ocrx_word' id='word_1_487' title='bbox 1341 3999 1524 4055; x_wconf 81' lang='lat' dir='ltr'><strong>Gratia</strong></span> <span class='ocrx_word' id='word_1_488' title='bbox 1584 4002 1681 4057; x_wconf 88' lang='lat' dir='ltr'><strong>Dei</strong></span> <span class='ocrx_word' id='word_1_489' title='bbox 1741 4013 1796 4058; x_wconf 88' lang='lat' dir='ltr'><strong>ct</strong></span> <span class='ocrx_word' id='word_1_490' title='bbox 1857 4003 2028 4062; x_wconf 53' lang='lat' dir='ltr'><strong>libero</strong></span> 
     </span>
    </p>
   </div>
   <div class='ocr_carea' id='block_1_74' title="bbox 440 4083 2022 4170">
    <p class='ocr_par' dir='ltr' id='par_1_74' title="bbox 440 4083 2022 4170">
     <span class='ocr_line' id='line_1_74' title="bbox 440 4083 2022 4170; baseline 0.009 -32"><span class='ocrx_word' id='word_1_491' title='bbox 440 4083 688 4140; x_wconf 80' lang='lat' dir='ltr'><strong>Arbitrio</strong></span> <span class='ocrx_word' id='word_1_492' title='bbox 714 4095 902 4142; x_wconf 88' lang='lat' dir='ltr'><strong>contra</strong></span> <span class='ocrx_word' id='word_1_493' title='bbox 933 4088 1284 4145; x_wconf 83' lang='lat' dir='ltr'><strong>Collatorcm.</strong></span> <span class='ocrx_word' id='word_1_494' title='bbox 1335 4091 1396 4146; x_wconf 82' lang='lat' dir='ltr'><strong>R.</strong></span> <span class='ocrx_word' id='word_1_495' title='bbox 1430 4091 1492 4147; x_wconf 90' lang='lat' dir='ltr'><strong>D.</strong></span> <span class='ocrx_word' id='word_1_496' title='bbox 1527 4091 1743 4150; x_wconf 80' lang='lat' dir='ltr'><strong>ilenrici</strong></span> <span class='ocrx_word' id='word_1_497' title='bbox 1777 4097 2022 4170; x_wconf 80' lang='lat' dir='ltr'><strong>(Iuychii,</strong></span> 
     </span>
    </p>
   </div>
   <div class='ocr_carea' id='block_1_75' title="bbox 443 4177 2026 4248">
    <p class='ocr_par' dir='ltr' id='par_1_75' title="bbox 443 4177 2026 4248">
     <span class='ocr_line' id='line_1_75' title="bbox 443 4177 2026 4248; baseline 0.011 -20"><span class='ocrx_word' id='word_1_498' title='bbox 443 4177 687 4246; x_wconf 88' lang='lat' dir='ltr'><strong>episcopi</strong></span> <span class='ocrx_word' id='word_1_499' title='bbox 735 4178 1228 4248; x_wconf 85' lang='lat' dir='ltr'><strong>Ruremondensis,</strong></span> <span class='ocrx_word' id='word_1_500' title='bbox 1281 4185 1665 4243; x_wconf 54' lang='lat' dir='ltr'><strong>annotatin-nes</strong></span> <span class='ocrx_word' id='word_1_501' title='bbox 1723 4189 1838 4244; x_wconf 85' lang='lat' dir='ltr'><strong>sive</strong></span> <span class='ocrx_word' id='word_1_502' title='bbox 1890 4201 2026 4245; x_wconf 77' lang='lat' dir='ltr'><strong>uota:</strong></span> 
     </span>
    </p>
   </div>
   <div class='ocr_carea' id='block_1_76' title="bbox 443 4268 2024 4336">
    <p class='ocr_par' dir='ltr' id='par_1_76' title="bbox 443 4268 2024 4336">
     <span class='ocr_line' id='line_1_76' title="bbox 443 4268 2024 4336; baseline 0.01 -16"><span class='ocrx_word' id='word_1_503' title='bbox 443 4269 692 4322; x_wconf 77' lang='lat' dir='ltr'><strong>censoria:</strong></span> <span class='ocrx_word' id='word_1_504' title='bbox 715 4268 778 4321; x_wconf 87' lang='lat' dir='ltr'><strong>ad</strong></span> <span class='ocrx_word' id='word_1_505' title='bbox 805 4271 890 4326; x_wconf 88' lang='lat' dir='ltr'><strong>J0.</strong></span> <span class='ocrx_word' id='word_1_506' title='bbox 913 4270 1158 4326; x_wconf 72' lang='lat' dir='ltr'><strong>Cassiani</strong></span> <span class='ocrx_word' id='word_1_507' title='bbox 1184 4273 1372 4329; x_wconf 85' lang='lat' dir='ltr'><strong>libros.</strong></span> <span class='ocrx_word' id='word_1_508' title='bbox 1403 4276 1615 4331; x_wconf 86' lang='lat' dir='ltr'><strong>Statuta</strong></span> <span class='ocrx_word' id='word_1_509' title='bbox 1640 4279 1865 4334; x_wconf 88' lang='lat' dir='ltr'><strong>duarum</strong></span> <span class='ocrx_word' id='word_1_510' title='bbox 1897 4298 2024 4336; x_wconf 84' lang='lat' dir='ltr'><strong>con-</strong></span> 
     </span>
    </p>
   </div>
   <div class='ocr_carea' id='block_1_77' title="bbox 441 4361 2018 4436">
    <p class='ocr_par' dir='ltr' id='par_1_77' title="bbox 441 4361 2018 4436">
     <span class='ocr_line' id='line_1_77' title="bbox 441 4361 2018 4436; baseline 0.013 -27"><span class='ocrx_word' id='word_1_511' title='bbox 441 4363 813 4427; x_wconf 82' lang='lat' dir='ltr'><strong>gregationutn</strong></span> <span class='ocrx_word' id='word_1_512' title='bbox 864 4361 982 4416; x_wconf 88' lang='lat' dir='ltr'><strong>sive</strong></span> <span class='ocrx_word' id='word_1_513' title='bbox 1017 4362 1390 4431; x_wconf 87' lang='lat' dir='ltr'><strong>Capitulorttm</strong></span> <span class='ocrx_word' id='word_1_514' title='bbox 1439 4369 1774 4436; x_wconf 80' lang='lat' dir='ltr'><strong>generalium</strong></span> <span class='ocrx_word' id='word_1_515' title='bbox 1807 4373 1920 4426; x_wconf 89' lang='lat' dir='ltr'><strong>0rd.</strong></span> <span class='ocrx_word' id='word_1_516' title='bbox 1956 4371 2018 4429; x_wconf 88' lang='lat' dir='ltr'><strong>D.</strong></span> 
     </span>
    </p>
   </div>
   <div class='ocr_carea' id='block_1_78' title="bbox 441 4447 2021 4528">
    <p class='ocr_par' dir='ltr' id='par_1_78' title="bbox 441 4447 2021 4528">
     <span class='ocr_line' id='line_1_78' title="bbox 441 4447 2021 4528; baseline 0.009 -23"><span class='ocrx_word' id='word_1_517' title='bbox 441 4447 740 4505; x_wconf 83' lang='lat' dir='ltr'><strong>Benedicti.</strong></span> <span class='ocrx_word' id='word_1_518' title='bbox 767 4449 913 4506; x_wconf 83' lang='lat' dir='ltr'><strong>Petri</strong></span> <span class='ocrx_word' id='word_1_519' title='bbox 933 4453 1204 4509; x_wconf 87' lang='lat' dir='ltr'><strong>Ciacconii</strong></span> <span class='ocrx_word' id='word_1_520' title='bbox 1223 4457 1526 4528; x_wconf 52' lang='lat' dir='ltr'><strong>presbyteri</strong></span> <span class='ocrx_word' id='word_1_521' title='bbox 1557 4460 1802 4517; x_wconf 86' lang='lat' dir='ltr'><strong>Toletani</strong></span> <span class='ocrx_word' id='word_1_522' title='bbox 1828 4463 2021 4519; x_wconf 84' lang='lat' dir='ltr'><strong>obser-</strong></span> 
     </span>
    </p>
   </div>
   <div class='ocr_carea' id='block_1_79' title="bbox 440 4543 2020 4626">
    <p class='ocr_par' dir='ltr' id='par_1_79' title="bbox 440 4543 2020 4626">
     <span class='ocr_line' id='line_1_79' title="bbox 440 4543 2020 4626; baseline 0.01 -28"><span class='ocrx_word' id='word_1_523' title='bbox 440 4543 687 4599; x_wconf 69' lang='lat' dir='ltr'><strong>a&#39;aliones</strong></span> <span class='ocrx_word' id='word_1_524' title='bbox 712 4551 761 4599; x_wconf 89' lang='lat' dir='ltr'><strong>itt</strong></span> <span class='ocrx_word' id='word_1_525' title='bbox 789 4545 1227 4604; x_wconf 78' lang='lat' dir='ltr'><strong>Jo.Cassianum.</strong></span> <span class='ocrx_word' id='word_1_526' title='bbox 1265 4552 1477 4608; x_wconf 78' lang='lat' dir='ltr'><strong>Indices</strong></span> <span class='ocrx_word' id='word_1_527' title='bbox 1503 4566 1758 4622; x_wconf 87' lang='lat' dir='ltr'><strong>quatuor,</strong></span> <span class='ocrx_word' id='word_1_528' title='bbox 1790 4573 2020 4626; x_wconf 83' lang='lat' dir='ltr'><strong>quorum</strong></span> 
     </span>
    </p>
   </div>
   <div class='ocr_carea' id='block_1_80' title="bbox 442 4639 2024 4716">
    <p class='ocr_par' dir='ltr' id='par_1_80' title="bbox 442 4639 2024 4716">
     <span class='ocr_line' id='line_1_80' title="bbox 442 4639 2024 4716; baseline 0.013 -30"><span class='ocrx_word' id='word_1_529' title='bbox 442 4653 640 4704; x_wconf 82' lang='lat' dir='ltr'><strong>primus</strong></span> <span class='ocrx_word' id='word_1_530' title='bbox 671 4649 752 4693; x_wconf 68' lang='lat' dir='ltr'><strong>est</strong></span> <span class='ocrx_word' id='word_1_531' title='bbox 784 4639 1029 4695; x_wconf 88' lang='lat' dir='ltr'><strong>locorum</strong></span> <span class='ocrx_word' id='word_1_532' title='bbox 1061 4657 1229 4698; x_wconf 71' lang='lat' dir='ltr'><strong>sacra:</strong></span> <span class='ocrx_word' id='word_1_533' title='bbox 1253 4645 1548 4716; x_wconf 71' lang='lat' dir='ltr'><strong>Scriptura:</strong></span> <span class='ocrx_word' id='word_1_534' title='bbox 1580 4651 1875 4706; x_wconf 86' lang='lat' dir='ltr'><strong>secundum</strong></span> <span class='ocrx_word' id='word_1_535' title='bbox 1904 4651 2024 4706; x_wconf 84' lang='lat' dir='ltr'><strong>vul-</strong></span> 
     </span>
    </p>
   </div>
   <div class='ocr_carea' id='block_1_81' title="bbox 440 4727 2016 4809">
    <p class='ocr_par' dir='ltr' id='par_1_81' title="bbox 440 4727 2016 4809">
     <span class='ocr_line' id='line_1_81' title="bbox 440 4727 2016 4809; baseline 0.013 -31"><span class='ocrx_word' id='word_1_536' title='bbox 440 4737 620 4796; x_wconf 79' lang='lat' dir='ltr'><strong>gatam</strong></span> <span class='ocrx_word' id='word_1_537' title='bbox 646 4727 940 4784; x_wconf 83' lang='lat' dir='ltr'><strong>editionem</strong></span> <span class='ocrx_word' id='word_1_538' title='bbox 963 4735 1165 4801; x_wconf 81' lang='lat' dir='ltr'><strong>passim</strong></span> <span class='ocrx_word' id='word_1_539' title='bbox 1194 4735 1247 4788; x_wconf 87' lang='lat' dir='ltr'><strong>in</strong></span> <span class='ocrx_word' id='word_1_540' title='bbox 1275 4735 1378 4790; x_wconf 87' lang='lat' dir='ltr'><strong>hoc</strong></span> <span class='ocrx_word' id='word_1_541' title='bbox 1403 4754 1569 4806; x_wconf 85' lang='lat' dir='ltr'><strong>Opere</strong></span> <span class='ocrx_word' id='word_1_542' title='bbox 1597 4741 2016 4809; x_wconf 67' lang='lat' dir='ltr'><strong>exiilicatorum;</strong></span> 
     </span>
    </p>
   </div>
   <div class='ocr_carea' id='block_1_82' title="bbox 439 4819 2018 4891">
    <p class='ocr_par' dir='ltr' id='par_1_82' title="bbox 439 4819 2018 4891">
     <span class='ocr_line' id='line_1_82' title="bbox 439 4819 2018 4891; baseline 0.011 -19"><span class='ocrx_word' id='word_1_543' title='bbox 439 4819 716 4886; x_wconf 81' lang='lat' dir='ltr'><strong>secundus,</strong></span> <span class='ocrx_word' id='word_1_544' title='bbox 740 4823 1095 4891; x_wconf 74' lang='lat' dir='ltr'><strong>quorumdam</strong></span> <span class='ocrx_word' id='word_1_545' title='bbox 1121 4827 1363 4883; x_wconf 85' lang='lat' dir='ltr'><strong>locorum</strong></span> <span class='ocrx_word' id='word_1_546' title='bbox 1393 4832 1689 4886; x_wconf 83' lang='lat' dir='ltr'><strong>secundum</strong></span> <span class='ocrx_word' id='word_1_547' title='bbox 1713 4835 2018 4889; x_wconf 87' lang='lat' dir='ltr'><strong>versionem</strong></span> 
     </span>
    </p>
   </div>
   <div class='ocr_carea' id='block_1_83' title="bbox 439 4909 2022 4995">
    <p class='ocr_par' dir='ltr' id='par_1_83' title="bbox 439 4909 2022 4995">
     <span class='ocr_line' id='line_1_83' title="bbox 439 4909 2022 4995; baseline 0.01 -31"><span class='ocrx_word' id='word_1_548' title='bbox 439 4909 584 4965; x_wconf 77' lang='lat' dir='ltr'><strong>LXX</strong></span> <span class='ocrx_word' id='word_1_549' title='bbox 613 4913 967 4984; x_wconf 87' lang='lat' dir='ltr'><strong>lnterpretum</strong></span> <span class='ocrx_word' id='word_1_550' title='bbox 991 4929 1005 4982; x_wconf 90' lang='lat'>;</span> <span class='ocrx_word' id='word_1_551' title='bbox 1030 4920 1233 4985; x_wconf 81' lang='lat' dir='ltr'><strong>tertius,</strong></span> <span class='ocrx_word' id='word_1_552' title='bbox 1261 4937 1441 4976; x_wconf 87' lang='lat' dir='ltr'><strong>rerum</strong></span> <span class='ocrx_word' id='word_1_553' title='bbox 1466 4932 1518 4977; x_wconf 89' lang='lat' dir='ltr'><strong>et</strong></span> <span class='ocrx_word' id='word_1_554' title='bbox 1549 4939 1739 4979; x_wconf 81' lang='lat' dir='ltr'><strong>vocum</strong></span> <span class='ocrx_word' id='word_1_555' title='bbox 1769 4942 2022 4995; x_wconf 76' lang='lat' dir='ltr'><strong>quarunt-</strong></span> 
     </span>
    </p>
   </div>
   <div class='ocr_carea' id='block_1_84' title="bbox 439 5003 2018 5088">
    <p class='ocr_par' dir='ltr' id='par_1_84' title="bbox 439 5003 2018 5088">
     <span class='ocr_line' id='line_1_84' title="bbox 439 5003 2018 5088; baseline 0.01 -30"><span class='ocrx_word' id='word_1_556' title='bbox 439 5003 564 5059; x_wconf 89' lang='lat' dir='ltr'><strong>dam</strong></span> <span class='ocrx_word' id='word_1_557' title='bbox 609 5006 660 5060; x_wconf 93' lang='lat' dir='ltr'><strong>in</strong></span> <span class='ocrx_word' id='word_1_558' title='bbox 717 5016 864 5062; x_wconf 82' lang='lat' dir='ltr'><strong>textu</strong></span> <span class='ocrx_word' id='word_1_559' title='bbox 894 5008 1141 5065; x_wconf 87' lang='lat' dir='ltr'><strong>Cassiani</strong></span> <span class='ocrx_word' id='word_1_560' title='bbox 1170 5016 1612 5079; x_wconf 83' lang='lat' dir='ltr'><strong>occurrentium;</strong></span> <span class='ocrx_word' id='word_1_561' title='bbox 1672 5028 1906 5088; x_wconf 83' lang='lat' dir='ltr'><strong>quartus,</strong></span> <span class='ocrx_word' id='word_1_562' title='bbox 1967 5021 2018 5074; x_wconf 88' lang='lat' dir='ltr'><strong>in</strong></span> 
     </span>
    </p>
   </div>
   <div class='ocr_carea' id='block_1_85' title="bbox 351 5101 2018 5178">
    <p class='ocr_par' dir='ltr' id='par_1_85' title="bbox 351 5101 2018 5178">
     <span class='ocr_line' id='line_1_85' title="bbox 351 5101 2018 5178; baseline 0.011 -29"><span class='ocrx_word' id='word_1_563' title='bbox 351 5135 358 5164; x_wconf 43' lang='grc' dir='ltr'><strong><em>ί</em></strong></span> <span class='ocrx_word' id='word_1_564' title='bbox 439 5101 832 5154; x_wconf 81' lang='lat' dir='ltr'><strong>commentaria</strong></span> <span class='ocrx_word' id='word_1_565' title='bbox 863 5110 917 5156; x_wconf 87' lang='lat' dir='ltr'><strong>et</strong></span> <span class='ocrx_word' id='word_1_566' title='bbox 944 5105 1269 5160; x_wconf 87' lang='lat' dir='ltr'><strong>natationes.</strong></span> <span class='ocrx_word' id='word_1_567' title='bbox 1331 5105 1630 5178; x_wconf 75' lang='lat' dir='ltr'><strong>Przcligilur</strong></span> <span class='ocrx_word' id='word_1_568' title='bbox 1660 5119 1714 5165; x_wconf 85' lang='lat' dir='ltr'><strong>et</strong></span> <span class='ocrx_word' id='word_1_569' title='bbox 1754 5120 1900 5168; x_wconf 90' lang='lat' dir='ltr'><strong>tomo</strong></span> <span class='ocrx_word' id='word_1_570' title='bbox 1930 5127 2018 5167; x_wconf 86' lang='lat' dir='ltr'><strong>se-</strong></span> 
     </span>
    </p>
   </div>
   <div class='ocr_carea' id='block_1_86' title="bbox 440 5191 2016 5272">
    <p class='ocr_par' dir='ltr' id='par_1_86' title="bbox 440 5191 2016 5272">
     <span class='ocr_line' id='line_1_86' title="bbox 440 5191 2016 5272; baseline 0.01 -27"><span class='ocrx_word' id='word_1_571' title='bbox 440 5191 618 5245; x_wconf 78' lang='lat' dir='ltr'><strong>cundo</strong></span> <span class='ocrx_word' id='word_1_572' title='bbox 656 5191 720 5246; x_wconf 90' lang='lat' dir='ltr'><strong>D.</strong></span> <span class='ocrx_word' id='word_1_573' title='bbox 771 5193 1020 5259; x_wconf 83' lang='lat' dir='ltr'><strong>Anselmi,</strong></span> <span class='ocrx_word' id='word_1_574' title='bbox 1053 5194 1430 5254; x_wconf 86' lang='lat' dir='ltr'><strong>Cantuaricns.</strong></span> <span class='ocrx_word' id='word_1_575' title='bbox 1480 5202 1748 5272; x_wconf 85' lang='lat' dir='ltr'><strong>archiep.,</strong></span> <span class='ocrx_word' id='word_1_576' title='bbox 1785 5205 2016 5260; x_wconf 84' lang='lat' dir='ltr'><strong>Carmen</strong></span> 
     </span>
    </p>
   </div>
   <div class='ocr_carea' id='block_1_87' title="bbox 437 5283 2018 5353">
    <p class='ocr_par' dir='ltr' id='par_1_87' title="bbox 437 5283 2018 5353">
     <span class='ocr_line' id='line_1_87' title="bbox 437 5283 2018 5353; baseline 0.011 -18"><span class='ocrx_word' id='word_1_577' title='bbox 437 5283 676 5338; x_wconf 86' lang='lat' dir='ltr'><strong>divinum</strong></span> <span class='ocrx_word' id='word_1_578' title='bbox 708 5285 775 5339; x_wconf 89' lang='lat' dir='ltr'><strong>de</strong></span> <span class='ocrx_word' id='word_1_579' title='bbox 806 5287 913 5342; x_wconf 83' lang='lat' dir='ltr'><strong>vita</strong></span> <span class='ocrx_word' id='word_1_580' title='bbox 953 5290 1339 5346; x_wconf 87' lang='lat' dir='ltr'><strong>monachorum</strong></span> <span class='ocrx_word' id='word_1_581' title='bbox 1370 5301 1424 5346; x_wconf 91' lang='lat' dir='ltr'><strong>et</strong></span> <span class='ocrx_word' id='word_1_582' title='bbox 1470 5293 1612 5349; x_wconf 87' lang='lat' dir='ltr'><strong>Laus</strong></span> <span class='ocrx_word' id='word_1_583' title='bbox 1659 5297 1784 5352; x_wconf 75' lang='lat' dir='ltr'><strong>vita:</strong></span> <span class='ocrx_word' id='word_1_584' title='bbox 1831 5313 2018 5353; x_wconf 82' lang='lat' dir='ltr'><strong>mona-</strong></span> 
     </span>
    </p>
   </div>
   <div class='ocr_carea' id='block_1_88' title="bbox 435 5377 2020 5458">
    <p class='ocr_par' dir='ltr' id='par_1_88' title="bbox 435 5377 2020 5458">
     <span class='ocr_line' id='line_1_88' title="bbox 435 5377 2020 5458; baseline 0.011 -28"><span class='ocrx_word' id='word_1_585' title='bbox 435 5377 590 5430; x_wconf 72' lang='lat' dir='ltr'><strong>sticzn</strong></span> <span class='ocrx_word' id='word_1_586' title='bbox 623 5377 830 5432; x_wconf 88' lang='lat' dir='ltr'><strong>incerto</strong></span> <span class='ocrx_word' id='word_1_587' title='bbox 851 5388 1090 5436; x_wconf 86' lang='lat' dir='ltr'><strong>auctore.</strong></span> <span class='ocrx_word' id='word_1_588' title='bbox 1124 5382 1412 5451; x_wconf 62' lang='lat' dir='ltr'><strong>Praeterea,</strong></span> <span class='ocrx_word' id='word_1_589' title='bbox 1445 5387 1572 5456; x_wconf 88' lang='lat' dir='ltr'><strong>quid</strong></span> <span class='ocrx_word' id='word_1_590' title='bbox 1604 5387 1655 5441; x_wconf 91' lang='lat' dir='ltr'><strong>in</strong></span> <span class='ocrx_word' id='word_1_591' title='bbox 1683 5387 1784 5443; x_wconf 88' lang='lat' dir='ltr'><strong>hac</strong></span> <span class='ocrx_word' id='word_1_592' title='bbox 1815 5398 2020 5458; x_wconf 88' lang='lat' dir='ltr'><strong>postre-</strong></span> 
     </span>
    </p>
   </div>
   <div class='ocr_carea' id='block_1_89' title="bbox 435 5467 2016 5550">
    <p class='ocr_par' dir='ltr' id='par_1_89' title="bbox 435 5467 2016 5550">
     <span class='ocr_line' id='line_1_89' title="bbox 435 5467 2016 5550; baseline 0.012 -32"><span class='ocrx_word' id='word_1_593' title='bbox 435 5482 521 5520; x_wconf 87' lang='lat' dir='ltr'><strong>ma</strong></span> <span class='ocrx_word' id='word_1_594' title='bbox 574 5467 814 5525; x_wconf 85' lang='lat' dir='ltr'><strong>editione</strong></span> <span class='ocrx_word' id='word_1_595' title='bbox 853 5473 1208 5530; x_wconf 86' lang='lat' dir='ltr'><strong>allaboratum</strong></span> <span class='ocrx_word' id='word_1_596' title='bbox 1265 5485 1355 5530; x_wconf 90' lang='lat' dir='ltr'><strong>aut</strong></span> <span class='ocrx_word' id='word_1_597' title='bbox 1396 5489 1643 5533; x_wconf 86' lang='lat' dir='ltr'><strong>curatum</strong></span> <span class='ocrx_word' id='word_1_598' title='bbox 1687 5477 1848 5536; x_wconf 80' lang='lat' dir='ltr'><strong>fuerit</strong></span> <span class='ocrx_word' id='word_1_599' title='bbox 1876 5485 2016 5550; x_wconf 83' lang='lat' dir='ltr'><strong>quod</strong></span> 
     </span>
    </p>
   </div>
   <div class='ocr_carea' id='block_1_90' title="bbox 441 5559 2017 5645">
    <p class='ocr_par' dir='ltr' id='par_1_90' title="bbox 441 5559 2017 5645">
     <span class='ocr_line' id='line_1_90' title="bbox 441 5559 2017 5645; baseline 0.013 -31"><span class='ocrx_word' id='word_1_600' title='bbox 441 5559 654 5628; x_wconf 60' lang='lat' dir='ltr'><strong>quidem</strong></span> <span class='ocrx_word' id='word_1_601' title='bbox 687 5562 750 5615; x_wconf 87' lang='lat' dir='ltr'><strong>ad</strong></span> <span class='ocrx_word' id='word_1_602' title='bbox 779 5579 875 5617; x_wconf 77' lang='lat' dir='ltr'><strong>sex</strong></span> <span class='ocrx_word' id='word_1_603' title='bbox 902 5577 1172 5622; x_wconf 83' lang='lat' dir='ltr'><strong>momenta</strong></span> <span class='ocrx_word' id='word_1_604' title='bbox 1198 5569 1364 5626; x_wconf 85' lang='lat' dir='ltr'><strong>reiert</strong></span> <span class='ocrx_word' id='word_1_605' title='bbox 1407 5573 1604 5642; x_wconf 87' lang='lat' dir='ltr'><strong>editor,</strong></span> <span class='ocrx_word' id='word_1_606' title='bbox 1635 5576 1806 5645; x_wconf 88' lang='lat' dir='ltr'><strong>ipsius</strong></span> <span class='ocrx_word' id='word_1_607' title='bbox 1834 5577 2017 5634; x_wconf 82' lang='lat' dir='ltr'><strong>verbis</strong></span> 
     </span>
    </p>
   </div>
   <div class='ocr_carea' id='block_1_91' title="bbox 433 5655 1172 5721">
    <p class='ocr_par' dir='ltr' id='par_1_91' title="bbox 433 5655 1172 5721">
     <span class='ocr_line' id='line_1_91' title="bbox 433 5655 1172 5721; baseline 0.018 -17"><span class='ocrx_word' id='word_1_608' title='bbox 433 5655 874 5721; x_wconf 74' lang='lat' dir='ltr'><strong>cognoscendum</strong></span> <span class='ocrx_word' id='word_1_609' title='bbox 905 5659 1172 5716; x_wconf 84' lang='lat' dir='ltr'><strong>dabimus.</strong></span> 
     </span>
    </p>
   </div>
   <div class='ocr_carea' id='block_1_92' title="bbox 405 5749 2004 5839">
    <p class='ocr_par' dir='ltr' id='par_1_92' title="bbox 405 5749 2004 5839">
     <span class='ocr_line' id='line_1_92' title="bbox 405 5749 2004 5839; baseline 0.013 -38"><span class='ocrx_word' id='word_1_610' title='bbox 405 5765 412 5777; x_wconf 67' lang='grc' dir='ltr'><strong><em>θ</em></strong></span> <span class='ocrx_word' id='word_1_611' title='bbox 505 5749 549 5806; x_wconf 90' lang='lat' dir='ltr'><strong>I.</strong></span> <span class='ocrx_word' id='word_1_612' title='bbox 589 5751 822 5808; x_wconf 83' lang='lat' dir='ltr'><strong>Primum</strong></span> <span class='ocrx_word' id='word_1_613' title='bbox 849 5756 1058 5826; x_wconf 83' lang='lat' dir='ltr'><strong>quidem</strong></span> <span class='ocrx_word' id='word_1_614' title='bbox 1096 5757 1160 5816; x_wconf 84' lang='lat' dir='ltr'><strong>de</strong></span> <span class='ocrx_word' id='word_1_615' title='bbox 1204 5767 1348 5816; x_wconf 76' lang='lat' dir='ltr'><strong>textu</strong></span> <span class='ocrx_word' id='word_1_616' title='bbox 1381 5763 1614 5822; x_wconf 83' lang='lat' dir='ltr'><strong>Auctoris</strong></span> <span class='ocrx_word' id='word_1_617' title='bbox 1655 5768 2004 5839; x_wconf 83' lang='lat' dir='ltr'><strong>repurgando,</strong></span> 
     </span>
    </p>
   </div>
   <div class='ocr_carea' id='block_1_93' title="bbox 2137 3255 3728 3332">
    <p class='ocr_par' dir='ltr' id='par_1_93' title="bbox 2137 3255 3728 3332">
     <span class='ocr_line' id='line_1_93' title="bbox 2137 3255 3728 3332; baseline -0.004 -18"><span class='ocrx_word' id='word_1_618' title='bbox 2137 3260 2334 3330; x_wconf 83' lang='lat' dir='ltr'><strong>ptanda</strong></span> <span class='ocrx_word' id='word_1_619' title='bbox 2377 3261 2621 3332; x_wconf 66' lang='lat' dir='ltr'><strong>proposui</strong></span> <span class='ocrx_word' id='word_1_620' title='bbox 2651 3275 2670 3314; x_wconf 90' lang='lat'><strong><em>:</em></strong></span> <span class='ocrx_word' id='word_1_621' title='bbox 2713 3259 2796 3314; x_wconf 76' lang='lat' dir='ltr'><strong>Ea:</strong></span> <span class='ocrx_word' id='word_1_622' title='bbox 2839 3261 3024 3329; x_wconf 84' lang='lat' dir='ltr'><strong>quibus</strong></span> <span class='ocrx_word' id='word_1_623' title='bbox 3061 3259 3273 3322; x_wconf 85' lang='lat' dir='ltr'><strong>itidem,</strong></span> <span class='ocrx_word' id='word_1_624' title='bbox 3309 3269 3564 3325; x_wconf 85' lang='lat' dir='ltr'><strong>tamquam</strong></span> <span class='ocrx_word' id='word_1_625' title='bbox 3603 3255 3728 3309; x_wconf 87' lang='lat' dir='ltr'><strong>locis</strong></span> 
     </span>
    </p>
   </div>
   <div class='ocr_carea' id='block_1_94' title="bbox 2135 3347 3724 3421">
    <p class='ocr_par' dir='ltr' id='par_1_94' title="bbox 2135 3347 3724 3421">
     <span class='ocr_line' id='line_1_94' title="bbox 2135 3347 3724 3421; baseline -0.004 -15"><span class='ocrx_word' id='word_1_626' title='bbox 2135 3353 2483 3406; x_wconf 86' lang='lat' dir='ltr'><strong>communibus</strong></span> <span class='ocrx_word' id='word_1_627' title='bbox 2501 3394 2515 3418; x_wconf 96' lang='lat'><strong>,</strong></span> <span class='ocrx_word' id='word_1_628' title='bbox 2549 3353 2911 3421; x_wconf 86' lang='lat' dir='ltr'><strong>antiquitatum</strong></span> <span class='ocrx_word' id='word_1_629' title='bbox 2936 3351 3334 3405; x_wconf 75' lang='lat' dir='ltr'><strong>mortasticarum</strong></span> <span class='ocrx_word' id='word_1_630' title='bbox 3362 3347 3622 3401; x_wconf 83' lang='lat' dir='ltr'><strong>studiosus</strong></span> <span class='ocrx_word' id='word_1_631' title='bbox 3641 3347 3724 3399; x_wconf 82' lang='lat' dir='ltr'><strong>in-</strong></span> 
     </span>
    </p>
   </div>
   <div class='ocr_carea' id='block_1_95' title="bbox 2135 3421 3729 3515">
    <p class='ocr_par' dir='ltr' id='par_1_95' title="bbox 2135 3421 3729 3515">
     <span class='ocr_line' id='line_1_95' title="bbox 2135 3421 3729 3515; baseline -0.003 -17"><span class='ocrx_word' id='word_1_632' title='bbox 2135 3445 2353 3515; x_wconf 79' lang='lat' dir='ltr'><strong>telligat,</strong></span> <span class='ocrx_word' id='word_1_633' title='bbox 2383 3446 2563 3513; x_wconf 88' lang='lat' dir='ltr'><strong>quibus</strong></span> <span class='ocrx_word' id='word_1_634' title='bbox 2591 3447 2885 3500; x_wconf 84' lang='lat' dir='ltr'><strong>auctoribus</strong></span> <span class='ocrx_word' id='word_1_635' title='bbox 2915 3455 2962 3499; x_wconf 86' lang='lat' dir='ltr'><strong>et</strong></span> <span class='ocrx_word' id='word_1_636' title='bbox 2987 3444 3390 3498; x_wconf 84' lang='lat' dir='ltr'><strong>observatoribus</strong></span> <span class='ocrx_word' id='word_1_637' title='bbox 3421 3421 3729 3507; x_wconf 67' lang='lat' dir='ltr'><strong>liuiusmatli</strong></span> 
     </span>
    </p>
   </div>
   <div class='ocr_carea' id='block_1_96' title="bbox 2132 3539 3721 3608">
    <p class='ocr_par' dir='ltr' id='par_1_96' title="bbox 2132 3539 3721 3608">
     <span class='ocr_line' id='line_1_96' title="bbox 2132 3539 3721 3608; baseline -0.004 -15"><span class='ocrx_word' id='word_1_638' title='bbox 2132 3541 2264 3593; x_wconf 88' lang='lat' dir='ltr'><strong>ritus</strong></span> <span class='ocrx_word' id='word_1_639' title='bbox 2290 3549 2337 3594; x_wconf 88' lang='lat' dir='ltr'><strong>et</strong></span> <span class='ocrx_word' id='word_1_640' title='bbox 2359 3541 2688 3593; x_wconf 76' lang='lat' dir='ltr'><strong>observantia:</strong></span> <span class='ocrx_word' id='word_1_641' title='bbox 2717 3541 3010 3594; x_wconf 72' lang='lat' dir='ltr'><strong>manastica:</strong></span> <span class='ocrx_word' id='word_1_642' title='bbox 3037 3581 3050 3604; x_wconf 90' lang='lat'><strong>,</strong></span> <span class='ocrx_word' id='word_1_643' title='bbox 3074 3539 3254 3608; x_wconf 88' lang='lat' dir='ltr'><strong>quibus</strong></span> <span class='ocrx_word' id='word_1_644' title='bbox 3282 3553 3469 3608; x_wconf 75' lang='lat' dir='ltr'><strong>magna</strong></span> <span class='ocrx_word' id='word_1_645' title='bbox 3493 3550 3612 3608; x_wconf 86' lang='lat' dir='ltr'><strong>pars</strong></span> <span class='ocrx_word' id='word_1_646' title='bbox 3639 3549 3721 3587; x_wconf 83' lang='lat' dir='ltr'><strong>re-</strong></span> 
     </span>
    </p>
   </div>
   <div class='ocr_carea' id='block_1_97' title="bbox 2131 3626 3722 3704">
    <p class='ocr_par' dir='ltr' id='par_1_97' title="bbox 2131 3626 3722 3704">
     <span class='ocr_line' id='line_1_97' title="bbox 2131 3626 3722 3704; baseline -0.003 -19"><span class='ocrx_word' id='word_1_647' title='bbox 2131 3632 2326 3704; x_wconf 87' lang='lat' dir='ltr'><strong>gularis</strong></span> <span class='ocrx_word' id='word_1_648' title='bbox 2359 3631 2646 3703; x_wconf 68' lang='lat' dir='ltr'><strong>disciplinae</strong></span> <span class='ocrx_word' id='word_1_649' title='bbox 2679 3633 2985 3695; x_wconf 64' lang='lat' dir='ltr'><strong>continetur,</strong></span> <span class='ocrx_word' id='word_1_650' title='bbox 3020 3635 3164 3700; x_wconf 85' lang='lat' dir='ltr'><strong>quasi</strong></span> <span class='ocrx_word' id='word_1_651' title='bbox 3187 3646 3278 3700; x_wconf 88' lang='lat' dir='ltr'><strong>per</strong></span> <span class='ocrx_word' id='word_1_652' title='bbox 3301 3643 3486 3682; x_wconf 88' lang='lat' dir='ltr'><strong>manus</strong></span> <span class='ocrx_word' id='word_1_653' title='bbox 3517 3626 3722 3680; x_wconf 66' lang='lat' dir='ltr'><strong>tradita:</strong></span> 
     </span>
    </p>
   </div>
   <div class='ocr_carea' id='block_1_98' title="bbox 2134 3723 2694 3791">
    <p class='ocr_par' dir='ltr' id='par_1_98' title="bbox 2134 3723 2694 3791">
     <span class='ocr_line' id='line_1_98' title="bbox 2134 3723 2694 3791; baseline 0.004 -15"><span class='ocrx_word' id='word_1_654' title='bbox 2134 3723 2203 3776; x_wconf 88' lang='lat' dir='ltr'><strong>ad</strong></span> <span class='ocrx_word' id='word_1_655' title='bbox 2231 3741 2324 3778; x_wconf 85' lang='lat' dir='ltr'><strong>nos</strong></span> <span class='ocrx_word' id='word_1_656' title='bbox 2354 3727 2694 3791; x_wconf 76' lang='lat' dir='ltr'><strong>pervenerint.</strong></span> 
     </span>
    </p>
   </div>
   <div class='ocr_carea' id='block_1_99' title="bbox 2204 3808 3721 3884">
    <p class='ocr_par' dir='ltr' id='par_1_99' title="bbox 2204 3808 3721 3884">
     <span class='ocr_line' id='line_1_99' title="bbox 2204 3808 3721 3884; baseline -0.003 -17"><span class='ocrx_word' id='word_1_657' title='bbox 2204 3811 2296 3867; x_wconf 85' lang='lat' dir='ltr'><strong>IV.</strong></span> <span class='ocrx_word' id='word_1_658' title='bbox 2349 3813 2532 3868; x_wconf 81' lang='lat' dir='ltr'><strong>Verum</strong></span> <span class='ocrx_word' id='word_1_659' title='bbox 2557 3813 2687 3866; x_wconf 87' lang='lat' dir='ltr'><strong>illud</strong></span> <span class='ocrx_word' id='word_1_660' title='bbox 2724 3811 2978 3884; x_wconf 65' lang='lat' dir='ltr'><strong>praecipue</strong></span> <span class='ocrx_word' id='word_1_661' title='bbox 3005 3812 3228 3884; x_wconf 86' lang='lat' dir='ltr'><strong>spectavi</strong></span> <span class='ocrx_word' id='word_1_662' title='bbox 3251 3852 3266 3879; x_wconf 91' lang='lat'><strong>,</strong></span> <span class='ocrx_word' id='word_1_663' title='bbox 3307 3819 3354 3864; x_wconf 87' lang='lat' dir='ltr'><strong>et</strong></span> <span class='ocrx_word' id='word_1_664' title='bbox 3395 3812 3490 3864; x_wconf 81' lang='lat' dir='ltr'><strong>hac</strong></span> <span class='ocrx_word' id='word_1_665' title='bbox 3518 3808 3721 3881; x_wconf 88' lang='lat' dir='ltr'><strong>potissi-</strong></span> 
     </span>
    </p>
   </div>
   <div class='ocr_carea' id='block_1_100' title="bbox 2131 3899 3714 3974">
    <p class='ocr_par' dir='ltr' id='par_1_100' title="bbox 2131 3899 3714 3974">
     <span class='ocr_line' id='line_1_100' title="bbox 2131 3899 3714 3974; baseline -0.002 -18"><span class='ocrx_word' id='word_1_666' title='bbox 2131 3919 2268 3957; x_wconf 88' lang='lat' dir='ltr'><strong>mum</strong></span> <span class='ocrx_word' id='word_1_667' title='bbox 2288 3907 2492 3958; x_wconf 88' lang='lat' dir='ltr'><strong>nomine</strong></span> <span class='ocrx_word' id='word_1_668' title='bbox 2523 3905 2768 3960; x_wconf 82' lang='lat' dir='ltr'><strong>Cassiano</strong></span> <span class='ocrx_word' id='word_1_669' title='bbox 2792 3921 2874 3959; x_wconf 89' lang='lat' dir='ltr'><strong>me</strong></span> <span class='ocrx_word' id='word_1_670' title='bbox 2901 3905 3102 3972; x_wconf 71' lang='lat' dir='ltr'><strong>addixi,</strong></span> <span class='ocrx_word' id='word_1_671' title='bbox 3134 3913 3188 3957; x_wconf 88' lang='lat' dir='ltr'><strong>ut</strong></span> <span class='ocrx_word' id='word_1_672' title='bbox 3211 3903 3262 3957; x_wconf 89' lang='lat' dir='ltr'><strong>in</strong></span> <span class='ocrx_word' id='word_1_673' title='bbox 3287 3904 3529 3974; x_wconf 78' lang='lat' dir='ltr'><strong>gratim,</strong></span> <span class='ocrx_word' id='word_1_674' title='bbox 3559 3907 3607 3954; x_wconf 92' lang='lat' dir='ltr'><strong>et</strong></span> <span class='ocrx_word' id='word_1_675' title='bbox 3626 3899 3714 3953; x_wconf 84' lang='lat' dir='ltr'><strong>ob-</strong></span> 
     </span>
    </p>
   </div>
   <div class='ocr_carea' id='block_1_101' title="bbox 2129 3992 3721 4068">
    <p class='ocr_par' dir='ltr' id='par_1_101' title="bbox 2129 3992 3721 4068">
     <span class='ocr_line' id='line_1_101' title="bbox 2129 3992 3721 4068; baseline -0.001 -20"><span class='ocrx_word' id='word_1_676' title='bbox 2129 3997 2358 4063; x_wconf 85' lang='lat' dir='ltr'><strong>sequium</strong></span> <span class='ocrx_word' id='word_1_677' title='bbox 2377 3997 2784 4051; x_wconf 81' lang='lat' dir='ltr'><strong>commilitonum</strong></span> <span class='ocrx_word' id='word_1_678' title='bbox 2803 4007 2850 4052; x_wconf 90' lang='lat' dir='ltr'><strong>et</strong></span> <span class='ocrx_word' id='word_1_679' title='bbox 2875 4013 2968 4052; x_wconf 83' lang='lat' dir='ltr'><strong>con</strong></span> <span class='ocrx_word' id='word_1_680' title='bbox 2976 3998 3197 4068; x_wconf 88' lang='lat' dir='ltr'><strong>fratrum</strong></span> <span class='ocrx_word' id='word_1_681' title='bbox 3224 4011 3476 4063; x_wconf 86' lang='lat' dir='ltr'><strong>mearum,</strong></span> <span class='ocrx_word' id='word_1_682' title='bbox 3495 3992 3721 4048; x_wconf 64' lang='lat' dir='ltr'><strong>ordinis!</strong></span> 
     </span>
    </p>
   </div>
   <div class='ocr_carea' id='block_1_102' title="bbox 2128 4083 3714 4156">
    <p class='ocr_par' dir='ltr' id='par_1_102' title="bbox 2128 4083 3714 4156">
     <span class='ocr_line' id='line_1_102' title="bbox 2128 4083 3714 4156; baseline -0.001 -18"><span class='ocrx_word' id='word_1_683' title='bbox 2128 4083 2376 4156; x_wconf 87' lang='lat' dir='ltr'><strong>inquam,</strong></span> <span class='ocrx_word' id='word_1_684' title='bbox 2409 4083 2730 4140; x_wconf 86' lang='lat' dir='ltr'><strong>Benedictini</strong></span> <span class='ocrx_word' id='word_1_685' title='bbox 2771 4087 3136 4141; x_wconf 72' lang='lat' dir='ltr'><strong>caznabitarum</strong></span> <span class='ocrx_word' id='word_1_686' title='bbox 3165 4088 3281 4153; x_wconf 81' lang='lat' dir='ltr'><strong>(cui</strong></span> <span class='ocrx_word' id='word_1_687' title='bbox 3320 4101 3398 4140; x_wconf 88' lang='lat' dir='ltr'><strong>me</strong></span> <span class='ocrx_word' id='word_1_688' title='bbox 3445 4085 3579 4140; x_wconf 85' lang='lat' dir='ltr'><strong>Deus</strong></span> <span class='ocrx_word' id='word_1_689' title='bbox 3621 4101 3714 4138; x_wconf 86' lang='lat' dir='ltr'><strong>sua</strong></span> 
     </span>
    </p>
   </div>
   <div class='ocr_carea' id='block_1_103' title="bbox 2129 4177 3717 4253">
    <p class='ocr_par' dir='ltr' id='par_1_103' title="bbox 2129 4177 3717 4253">
     <span class='ocr_line' id='line_1_103' title="bbox 2129 4177 3717 4253; baseline -0.001 -21"><span class='ocrx_word' id='word_1_690' title='bbox 2129 4182 2298 4249; x_wconf 79' lang='lat' dir='ltr'><strong>gratia</strong></span> <span class='ocrx_word' id='word_1_691' title='bbox 2319 4179 2622 4251; x_wconf 85' lang='lat' dir='ltr'><strong>inscriptum</strong></span> <span class='ocrx_word' id='word_1_692' title='bbox 2645 4179 2803 4234; x_wconf 86' lang='lat' dir='ltr'><strong>voluit</strong></span> <span class='ocrx_word' id='word_1_693' title='bbox 2835 4181 2852 4252; x_wconf 84' lang='lat'><strong>)</strong></span> <span class='ocrx_word' id='word_1_694' title='bbox 2884 4181 3157 4252; x_wconf 89' lang='lat' dir='ltr'><strong>plerasque</strong></span> <span class='ocrx_word' id='word_1_695' title='bbox 3175 4221 3190 4246; x_wconf 92' lang='lat'><strong>,</strong></span> <span class='ocrx_word' id='word_1_696' title='bbox 3213 4197 3274 4234; x_wconf 89' lang='lat' dir='ltr'><strong>ac</strong></span> <span class='ocrx_word' id='word_1_697' title='bbox 3291 4181 3590 4253; x_wconf 65' lang='lat' dir='ltr'><strong>principum</strong></span> <span class='ocrx_word' id='word_1_698' title='bbox 3615 4177 3717 4231; x_wconf 85' lang='lat' dir='ltr'><strong>Re-</strong></span> 
     </span>
    </p>
   </div>
   <div class='ocr_carea' id='block_1_104' title="bbox 2128 4271 3716 4342">
    <p class='ocr_par' dir='ltr' id='par_1_104' title="bbox 2128 4271 3716 4342">
     <span class='ocr_line' id='line_1_104' title="bbox 2128 4271 3716 4342; baseline -0.001 -19"><span class='ocrx_word' id='word_1_699' title='bbox 2128 4272 2274 4342; x_wconf 83' lang='lat' dir='ltr'><strong>gulas</strong></span> <span class='ocrx_word' id='word_1_700' title='bbox 2295 4271 2601 4326; x_wconf 84' lang='lat' dir='ltr'><strong>sanctissimi</strong></span> <span class='ocrx_word' id='word_1_701' title='bbox 2629 4271 2806 4326; x_wconf 88' lang='lat' dir='ltr'><strong>Patris</strong></span> <span class='ocrx_word' id='word_1_702' title='bbox 2848 4273 3013 4326; x_wconf 88' lang='lat' dir='ltr'><strong>nostri</strong></span> <span class='ocrx_word' id='word_1_703' title='bbox 3041 4271 3341 4338; x_wconf 88' lang='lat' dir='ltr'><strong>Benedicti,</strong></span> <span class='ocrx_word' id='word_1_704' title='bbox 3379 4281 3624 4342; x_wconf 87' lang='lat' dir='ltr'><strong>quantum</strong></span> <span class='ocrx_word' id='word_1_705' title='bbox 3663 4271 3716 4322; x_wconf 89' lang='lat' dir='ltr'><strong>in</strong></span> 
     </span>
    </p>
   </div>
   <div class='ocr_carea' id='block_1_105' title="bbox 2128 4362 3716 4440">
    <p class='ocr_par' dir='ltr' id='par_1_105' title="bbox 2128 4362 3716 4440">
     <span class='ocr_line' id='line_1_105' title="bbox 2128 4362 3716 4440; baseline -0.001 -21"><span class='ocrx_word' id='word_1_706' title='bbox 2128 4383 2209 4422; x_wconf 85' lang='lat' dir='ltr'><strong>me</strong></span> <span class='ocrx_word' id='word_1_707' title='bbox 2235 4375 2382 4431; x_wconf 43' lang='lat' dir='ltr'><strong>ess-it,</strong></span> <span class='ocrx_word' id='word_1_708' title='bbox 2419 4366 2523 4420; x_wconf 85' lang='lat' dir='ltr'><strong>Dea</strong></span> <span class='ocrx_word' id='word_1_709' title='bbox 2542 4370 2755 4440; x_wconf 86' lang='lat' dir='ltr'><strong>juvante</strong></span> <span class='ocrx_word' id='word_1_710' title='bbox 2773 4410 2788 4437; x_wconf 86' lang='lat'><strong>,</strong></span> <span class='ocrx_word' id='word_1_711' title='bbox 2822 4378 2974 4439; x_wconf 85' lang='lat' dir='ltr'><strong>prout</strong></span> <span class='ocrx_word' id='word_1_712' title='bbox 2999 4383 3054 4420; x_wconf 89' lang='lat' dir='ltr'><strong>se</strong></span> <span class='ocrx_word' id='word_1_713' title='bbox 3081 4367 3216 4420; x_wconf 86' lang='lat' dir='ltr'><strong>dedit</strong></span> <span class='ocrx_word' id='word_1_714' title='bbox 3240 4367 3473 4432; x_wconf 87' lang='lat' dir='ltr'><strong>occasio,</strong></span> <span class='ocrx_word' id='word_1_715' title='bbox 3499 4379 3562 4418; x_wconf 76' lang='lat' dir='ltr'><strong>ea:</strong></span> <span class='ocrx_word' id='word_1_716' title='bbox 3585 4362 3716 4418; x_wconf 87' lang='lat' dir='ltr'><strong>Cas-</strong></span> 
     </span>
    </p>
   </div>
   <div class='ocr_carea' id='block_1_106' title="bbox 2127 4455 3715 4532">
    <p class='ocr_par' dir='ltr' id='par_1_106' title="bbox 2127 4455 3715 4532">
     <span class='ocr_line' id='line_1_106' title="bbox 2127 4455 3715 4532; baseline -0.003 -19"><span class='ocrx_word' id='word_1_717' title='bbox 2127 4455 2272 4513; x_wconf 85' lang='lat' dir='ltr'><strong>siano</strong></span> <span class='ocrx_word' id='word_1_718' title='bbox 2299 4459 2608 4530; x_wconf 78' lang='lat' dir='ltr'><strong>explicarem</strong></span> <span class='ocrx_word' id='word_1_719' title='bbox 2633 4501 2648 4526; x_wconf 93' lang='lat'><strong>,</strong></span> <span class='ocrx_word' id='word_1_720' title='bbox 2671 4470 2718 4513; x_wconf 90' lang='lat' dir='ltr'><strong>et</strong></span> <span class='ocrx_word' id='word_1_721' title='bbox 2749 4462 3037 4531; x_wconf 88' lang='lat' dir='ltr'><strong>complures</strong></span> <span class='ocrx_word' id='word_1_722' title='bbox 3067 4461 3180 4532; x_wconf 86' lang='lat' dir='ltr'><strong>ejus</strong></span> <span class='ocrx_word' id='word_1_723' title='bbox 3209 4459 3350 4511; x_wconf 82' lang='lat' dir='ltr'><strong>locas</strong></span> <span class='ocrx_word' id='word_1_724' title='bbox 3381 4457 3448 4510; x_wconf 88' lang='lat' dir='ltr'><strong>ad</strong></span> <span class='ocrx_word' id='word_1_725' title='bbox 3475 4455 3715 4510; x_wconf 86' lang='lat' dir='ltr'><strong>Cassiani</strong></span> 
     </span>
    </p>
   </div>
   <div class='ocr_carea' id='block_1_107' title="bbox 2127 4549 3714 4621">
    <p class='ocr_par' dir='ltr' id='par_1_107' title="bbox 2127 4549 3714 4621">
     <span class='ocr_line' id='line_1_107' title="bbox 2127 4549 3714 4621; baseline -0.003 -17"><span class='ocrx_word' id='word_1_726' title='bbox 2127 4550 2322 4618; x_wconf 85' lang='lat' dir='ltr'><strong>scripta</strong></span> <span class='ocrx_word' id='word_1_727' title='bbox 2343 4592 2356 4617; x_wconf 94' lang='lat'><strong>,</strong></span> <span class='ocrx_word' id='word_1_728' title='bbox 2386 4553 2522 4604; x_wconf 83' lang='lat' dir='ltr'><strong>velut</strong></span> <span class='ocrx_word' id='word_1_729' title='bbox 2557 4552 2625 4604; x_wconf 87' lang='lat' dir='ltr'><strong>ad</strong></span> <span class='ocrx_word' id='word_1_730' title='bbox 2653 4559 2984 4621; x_wconf 81' lang='lat' dir='ltr'><strong>pratotypum</strong></span> <span class='ocrx_word' id='word_1_731' title='bbox 3007 4565 3158 4604; x_wconf 88' lang='lat' dir='ltr'><strong>suum</strong></span> <span class='ocrx_word' id='word_1_732' title='bbox 3185 4549 3453 4618; x_wconf 81' lang='lat' dir='ltr'><strong>referrem,</strong></span> <span class='ocrx_word' id='word_1_733' title='bbox 3481 4564 3541 4601; x_wconf 88' lang='lat' dir='ltr'><strong>ac</strong></span> <span class='ocrx_word' id='word_1_734' title='bbox 3569 4559 3714 4601; x_wconf 80' lang='lat' dir='ltr'><strong>reva-</strong></span> 
     </span>
    </p>
   </div>
   <div class='ocr_carea' id='block_1_108' title="bbox 2128 4641 3706 4714">
    <p class='ocr_par' dir='ltr' id='par_1_108' title="bbox 2128 4641 3706 4714">
     <span class='ocr_line' id='line_1_108' title="bbox 2128 4641 3706 4714; baseline -0.001 -19"><span class='ocrx_word' id='word_1_735' title='bbox 2128 4659 2316 4698; x_wconf 84' lang='lat' dir='ltr'><strong>carem.</strong></span> <span class='ocrx_word' id='word_1_736' title='bbox 2370 4641 2516 4698; x_wconf 82' lang='lat' dir='ltr'><strong>Unde</strong></span> <span class='ocrx_word' id='word_1_737' title='bbox 2546 4643 2740 4714; x_wconf 86' lang='lat' dir='ltr'><strong>liquido</strong></span> <span class='ocrx_word' id='word_1_738' title='bbox 2770 4653 2983 4714; x_wconf 88' lang='lat' dir='ltr'><strong>apparet</strong></span> <span class='ocrx_word' id='word_1_739' title='bbox 3008 4685 3022 4709; x_wconf 90' lang='lat'><strong>,</strong></span> <span class='ocrx_word' id='word_1_740' title='bbox 3050 4655 3242 4710; x_wconf 87' lang='lat' dir='ltr'><strong>quanta</strong></span> <span class='ocrx_word' id='word_1_741' title='bbox 3269 4658 3414 4708; x_wconf 87' lang='lat' dir='ltr'><strong>cura,</strong></span> <span class='ocrx_word' id='word_1_742' title='bbox 3443 4657 3595 4712; x_wconf 87' lang='lat' dir='ltr'><strong>quam</strong></span> <span class='ocrx_word' id='word_1_743' title='bbox 3622 4641 3706 4708; x_wconf 90' lang='lat' dir='ltr'><strong>pia</strong></span> 
     </span>
    </p>
   </div>
   <div class='ocr_carea' id='block_1_109' title="bbox 2126 4736 3710 4808">
    <p class='ocr_par' dir='ltr' id='par_1_109' title="bbox 2126 4736 3710 4808">
     <span class='ocr_line' id='line_1_109' title="bbox 2126 4736 3710 4808; baseline -0.004 -15"><span class='ocrx_word' id='word_1_744' title='bbox 2126 4739 2365 4793; x_wconf 84' lang='lat' dir='ltr'><strong>ctsolerti</strong></span> <span class='ocrx_word' id='word_1_745' title='bbox 2394 4739 2720 4792; x_wconf 58' lang='lat' dir='ltr'><strong>aemulatione</strong></span> <span class='ocrx_word' id='word_1_746' title='bbox 2740 4740 3096 4792; x_wconf 82' lang='lat' dir='ltr'><strong>sanctissimus</strong></span> <span class='ocrx_word' id='word_1_747' title='bbox 3117 4748 3264 4808; x_wconf 89' lang='lat' dir='ltr'><strong>pater</strong></span> <span class='ocrx_word' id='word_1_748' title='bbox 3293 4736 3598 4791; x_wconf 83' lang='lat' dir='ltr'><strong>Benedictus</strong></span> <span class='ocrx_word' id='word_1_749' title='bbox 3627 4751 3710 4788; x_wconf 85' lang='lat' dir='ltr'><strong>ve-</strong></span> 
     </span>
    </p>
   </div>
   <div class='ocr_carea' id='block_1_110' title="bbox 2129 4827 3712 4898">
    <p class='ocr_par' dir='ltr' id='par_1_110' title="bbox 2129 4827 3712 4898">
     <span class='ocr_line' id='line_1_110' title="bbox 2129 4827 3712 4898; baseline -0.004 -12"><span class='ocrx_word' id='word_1_750' title='bbox 2129 4841 2256 4886; x_wconf 86' lang='lat' dir='ltr'><strong>teres</strong></span> <span class='ocrx_word' id='word_1_751' title='bbox 2278 4829 2552 4885; x_wconf 81' lang='lat' dir='ltr'><strong>manacltos</strong></span> <span class='ocrx_word' id='word_1_752' title='bbox 2578 4831 2770 4884; x_wconf 79' lang='lat' dir='ltr'><strong>imitari</strong></span> <span class='ocrx_word' id='word_1_753' title='bbox 2797 4831 3074 4897; x_wconf 82' lang='lat' dir='ltr'><strong>studuerit,</strong></span> <span class='ocrx_word' id='word_1_754' title='bbox 3107 4839 3156 4884; x_wconf 88' lang='lat' dir='ltr'><strong>et</strong></span> <span class='ocrx_word' id='word_1_755' title='bbox 3186 4847 3358 4884; x_wconf 89' lang='lat' dir='ltr'><strong>eorum</strong></span> <span class='ocrx_word' id='word_1_756' title='bbox 3378 4829 3605 4898; x_wconf 72' lang='lat' dir='ltr'><strong>vestigiis</strong></span> <span class='ocrx_word' id='word_1_757' title='bbox 3633 4827 3712 4880; x_wconf 87' lang='lat' dir='ltr'><strong>iu-</strong></span> 
     </span>
    </p>
   </div>
   <div class='ocr_carea' id='block_1_111' title="bbox 2127 4921 3708 4994">
    <p class='ocr_par' dir='ltr' id='par_1_111' title="bbox 2127 4921 3708 4994">
     <span class='ocr_line' id='line_1_111' title="bbox 2127 4921 3708 4994; baseline -0.001 -18"><span class='ocrx_word' id='word_1_758' title='bbox 2127 4925 2328 4991; x_wconf 81' lang='lat' dir='ltr'><strong>sistere,</strong></span> <span class='ocrx_word' id='word_1_759' title='bbox 2361 4940 2551 4991; x_wconf 86' lang='lat' dir='ltr'><strong>suaque</strong></span> <span class='ocrx_word' id='word_1_760' title='bbox 2579 4925 2812 4994; x_wconf 78' lang='lat' dir='ltr'><strong>exemplo</strong></span> <span class='ocrx_word' id='word_1_761' title='bbox 2841 4934 2888 4978; x_wconf 87' lang='lat' dir='ltr'><strong>et</strong></span> <span class='ocrx_word' id='word_1_762' title='bbox 2922 4925 3241 4979; x_wconf 85' lang='lat' dir='ltr'><strong>institutione</strong></span> <span class='ocrx_word' id='word_1_763' title='bbox 3274 4937 3394 4977; x_wconf 86' lang='lat' dir='ltr'><strong>suos</strong></span> <span class='ocrx_word' id='word_1_764' title='bbox 3436 4921 3708 4976; x_wconf 70' lang='lat' dir='ltr'><strong>caenabitas</strong></span> 
     </span>
    </p>
   </div>
   <div class='ocr_carea' id='block_1_112' title="bbox 2122 5016 3067 5087">
    <p class='ocr_par' dir='ltr' id='par_1_112' title="bbox 2122 5016 3067 5087">
     <span class='ocr_line' id='line_1_112' title="bbox 2122 5016 3067 5087; baseline -0.002 -17"><span class='ocrx_word' id='word_1_765' title='bbox 2122 5016 2190 5070; x_wconf 87' lang='lat' dir='ltr'><strong>ad</strong></span> <span class='ocrx_word' id='word_1_766' title='bbox 2211 5033 2385 5070; x_wconf 87' lang='lat' dir='ltr'><strong>eorum</strong></span> <span class='ocrx_word' id='word_1_767' title='bbox 2411 5017 2740 5070; x_wconf 85' lang='lat' dir='ltr'><strong>imitationem</strong></span> <span class='ocrx_word' id='word_1_768' title='bbox 2773 5033 3067 5087; x_wconf 79' lang='lat' dir='ltr'><strong>provocare.</strong></span> 
     </span>
    </p>
   </div>
   <div class='ocr_carea' id='block_1_113' title="bbox 2192 5109 3708 5167">
    <p class='ocr_par' dir='ltr' id='par_1_113' title="bbox 2192 5109 3708 5167">
     <span class='ocr_line' id='line_1_113' title="bbox 2192 5109 3708 5167; baseline -0.004 0"><span class='ocrx_word' id='word_1_769' title='bbox 2192 5112 2259 5167; x_wconf 73' lang='grc' dir='ltr'><strong>γ.</strong></span> <span class='ocrx_word' id='word_1_770' title='bbox 2302 5111 2383 5165; x_wconf 82' lang='lat' dir='ltr'><strong>Ad</strong></span> <span class='ocrx_word' id='word_1_771' title='bbox 2421 5111 2529 5167; x_wconf 75' lang='lat' dir='ltr'><strong>liceo</strong></span> <span class='ocrx_word' id='word_1_772' title='bbox 2560 5111 2833 5167; x_wconf 86' lang='lat' dir='ltr'><strong>sententias</strong></span> <span class='ocrx_word' id='word_1_773' title='bbox 2863 5113 3168 5166; x_wconf 86' lang='lat' dir='ltr'><strong>illustriores</strong></span> <span class='ocrx_word' id='word_1_774' title='bbox 3195 5109 3428 5165; x_wconf 82' lang='lat' dir='ltr'><strong>Cassiani</strong></span> <span class='ocrx_word' id='word_1_775' title='bbox 3455 5109 3708 5164; x_wconf 77' lang='lat' dir='ltr'><strong>similibus</strong></span> 
     </span>
    </p>
   </div>
   <div class='ocr_carea' id='block_1_114' title="bbox 2117 5202 3707 5276">
    <p class='ocr_par' dir='ltr' id='par_1_114' title="bbox 2117 5202 3707 5276">
     <span class='ocr_line' id='line_1_114' title="bbox 2117 5202 3707 5276; baseline -0.003 -16"><span class='ocrx_word' id='word_1_776' title='bbox 2117 5207 2378 5260; x_wconf 88' lang='lat' dir='ltr'><strong>sententiis</strong></span> <span class='ocrx_word' id='word_1_777' title='bbox 2415 5215 2458 5260; x_wconf 85' lang='lat' dir='ltr'><strong>et</strong></span> <span class='ocrx_word' id='word_1_778' title='bbox 2497 5206 2676 5276; x_wconf 86' lang='lat' dir='ltr'><strong>elogiis</strong></span> <span class='ocrx_word' id='word_1_779' title='bbox 2707 5205 2814 5262; x_wconf 86' lang='lat' dir='ltr'><strong>SS.</strong></span> <span class='ocrx_word' id='word_1_780' title='bbox 2853 5204 3070 5260; x_wconf 86' lang='lat' dir='ltr'><strong>Patrum</strong></span> <span class='ocrx_word' id='word_1_781' title='bbox 3100 5203 3285 5258; x_wconf 85' lang='lat' dir='ltr'><strong>Basilii</strong></span> <span class='ocrx_word' id='word_1_782' title='bbox 3309 5245 3324 5268; x_wconf 93' lang='lat'><strong>,</strong></span> <span class='ocrx_word' id='word_1_783' title='bbox 3363 5202 3668 5272; x_wconf 80' lang='lat' dir='ltr'><strong>Hieronymi</strong></span> <span class='ocrx_word' id='word_1_784' title='bbox 3696 5245 3707 5261; x_wconf 88' lang='lat'><strong>.</strong></span> 
     </span>
    </p>
   </div>
   <div class='ocr_carea' id='block_1_115' title="bbox 2119 5296 3709 5373">
    <p class='ocr_par' dir='ltr' id='par_1_115' title="bbox 2119 5296 3709 5373">
     <span class='ocr_line' id='line_1_115' title="bbox 2119 5296 3709 5373; baseline -0.005 -19"><span class='ocrx_word' id='word_1_785' title='bbox 2119 5300 2430 5373; x_wconf 83' lang='lat' dir='ltr'><strong>Augustini,</strong></span> <span class='ocrx_word' id='word_1_786' title='bbox 2463 5299 2732 5370; x_wconf 82' lang='lat' dir='ltr'><strong>Gregorii,</strong></span> <span class='ocrx_word' id='word_1_787' title='bbox 2764 5301 3084 5368; x_wconf 86' lang='lat' dir='ltr'><strong>aliorumque</strong></span> <span class='ocrx_word' id='word_1_788' title='bbox 3111 5298 3300 5366; x_wconf 85' lang='lat' dir='ltr'><strong>passim</strong></span> <span class='ocrx_word' id='word_1_789' title='bbox 3331 5296 3587 5350; x_wconf 82' lang='lat' dir='ltr'><strong>illustrari</strong></span> <span class='ocrx_word' id='word_1_790' title='bbox 3615 5337 3630 5360; x_wconf 95' lang='lat'><strong>,</strong></span> <span class='ocrx_word' id='word_1_791' title='bbox 3665 5307 3709 5346; x_wconf 79' lang='lat' dir='ltr'><strong>rt</strong></span> 
     </span>
    </p>
   </div>
   <div class='ocr_carea' id='block_1_116' title="bbox 2123 5387 3701 5460">
    <p class='ocr_par' dir='ltr' id='par_1_116' title="bbox 2123 5387 3701 5460">
     <span class='ocr_line' id='line_1_116' title="bbox 2123 5387 3701 5460; baseline -0.004 -11"><span class='ocrx_word' id='word_1_792' title='bbox 2123 5396 2378 5460; x_wconf 85' lang='lat' dir='ltr'><strong>roborari,</strong></span> <span class='ocrx_word' id='word_1_793' title='bbox 2399 5405 2447 5450; x_wconf 88' lang='lat' dir='ltr'><strong>et</strong></span> <span class='ocrx_word' id='word_1_794' title='bbox 2473 5411 2537 5450; x_wconf 71' lang='lat' dir='ltr'><strong>etc</strong></span> <span class='ocrx_word' id='word_1_795' title='bbox 2553 5396 2658 5450; x_wconf 88' lang='lat' dir='ltr'><strong>illis</strong></span> <span class='ocrx_word' id='word_1_796' title='bbox 2682 5393 2960 5450; x_wconf 86' lang='lat' dir='ltr'><strong>nonnullas</strong></span> <span class='ocrx_word' id='word_1_797' title='bbox 2989 5391 3276 5446; x_wconf 83' lang='lat' dir='ltr'><strong>selectiores</strong></span> <span class='ocrx_word' id='word_1_798' title='bbox 3297 5399 3346 5444; x_wconf 87' lang='lat' dir='ltr'><strong>at</strong></span> <span class='ocrx_word' id='word_1_799' title='bbox 3369 5387 3561 5454; x_wconf 80' lang='lat' dir='ltr'><strong>breves,</strong></span> <span class='ocrx_word' id='word_1_800' title='bbox 3596 5389 3701 5442; x_wconf 84' lang='lat' dir='ltr'><strong>vel-</strong></span> 
     </span>
    </p>
   </div>
   <div class='ocr_carea' id='block_1_117' title="bbox 2122 5481 3702 5551">
    <p class='ocr_par' dir='ltr' id='par_1_117' title="bbox 2122 5481 3702 5551">
     <span class='ocr_line' id='line_1_117' title="bbox 2122 5481 3702 5551; baseline -0.004 -11"><span class='ocrx_word' id='word_1_801' title='bbox 2122 5499 2176 5540; x_wconf 88' lang='lat' dir='ltr'><strong>ut</strong></span> <span class='ocrx_word' id='word_1_802' title='bbox 2196 5489 2428 5542; x_wconf 83' lang='lat' dir='ltr'><strong>stellulas</strong></span> <span class='ocrx_word' id='word_1_803' title='bbox 2456 5487 2852 5551; x_wconf 67' lang='lat' dir='ltr'><strong>sﬂcndidiores,</strong></span> <span class='ocrx_word' id='word_1_804' title='bbox 2895 5485 2948 5536; x_wconf 89' lang='lat' dir='ltr'><strong>in</strong></span> <span class='ocrx_word' id='word_1_805' title='bbox 2982 5499 3138 5535; x_wconf 82' lang='lat' dir='ltr'><strong>unum</strong></span> <span class='ocrx_word' id='word_1_806' title='bbox 3159 5483 3418 5546; x_wconf 79' lang='lat' dir='ltr'><strong>collectas,</strong></span> <span class='ocrx_word' id='word_1_807' title='bbox 3444 5493 3492 5535; x_wconf 84' lang='lat' dir='ltr'><strong>et</strong></span> <span class='ocrx_word' id='word_1_808' title='bbox 3523 5481 3702 5535; x_wconf 81' lang='lat' dir='ltr'><strong>ordine</strong></span> 
     </span>
    </p>
   </div>
   <div class='ocr_carea' id='block_1_118' title="bbox 2119 5575 3700 5652">
    <p class='ocr_par' dir='ltr' id='par_1_118' title="bbox 2119 5575 3700 5652">
     <span class='ocr_line' id='line_1_118' title="bbox 2119 5575 3700 5652; baseline -0.004 -18"><span class='ocrx_word' id='word_1_809' title='bbox 2119 5583 2206 5652; x_wconf 81' lang='lat' dir='ltr'><strong>dig</strong></span> <span class='ocrx_word' id='word_1_810' title='bbox 2227 5594 2342 5637; x_wconf 58' lang='lat' dir='ltr'><strong>*stas</strong></span> <span class='ocrx_word' id='word_1_811' title='bbox 2368 5583 2435 5635; x_wconf 86' lang='lat' dir='ltr'><strong>ad</strong></span> <span class='ocrx_word' id='word_1_812' title='bbox 2473 5581 2661 5635; x_wconf 84' lang='lat' dir='ltr'><strong>calcem</strong></span> <span class='ocrx_word' id='word_1_813' title='bbox 2693 5581 2860 5651; x_wconf 86' lang='lat' dir='ltr'><strong>operis</strong></span> <span class='ocrx_word' id='word_1_814' title='bbox 2890 5575 3112 5650; x_wconf 67' lang='lat' dir='ltr'><strong>seposui,</strong></span> <span class='ocrx_word' id='word_1_815' title='bbox 3141 5595 3242 5650; x_wconf 86' lang='lat' dir='ltr'><strong>quo</strong></span> <span class='ocrx_word' id='word_1_816' title='bbox 3283 5587 3330 5631; x_wconf 81' lang='lat' dir='ltr'><strong>ct</strong></span> <span class='ocrx_word' id='word_1_817' title='bbox 3359 5575 3565 5649; x_wconf 81' lang='lat' dir='ltr'><strong>facilius</strong></span> <span class='ocrx_word' id='word_1_818' title='bbox 3597 5591 3700 5627; x_wconf 67' lang='lat' dir='ltr'><strong>me»</strong></span> 
     </span>
    </p>
   </div>
   <div class='ocr_carea' id='block_1_119' title="bbox 2117 5667 3692 5744">
    <p class='ocr_par' dir='ltr' id='par_1_119' title="bbox 2117 5667 3692 5744">
     <span class='ocr_line' id='line_1_119' title="bbox 2117 5667 3692 5744; baseline -0.005 -16"><span class='ocrx_word' id='word_1_819' title='bbox 2117 5677 2294 5729; x_wconf 76' lang='lat' dir='ltr'><strong>marite</strong></span> <span class='ocrx_word' id='word_1_820' title='bbox 2327 5672 2633 5727; x_wconf 81' lang='lat' dir='ltr'><strong>mandentur</strong></span> <span class='ocrx_word' id='word_1_821' title='bbox 2657 5691 2688 5725; x_wconf 92' lang='lat' dir='ltr'><strong>a</strong></span> <span class='ocrx_word' id='word_1_822' title='bbox 2720 5673 3049 5744; x_wconf 87' lang='lat' dir='ltr'><strong>junioribus,</strong></span> <span class='ocrx_word' id='word_1_823' title='bbox 3073 5681 3120 5726; x_wconf 89' lang='lat' dir='ltr'><strong>et</strong></span> <span class='ocrx_word' id='word_1_824' title='bbox 3142 5672 3370 5726; x_wconf 87' lang='lat' dir='ltr'><strong>tenacius</strong></span> <span class='ocrx_word' id='word_1_825' title='bbox 3391 5667 3692 5736; x_wconf 72' lang='lat' dir='ltr'><strong>infigantur.</strong></span> 
     </span>
    </p>
   </div>
   <div class='ocr_carea' id='block_1_120' title="bbox 2194 5763 3694 5837">
    <p class='ocr_par' dir='ltr' id='par_1_120' title="bbox 2194 5763 3694 5837">
     <span class='ocr_line' id='line_1_120' title="bbox 2194 5763 3694 5837; baseline -0.005 -14"><span class='ocrx_word' id='word_1_826' title='bbox 2194 5769 2274 5823; x_wconf 72' lang='lat' dir='ltr'><strong>Vl.</strong></span> <span class='ocrx_word' id='word_1_827' title='bbox 2316 5768 2394 5820; x_wconf 83' lang='lat' dir='ltr'><strong>Ad</strong></span> <span class='ocrx_word' id='word_1_828' title='bbox 2421 5776 2732 5836; x_wconf 73' lang='lat' dir='ltr'><strong>rxtremum,</strong></span> <span class='ocrx_word' id='word_1_829' title='bbox 2769 5785 2830 5823; x_wconf 86' lang='lat' dir='ltr'><strong>ne</strong></span> <span class='ocrx_word' id='word_1_830' title='bbox 2863 5768 2986 5837; x_wconf 84' lang='lat' dir='ltr'><strong>quid</strong></span> <span class='ocrx_word' id='word_1_831' title='bbox 3013 5768 3250 5822; x_wconf 82' lang='lat' dir='ltr'><strong>lectorem</strong></span> <span class='ocrx_word' id='word_1_832' title='bbox 3276 5765 3326 5818; x_wconf 89' lang='lat' dir='ltr'><strong>in</strong></span> <span class='ocrx_word' id='word_1_833' title='bbox 3354 5764 3510 5834; x_wconf 80' lang='lat' dir='ltr'><strong>hujus</strong></span> <span class='ocrx_word' id='word_1_834' title='bbox 3527 5763 3694 5831; x_wconf 83' lang='lat' dir='ltr'><strong>operis</strong></span> 
     </span>
    </p>
   </div>
  </div>
