4026 6334
214 338 270 390 2i
841 340 1104 396 NOTITIA
1147 335 1952 396 HISTORICO-LI'I‘TEIHRIA
1991 335 2056 389 IN
2093 334 2408 390 JOANNEM
2449 334 2865 394 CASSIANUM.
3430 345 3499 396 12

223 455 430 506 decursu
460 457 727 508 remorari
779 456 854 508 vel
875 453 1145 520 nﬂ'enrlere,
1176 455 1251 507 vel
1279 453 1456 520 quovis
1485 453 1633 503 modo
1663 451 1713 503 in
1737 468 1814 499 .r-
1845 453 1893 509 Α
1920 446 2086 517 pitula
2119 455 2176 502 ut
2202 449 2252 502 in
2284 449 2454 516 prima
2479 450 2625 505 notis
2647 449 2935 507 distinctus
2957 461 3064 518 est,
3090 466 3213 524 qua
3231 453 3498 510 columnis

231 561 385 596 rorem
424 545 688 600 inducere
713 558 884 616 posset
913 586 928 609 ,
974 560 1156 615 praeter
1183 559 1386 598 nostras
1429 543 1783 596 annotationcs
1801 583 1816 604 ,

231 636 371 688 etiam
400 635 539 690 alias
568 638 974 706 observationes,
1006 647 1050 692 et
1078 638 1336 692 censorias
1366 645 1512 690 notas
1542 645 1650 688 tum
1681 633 1816 702 City-

233 725 347 793 cltii,
388 735 495 780 tum
528 726 795 782 Ciacconii
827 730 1201 800 adjungendas,
1231 737 1278 781 et
1299 731 1365 779 ad
1410 727 1600 780 calcem
1643 724 1817 777 itidem

233 833 317 870 suo
344 820 524 871 ordine
551 820 890 873 collocandus
921 820 1044 873 duxi
1065 864 1078 884 ,
1109 819 1289 889 quibus
1318 828 1406 871 ant
1431 816 1566 869 dotis
1593 818 1818 868 monFtus

233 910 430 978 quilibet
463 910 780 964 Cassianum
812 914 1045 982 deinceps
1071 910 1323 977 ina/Temo
1347 909 1474 979 pede
1525 915 1814 979 percurrat,

235 1000 450 1064 nihilque
467 1046 481 1066 ,
513 1002 656 1071 quod
679 1001 748 1054 ad
773 1004 943 1073 operis
976 1002 1332 1070 perfectionem
1354 997 1434 1053 vel
1453 1000 1612 1052 animi
1632 999 1714 1053 sui
1737 1013 1816 1050 se-

234 1093 491 1146 curitatem
529 1094 814 1163 pertinent,
854 1093 1077 1159 amplius
1117 1093 1391 1146 desideret.
1439 1091 1583 1158 Quas
1611 1090 1815 1160 quidem

232 1184 596 1236 obscrrationes
635 1185 908 1256 diligenter
933 1185 995 1237 iis
1029 1181 1380 1253 prwlegendas
1405 1181 1597 1234 suadeo
1632 1191 1678 1232 et
1710 1197 1814 1231 m0°

231 1292 338 1337 neo,
361 1277 447 1343 qui
472 1292 571 1328 non
596 1293 754 1345 usque
783 1276 910 1329 adeo
939 1277 990 1329 in
1011 1275 1091 1328 his
1115 1275 1318 1342 versati,
1351 1273 1508 1327 libros
1535 1275 1813 1343 prasertint

231 1370 574 1422 Collationum
596 1412 610 1434 ,
646 1371 879 1437 aliosque
911 1369 1211 1423 utilissimos
1228 1408 1242 1432 ,
1266 1377 1312 1421 et
1335 1383 1365 1418 a
1392 1366 1499 1421 SS.
1529 1365 1768 1419 Patribus
1793 1402 1811 1428 .

230 1455 502 1512 Benedicto
533 1457 731 1512 Thema
754 1460 1026 1523 Aquinate,
1045 1458 1282 1524 aliisque,
1304 1467 1357 1510 ut
1380 1457 1570 1510 dictum
1597 1466 1693 1520 est,
1722 1456 1814 1508 teri

226 1549 422 1614 solitos,
453 1549 651 1604 utiliter
671 1566 731 1602 ac
759 1551 1029 1604 salubriter
1048 1565 1250 1602 versare
1270 1550 1543 1602 voluerint.
1571 1548 1812 1617 Subjecit

229 1641 386 1709 igitur
417 1651 578 1694 notas
619 1657 744 1696 suas
783 1643 1011 1710 singulis
1054 1641 1235 1695 statim
1282 1640 1532 1708 capitulis
1559 1680 1572 1701 .
1625 1641 1810 1694 doctas

224 1735 418 1802 ubique
451 1746 508 1788 et
546 1734 684 1806 frugi
729 1736 933 1804 plenas.
970 1736 1348 1790 Prtelationeni
1393 1735 1647 1803 pra~cetlit
1692 1750 1759 1804 ep
1783 1764 1806 1774 ο

1921 537 2064 593 binis
2091 541 2373 608 impressa:
2403 547 2550 595 sunt.
2574 541 2786 598 Titulus
2813 542 2964 598 adest
2987 543 3209 616 duplex,
3241 546 3396 614 prelo
3420 549 3495 600 at-

1921 637 2024 698 ter,
2055 629 2193 686 alter
2222 645 2330 686 tere
2361 631 2680 702 impressus.

2625 727 2784 784 £613.

1992 812 2210 870 Parisiis
2230 856 2245 882 ,
2288 817 2430 888 apud
2459 817 2620 872 Laur.
2643 819 2944 886 Cottereau;
2970 822 3142 892 iit-fol.
3176 821 3338 878 Joan.
3371 823 3478 877 Cas

1918 905 2056 959 siaui
2087 920 2256 976 opera
2283 909 2464 964 omnia
2495 923 2616 965 cum
2646 913 3054 968 commentariis
3077 913 3257 967 Διανάὶ
3283 912 3455 969 σαίεί
3488 959 3498 974 .

1916 1003 2022 1048 etc.
2055 995 2168 1051 Cat.
2198 995 2333 1054 Bibl.
2365 997 2497 1073 Reg.
2527 999 2704 1057 Paris.
2729 1011 2776 1056 et
2804 999 2941 1056 Bibl.
2963 1002 3077 1057 Jos.
3115 1003 3298 1058 Renati
3327 1005 3498 1069 Impe-

1917 1085 2062 1141 rialis
2087 1090 2233 1143 card.

2136 1170 2142 1176 '
2629 1185 2784 1240 1677.

1991 1272 2226 1343 Lugduni
2255 1315 2270 1340 ,
2319 1278 2460 1348 apud
2503 1278 2836 1344 Anissonios;
2881 1279 3070 1348 ενι-[οι.
3113 1278 3202 1336 «ιο.
3249 1279 3493 1336 Cassiani

1915 1370 2088 1434 Opera
2115 1370 2302 1424 omnia
2321 1384 2387 1425 ex
2408 1370 2498 1426 ed.
2520 1371 2702 1425 Διανάὶ
2726 1369 2932 1435 Gauri;
2958 1373 3009 1426 iu
3032 1371 3170 1427 Bibl.
3195 1372 3341 1427 ﬂata.
3373 1369 3488 1425 PP.

1915 1468 2062 1512 torno
2093 1459 2178 1514 Vll
2199 1501 2213 1525 ,
2248 1475 2303 1530 p.
2323 1462 2390 1517 17
2419 1476 2571 1534 seqq.

2471 1568 2684 1610 SECULO
2722 1570 2752 1610 Χ
2761 1571 2850 1610 \‘lll
2860 1597 2868 1605 .

2627 1648 2778 1701 1ἹΙ1.

1990 1729 2225 1799 Parisiis,
2256 1735 2432 1804 in-[ol.
2461 1734 2689 1792 Joannis
2716 1737 2960 1792 Cassiani
2992 1737 3225 1794 Collatia
3251 1735 3394 1804 XIII,
3423 1737 3491 1793 de

223 1827 352 1881 :lOIJ
379 1827 502 1896 ejus
534 1829 871 1884 dedicatoria
903 1831 966 1884 ad
1003 1829 1302 1900 Philippum
1327 1830 1664 1885 Caverellium
1695 1846 1805 1886 caa-
1847 1827 1886 1884 Β
1917 1825 2260 1885 Protectione
2300 1829 2427 1896 Dei;
2467 1845 2590 1887 cum
2631 1830 2896 1900 Operibus
2943 1831 3186 1903 Prosperi
3225 1833 3399 1902 Aquit.
3433 1847 3486 1902 p.

226 1923 362 1976 “obii
394 1922 676 1977 Vedastini
705 1924 846 1992 apud
877 1927 1163 1978 Atrebates
1191 1935 1319 1978 tunc
1352 1925 1662 1993 praesulem,
1683 1924 1805 1979 data

223 2030 280 2066 ex
302 2014 412 2066 ade
434 2015 596 2084 ipsius
618 2024 662 2066 et
686 2015 1024 2084 pra’p'fsilttt‘tt
1051 2015 1107 2069 S.
1141 2013 1430 2079 Michaelis,
1455 2015 1808 2085 apparitionis

226 2103 361 2156 feriis
385 2104 520 2174 (Σιξ).
555 2104 637 2176 l3.
668 2104 828 2158 CXV.
866 2105 1058 2158 Addita
1101 2114 1185 2158 est
1215 2107 1376 2158 etiam
1408 2105 1634 2175 Cuyeliii
1671 2121 1807 2172 prmo

223 2193 367 2248 ratio.
405 2194 706 2265 Utriusque
737 2197 867 2250 tomi
903 2197 1068 2250 limen
1095 2197 1335 2250 obsitum
1365 2207 1451 2252 est
1477 2198 1806 2252 carminibus

221 2287 589 2355 gratulatOi-iis
615 2298 666 2340 et
709 2286 1186 2355 anagrammaticis
1216 2288 1283 2340 ad
1316 2289 1580 2342 cditorem
1612 2329 1625 2351 ,
1669 2290 1809 2342 inter

222 2395 338 2446 quae
362 2381 530 2434 etiam
565 2396 730 2434 unum
781 2381 834 2434 in
884 2382 1124 2434 secundo
1157 2390 1304 2434 tonio
1333 2422 1347 2442 ,
1398 2382 1538 2450 quod
1589 2383 1806 2450 proprio

222 2470 620 2524 commentario
648 2472 972 2526 instructum
1004 2483 1104 2528 cst.
1139 2472 1354 2526 Titulus
1389 2472 1570 2526 tabula
1606 2489 1668 2528 es
1697 2489 1805 2528 ture

220 2564 424 2630 sculpta
453 2563 756 2633 impressus
784 2574 885 2618 est.

936 2659 1089 2712 1617.

291 2743 578 2816 Lugduni,
605 2759 794 2820 sumpt.
835 2749 994 2805 Laur.
1042 2749 1292 2817 Datami;
1332 2753 1506 2821 iit-fol.
1535 2753 1620 2808 .lo.
1667 2751 1802 2807 Cas-

221 2839 348 2891 siani
387 2837 524 2893 Vita:
551 2839 772 2894 Patrum
804 2858 867 2896 ex
898 2843 1041 2897 libris
1071 2845 1184 2912 eius
1213 2844 1276 2897 de
1307 2842 1564 2898 Institutis
1591 2845 1803 2898 [lenun-

220 2930 455 2983 tiantium
500 2939 549 2984 et
603 2930 979 2986 Collationibus
1031 2944 1304 3004 excerpta.
1350 2933 1404 2987 In
1465 2933 1645 2989 Ilerib.
1697 2934 1803 2990 Ro-

219 3022 402 3091 sveydi
444 3020 578 3076 Vitis
611 3039 664 3092 p.
699 3024 822 3078 565.

931 3115 1091 3171 1628.

1906 1916 2012 1972 285
2055 1930 2208 1988 seqq.

2622 2016 2778 2070 1722.

1980 2098 2344 2172 Francofurti,
2376 2113 2565 2175 sumpt.
2609 2103 2822 2159 Tltoma.’
2860 2103 3136 2173 Fritscliii;
3174 2105 3352 2176 iit-fol.
3395 2105 3494 2162 10.,

1905 2191 2150 2248 Cassiani
2199 2195 2372 2264 Opera
2413 2198 2594 2251 omnia
2645 2213 2708 2251 ex
2758 2198 2848 2253 ed.
2899 2198 3075 2252 illardi
3123 2197 3316 2255 Gasai.
3369 2195 3484 2254 Cat.

1909 2281 2042 2336 Bibl.
2067 2282 2312 2338 Casanat.

2601 2381 2759 2434 1735.

1978 2463 2189 2535 Lipsiae,
2217 2468 2359 2538 apud
2386 2465 2694 2525 Wetstenios
2714 2478 2762 2525 et
2794 2471 2998 2537 Sinitlt;
3029 2474 3205 2543 iit-fol.
3232 2473 3317 2528 δυ.
3347 2475 3480 2528 Cas-

1903 2561 2037 2614 siani
2069 2559 2245 2630 Opera
2272 2562 2452 2616 omnia
2479 2576 2602 2618 cum
2630 2564 3039 2620 commentariis
3070 2565 3131 2620 D.
3157 2563 3342 2620 Alsrdi
3368 2563 3480 2620 Ga-

1905 2654 1998 2707 z:ei
2028 2655 2246 2710 ρωποι).
2280 2654 2498 2710 Vedast.
2543 2656 2664 2711 ord.
2697 2655 2757 2712 S.
2795 2657 2998 2714 Bened.
3031 2658 3164 2724 Qua:
3207 2657 3373 2713 editio
3416 2658 3501 2712 ab-

1904 2745 2097 2801 codem
2141 2746 2322 2802 denuo
2365 2748 2641 2818 recognita
2668 2792 2684 2817 ,
2714 2751 3120 2805 commentariis
3152 2749 3284 2819 ipsis
3327 2749 3488 2804 tertia

1904 2847 2059 2906 parte
2079 2839 2410 2894 auctioribus
2432 2839 2689 2894 illustrior
2713 2840 2923 2895 reddita
2952 2858 2965 2894 :
2992 2856 3238 2911 novoque
3260 2840 3482 2910 insuper

1905 2931 1956 2985 in
1991 2931 2160 2986 libros
2185 2931 2254 2987 de
2283 2931 2691 2998 Incarnatione,
2731 2935 2824 3004 qui
2858 2934 3294 3000 desiderabatur,
3325 2949 3478 2990 com-

1905 3026 2174 3082 mentario
2210 3026 2558 3097 locupletato.
3353 3041 3355 3043 ‘

1976 3117 2045 3174 Ut.
2074 3120 2259 3174 titulus
2300 3120 2571 3186 ostendit,
2603 3124 2774 3177 altera
2807 3121 2984 3178 Gauei
3030 3123 3200 3178 editio
3229 3129 3481 3176 accurate

286 3202 520 3258 Colonia:
558 3206 800 3276 Agripp.,
843 3220 1033 3277 sumpt.
1067 3210 1188 3262 Ant.
1234 3208 1457 3273 Hierat.
1485 3211 1664 3280 in-fol.
1708 3210 1794 3266 lo.
1826 3193 1872 3256 Ο
1901 3224 2156 3280 expressa
2199 3222 2320 3278 est;
2353 3213 2496 3283 quod
2543 3215 2696 3284 prelo
2739 3213 3230 3270 Amstelodamensi
3279 3212 3480 3268 factum

215 3297 457 3351 Cassiani
491 3300 674 3366 presb.
727 3300 1087 3358 Massiliensis
1116 3302 1182 3356 de
1218 3301 1486 3359 lnstitutis
1525 3304 1802 3359 carnobio-

221 3407 331 3443 rum
365 3392 493 3444 libri
522 3391 609 3458 IV,
646 3402 756 3448 etc.
792 3410 806 3448 :
837 3396 1015 3449 omnia
1035 3410 1102 3450 ex
1139 3411 1357 3467 recogn.
1390 3397 1577 3451 Διανάὶ
1601 3396 1796 3452 Caeci.

225 3483 274 3536 In
299 3481 439 3536 Bibl.
474 3481 595 3537 PP.
634 3483 698 3538 Τ.
726 3483 790 3538 ν.
823 3497 963 3554 part.
991 3502 1052 3542 tt.

928 3578 1088 3632 1628.

286 3668 540 3731 Atrebati,
583 3670 723 3738 apud
749 3667 839 3723 lo.
865 3669 1018 3742 Bapt.
1069 3681 1115 3726 et
1158 3671 1494 3727 Guilielmum
1539 3674 1795 3740 Riverios.

218 3760 306 3814 sub
325 3763 477 3832 signo
509 3761 643 3815 Boni
665 3761 931 3830 Pastoris;
959 3765 1134 3834 in-[oL

281 3852 428 3907 Nova
451 3855 619 3909 editio
642 3855 711 3909 ab
741 3855 932 3911 eodem
957 3857 1137 3912 denuo
1163 3861 1440 3928 recognita
1461 3903 1474 3924 ,
1506 3869 1556 3913 et
1583 3875 1611 3914 a
1641 3875 1798 3914 mon-

212 3943 315 4008 dis,
345 3961 469 4015 qua:
495 3946 833 4015 irrepserunt
863 3949 914 4001 in
940 3950 1129 4018 priori.
1161 3962 1448 4021 repurgata
1475 3968 1488 4004 :
1512 3966 1797 4006 commen-

218 4038 367 4091 tariis
414 4038 547 4106 ipsis
597 4039 756 4094 tertia
807 4051 953 4107 parte
996 4042 1329 4096 auctioribus
1375 4042 1641 4097 illustrior
1674 4044 1798 4098 red-

213 4128 321 4182 dita
358 4147 372 4181 :
419 4145 672 4195 novoque
715 4132 936 4200 insuper
968 4134 1018 4185 in
1064 4132 1234 4186 libros
1271 4133 1338 4188 de
1371 4133 1751 4190 [incarnatione
1775 4176 1790 4201 ,

213 4222 301 4290 qui
330 4222 767 4287 desiderabatur,
803 4226 1195 4279 connuentario
1227 4226 1576 4295 locupletata.

281 4313 492 4369 Prmter
528 4329 593 4368 ea
624 4358 638 4380 ,
689 4333 808 4384 qttx
851 4317 904 4370 iu
941 4317 1099 4372 titulo
1136 4320 1397 4388 promissa
1430 4330 1554 4374 sunt
1583 4362 1598 4386 ,
1650 4335 1791 4375 novo

210 4406 367 4460 etiam
398 4407 598 4461 ordine
626 4407 836 4476 singula
879 4422 1001 4463 sunt
1042 4411 1326 4479 disposita.
1361 4411 1453 4468 Sic
1484 4423 1602 4480 post
1634 4412 1792 4466 Insti-

208 4499 428 4552 tntianes
476 4502 661 4553 statim
711 4499 1026 4556 Collationcs
1075 4519 1196 4558 cum
1250 4504 1498 4559 Doctrina
1547 4506 1786 4574 Dionysii

206 4587 392 4643 Cartb.
439 4600 492 4643 et
523 4590 773 4659 Prospcri
821 4593 960 4647 libro
986 4597 1054 4647 de
1086 4595 1265 4649 Gratia
1300 4606 1618 4665 sequuntur.
1662 4597 1792 4653 Post

205 4695 323 4748 qum
353 4691 559 4735 inserta
587 4691 716 4736 sont
747 4682 995 4738 Calestini
1023 4702 1170 4756 papa:
1206 4703 1298 4754 pro
1327 4685 1582 4756 Prospero
1604 4697 1651 4740 et
1685 4687 1784 4740 lli-

201 4772 366 4830 lario.
409 4774 476 4826 de
505 4771 689 4828 Gratia
721 4774 816 4829 Dei
845 4779 1060 4847 epistola
1108 4780 1175 4830 ad
1215 4779 1461 4846 quosdam
1498 4779 1782 4834 Galliarum

203 4867 500 4936 episcopos,
536 4869 666 4922 item
697 4865 927 4923 Canones
967 4872 1173 4924 concilii
1199 4871 1407 4924 secundi
1439 4871 1745 4925 Arausicani
1765 4915 1779 4937 ,

201 4960 336 5011 circa
362 4970 590 5028 tempora
630 4958 818 5014 Leonis
856 4978 1004 5032 papa:
1035 4965 1187 5032 primi
1217 4966 1279 5016 de
1318 4964 1480 5018 libero
1505 4967 1730 5019 Arbitrio
1758 5011 1774 5034 ,

200 5062 329 5109 etc..
358 5062 413 5104 et
437 5049 502 5103 Β.
538 5052 782 5121 l’rosperi
801 5055 1017 5124 epistola
1039 5055 1106 5107 ad
1132 5057 1492 5126 Augustinum.
1526 5057 1642 5112 Mox
1670 5075 1781 5113 rur-

199 5159 288 5197 sus
316 5154 437 5209 po-t
468 5143 697 5214 Cuycbii
736 5154 792 5199 et
831 5147 1096 5200 Ciacconii
1141 5148 1551 5203 tbservaliones
1586 5150 1779 5220 legitur

200 5242 507 5296 postremum
530 5234 594 5286 de
619 5233 853 5288 Cassiani
882 5238 1114 5290 doctrina
1145 5238 1574 5292 Annommentum
1605 5257 1777 5295 excer-

197 5335 339 5389 ptum
359 5340 422 5377 ex
452 5323 638 5378 Didaci
669 5325 881 5379 Alvarea
905 5325 994 5379 lib.
1023 5326 1208 5391 tDisp.
1240 5329 1292 5384 2.
1332 5328 1358 5399 ᾗ
1389 5332 1445 5392 5.
1473 5331 1536 5384 de
1556 5330 1774 5386 Auxiliis

192 5416 377 5469 divinae
413 5419 594 5486 gratia:
632 5427 679 5470 et
723 5417 910 5472 viribus
938 5417 1084 5473 liberi
1113 5423 1332 5475 arbitrii.
1378 5423 1510 5476 Tum
1555 5425 1770 5480 demum

193 5508 317 5562 libri
354 5509 443 5563 VII
470 5510 540 5563 de
563 5510 963 5574 Incarnatione,
997 5511 1198 5582 Regula
1234 5516 1291 5568 S.
1329 5516 1623 5583 Pachumii,
1654 5517 1774 5574 Flo-

192 5612 275 5650 res
307 5615 368 5650 es
403 5597 672 5653 Cassiano
699 5615 865 5669 usque
895 5601 960 5654 ad
996 5602 1203 5657 Indices
1233 5606 1556 5661 exhibentur
1585 5610 1770 5664 exulo-

187 5686 258 5738 εἰ»
285 5689 352 5740 ab
378 5689 479 5742 hoc
503 5705 757 5758 corpore,
782 5705 899 5758 qua:
922 5707 987 5746 ex
1013 5695 1278 5748 contentis
1303 5699 1487 5762 prince
1517 5699 1770 5753 editionis

189 5779 235 5829 in
268 5782 370 5831 two
403 5799 546 5832 num
577 5782 811 5836 i-lcztclto
844 5782 1057 5838 desunt.
1093 5785 1292 5838 Tutus
1316 5803 1352 5849 p
1391 5805 1415 5838 r
1445 5791 1650 5854 singula
1683 5809 1768 5844 ra-

1903 3315 2025 3358 esse
2057 3316 2128 3358 ex
2161 3304 2335 3360 nitore
2363 3315 2612 3376 typoruin
2639 3315 2694 3362 et
2734 3307 2926 3373 insigni
2955 3306 3305 3364 Westeniano
3331 3306 3384 3361 in
3410 3309 3482 3362 tl-

1902 3396 2016 3449 tulo
2046 3393 2308 3464 impresso
2347 3397 2676 3467 colligimus.
2723 3397 2926 3454 Charta
2972 3409 3148 3454 tamen
3177 3413 3371 3470 aspera
3400 3406 3483 3454 est

1899 3493 1953 3537 et
1983 3484 2167 3539 cruda.

2499 3581 2562 3630 ll.
2594 3582 2878 3634 Versiones.

2617 3665 2773 3720 1565.

1978 3752 2220 3818 l’enesia,
2283 3771 2372 3820 per
2430 3755 2507 3810 Μ.
2569 3756 2951 3822 Tramessiao;
3008 3759 3182 3813 ,ιι-4ο.
3247 3778 3266 3811 t
3301 3763 3476 3829 Opera

1898 3843 1950 3898 di
1974 3844 2235 3900 Cassiano
2270 3846 2505 3900 Eremita
2534 3847 2676 3902 delle
2701 3847 3047 3903 Costitutioni
3079 3861 3131 3905 et
3156 3849 3375 3920 Origine
3395 3851 3479 3906 de'

1899 3935 2140 3991 Monacbi
2160 3976 2177 4002 ,
2205 3953 2236 3992 e
2261 3937 2345 3992 de‘
2370 3937 2594 3994 Reinedi
2623 3954 2654 3994 c
2681 3940 2856 3994 Cause
2887 3942 2940 3993 di
2971 3947 3092 3994 tutti
3132 3943 3144 3996 i
3179 3943 3307 4009 viai,
3340 3941 3480 3998 dove

1895 4029 1939 4082 si
1968 4030 2212 4085 recitatio
2239 4031 2606 4100 ventiquattro
2633 4033 3030 4102 ragionanienti
3059 4034 3145 4089 de‘
3177 4034 3345 4089 nostri
3381 4047 3479 4089 an-

1896 4121 2024 4174 tichi
2070 4120 2226 4176 Padri
2260 4162 2275 4176 .
2301 4164 2316 4179 .
2347 4162 2360 4176 .
2405 4121 2637 4178 tradotta
2691 4139 2785 4192 per
2834 4122 2926 4176 Fr.
2974 4123 3250 4180 Benedetto
3293 4123 3468 4194 Βυῃὶη

1895 4212 2138 4269 Eremita
2181 4215 2265 4270 de'
2303 4215 2598 4272 Camaldoli
2631 4216 2685 4273 di
2730 4218 2920 4272 Latino
2968 4221 3020 4272 iu
3047 4219 3316 4288 volgare.»
3352 4218 3465 4272 Cat.

1895 4305 2031 4362 Bibl.
2066 4307 2312 4364 Casanat.

2610 4402 2764 4457 1665.

1968 4491 2158 4560 Paris,
2234 4496 2358 4549 chez
2419 4495 2636 4551 Charles
2711 4497 2984 4560 Sauream;
3059 4499 3226 4552 ενι-8ο.
3311 4517 3329 4550 ι
3363 4498 3466 4553 Les

1893 4583 2254 4641 Cutilérences
2284 4587 2352 4641 de
2397 4584 2620 4643 Cassien
2671 4587 2930 4643 traduites
2976 4603 3042 4643 en
3081 4588 3320 4655 {rationis
3368 4605 3468 4658 par

1895 4675 1970 4730 De
2017 4675 2294 4750 Saligny.»
2331 4677 2443 4733 Cat.
2477 4677 2614 4733 Bibl.
2649 4678 2776 4751 Reg.
2815 4679 2993 4735 Paris.
3038 4681 3296 4736 Eamdem
3350 4696 3471 4735 ver-

1891 4771 2095 4822 sionem
2129 4768 2196 4824 ab
2220 4769 2412 4824 eodem
2453 4769 2746 4840 bibliopola
2775 4787 2824 4824 a.
2861 4771 2995 4828 1665
3020 4771 3063 4825 ll
3100 4773 3257 4826 tomis
3300 4774 3463 4826 eruis-

1889 4876 2002 4914 sam
2020 4859 2133 4916 Cat.
2162 4860 2301 4917 Bibl.
2331 4849 2655 4926 Telleriante.
2683 4880 2780 4917 nec
2812 4881 2917 4918 non
2941 4865 3101 4919 aliam
3135 4865 3291 4919 1682.
3325 4865 3462 4933 Lug-

1887 4954 2015 5007 duni
2050 4969 2140 5023 ap.
2169 4952 2258 5008 Jo.
2295 4953 2487 5009 Matth.
2523 4954 2806 5010 Martinam
2839 4957 2879 5010 ll
2911 4957 3084 5022 tomis,
3119 4957 3289 5011 Catal.
3317 4954 3457 5008 Bibl.

1890 5045 2136 5102 Casanat.
2195 5047 2433 5103 laudant.
2475 5049 2778 5104 Observaut
2819 5050 3149 5105 Benedictini
3196 5049 3458 5102 Collatia-

1888 5154 2009 5192 neui
2041 5139 2154 5193 ΧΗΙ
2193 5155 2224 5194 a
2258 5141 2568 5196 traductore
2605 5142 2765 5210 juslis
2810 5144 2874 5198 de
2927 5143 3105 5197 causis
3150 5157 3270 5196 esse
3310 5155 3454 5194 rese-

1882 5248 1909 5286 C
1917 5242 2040 5287 13111.

2587 5329 2743 5384 1667.

1956 5413 2106 5469 Paris
2133 5456 2146 5480 ,
2202 5414 2322 5469 cites
2369 5415 2464 5471 Cll.
2519 5417 2795 5486 Sacrata;
2861 5421 3027 5475 iii-8°.
3089 5439 3106 5471 ε
3139 5419 3242 5474 Lcs
3293 5418 3452 5474 lasti-

1878 5509 2076 5561 tutions
2107 5506 2174 5562 de
2204 5508 2422 5562 Cassien
2456 5509 2712 5564 Iratluitcs
2745 5527 2811 5563 en
2845 5510 3084 5576 francois
3120 5527 3214 5580 par
3246 5511 3315 5562 De
3349 5511 3450 5564 So-

1875 5601 2033 5670 ligny.
2052 5619 2069 5650 ι

2495 5694 2579 5746 Ill.
2606 5695 2819 5745 Codices.

1947 5798 2038 5850 llic
2091 5813 2184 5852 eos
2217 5799 2550 5854 solummodo
2577 5810 2764 5854 notare
2797 5800 2952 5864 licet,
3005 5816 3138 5866 quos
3187 5802 3441 5868 Ctvyrlir'us
