4026 6334
1347 194 1438 266 Ab
1475 207 1706 268 orcus
1743 197 2024 270 tenuius
2063 199 2368 273 ("355$th
2415 220 2933 280 .notuooucus.
3707 235 3770 286 et

516 341 795 406 Adhibuit,
844 338 1042 409 quippe
1081 352 1171 407 qui
1206 351 1311 390 non
1344 352 1517 390 SOIHm
1550 352 1655 391 non
1699 337 1804 392 sibi
1847 337 1926 390 Τις
1969 353 2089 392 esse
2124 346 2160 400 Α
2191 341 2322 392 dere
2340 341 2529 408 agitur,
2555 358 2667 410 qut?
2693 359 2914 394 trtuxtnte
2937 326 3158 411 antiquis
3179 333 3480 399 ecodicibus
3505 355 3550 399 el
3576 337 3724 400 scht'tl
3752 368 3768 397 ς

515 433 746 489 tradidit
771 433 1002 488 lemures
1025 445 1242 497 cetare.
1272 431 1362 486 ubi
1393 441 1446 486 et
1471 446 1579 502 quo
1602 431 1726 501 jure
1763 446 1793 485 a
1826 446 1884 486 se
1911 441 2091 486 textus

516 535 748 580 nmtatus
777 524 877 592 sit,
913 523 1056 595 quod
1088 539 1192 578 non
1227 523 1328 578 nisi
1361 522 1616 578 omnibus
1659 538 1790 578 mss.
1819 525 2091 594 exempla-

517 619 663 674 ribus
708 617 1180 673 consentientibus
1211 616 1373 680 fecit,
1403 616 1499 670 sed
1535 617 1696 671 etiam
1742 617 1886 672 ultro
1917 619 2091 672 varias

517 711 796 772 lectiones.
829 710 898 764 de
923 708 1123 779 quibus
1150 707 1265 778 ipse
1287 715 1528 764 statuere
1553 725 1658 762 non
1685 707 1932 772 auderet,
1960 709 2092 764 alto-

520 819 636 858 t'tttn
676 802 868 873 judicii
908 801 1196 858 exercde
1241 803 1412 871 gratia
1442 802 1712 870 apposuit.
1743 799 1881 855 Sunt
1908 810 2088 855 autem

516 901 742 949 numero
769 906 888 957 sex,
914 906 1051 963 quos
1078 892 1390 948 describere
1435 903 1612 949 tamen
1660 904 1764 947 non
1813 893 2086 948 sustinuit.

515 986 552 1038 l.
593 983 777 1038 Codex
816 983 1187 1055 Aﬁliginiensis
1215 982 1447 1038 abbatis:
1468 984 1522 1037 in
1553 977 1864 1037 Brabanlia.

511 1077 572 1127 tl.
603 1071 785 1129 Codex
809 1073 1190 1129 canonicorum
1215 1074 1389 1142 regul.
1415 1073 1468 1128 in
1492 1071 1852 1128 Corsentlonclt
1879 1073 1932 1128 in
1959 1073 2090 1129 Bra-

585 1165 784 1220 bantia.

511 1254 598 1308 lli.
629 1255 814 1311 Codex
852 1254 1226 1310 Bethleentitici
1271 1256 1568 1310 monasterii
1613 1257 1930 1312 canonicor.
1968 1271 2084 1326 reg.

581 1356 749 1417 prope
776 1347 1094 1403 Lovanium.

513 1439 596 1492 lY.
640 1437 824 1494 Codex
869 1441 1118 1496 canonic.
1169 1441 1340 1510 regal.
1376 1439 1430 1494 in
1461 1438 1630 1494 Buteo
1676 1437 1889 1494 Domini
1933 1437 2090 1494 Isaac

580 1547 749 1600 prepe
777 1531 1059 1587 Nivellam.

515 1622 547 1674 ν
559 1663 570 1675 .
611 1623 792 1679 Codex
838 1621 1225 1678 Plantinianust

2189 436 2408 503 pendeat
2432 475 2448 495 ,
2477 435 2527 486 in
2559 434 2744 501 quibus
2767 452 2857 507 per
2884 452 3044 490 annos
3067 437 3184 503 plus
3207 439 3476 492 duodecim
3498 439 3763 510 diligentia

2191 538 2348 591 quam
2373 525 2601 578 maxima
2629 527 2833 579 assidue
2862 538 3091 581 uersatus
3120 545 3231 581 sum
3257 539 3304 583 et
3325 539 3503 584 nactus
3528 547 3640 584 sum
3669 531 3764 584 Tu-

2193 614 2392 669 bulariu
2417 633 2538 671 sane
2561 634 2713 686 quam
2739 619 3000 674 luculenta
3031 623 3192 692 iisque
3222 623 3547 689 potissimum
3575 626 3762 678 instru-

2192 715 2273 758 cta
2301 709 2663 771 monumentis,
2693 709 2876 777 quibus
2905 713 3200 764 monasterii
3230 712 3293 768 8.
3333 713 3556 768 Victoris
3583 714 3763 768 Massi-

2190 798 2365 851 liensis
2409 801 2621 868 ejusque
2673 802 2984 867 patriarcha
3021 813 3068 856 et
3108 805 3390 859 conditoris
3437 806 3498 861 8.
3533 805 3767 860 Cassiani

2191 891 2337 945 initia
2361 892 2586 960 ﬁdeliter
2611 904 2658 948 et
2685 896 2889 965 copiose
2912 897 3168 968 explicata
3210 911 3602 952 conservantur.
3642 901 3766 966 Qui-

2193 983 2287 1037 bus
2317 983 2435 1036 item
2465 984 2700 1051 partibus
2729 987 2793 1040 sit
2819 988 3036 1054 auctior,
3066 989 3221 1058 facile
3245 1000 3322 1043 est
3343 990 3586 1062 colligere
3616 1001 3661 1044 et
3678 995 3767 1063 ju-

2191 1073 2362 1126 dicare
2385 1087 2449 1126 εκ
2474 1077 2983 1143 commentariorum,
3014 1095 3140 1146 quos
3167 1080 3219 1133 in
3249 1080 3416 1134 lucent
3445 1082 3597 1134 edere
3620 1081 3768 1134 insti-

2191 1164 2412 1229 tuintus,
2439 1169 2749 1221 accessione.
2793 1169 2961 1222 Vitam
3001 1171 3060 1225 8.
3095 1171 3333 1227 Cassiani
3352 1184 3401 1228 et
3425 1190 3503 1227 res
3524 1175 3770 1244 prteclare

2188 1266 2352 1326 gestas
2377 1258 2462 1311 vix
2486 1259 2549 1312 ab
2577 1260 2834 1316 historicis
2854 1264 3103 1316 veteribus
3129 1263 3380 1318 delibutas
3421 1275 3468 1319 et
3498 1265 3688 1334 majori
3709 1280 3771 1318 es

2189 1356 2336 1416 parte
2364 1349 2630 1418 ignoratus
2667 1366 2731 1404 ea:
2757 1354 2872 1422 ejus
2917 1354 3119 1424 scriptis
3144 1353 3366 1418 ﬁdeliter
3389 1353 3633 1408 collectas
3663 1356 3770 1421 pri-

2189 1453 2273 1492 mo
2309 1441 2675 1494 commentario
2719 1441 2770 1494 in
2798 1443 2961 1496 multa
3004 1444 3176 1511 capita
3205 1444 3589 1515 descripsimus.
3637 1443 3769 1498 Tum

2189 1530 2404 1584 alterunt
2429 1531 2764 1599 subiecimus,
2796 1535 2848 1586 in
2879 1549 2978 1605 quo
3005 1537 3322 1606 apertissime
3343 1535 3672 1606 redarguitur
3693 1536 3773 1590 iri-‘-

2189 1621 2662 1676 consideratissinta
2688 1625 3032 1692 quorumdam
3061 1627 3343 1694 tenteritas,
3374 1642 3491 1696 qua:
3517 1624 3617 1679 sibi
3649 1636 3771 1680 tan-

579 1715 795 1772 Utlnam
831 1725 958 1771 \‘ero
987 1712 1292 1772 Ciacconius
1319 1725 1535 1788 quoun
1563 1729 1699 1784 acto,
1729 1732 1867 1786 quos
1895 1727 2084 1774 contu.
2117 1711 2159 1772 Β
2187 1722 2295 1765 tum
2331 1716 2422 1784 jus
2450 1716 2688 1767 censendi
2719 1725 2766 1768 et
2786 1717 3072 1787 judicandi
3111 1717 3176 1770 de
3203 1721 3532 1785 antiquorum
3559 1719 3770 1789 scriptis

512 1810 634 1864 lisse
679 1811 954 1877 professus
999 1817 1114 1872 est,
1173 1807 1454 1864 Vaticanos
1496 1808 1715 1865 codices
1760 1809 1866 1865 hoc
1892 1810 2086 1866 saltem

511 1901 672 1956 modo
703 1900 1016 1956 indicasset.

1251 1991 1339 2047 iV.

576 2081 861 2143 Postremo
889 2088 1011 2140 loco
1039 2087 1197 2141 nobis
1238 2087 1748 2143 commemorandus
1791 2088 1894 2142 erit
1926 2086 2085 2150 liber,

507 2181 660 2250 cujus
686 2178 829 2235 seria
857 2180 1072 2250 quidem
1102 2178 1370 2251 professio
1408 2195 1472 2235 ea
1517 2180 1646 2246 fuit,
1681 2189 1737 2235 ut
1767 2179 2085 2234 Cassianum

511 2280 630 2338 post
655 2270 896 2326 omnium
927 2272 1273 2342 superiorum
1321 2272 1589 2326 editorum
1635 2271 1848 2325 labores
1871 2312 1887 2336 ,
1919 2284 2085 2322 corre-

509 2363 714 2419 ctiorem
745 2364 986 2427 tandem,
1019 2365 1404 2433 locupletiorem
1444 2372 1490 2416 et
1533 2364 1815 2416 auctiorem
1846 2363 2086 2421 sisteret.

508 2455 601 2511 sed
625 2457 780 2526 cujus
807 2466 994 2509 auctor
1026 2463 1364 2525 nequaquam
1395 2466 1512 2508 eam
1539 2497 1551 2520 ,
1581 2467 1742 2522 quam
1771 2451 1872 2507 sibi
1901 2467 2088 2520 spera-

509 2555 596 2604 bat
620 2551 848 2622 gratiam
881 2550 1018 2620 apud
1042 2549 1232 2605 doctos
1264 2547 1404 2602 iniit.
1427 2547 1505 2602 En
1541 2546 1756 2600 titulum
1789 2563 1804 2598 :
1835 2545 1896 2600 S.
1925 2544 2086 2598 Joan-

509 2658 596 2694 nes
643 2641 919 2695 Cassianus
963 2640 1277 2705 illustratus,
1326 2640 1429 2692 sire
1457 2637 1807 2710 Chronologia
1859 2635 1988 2690 Vita:
2021 2635 2086 2691 S.

507 2733 725 2786 Ioannis
749 2730 987 2787 Cassiani
1019 2732 1246 2800 abbatis,
1273 2741 1322 2786 et
1351 2729 1644 2784 monasterii
1676 2729 1736 2784 8.
1777 2727 1998 2782 Victoris
2025 2727 2087 2780 ab

507 2823 682 2875 eadem
729 2821 978 2876 Massilia:
1005 2823 1228 2888 conditi,
1260 2821 1524 2892 primaria:
1570 2822 1702 2873 inter
1733 2818 2087 2873 Occidentalia

507 2913 734 2967 ctrttobia
759 2915 1102 2983 antiquitatis,
1131 2913 1194 2965 ab
1222 2928 1356 2966 anno
1377 2910 1568 2966 Christi
1592 2907 1886 2966 CCCCXX.
1915 2908 2087 2981 Opera

507 3017 561 3058 et
603 3005 776 3059 studio
816 3005 875 3059 Ρ.
923 3005 1151 3061 Joannis
1195 3003 1452 3072 Baptista:
1502 3001 1752 3058 Cusssu
1790 3002 2083 3073 Aquensis,

2190 1809 2478 1876 usurpavit,
2511 1817 2563 1859 ut
2589 1823 2652 1860 ex
2675 1808 2837 1878 ipsius
2865 1808 3100 1862 Cassiani
3129 1811 3344 1881 egregiis
3389 1811 3770 1866 lucubrationi-

2189 1901 2301 1965 bus,
2326 1909 2513 1968 prtzter
2551 1917 2612 1955 ea
2641 1917 2754 1969 qua:
2779 1903 2839 1957 8.
2870 1901 3099 1971 Prosper
3118 1906 3244 1974 jure
3272 1903 3462 1970 refellit
3499 1912 3546 1956 et
3575 1905 3771 1958 erroris

2188 1991 2450 2062 coarguit,
2496 2007 2736 2062 magnam
2781 2001 2982 2061 partem
3023 2008 3115 2060 pro
3173 1993 3388 2046 libidine
3437 2003 3528 2046 aut
3562 1993 3778 2062 indigne

2188 2083 2408 2135 resecari
2437 2082 2715 2149 voluerint,
2746 2091 2835 2136 aut
2871 2083 3035 2144 illius.
3062 2085 3242 2154 quales
3285 2101 3421 2138 nunc
3460 2093 3581 2138 sunt
3605 2127 3620 2153 ,
3671 2102 3777 2141 non

2188 2191 2294 2229 esse
2335 2177 2725 2230 reclantaverint
2757 2186 2912 2243 atque
2935 2177 3042 2230 suis
3073 2178 3307 2245 ipsorum
3340 2179 3570 2230 censuris
3600 2177 3779 2230 ranis-

2187 2285 2288 2338 que
2328 2270 2628 2322 commentis
2671 2269 2724 2322 in
2770 2269 2977 2337 infimas
3018 2270 3194 2323 vilium
3225 2271 3540 2338 scriptorum
3586 2269 3778 2324 classes

2189 2361 2494 2431 redegerint.
2545 2360 2775 2414 Alterum
2835 2362 2899 2414 de
2951 2363 3064 2431 ejus
3119 2362 3286 2432 glaria
3342 2363 3777 2415 commentarium

2190 2470 2316 2506 noz'o
2347 2453 2571 2522 quodam
2599 2452 2756 2505 modo
2787 2453 2942 2506 veluti
2983 2469 3235 2505 suntmam
3278 2455 3556 2523 quamdam
3581 2455 3773 2522 operis,

2188 2561 2362 2598 rerum
2402 2553 2789 2614 temporumque
2817 2545 3000 2597 ordine
3037 2555 3257 2610 seruato,
3305 2553 3604 2598 contextum
3637 2543 3776 2597 calci

2188 2636 2345 2707 hujus
2367 2637 2489 2688 tanti
2509 2633 2536 2688 I
2552 2638 2619 2704 t?)
2641 2637 2944 2707 adjecimus,
2963 2645 3017 2689 ut
3036 2637 3211 2704 palam
3231 2636 3322 2704 ﬁat
3347 2637 3398 2688 in
3425 2650 3512 2688 ore
3535 2637 3776 2688 omnium

2188 2727 2394 2798 quantis
2448 2743 2556 2798 pra:
2607 2729 2876 2781 sanctitate
2926 2738 2972 2779 et
3002 2727 3235 2780 doctrina
3279 2728 3443 2779 virum
3492 2741 3778 2796 proseque-

2188 2829 2330 2873 retur
2373 2818 2648 2873 honoribus
2691 2837 2750 2872 ac
2778 2819 2964 2874 studiis
3001 2819 3246 2873 Ecclesia.
3305 2818 3574 2871 Voluimus
3617 2820 3778 2872 etiam

2187 2912 2459 2966 inusitatas
2483 2914 2593 2965 vias
2615 2912 2886 2982 indagare,
2925 2914 3071 2964 tritas
3103 2912 3389 2978 relinquere
3418 2913 3776 2977 interpretan-

2190 3003 2242 3055 di
2269 3005 2380 3073 ejus
2409 3005 2686 3057 sententias
2715 3019 2778 3057 ea;
2805 3001 3175 3056 consuetudine
3215 3003 3441 3055 aliorum
3489 3000 3778 3056 Doctorum

511 3099 745 3170 theologi
772 3115 802 3154 e
829 3097 1100 3154 Societate
1145 3098 1292 3154 Jesu.
1339 3099 1548 3153 Accedit
1580 3096 1842 3153 Elenchus
1881 3110 2088 3154 sancto—
2113 3077 2156 3136 (ἶ
2190 3096 2242 3147 in
2269 3096 2612 3164 explanandis
2658 3095 2854 3149 caeteris
2885 3093 3156 3159 Patribus,
3205 3111 3294 3149 nec
3323 3096 3563 3150 metiendi
3593 3112 3682 3149 eas
3725 3108 3780 3149 ut

508 3205 644 3254 runt,
665 3193 995 3260 virorumque
1011 3191 1290 3246 illustrium
1312 3201 1360 3243 et
1383 3189 1723 3256 abbatiarum,
1741 3191 2084 3259 prioratuum,

508 3280 788 3356 cellarum,
835 3284 1164 3336 ecclesiarum
1211 3282 1274 3334 ab
1320 3282 1496 3336 eodem
1541 3283 1853 3336 monasterio
1882 3283 2088 3352 depen-

509 3373 764 3427 dentium.
799 3372 932 3427 Item
976 3374 1369 3429 Unontastlc‘um
1391 3390 1561 3429 rerum
1581 3384 1628 3429 et
1659 3377 1924 3428 verborum
1953 3375 2088 3445 difﬁ-

510 3464 744 3517 ciliorum
798 3464 852 3517 in
911 3465 1304 3518 Commentariis
1365 3463 1427 3520 S.
1488 3462 1745 3519 Cassiani.
1816 3464 2084 3537 Lugduni,

512 3565 701 3626 sumpt.
724 3557 938 3610 Antonii
968 3554 1175 3612 Cellier.
1224 3556 1382 3624 1652,
1411 3557 1580 3611 ἱηοιο.

579 3646 722 3702 Cave
748 3661 878 3700 vero
908 3662 975 3702 ne
1003 3647 1129 3716 quid
1159 3647 1335 3701 simile
1359 3646 1437 3701 illi
1469 3662 1650 3716 operae
1670 3647 1758 3702 hic
1780 3660 2086 3717 exspectes,

509 3748 666 3804 quam
691 3736 794 3792 sub
818 3737 1006 3792 eadem
1030 3740 1326 3809 epigraplte
1354 3738 1657 3796 Cltilllctius
1675 3744 1890 3795 navavit
1910 3741 2086 3796 Pauli—

511 3847 578 3884 no
607 3829 835 3886 Nolano.
882 3831 1103 3887 Scilicet
1131 3847 1250 3902 qua:
1289 3832 1355 3886 ad
1389 3833 1776 3889 MonaSterium
1818 3843 2088 3904 spectant,

508 3935 570 3974 ca
598 3920 810 3990 quidem
855 3925 987 3975 satis
1019 3923 1156 3978 bene
1185 3937 1244 3977 se
1275 3923 1512 3987 habent,
1550 3934 1606 3978 ut
1649 3925 1716 3979 ab
1760 3935 1985 3980 auctore
2035 3927 2088 3979 in

517 4013 596 4063 tuis
643 4013 802 4066 rebus
833 4012 1136 4068 diutissime
1162 4023 1373 4069 versato
1398 4023 1456 4069 et
1483 4014 1829 4072 documentis
1858 4017 2091 4072 vetustis

512 4107 816 4160 abundatth
843 4107 1145 4175 chpe‘ctari
1170 4107 1459 4177 potest(a).
1476 4107 1584 4164 Sed
1612 4124 1732 4178 qua:
1753 4110 1820 4164 de
1841 4107 2089 4164 Cassiani

521 4197 624 4250 \ita
649 4197 887 4259 disserit,
915 4198 1115 4268 ingenii
1141 4213 1200 4253 se
1226 4199 1400 4270 ipsum
1428 4200 1664 4256 ludentis
1691 4201 1940 4272 ﬁgmenta
1968 4213 2093 4258 sunt

513 4298 566 4340 rt
591 4289 792 4342 dudum
825 4291 892 4342 ah
923 4290 1176 4344 omnibus
1199 4290 1444 4360 explosa.
1474 4291 1605 4360 Qua:
1634 4308 1770 4347 nova
1795 4303 1971 4348 autem
2002 4309 2086 4347 su-

516 4397 609 4445 per
658 4381 901 4434 Cassiani
954 4382 1200 4436 doctrina
1251 4382 1528 4447 attulerit,
1559 4385 1764 4454 Optime
1808 4400 1872 4440 es
1922 4387 2087 4454 ipsius

517 4473 693 4524 verbis
725 4472 1013 4542 intelliges.
1051 4473 1271 4528 Fatetur
1297 4473 1627 4542 Cuesnaius,
1659 4490 1881 4546 operam
1912 4477 2086 4533 edito-

516 4576 630 4615 rum
661 4561 904 4618 CnSsiani
932 4579 1038 4618 non
1061 4565 1304 4634 laudare,
1335 4565 1502 4621 animi
1529 4582 1652 4622 esse
1680 4568 1875 4638 ingrati
1902 4585 1916 4625 :
1948 4575 2088 4622 atta-

515 4669 635 4709 men
686 4655 923 4710 nondum
971 4657 1044 4712 ita
1087 4657 1335 4728 dignitati
1386 4659 1534 4714 illum
1585 4674 1707 4716 esse
1755 4663 2086 4728 restitutum,

515 4749 638 4811 quin
670 4765 739 4803 ne
771 4749 947 4818 perire
973 4751 1190 4819 quidem
1222 4752 1383 4808 tacite
1408 4753 1745 4824 obscureque
1773 4754 1925 4823 plura
1947 4755 2000 4809 in
2027 4769 2094 4810 co

519 4847 716 4897 genere
763 4834 1180 4900 concederetur,
1234 4846 1288 4890 ct
1335 4837 1474 4892 alios
1516 4847 1782 4908 pra-terea
1827 4841 2013 4894 oculos
2042 4849 2098 4894 et

520 4937 706 4978 tuanus
737 4927 1057 4994 postularet.
1090 4926 1241 4981 Nunc
1276 4942 1406 4998 ergo
1448 4943 1673 5000 sperare
1701 4944 1761 4984 se
1801 4932 2094 4986 correctio~

520 5033 629 5071 rem
661 5021 862 5080 multo,
896 5019 1307 5090 locupletiorem
1352 5029 1408 5076 et
1452 5021 1748 5078 auctiorem
1795 5039 1956 5092 quam
2005 5038 2094 5079 us-

521 5115 658 5175 piam
707 5122 861 5164 antea
902 5127 1025 5166 eum
1073 5113 1434 5182 proditurum.
1467 5113 1600 5168 Nam
1625 5114 1679 5167 id
1704 5115 1879 5169 videor
1909 5132 2056 5182 posse
2079 5161 2091 5179 ,

521 5202 715 5268 inquit,
751 5205 801 5256 in
833 5203 911 5257 his
939 5205 1295 5258 controuersiis
1319 5205 1456 5258 haud
1482 5216 1668 5260 temere
1691 5207 1946 5278 proﬁteri,
1973 5213 2097 5262 satis

523 5310 597 5345 me
618 5293 857 5346 idoneum
877 5296 1071 5348 censeri
1093 5304 1267 5350 testem
1287 5296 1492 5362 debere,
1514 5315 1822 5369 quamquam
1842 5299 1907 5353 tle
1917 5311 2097 5355 ctetero

512 5383 815 5437 'teutrt'talem
841 5398 1000 5439 meam
1025 5402 1190 5454 neque
1209 5387 1412 5458 ignoro,
1437 5405 1597 5458 neque
1617 5390 1840 5458 inﬁcior,
1854 5394 2096 5461 quoniam

548 5677 555 5684 .
584 5597 667 5686 la)
689 5587 835 5686 idem
859 5593 1022 5686 paulo
1049 5615 1169 5686 post
1197 5609 1584 5686 auctor-lactus
1606 5621 1688 5666 est
1712 5614 1912 5686 operis,
1945 5601 2086 5686 quod

515 5668 734 5730 Hirtium
776 5668 877 5729 ἰετὶ
932 5668 1163 5732 Massilia
1209 5679 1424 5734 Centilis
1455 5691 1500 5736 et
1531 5682 1723 5748 Sacra,
1751 5668 1816 5737 ἐἰ
1849 5668 2087 5756 Lugiinni

2187 3186 2398 3255 quidam
2429 3186 2624 3240 indocti
2652 3197 2741 3239 aut
2784 3186 3105 3256 longitudine
3150 3196 3240 3239 aut
3271 3187 3628 3240 contractione
3655 3204 3779 3240 ora—

2185 3278 2368 3342 tionis,
2394 3289 2483 3330 aut
2511 3278 2862 3348 ambiguitate,
2886 3288 2976 3331 aut
3003 3279 3300 3347 inﬂexione,
3333 3287 3422 3329 aut
3445 3277 3781 3330 immu‘atioé

2189 3386 2254 3424 ne
2295 3367 2585 3424 verborum.
2629 3370 2854 3423 Constat
2902 3384 3040 3438 opus
3069 3369 3267 3423 duobus
3311 3368 3485 3430 libris,
3534 3381 3779 3436 quorum

2189 3467 2384 3536 primus
2407 3465 2672 3533 capitibus
2696 3462 2856 3518 LXIV
2881 3463 3110 3534 Eﬁ‘iglem
3137 3463 3198 3518 S.
3216 3461 3472 3529 Cassiani,
3501 3461 3617 3514 sive
3650 3461 3782 3516 lde-

2187 3573 2275 3609 am
2310 3554 2440 3610 Vita!
2469 3555 2745 3626 Religion:
2775 3557 3049 3626 proponit,
3072 3557 3202 3609 alter
3216 3555 3284 3610 de
3311 3552 3492 3609 Gloria
3515 3563 3562 3608 et
3595 3551 3782 3608 Beati-

2190 3648 2374 3702 tudine
2396 3647 2642 3718 ejusdem
2679 3647 2846 3701 XXIX
2874 3647 3144 3718 capitibus
3171 3647 3303 3717 agit.
3354 3651 3530 3716 Atque
3565 3647 3650 3700 his
3695 3647 3780 3700 in-

2190 3741 2578 3808 scriptionibus
2629 3740 2888 3795 librorum
2936 3741 3066 3794 satis
3112 3749 3348 3794 mentem
3397 3753 3549 3792 suam
3582 3737 3782 3794 decisa

2191 3847 2340 3887 rasse
2373 3831 2538 3886 videri
2569 3844 2758 3884 auctor
2789 3830 2979 3900 possit.
3009 3829 3141 3896 Qua:
3171 3829 3309 3899 frugi
3341 3829 3394 3883 in
3424 3830 3489 3883 iis
3514 3840 3680 3896 sunt,
3716 3849 3782 3886 ea

2193 3925 2360 3978 ferme
2380 3923 2729 3976 continentur
2757 3921 2808 3976 in
2845 3931 2969 3976 octo
3013 3920 3406 3990 posterioribus
3450 3919 3571 3974 libri
3615 3923 3783 3989 primi

2192 4015 2480 4085 capitibus,
2513 4026 2744 4084 quarum
2772 4014 2957 4068 titulos
2977 4014 3064 4068 hic
3104 4028 3459 4082 apponamus.
3507 4013 3787 4072 Videlicet

2193 4116 2354 4176 caput
2383 4107 2450 4161 57
2467 4107 2784 4161 inscribitur
2808 4105 2882 4160 De
2903 4104 3138 4160 Cassiani
3163 4106 3394 4174 scriptis.
3438 4105 3569 4159 Vera
3586 4118 3633 4159 et
3651 4106 3760 4180 legi

2193 4199 2319 4250 tima
2348 4195 2589 4252 Cassiani
2616 4212 2769 4268 opera
2788 4213 2904 4267 qua:
2933 4207 3131 4251 exstant
3155 4199 3180 4250 ?
3201 4195 3374 4266 Caput
3393 4197 3460 4251 58
3487 4215 3498 4250 ε
3530 4199 3662 4262 (tum
3683 4201 3759 4254 du

2191 4289 2275 4341 bin
2301 4299 2347 4341 et
2377 4290 2554 4360 sp:rria
2579 4290 2604 4342 Ζ)
2639 4288 2808 4357 Caput
2835 4290 2901 4344 59
2939 4308 2948 4340 :
2988 4291 3100 4354 Quo
3132 4289 3263 4350 loco.
3299 4299 3520 4360 tempore
3559 4300 3606 4342 et
3645 4292 3760 4347 idio

2195 4392 2330 4434 mute
2352 4382 2635 4448 scripserit.
2676 4381 2846 4450 Caput
2874 4383 2946 4436 60
2990 4399 3000 4434 :
3053 4381 3358 4434 llluslratur
3399 4380 3667 4450 lleligiosa
3704 4385 3790 4437 di-

2192 4474 2416 4542 sciplina
2452 4476 2752 4529 earumdem
2785 4474 3050 4542 prtecluris
3080 4472 3497 4528 Institutionibus
3532 4481 3578 4525 et
3609 4490 3791 4529 exent-

2198 4569 2318 4636 plis,
2363 4578 2408 4623 et
2436 4569 2658 4620 multum
2690 4569 2850 4634 pictas
2880 4569 3082 4635 publica
3108 4576 3448 4637 promovetur.
3481 4567 3657 4634 Caput
3678 4568 3746 4623 '6l
3772 4586 3788 4622 :

2199 4659 2508 4714 Collationes
2543 4659 2819 4729 publicane
2849 4657 3097 4712 Massilite
3133 4658 3360 4725 primum
3403 4666 3512 4710 tum
3550 4657 3680 4712 alibi
3707 4661 3794 4714 di-

2200 4754 2354 4808 versis
2399 4752 2708 4820 temporibus
2750 4753 2980 4822 ingentes
3024 4751 3243 4803 excitant
3271 4750 3561 4803 animorum
3587 4761 3790 4804 ntotus.

2201 4847 2373 4916 Caput
2401 4843 2472 4901 6‘2
2504 4865 2514 4896 :
2548 4847 2628 4898 An
2656 4846 2744 4898 ille
2770 4845 2904 4898 idem
2926 4845 3016 4915 qui
3043 4860 3075 4896 a
3103 4859 3197 4896 suo
3231 4846 3371 4912 fonte
3399 4843 3548 4912 [luxit
3575 4838 3800 4897 Cassia.

2203 4957 2322 5004 nus,
2363 4939 2609 4993 doctrina:
2657 4940 2850 5008 integer
2889 4954 2950 4990 ac
2991 4937 3162 4990 litura:
3195 4953 3354 5004 purus
3395 4935 3464 4988 ad
3494 4949 3585 4986 nos
3627 4949 3800 5000 usque

2206 5030 2494 5098 pervenerit
2519 5031 2542 5082 ?
2565 5029 2721 5096 Quod
2753 5038 2938 5084 contra
2967 5027 3256 5082 Bar0nium
3289 5025 3568 5080 asseritur.
3608 5024 3800 5095 Caput

2201 5121 2304 5178 63:
2337 5120 2417 5174 An
2447 5121 2652 5186 aliquos
2680 5119 2913 5172 habuerit
2939 5117 3218 5171 Cassianus
3240 5115 3508 5169 benevolos
3545 5129 3605 5165 ac
3647 5117 3801 5169 beni-

2201 5227 2325 5283 gnos
2356 5213 2654 5279 interpretes
2682 5227 2742 5265 ac
2768 5212 3080 5281 defensores.
3108 5210 3204 5262 ιω
3231 5209 3384 5277 longa
3407 5205 3578 5260 series
3600 5204 3802 5265 Tlteo-

2204 5307 2444 5373 lugorum
2497 5315 2841 5368 receusctur,
2887 5318 3008 5370 quat
3045 5302 3222 5356 minus
3261 5305 3421 5354 caute
3465 5312 3494 5350 a
3523 5296 3804 5356 Cassiano

2203 5395 2477 5450 enuntiata
2523 5395 2577 5449 in
2624 5395 2902 5448 meliorem
2948 5405 3155 5461 partem
3205 5389 3554 5458 interpretari
3600 5405 3779 5447 conat

2195 5603 2332 5685 apud
2366 5603 2613 5673 eumdem
2641 5601 2991 5686 biblinpolntn
3041 5603 3237 5684 produt
3262 5658 3274 5682 ,
3331 5601 3490 5681 1657,
3525 5616 3715 5684 iit-fol.
