4026 6334
234 206 298 261 :5
1350 196 1722 263 Pataram)
1766 206 2044 260 ιιιιλιιιω
2082 196 2378 262 curauit.
3445 206 3520 263 ao

238 331 357 376 sunt
381 364 395 390 ,
440 322 604 392 cujus
648 326 867 393 quidem
908 326 1373 393 interpretationis
1418 324 1829 379 Fraternitateni
1864 332 1909 385 Α
1938 324 2057 389 bus,
2078 322 2171 394 qui
2202 337 2307 377 non
2335 322 2534 393 ubique
2557 320 2877 375 Cassianum
2903 318 3203 375 orthodoxa
3224 330 3417 390 sapere
3435 317 3519 377 fa-

239 415 358 469 .lesu
402 414 471 469 ab
516 416 673 471 omni
724 429 966 486 tempore
1010 427 1297 487 patronam
1352 432 1472 471 sese
1512 416 1825 471 exhibuisse

242 515 462 561 constat.
493 505 677 577 Caput
699 508 807 564 διε
836 508 1026 563 Errare
1052 508 1299 563 Doctores
1328 506 1582 563 Catholici
1614 520 1825 574 possunt

244 609 365 650 citra
382 599 591 653 Ituraeis
612 599 803 654 labem.
836 604 1008 671 Atque
1042 602 1129 655 hic
1157 600 1277 655 ﬁnis
1293 610 1376 655 est
1399 599 1561 655 totius
1576 599 1692 668 ejus
1716 598 1817 652 dis-

252 689 541 755 putationis
568 700 624 745 et
651 690 815 758 dicre,
842 709 1002 763 quam
1023 694 1073 747 in
1090 693 1439 761 verbissupra
1459 691 1637 747 allatis
1655 690 1832 745 omni-

1933 424 2171 482 teantur,
2197 413 2465 469 intendit:
2489 411 2912 477 Rationabiliter,
2938 410 3135 480 inquit,
3160 409 3399 465 debemus
3420 409 3521 467 Ca-

1934 506 2243 562 tholicorum
2272 506 2411 560 dicta
2451 506 2503 558 in
2534 505 2881 574 benigniorem
2926 512 3122 570 partem
3154 519 3308 572 quam
3337 518 3522 575 ροηιιρ

1935 614 2051 651 mus
2074 597 2402 666 interpretari
2430 613 2447 662 ;
2500 594 2857 649 haereticorum
2895 608 3012 647 vero
3050 594 3105 647 in
3134 596 3309 648 odium
3344 609 3522 649 eorum

1941 691 2221 758 perfectum
2242 678 2402 762 juxta
2428 691 2663 759 ipsorum
2693 687 2928 741 ha'resim
2956 689 3235 741 cstimare.

800 960 1408 1047 PREFATIO
1486 967 1596 1050 Β.
1674 967 1789 1048 D.
1872 965 2365 1049 HENRICI
2439 965 2969 1050 CUYCHII.

310 1242 420 1297 Non
450 1254 530 1297 est
557 1231 705 1313 apud
756 1258 843 1301 me
867 1236 1130 1312 dubium,
1188 1236 1455 1303 benevole
1503 1255 1560 1301 et
1606 1244 1833 1300 candide

245 1337 409 1389 lector
429 1376 443 1399 ,
468 1335 593 1404 quin
626 1335 869 1391 studium
894 1338 995 1394 hoc
1016 1347 1071 1393 et
1094 1326 1245 1393 labor
1266 1354 1423 1408 quem
1455 1340 1507 1392 in
1540 1338 1600 1392 D.
1629 1334 1835 1393 Joanne

242 1426 496 1480 Cassiano
528 1426 888 1495 illustrando,
932 1439 987 1484 et
1036 1438 1277 1487 veterum
1310 1430 1560 1486 codicum
1602 1416 1835 1485 auctori—

243 1525 348 1571 tale
369 1516 769 1575 abinnumeris
819 1520 1057 1589 mendis,
1109 1537 1229 1591 qua:
1274 1522 1357 1577 vel
1403 1524 1730 1593 scriptorum
1770 1537 1831 1577 ac

243 1608 699 1679 typographorum
728 1612 939 1667 incuria
960 1653 975 1678 ,
1005 1613 1092 1669 vel
1113 1614 1245 1669 alias
1273 1616 1341 1670 ob
1369 1630 1563 1671 causas
1599 1619 1831 1689 irrepse-

242 1708 390 1763 rant,
425 1703 774 1772 repurgando
821 1706 1367 1776 recognoscendoque
1397 1711 1827 1767 exantlavimus:

240 1790 376 1857 apud
407 1793 721 1861 complures
742 1836 757 1861 ,
783 1797 873 1866 qui
912 1800 1200 1852 Auctorem
1227 1799 1368 1855 hunc
1389 1810 1629 1857 nostrum
1661 1803 1831 1859 haere-

240 1881 356 1934 tica:
383 1880 522 1936 labis
546 1882 888 1955 insimulant,
919 1886 1330 1957 improbabitur.
1361 1890 1491 1945 Nam
1514 1900 1565 1946 et
1588 1892 1832 1949 Gelasius

243 1972 479 2038 pontifex
524 1972 655 2027 dist.
721 1970 854 2044 χν,
900 1992 1020 2049 cap.
1076 1978 1272 2035 Sancta
1328 1981 1560 2036 Romam:
1612 1983 1833 2040 Joanns

242 2063 481 2119 Cassiani
498 2061 764 2135 opuscula
781 2068 923 2125 inter
941 2071 1251 2143 apocrypha
1268 2081 1537 2128 numerat.
1562 2074 1630 2129 Et
1648 2076 1835 2131 bealUs

243 2156 479 2227 Prosper
506 2170 700 2215 contra
740 2161 955 2217 tertiam
984 2164 1247 2219 decimam
1295 2165 1685 2235 Collationem,
1715 2186 1833 2240 qua:

243 2246 546 2320 Pelagianae
571 2244 845 2309 haereseos
870 2256 1111 2325 reliquiis
1133 2272 1273 2327 pene
1297 2265 1405 2313 tota
1436 2275 1685 2330 reSpersa
1710 2270 1793 2317 est
1817 2305 1829 2322 .

245 2343 479 2396 libellum
511 2344 715 2411 edidit,
746 2346 833 2401 cui
858 2348 1070 2401 titulum
1103 2351 1408 2419 inscripsit,
1439 2363 1629 2406 contra
1654 2350 1830 2407 Colla-

240 2444 438 2489 torem.
472 2434 677 2490 Verum
721 2437 861 2491 sicut
914 2439 1097 2508 negari
1148 2453 1253 2493 non
1308 2451 1485 2509 [)Ulesl
1520 2442 1833 2497 obscuriora

243 2528 448 2598 aliquot
476 2527 597 2582 loca
618 2566 634 2592 ,
662 2537 719 2583 et
739 2544 958 2585 errores
978 2572 993 2595 ,
1022 2540 1130 2585 tam
1180 2533 1233 2586 in
1256 2532 1354 2586 ista
1402 2534 1557 2587 tertia
1584 2535 1789 2589 decima
1816 2577 1830 2598 ,

242 2636 401 2688 quam
428 2622 484 2675 in
514 2621 791 2691 plerisque
812 2623 936 2677 aliis
962 2617 1353 2678 Collationibus
1396 2625 1625 2681 inveniri
1654 2644 1667 2679 :
1701 2643 1836 2695 quus

246 2727 344 2767 nos
372 2710 442 2767 ad
471 2713 673 2768 calcem
703 2715 870 2770 totius
900 2716 1080 2785 operis
1107 2718 1487 2772 aunotavimus
1515 2760 1528 2782 ,
1558 2728 1612 2773 et
1643 2735 1711 2773 nc
1739 2720 1835 2773 im-

244 2807 489 2871 prndens
516 2806 685 2860 lector
723 2806 780 2860 in
812 2820 911 2861 eos
940 2806 1294 2877 impingeret,
1328 2810 1609 2864 censorias
1658 2818 1834 2871 notas,

242 2914 307 2952 ac
335 2899 503 2953 veluti
536 2899 774 2954 antidota
809 2908 865 2955 et
890 2901 1123 2953 ainulela
1172 2902 1419 2971 quadam
1458 2902 1785 2972 subjecimus
1819 2924 1829 2955 :

248 2991 312 3043 ita
329 3001 649 3044 constanter
665 2989 1023 3056 aflirmamus,
1052 2990 1152 3045 hos
1170 3007 1278 3045 non
1304 3003 1408 3046 tam
1434 2993 1535 3063 ipsi
1556 2995 1832 3058 Cassium»,

247 3174 463 3239 scribit,
494 3174 841 3243 impntandos
890 3190 1031 3230 esse.
1078 3175 1209 3230 Nam
1262 3177 1365 3231 hoc
1414 3180 1465 3232 in
1513 3178 1700 3246 primis
1727 3180 1838 3249 ipsa

249 3266 362 3334 ejus
387 3266 638 3337 praefatio
662 3308 678 3333 ,
712 3282 830 3337 quae
850 3267 1243 3323 Collatiouibus
1277 3270 1657 3339 praemittitur,
1688 3286 1839 3326 coar-

247 3360 353 3427 guit
378 3378 391 3413 :
421 3358 476 3413 in
505 3375 673 3429 quase
699 3374 803 3414 non
828 3374 947 3424 sua,
975 3362 1069 3415 sed
1090 3361 1188 3418 SS.
1222 3360 1442 3416 Patrum
1466 3371 1522 3417 et
1550 3363 1844 3418 anachore-

251 3461 416 3505 tarum
478 3450 727 3506 instituta
782 3448 927 3506 fideli
987 3467 1241 3509 sermone
1292 3460 1634 3508 narraturum
1693 3454 1843 3523 pulli-

250 3552 413 3598 cetur.
436 3542 515 3598 Ea
533 3553 758 3614 propter
770 3543 1089 3599 Coliattonis
1115 3546 1390 3615 vigesima!
1407 3546 1588 3615 capite
1606 3546 1839 3610 decimo,

254 3646 597 3705 posteaquam
622 3646 1107 3691 commemorasset
1128 3637 1203 3692 de
1222 3638 1439 3692 Theona
1465 3638 1679 3700 abbate.
1701 3639 1841 3707 quod

250 3727 481 3781 divortio
513 3728 583 3780 ab
600 3741 770 3782 uxore
802 3727 945 3781 facto
975 3730 1040 3783 ad
1070 3730 1505 3785 anachoreticam
1533 3730 1699 3785 vitam
1724 3746 1845 3786 sese

253 3819 599 3883 traduxerat,
634 3822 706 3873 ita
744 3819 1012 3889 subjecit:
1053 3820 1100 3875 Δ
1122 3821 1327 3877 lectore
1355 3822 1455 3876 hoc.
1486 3822 1715 3891 primum
1754 3825 1846 3876 de—

254 3926 442 3979 posco,
479 3922 537 3965 ut
568 3913 684 3967 sive
710 3902 818 3966 hoc
843 3914 891 3966 ei
918 3913 1169 3981 placeat,
1225 3916 1339 3969 sive
1384 3914 1707 3984 displiceat,
1763 3931 1847 3970 me

252 4020 462 4072 quoquo
494 4006 658 4059 modo
690 4021 719 4059 a
752 4002 1019 4061 calumnia
1042 4008 1280 4063 alienum
1307 4024 1429 4064 esse
1455 4010 1764 4065 concedens
1793 4012 1843 4064 in

253 4110 347 4151 suo
378 4097 487 4151 hoc
510 4096 689 4163 facto,
720 4107 809 4151 aut
840 4098 1050 4167 laudet,
1103 4109 1201 4154 aut
1244 4099 1610 4168 reprehendat
1661 4111 1845 4155 aucto-

255 4203 383 4242 rem.
416 4188 532 4258 Ego
556 4198 739 4243 autem
762 4188 855 4259 qui
882 4206 987 4243 non
1014 4204 1190 4244 meam
1220 4205 1385 4259 super
1411 4190 1510 4245 hac
1535 4207 1595 4246 re
1634 4203 1848 4246 senten—

254 4281 375 4333 tiam
399 4280 665 4350 prompsi,
690 4280 784 4334 sed
812 4281 891 4335 rei
912 4291 1077 4350 gestae
1104 4281 1385 4337 historiam
1409 4272 1639 4352 simplici
1656 4298 1841 4336 narra-

1940 1260 2023 1299 ma
2054 1232 2387 1311 Collatione,
2416 1236 2554 1298 sicut
2579 1257 2610 1298 a
2643 1231 2704 1298 Β.
2732 1241 3003 1313 Prospero
3026 1241 3367 1297 observatum
3395 1251 3477 1297 est
3506 1283 3522 1309 ,

1938 1337 2034 1393 sed
2067 1337 2118 1390 in
2144 1336 2266 1391 aliis
2305 1336 2469 1390 etiam
2505 1333 2737 1390 subinde
2764 1334 2893 1389 licet
2918 1326 3348 1404 deprehendere.
3390 1328 3525 1387 Nam

1938 1419 2249 1485 Collationis
2277 1416 2451 1485 tertiae
2474 1442 2593 1496 cap.
2625 1426 2840 1482 decimo
2880 1425 3218 1497 Paphnutius
3247 1426 3413 1481 abbas
3450 1425 3527 1480 ita

1940 1519 2215 1590 loquitur:
2244 1519 2349 1575 Per
2394 1519 2541 1590 quod
2588 1517 2873 1574 manifeste
2906 1518 3166 1588 probatur
3189 1560 3203 1585 ,
3236 1529 3291 1573 et
3318 1518 3526 1572 initium

1940 1623 2139 1668 nostra:
2162 1612 2353 1668 salutis
2384 1612 2598 1667 Domini
2619 1612 2909 1667 vocatione
2937 1611 3087 1678 fieri,
3116 1600 3341 1666 dicentis
3360 1649 3375 1676 ,
3428 1608 3529 1664 Esi

1936 1707 2001 1762 de
2030 1718 2165 1761 terra
2196 1718 2323 1763 tua:
2378 1717 2435 1762 et
2481 1706 3005 1761 consummationem
3057 1696 3410 1775 perfectionis
3464 1720 3529 1759 ac

1935 1800 2186 1869 puritatis
2218 1799 2286 1854 ab
2329 1798 2520 1855 eodem
2571 1796 2821 1854 similiter
2851 1797 3012 1853 tribui
3038 1839 3054 1865 ,
3111 1814 3232 1853 cum
3264 1798 3427 1867 dicit,
3456 1795 3526 1852 Et

1934 1896 2045 1947 ueni
2072 1894 2124 1945 in
2154 1902 2343 1946 terram
2390 1908 2547 1962 quam
2578 1899 2927 1946 monstravere
2974 1891 3108 1945 tibi:
3161 1890 3214 1945 id
3261 1899 3379 1953 est.
3420 1906 3528 1947 non

1934 2000 2095 2056 quam
2121 1996 2175 2038 tu
2200 2000 2263 2039 ex
2294 1984 2578 2054 temetipso
2604 1999 2791 2052 nosse,
2818 1984 2899 2039 vel
2925 1984 3193 2039 industria
3218 1994 3306 2039 tua
3327 1986 3529 2054 poteris

1937 2077 2215 2146 reperire;
2269 2074 2363 2132 sed
2396 2092 2555 2145 quam
2585 2090 2687 2147 ego
2733 2077 2830 2131 tibi
2858 2092 2964 2132 non
2994 2078 3169 2131 solum
3220 2079 3486 2147 ignoranti
3512 2121 3527 2141 ,

1937 2169 2030 2225 sed
2054 2170 2217 2223 etiam
2250 2184 2357 2223 non
2393 2169 2688 2238 inquirenti
2719 2179 3119 2223 monstravero.
3170 2170 3231 2224 Et
3259 2185 3382 2240 cap.
3420 2170 3484 2225 12
3513 2188 3525 2222 :

1936 2260 2125 2316 Nullus
2176 2261 2445 2330 justorum
2498 2260 2603 2315 sibi
2633 2260 2833 2315 sufficit
2861 2260 2927 2315 ad
2979 2261 3328 2316 obtinendam
3372 2261 3530 2331 justi-

1939 2354 2062 2409 tiam
2083 2395 2098 2419 ,
2145 2353 2251 2407 nisi
2282 2368 2378 2423 per
2425 2361 2700 2407 momenta
2731 2352 2939 2422 singula
2986 2352 3239 2407 titubanti
3265 2352 3439 2408 eidem
3475 2362 3529 2407 et

1936 2447 2208 2501 corruenti
2235 2445 2548 2499 fulcimenta
2594 2459 2783 2498 manus
2822 2458 2935 2497 sum
2963 2444 3311 2513 supposuerit
3347 2442 3527 2497 divina

1937 2538 2247 2594 clementia.
2277 2534 2487 2604 Quibus
2533 2534 2659 2589 licet
2684 2534 2921 2603 adjicere
2967 2549 3027 2588 ea
3059 2550 3179 2604 qua:
3228 2535 3281 2589 in
3330 2549 3525 2590 conse-

1938 2630 2226 2701 quentibus
2253 2628 2460 2698 aliquot
2483 2627 2629 2682 illius
2658 2626 2971 2682 Collationis
3018 2627 3283 2696 capitibus
3331 2627 3528 2682 haben-

1942 2733 2063 2774 tur:
2097 2731 2148 2775 et
2180 2734 2301 2790 quae
2334 2718 2497 2773 habet
2547 2717 2712 2772 abbas
2765 2716 2950 2772 Daniel
2983 2716 3173 2772 Collat.
3206 2718 3237 2772 5
3264 2732 3382 2785 cap.
3421 2718 3487 2771 15
3510 2752 3526 2780 -,

1938 2822 1992 2866 et
2027 2808 2193 2867 abbas
2220 2811 2459 2866 Serenus
2486 2807 2682 2865 Collat.
2715 2810 2747 2864 7
2778 2825 2899 2879 cap.
2948 2810 3037 2865 20.
3069 2810 3201 2877 Quae
3247 2812 3429 2864 omnia
3473 2818 3528 2865 et

1942 2903 2022 2956 his
2041 2900 2237 2956 similia
2270 2902 2385 2956 loca
2415 2900 2723 2969 complura,
2766 2912 2889 2955 cum
2941 2916 3005 2956 ex
3036 2901 3303 2958 diametro
3341 2902 3529 2956 adver-

1884 3035 1908 3052 η
1942 3003 2126 3050 scntur
2151 2995 2217 3049 iis
2245 3008 2365 3065 qua:
2388 2986 2443 3048 in
2472 2993 2629 3048 tertia
2652 2993 2865 3048 decima
2896 2989 3197 3048 Collalione
3237 2993 3305 3048 de
3331 2994 3530 3049 Christi

242 3096 403 3151 quam
457 3079 864 3147 Collatoribus,
916 3097 1052 3152 quos
1100 3082 1193 3137 ille
1244 3084 1313 3138 ita
1375 3085 1629 3153 opinatos
1676 3085 1838 3139 fuisse
1868 3075 1910 3093 “⁴

1942 3085 2112 3156 gratia
2141 3083 2462 3141 Chmremon
2494 3084 2675 3140 Abbas
2704 3084 2940 3139 sensisse
2968 3085 3252 3148 scribitur,
3280 3100 3385 3139 nun
3409 3099 3508 3154 pos

1944 3193 2061 3232 sum
2089 3178 2141 3232 in
2163 3179 2399 3231 animum
2420 3190 2597 3230 meum
2621 3174 2880 3231 inducere
2909 3174 3170 3232 Joannem
3188 3176 3527 3243 Cassianum,

1945 3272 2057 3341 qui,
2090 3272 2231 3325 sicut
2267 3267 2391 3324 libri
2422 3268 2489 3322 de
2506 3267 2709 3324 Christi
2738 3267 3120 3324 lncarnatione
3148 3268 3320 3323 abillo
3347 3269 3532 3339 scripti

1948 3369 2233 3430 testantur,
2258 3361 2387 3415 etin
2402 3358 2745 3414 confutandis
2765 3358 3146 3415 hmreticorum
3165 3359 3531 3429 opinionibus,

1944 3462 1999 3509 et
2041 3454 2095 3508 in
2138 3449 2479 3506 stabiliendis
2508 3459 2563 3505 et
2588 3446 2982 3505 confirmandis
3040 3450 3274 3518 nostris,
3324 3464 3531 3503 summa

1947 3545 2144 3616 ingenii
2174 3542 2505 3599 dexteritate
2536 3542 2770 3613 pollebat
2796 3582 2811 3608 ,
2842 3541 3034 3597 horum
3060 3542 3346 3598 sententiis
3369 3542 3531 3597 etiam

1948 3638 2087 3692 inter
2120 3651 2181 3692 se
2221 3634 2585 3707 pugnantibus
2635 3649 2698 3690 ac
2751 3634 3139 3690 dissidentibus
3187 3633 3532 3701 astipulatnm

1948 3728 2131 3784 fuisse.
2155 3728 2411 3799 Exiguam
2426 3727 2569 3783 enim
2588 3725 2880 3781 admodum
2903 3735 3051 3780 recte
3066 3725 3346 3794 judicandi
3370 3724 3521 3779 facul.

1951 3830 2113 3877 tatem
2139 3818 2438 3887 habuisset,
2465 3821 2511 3875 si
2532 3819 2672 3875 banc
2692 3818 3006 3889 Opinionum
3038 3817 3386 3888 pugnantiam
3410 3832 3531 3885 qua:

1949 3918 2002 3971 in
2032 3914 2422 3970 Collationibus
2451 3912 2725 3976 cernitur,
2760 3912 2843 3967 vel
2900 3927 3006 3967 non
3064 3910 3418 3978 advertisset,
3450 3911 3535 3965 vel

1948 4011 2015 4063 ab
2040 4023 2104 4064 ea
2128 4007 2234 4063 sibi
2264 4023 2369 4061 non
2399 4007 2651 4062 cavisset.
2681 4004 2908 4061 Accedit
2929 4003 3075 4074 quod
3116 4005 3169 4058 in
3198 4003 3348 4058 hisce
3386 4000 3535 4057 libris

1949 4102 2015 4154 de
2040 4090 2413 4154 lncarnatione
2447 4098 2627 4163 Verbi,
2658 4112 2791 4167 quos
2812 4097 2915 4152 sub
2957 4096 3118 4152 linem
3141 4096 3267 4150 vitae
3288 4095 3532 4164 scripsit.

1949 4200 2167 4263 rogatus
2195 4207 2226 4246 a
2254 4183 2309 4248 S.
2330 4191 2511 4246 Leone
2536 4180 2797 4245 Romana:
2824 4180 2977 4244 urbis
3002 4188 3407 4253 archidiacono,
3442 4188 3535 4256 qui

1948 4283 2209 4340 Cassiano
2244 4294 2738 4352 contemporaneus
2772 4295 2835 4336 ac
2871 4280 3224 4351 postmodum
3259 4278 3535 4334 Romanus

256 4374 395 4427 tione
424 4374 752 4441 complexus
781 4389 932 4439 sum;
980 4391 1193 4444 mquum
1226 4385 1308 4430 est
1350 4386 1405 4429 ut
1432 4376 1574 4429 sicut
1624 4374 1749 4429 mihi
1780 4377 1848 4430 de
1882 4405 1929 4463 Β
1954 4377 2197 4449 pontifex
2226 4376 2327 4431 fuit
2362 4374 2483 4445 ejus
2531 4373 2766 4429 nominis
2806 4374 3049 4443 primus,
3082 4372 3348 4427 adversus
3377 4371 3533 4426 Pela-

256 4479 435 4516 eorum
463 4464 554 4533 qui
590 4464 693 4519 huc
722 4464 923 4520 factum
943 4467 1198 4535 probant,
1225 4466 1384 4521 laude
1408 4466 1543 4521 nihil
1592 4468 1751 4521 vindh
1772 4487 1803 4519 υ
1830 4490 1839 4519 ;

260 4556 324 4605 ita
349 4566 540 4606 eorum
562 4553 651 4622 qui
677 4555 727 4608 id
758 4556 1086 4624 improbant,
1111 4572 1218 4611 non
1245 4558 1425 4627 pulser
1448 4556 1665 4611 invidia.
1693 4559 1844 4625 Quod

256 4647 352 4699 etsi
413 4661 522 4699 non
568 4649 767 4715 passim
818 4649 908 4703 ubi
956 4648 1289 4703 Collatorum
1345 4660 1593 4705 recenset
1635 4666 1847 4705 errones

257 4737 628 4805 admonuerit,
662 4754 877 4795 omnem
929 4751 1107 4795 tamen
1157 4740 1375 4795 errandi
1428 4741 1789 4810 suspicionem
1818 4757 1845 4794 a

256 4844 311 4882 se
334 4829 622 4883 sustulisse
653 4830 901 4896 videtur,
932 4832 1149 4900 quando
1192 4848 1251 4887 se
1298 4849 1403 4886 non
1433 4848 1525 4887 sua
1547 4875 1560 4898 ,
1606 4834 1699 4888 sed
1732 4835 1849 4887 illo-

258 4937 373 4974 rum
406 4938 542 4990 quos
565 4924 849 4992 loquentes
879 4926 1172 4980 introducit
1204 4926 1394 4995 placita
1415 4965 1428 4989 .
1454 4942 1516 4980 ea
1544 4943 1645 4996 qua
1674 4928 1741 4982 ab
1772 4929 1849 4981 eis

258 5023 540 5083 acceperat
601 5014 706 5070 ﬁde
764 5029 1145 5081 narraturum,
1198 5019 1249 5071 in
1292 5018 1410 5085 ipso
1461 5019 1622 5072 totius
1669 5021 1851 5087 Operis

262 5105 481 5160 exordio
513 5108 782 5177 promisit.
817 5108 883 5163 Ut
912 5111 1157 5163 omittam
1182 5112 1326 5177 quod
1360 5112 1410 5164 in
1441 5111 1569 5181 ipsis
1597 5110 1846 5166 Collatin-

258 5198 411 5251 nihu»
432 5196 750 5262 frequenter
769 5199 1020 5261 dissona).
1051 5201 1448 5271 discrepantes,
1477 5210 1531 5256 et
1554 5213 1851 5272 pugnantes

256 5293 327 5343 ile
360 5292 528 5360 gratia
561 5291 763 5346 Christi
796 5297 1077 5349 sententias
1106 5294 1391 5349 habentur.
1442 5293 1573 5348 Nam
1626 5296 1715 5349 alii
1756 5312 1847 5349 cx-

260 5379 400 5434 clusa
427 5385 603 5451 gratia
650 5399 793 5454 pene
825 5385 1000 5439 omnia
1055 5385 1297 5441 referunt
1350 5385 1415 5440 ad
1449 5386 1675 5441 liberum
1709 5388 1849 5441 urbi-

260 5469 445 5539 trium,
515 5474 603 5528 alii
658 5484 856 5529 contra
908 5476 986 5529 sic
1038 5478 1421 5533 commendant
1468 5478 1738 5548 gratiam,
1797 5490 1850 5531 ut

262 5561 479 5620 liberum
510 5568 798 5623 arbitrium
827 5568 1125 5623 exclusisse
1159 5570 1462 5625 videantur.
1504 5572 1674 5637 Quam
1727 5586 1850 5623 sm-

255 5656 534 5713 ieiitiarum
557 5658 1049 5714 Cuiitradictinnvin
1076 5678 1179 5714 non
1207 5672 1410 5715 tantum
1439 5665 1487 5715 in
1516 5664 1672 5717 tertia
1705 5665 1843 5716 ιίειλις

1951 4474 2170 4540 gianum
2195 4468 2896 4541 quemdamAutiochenum
2925 4467 3242 4536 episcopum
3269 4465 3532 4534 disputat.

1950 4563 2090 4617 sicut
2118 4576 2186 4616 ex
2213 4570 2370 4616 sexto
2403 4571 2459 4615 et
2482 4560 2710 4629 septimo
2736 4558 2855 4613 libri
2884 4558 3031 4612 sexti
3058 4557 3356 4625 capitibus,
3381 4566 3435 4611 et
3469 4571 3534 4610 ex

1952 4652 2014 4707 3i
2046 4667 2167 4721 cap.
2200 4651 2323 4706 libri
2356 4650 2534 4705 ultimi
2584 4648 2929 4703 manifestum
2971 4658 3073 4703 est.
3117 4645 3285 4717 Cujus
3320 4661 3537 4702 errores

1954 4744 2265 4799 lectissimis
2311 4741 2641 4812 optimisque
2677 4741 3015 4810 argumentis
3056 4740 3128 4793 ita
3158 4740 3456 4795 insectatur
3484 4746 3537 4791 et

1954 4836 2230 4899 confutat,
2268 4845 2324 4888 ut
2354 4831 2483 4887 hinc
2514 4831 2719 4902 liquido
2739 4840 2999 4901 appareat
3022 4831 3198 4899 ipsum
3232 4829 3536 4897 Pelagiana:

1954 4936 2117 4980 sectae
2149 4938 2490 4995 nequaquam
2523 4922 2922 4993 patrocinatum
2956 4921 3141 4977 fuisse.
3210 4920 3320 4975 Nec
3359 4922 3535 4973 feren-

1955 5019 2081 5072 dum
2107 5027 2191 5072 est
2212 5058 2227 5083 ,
2271 5017 2416 5087 quod
2446 5017 2671 5084 quidam
2703 5016 2856 5071 illuni
2898 5032 2925 5069 a
2961 5016 3118 5071 beato
3145 5014 3537 5083 Chrysostomo

1957 5120 2178 5180 propter
2196 5110 2423 5180 hujusce
2444 5109 2652 5163 erroris
2668 5108 3033 5178 suspicionem
3057 5107 3363 5176 explesum,
3393 5105 3538 5160 able-

1955 5211 2164 5272 gatum,
2194 5201 2280 5255 vel
2306 5201 2540 5267 ejectum
2572 5198 2740 5255 fuisse
2762 5208 3033 5261 asserunt,
3082 5196 3382 5267 praesertim
3414 5211 3537 5250 cum

1955 5295 2104 5349 nulla
2135 5293 2292 5347 istius
2323 5307 2437 5346 sua:
2464 5287 3098 5361 suspicionis-evidentia
3138 5296 3233 5341 aut
3263 5296 3413 5341 certa
3442 5286 3513 5341 do

1954 5392 2206 5439 contenta
2240 5382 2557 5453 proferant:
2606 5392 2663 5438 et
2703 5381 2819 5451 ipse
2854 5380 3279 5450 Chrysostomus
3320 5391 3538 5449 quoque

1956 5484 2178 5546 propter
2204 5474 2286 5528 sui
2317 5471 2587 5543 temporis
2625 5479 2940 5543 grassantes
2967 5469 3205 5525 bzereses
3249 5470 3403 5525 liberi
3449 5485 3537 5523 ar~

1956 5567 2097 5622 bitrii
2143 5567 2287 5622 vires
2315 5580 2715 5633 nonnumquam
2765 5564 2837 5616 ila
2874 5562 3116 5628 estollat,
3154 5562 3307 5631 quasi
3348 5562 3535 5630 gratia!

1953 5660 2153 5711 (Ihr't-l't
2210 5658 2440 5727 iniquior
2481 5658 2645 5711 fui~sc
2693 5657 2974 5710 vult-aliti“:
3014 5674 3336 5725 qttailiqtlunl
3378 5672 3531 5708 sucus
