4026 6334
496 287 562 353 ει)
1324 271 1416 324 ΔΙ)
1455 272 2003 330 OPERA'JUANNIS
2040 271 2355 330 C.\bSlANl
2396 271 2925 330 PROLEGOMENA.
3691 303 3755 356 is

497 423 584 462 res
633 405 850 462 habeat.
914 405 1252 474 Quapropter
1299 417 1418 455 cum
1473 403 1674 454 incerta
1746 399 1960 454 omnino
2004 398 2075 450 sit
2104 399 2146 454 Α
2179 393 2402 449 mlrtbce
2429 407 2682 460 recreati,
2714 397 2764 447 in
2794 397 2911 462 ejus
2945 396 3417 466 prazceptionibus.
3471 403 3748 474 institutis,

499 495 652 552 istius
679 493 952 552 discessus
992 509 1177 560 causa,
1215 502 1270 548 et
1311 509 1376 548 ex
1428 491 1534 546 fine
1579 490 1794 561 septimi
1836 491 1958 547 libri
2008 492 2076 547 de

498 587 872 644 lncarnatione
919 588 1094 656 palam
1146 587 1218 639 sit
1247 584 1596 650 Cassianum,
1626 583 1808 636 divum
1841 583 2075 653 Chryso-

495 690 730 735 atomum
771 679 850 735 uti
888 680 1151 750 optimum
1192 686 1248 732 et
1284 675 1726 746 probatissimum
1761 676 2072 744 magistrum

494 785 650 825 suum
694 785 913 838 semper
958 779 1275 824 veneratum
1327 767 1527 832 fuisse,
1571 766 1919 822 temerarium
1951 777 2074 822 esse

492 877 712 926 censeo,
747 863 956 917 sinistri
985 873 1038 915 et
1068 861 1259 918 incerti
1291 859 1564 929 quidpiam
1595 859 1664 914 de
1691 874 1757 914 eo
1779 860 2067 928 suspicari.

493 955 602 1009 Aut
631 955 774 1010 enim
808 971 902 1025 per
930 955 1214 1009 ha'reticos
1237 955 1304 1007 ab
1335 951 1583 1009 Ecclesia
1611 953 2073 1021 ConstantinOpo-

493 1045 687 1110 litana,
737 1047 850 1100 sive
895 1045 1356 1116 Jerosolymitana
1389 1045 1602 1114 ejecttrs
1634 1053 1718 1099 est
1743 1083 1756 1105 .
1797 1055 1854 1098 ut
1880 1053 2070 1099 auctor

490 1145 575 1190 est
608 1137 1031 1200 Volaterranus;
1075 1147 1165 1190 aut
1195 1135 1507 1190 solitudinis
1530 1135 1859 1190 desiderium
1890 1136 2068 1204 ipsum

489 1227 734 1296 impulit,
789 1240 847 1282 ut
889 1230 942 1284 in
987 1229 1397 1285 Narbonensem
1448 1229 1677 1286 Galliam
1707 1229 1799 1302 (in
1827 1244 1935 1300 qua
1964 1229 2069 1284 sita

488 1325 572 1373 est
615 1317 882 1392 Massilia)
934 1322 1169 1391 ignotam
1221 1323 1320 1376 sibi
1366 1321 1709 1388 provinciam
1758 1319 2066 1387 secederet,

489 1407 671 1478 ibique
696 1405 805 1464 duo
829 1412 1178 1479 monasteria,
1210 1411 1445 1467 virorum
1478 1411 1728 1475 alterum,
1760 1413 1813 1466 et
1836 1410 2067 1465 alterum

493 1502 777 1556 mulierum
819 1502 1110 1568 conderet;
1145 1514 1234 1558 aut
1271 1503 1502 1573 denique
1533 1513 1752 1573 propter
1779 1503 1955 1558 studia
1989 1505 2070 1557 in-

485 1593 782 1659 genuarttm
837 1593 1288 1663 disciplinarum,
1349 1605 1401 1650 et
1461 1611 1670 1650 morum
1717 1598 2064 1666 gravitatem,

486 1682 780 1738 Massiliam
844 1687 1265 1756 commigravit:
1317 1685 1773 1756 quemadmodum
1834 1687 2064 1742 Romani

2178 497 2232 540 et
2261 485 2658 540 Collationibus
2691 485 3085 555 perdiscendis,
3117 498 3172 544 et
3197 491 3263 544 ad
3292 506 3444 548 usum
3474 497 3722 566 applicari

2175 586 2260 640 dis
2291 602 2450 640 omne
2479 601 2637 640 suum
2670 584 2908 639 studium
2947 585 3378 645 collocaverunt.
3414 591 3624 663 Reliqui
3658 613 3738 650 au-

2178 684 2282 730 tem
2311 676 2400 745 qui
2445 675 2546 730 sub
2576 676 2794 730 nomine
2824 676 3068 731 Cassiani
3099 678 3563 738 circumferuntur
3583 685 3702 739 libri
3727 705 3740 751 ;

2176 773 2361 834 utpote
2408 761 2730 836 Theologica
2776 765 3066 822 Confessio
3087 810 3101 833 ,
3154 785 3271 838 quze
3295 771 3342 826 ei
3371 787 3400 826 a
3430 773 3746 842 quibusdam

2175 858 2455 922 tribuitur,
2487 859 2563 914 De
2591 860 2847 914 conﬂictu
2887 861 3143 916 vitiorum
3190 873 3247 918 et
3289 864 3545 920 virtutum
3591 868 3745 933 liber,

2172 954 2261 1021 qui
2304 953 2445 1022 apud
2494 953 2875 1008 Dominicanos
2926 953 3254 1011 Leodienses
3282 955 3524 1014 CaSsiani
3566 960 3723 1016 iutitu

2174 1043 2318 1096 latur
2343 1060 2358 1097 :
2386 1054 2439 1098 et
2469 1044 2516 1098 si
2561 1045 2650 1114 qui
2680 1044 2768 1098 atii
2801 1045 3172 1112 inveniantur,
3218 1064 3246 1099 a
3280 1047 3433 1102 nobis
3463 1059 3589 1104 sunt
3615 1066 3748 1120 prm-

2174 1135 2411 1190 termissi
2437 1153 2450 1187 :
2482 1144 2589 1188 tum
2611 1135 2753 1205 quod
2781 1136 2923 1204 apud
2948 1135 3288 1192 Gennadinm
3311 1148 3369 1193 et
3393 1140 3748 1196 Trithemium

2174 1241 2279 1282 non
2308 1227 2654 1283 inveniantur
2696 1227 2960 1282 Cassiano
2989 1228 3260 1295 attributi,
3287 1241 3399 1285 tum
3431 1232 3573 1302 quod
3606 1233 3750 1288 illius

2172 1318 2369 1389 stylum
2417 1329 2522 1373 non
2570 1318 2873 1374 redoleant.
2925 1315 3205 1390 Sequitur,
3251 1332 3593 1392 utexponam
3630 1335 3750 1380 utro

2172 1408 2451 1479 idiomate,
2485 1411 2750 1465 Gf‘tBCOlle
2778 1425 2845 1464 an
2877 1409 3076 1465 Latino
3118 1414 3395 1478 scripserit
3422 1415 3748 1470 Cassianus:

2173 1513 2295 1554 nam
2339 1508 2394 1554 et
2443 1500 2547 1555 hoc
2587 1500 2728 1570 apud
2776 1497 3057 1571 quosdam,
3101 1513 3320 1572 propter
3344 1497 3657 1573 Trithemii,
3697 1519 3750 1561 ut

2173 1591 2397 1660 Opinor,
2445 1593 2824 1646 auctoritatem
2871 1591 2924 1646 in
2965 1593 3319 1661 qumstionem
3369 1594 3508 1650 verti
3548 1597 3749 1652 video:

2172 1698 2494 1757 quamquam
2527 1699 2625 1744 non
2659 1696 2992 1756 magnopere
3021 1686 3378 1743 laborandum
3407 1691 3478 1743 sit
3507 1691 3558 1744 in
3595 1691 3752 1744 istius

485 1784 702 1845 quoque
731 1791 829 1848 pro
857 1778 1030 1834 Attica
1066 1781 1504 1850 peregrinatione
1535 1781 1600 1836 ad
1631 1780 1946 1852 disciplinas
1976 1789 2065 1836 ea-
2099 1761 2141 1820 Β
2171 1778 2488 1848 quiestlonis
2543 1776 2918 1833 dissolutione.
2984 1769 3119 1833 Nam
3179 1779 3295 1848 ipse
3352 1779 3649 1836 Cassianus
3699 1784 3754 1837 in

484 1867 780 1935 pessendas
817 1869 1224 1926 Massilioticum
1262 1874 1604 1943 gymnasium
1659 1875 1929 1941 petebant.
1968 1873 2067 1929 Us-

483 1965 588 2028 que
618 1959 754 2015 adeo
782 1961 926 2015 enim
959 1964 1011 2015 in
1033 1977 1094 2017 ea
1129 1966 1262 2018 nrhe
1286 1975 1494 2018 morum
1519 1965 1758 2034 gravitas
1786 1979 1851 2018 ac
1888 1977 2064 2018 matu-

483 2049 651 2114 ritas,
694 2060 750 2106 et
794 2051 1022 2108 honesta
1065 2054 1243 2108 studia
1276 2052 1596 2120 floruerunt,
1651 2066 1708 2110 ut
1745 2057 1968 2110 Plautus
2010 2058 2062 2110 in

483 2139 701 2207 Casina,
723 2139 1092 2200 Massilienses
1121 2159 1298 2202 mures
1327 2156 1599 2217 tamquam
1621 2149 1852 2217 optimos
1867 2157 1922 2203 et
1941 2163 2064 2217 pro-

486 2231 792 2290 batissitnos
832 2236 1055 2291 dixerit.
1102 2239 1302 2293 Eadem
1332 2251 1547 2309 quoque
1574 2241 1749 2294 studia
1792 2247 1847 2295 et
1886 2253 2064 2296 mores

484 2323 708 2380 mirifice
738 2328 1082 2384 commendat
1114 2322 1328 2384 Marcus
1358 2327 1589 2397 Tullius,
1622 2343 1742 2386 cum
1777 2329 1927 2398 alibi,
1953 2339 2062 2387 tum

483 2417 754 2484 praecipue
783 2419 837 2472 in
868 2419 1114 2476 oratione
1141 2436 1237 2489 pro
1261 2419 1319 2476 L.
1358 2421 1550 2477 Flacco
1578 2422 1771 2493 :cujus
1799 2424 1913 2477 haec
1939 2435 2062 2478 sunt

483 2505 644 2560 verba
687 2526 700 2560 :
735 2505 921 2580 Neque
959 2526 1093 2566 vero
1140 2523 1216 2576 te,
1248 2511 1505 2579 Massilia,
1531 2523 1821 2582 praetereo,
1849 2527 1970 2582 qua}
2001 2513 2059 2569 L.

485 2597 740 2655 Flaccum
769 2603 994 2659 militem
1026 2617 1354 2675 qumStorcm
1387 2607 1695 2675 cognovisﬁ
1722 2625 1735 2659 :
1778 2606 1932 2675 cujus
1963 2619 2061 2676 ego

483 2689 718 2745 civitatis
748 2693 1092 2764 disciplinam
1139 2709 1301 2766 atque
1333 2699 1687 2766 gravitatem,
1737 2707 1841 2752 non
1884 2697 2060 2754 solum

487 2779 734 2845 Grtccire,
758 2785 854 2838 sed
894 2786 1034 2840 haud
1065 2789 1180 2842 scio
1211 2803 1276 2841 an
1309 2791 1519 2843 cunctis
1545 2790 1793 2859 gentibus
1830 2799 2060 2858 antepo-

489 2871 720 2927 nendam
766 2875 888 2944 jure
908 2877 1107 2936 dicam.
1149 2877 1280 2946 Qua:
1327 2888 1432 2934 tam
1478 2883 1663 2950 procul
1693 2881 2058 2937 aGrmcorum

487 2965 727 3018 omnium
777 2969 1118 3038 regionibus,
1151 2971 1487 3041 disciplinis,
1535 2973 1836 3044 linguisque
1865 2973 2058 3040 divisa,

481 3069 607 3112 cum
641 3059 694 3113 in
729 3062 936 3116 ultimis
971 3065 1127 3119 terris
1152 3067 1325 3119 cincta
1355 3063 1632 3121 Gallomm
1661 3069 1911 3138 gentibus
1939 3069 2060 3122 bar-

2168 1871 2486 1944 prtefatione
2534 1870 2892 1926 Collationnm
2937 1885 3158 1927 suarum
3210 1873 3557 1929 manifestum
3594 1873 3753 1930 nobis

2169 1964 2376 2034 prmbet
2416 1963 2788 2018 testimonium
2831 1963 2974 2031 quod
3003 1962 3194 2020 Latino
3225 1980 3481 2021 sermone
3507 1965 3752 2032 scripse-

2167 2061 2256 2111 rit.
2300 2053 2355 2110 ln
2404 2069 2465 2110 ea
2515 2049 2787 2126 siquidem
2834 2049 3120 2110 Leontium
3162 2058 3480 2128 pontificem
3520 2070 3575 2114 et
3609 2059 3753 2114 Ella—

2168 2149 2316 2204 dium
2364 2143 2583 2202 fratrem
2633 2147 2928 2217 alloquitur
2960 2149 3013 2203 in
3047 2149 3164 2204 haec
3198 2147 3366 2205 verba
3394 2169 3406 2204 :
3459 2149 3755 2208 Obtineant

2166 2239 2443 2294 orationes
2483 2247 2681 2293 vestrae
2721 2238 2790 2291 ab
2838 2246 2904 2293 eo
2930 2239 3017 2307 qui
3048 2237 3241 2309 dignos
3271 2255 3367 2295 nos
3399 2239 3480 2297 vel
3508 2244 3625 2296 visu
3658 2258 3755 2298 eo-

2169 2346 2319 2394 rum,
2368 2325 2450 2384 vel
2493 2327 2864 2398 dtscipulatu,
2911 2330 2998 2384 vel
3042 2331 3320 2386 consortio
3345 2331 3649 2403 judicavit,
3701 2347 3759 2390 ut

2169 2421 2326 2476 nobis
2354 2420 2665 2476 earumdem
2688 2419 3040 2476 traditionum
3070 2427 3387 2478 memoriam
3415 2425 3656 2496 planam,
3699 2438 3760 2483 et

2165 2523 2476 2568 sermonem
2505 2513 2571 2566 ad
2602 2511 2889 2568 dicendum
2919 2511 3132 2568 facilem
3179 2505 3429 2570 conferre
3456 2515 3716 2587 dignetur
3741 2537 3755 2574 :

2165 2619 2273 2675 quo
2301 2613 2409 2660 tam
2440 2614 2627 2660 sancte
2672 2619 2764 2660 eas
2785 2647 2800 2673 ,
2831 2610 3050 2676 tamque
3087 2607 3297 2676 integre
3324 2624 3482 2678 quam
3515 2609 3587 2664 ab
3619 2611 3758 2681 ipsis

2165 2695 2474 2766 accepimus
2505 2697 2842 2765 explicantes
2864 2740 2880 2766 ,
2917 2698 3062 2768 ipsos
3104 2700 3504 2770 quodammodo
3550 2701 3606 2758 in
3641 2705 3758 2759 suis

2167 2788 2429 2843 institutis
2479 2789 2854 2858 incorporatos
2879 2831 2894 2856 ,
2928 2799 2983 2845 et
3028 2791 3171 2862 quod
3200 2793 3372 2864 majus
3404 2803 3524 2864 est,
3557 2795 3759 2852 Latino

2164 2880 2502 2950 disputantes
2545 2881 2766 2950 eloquio
2813 2883 2970 2938 vobis
3025 2883 3284 2942 exhibere
3328 2888 3622 2956 possimus.
3690 2885 3760 2944 Et

2163 2973 2486 3029 Collationis
2530 2979 2705 3029 tertiae
2744 2975 2920 3044 capite
2963 2977 3152 3046 quinto
3180 2977 3420 3044 decimo,
3467 2979 3758 3050 proferens

2167 3065 2298 3122 illud
2329 3066 2571 3136 Apostoli
2596 3109 2612 3137 ,
2661 3065 2979 3137 Suﬁicientia
3027 3073 3204 3123 nostra
3235 3085 3299 3123 ea:
3333 3067 3438 3124 Deo
3461 3077 3571 3134 est;
3604 3069 3760 3139 quod

482 3149 646 3204 baria!
672 3152 926 3209 fluctibus
957 3155 1225 3210 alluatur:
1260 3159 1337 3212 sic
1363 3159 1681 3227 optimatum
1713 3157 1939 3214 consilio
1965 3176 2062 3230 gn-
2091 3127 2134 3189 Ο
2171 3159 2346 3212 minus
2396 3157 2604 3224 Latine,
2659 3157 2855 3227 inquit,
2902 3155 2994 3214 sed
3027 3156 3341 3228 expreSSius
3382 3158 3485 3214 dici
3530 3165 3756 3229 potest:

484 3243 763 3309 bernatur,
810 3259 866 3301 ut
913 3263 1102 3303 omnes
1134 3249 1253 3319 ejus
1300 3247 1539 3305 instituta
1591 3249 1817 3308 laudare
1855 3253 2062 3307 facilius

487 3341 725 3405 possint,
770 3353 926 3410 quam
960 3345 1227 3399 :cmulari.
1272 3343 1438 3401 Porro
1471 3362 1631 3415 quam
1669 3358 1816 3400 recte
1843 3346 2058 3402 Cassia-

487 3443 587 3483 nus
611 3431 726 3498 ipse
757 3431 826 3487 de'
854 3434 1050 3490 Christi
1092 3439 1260 3507 gratia
1291 3437 1527 3492 senserit
1553 3480 1567 3503 ,
1613 3437 1716 3492 alia
1751 3439 1871 3507 ejus
1899 3456 2060 3508 opera

486 3525 800 3580 testantur:
852 3527 902 3580 in
945 3529 1140 3598 quibus
1182 3545 1287 3584 non
1338 3531 1464 3599 quid
1505 3515 1595 3584 alii
1622 3529 1832 3600 opinati
1861 3529 2064 3588 fuerint

487 3615 624 3669 sicut
658 3619 708 3670 in
743 3618 1165 3686 Collatiunibus,
1215 3622 1310 3676 sed
1343 3624 1493 3676 suam
1528 3623 1701 3692 ipsius
1739 3625 2060 3678 sententiam

485 3710 737 3774 eitpittiii;
773 3707 823 3764 id
865 3711 1006 3781 quod
1036 3715 1198 3768 etiam
1232 3713 1286 3768 in
1320 3715 1507 3783 primis
1554 3709 1762 3768 duabus
1801 3716 2062 3770 censoriis

487 3799 628 3855 notis
656 3818 683 3854 a
719 3803 872 3857 nobis
897 3814 1213 3860 annotatum
1242 3816 1344 3860 cst.
1394 3805 1538 3861 inter
1563 3823 1623 3860 ea
1653 3808 1781 3861 vero
1814 3824 1976 3878 opera
2008 3809 2059 3862 in

481 3893 677 3960 quibus
707 3903 768 3947 ex
800 3898 1010 3962 propria
1045 3895 1280 3965 loquitur
1310 3902 1577 3951 Sententia
1601 3939 1614 3959 ,
1649 3909 1845 3966 pra-ter
1875 3893 2059 3952 Mona-

483 3983 738 4035 sticartnn
789 3986 1250 4041 Constitutionum
1305 3988 1472 4042 libros
1522 3998 1773 4056 quatuor,
1808 3998 1862 4043 et
1894 3990 2060 4044 libros

482 4081 604 4129 octo
631 4076 696 4129 de
731 4073 886 4131 \‘itiis
914 4079 1236 4147 capitalibus
1261 4124 1274 4145 ,
1327 4091 1536 4149 Septem
1572 4079 1646 4134 illi
1676 4076 1743 4134 de
1783 4080 1944 4134 Verbi
1974 4077 2056 4134 In.

484 4170 803 4223 carnatione
844 4171 970 4226 libri
1017 4183 1141 4226 sunt
1189 4173 1606 4228 annutnerandi.
1649 4163 1758 4228 llos
1801 4175 1942 4228 enim
1995 4175 2062 4229 ab

485 4261 604 4328 ipso
635 4259 894 4315 Cassiano
918 4263 1092 4318 editos
1115 4268 1170 4318 et
1190 4266 1529 4332 conscriptos
1553 4279 1676 4320 esse
1707 4275 1864 4320 nemo
1892 4265 2061 4319 addu-

487 4350 700 4416 bitabit,
725 4354 815 4422 qui
851 4355 972 4407 illus
997 4355 1285 4425 diligenter
1305 4357 1580 4418 lectitarit,
1607 4365 1659 4410 et
1683 4357 1823 4411 istud
1856 4358 2060 4412 oralio-

482 4443 567 4496 nis
595 4437 742 4497 filum
773 4461 892 4500 cum
917 4449 1188 4516 prioribus
1206 4449 1324 4517 ejus
1349 4448 1606 4518 operibus
1637 4450 2055 4518 comparaverit.

481 4533 552 4589 Ut
580 4533 796 4588 interim
823 4538 1037 4591 silentio
1057 4549 1373 4608 prtetcream
1400 4539 1562 4592 libros
1589 4541 1688 4592 hos
1707 4554 1736 4592 a
1757 4538 2056 4594 Tritltemio

479 4635 530 4678 rt
557 4627 859 4690 Gennadio,
889 4632 977 4698 qui
1014 4631 1306 4683 illustrium
1346 4631 1590 4684 Virorum
1623 4631 1830 4686 Indices
1849 4631 2056 4684 descri-

478 4727 742 4786 pserunt,
789 4719 930 4774 inter
971 4737 1130 4790 opera
1179 4721 1422 4777 Cassiani
1489 4723 1781 4779 numerari.
1840 4725 2054 4778 l’riorcs

481 4819 614 4864 vero
658 4812 784 4865 libri
834 4813 934 4867 hoc
965 4816 1196 4869 consilio
1228 4817 1293 4871 ab
1325 4833 1389 4870 co
1417 4816 1601 4883 scripti
1635 4831 1756 4872 esse
1777 4816 2049 4879 videntur,

478 4913 530 4954 nt
566 4902 620 4955 in
667 4903 731 4955 iis
759 4904 884 4956 vitm
913 4905 1010 4973 pia:
1031 4947 1045 4970 ,
1104 4907 1371 4976 religiosa:
1403 4916 1456 4960 et
1503 4909 1816 4960 mouasticm
1848 4919 2047 4962 certam

478 4994 764 5056 quamdam
795 4996 1473 5066 absolutamque-formam
1521 4999 1748 5067 posteris
1790 4999 2044 5065 traderet,

476 5087 623 5148 digni
654 5086 854 5141 idcirco
883 5089 972 5158 qui
1007 5104 1296 5158 numquam
1328 5092 1392 5145 de
1417 5092 1664 5145 manibus
1696 5094 1934 5146 maxime
1965 5108 2048 5147 re-

477 5179 489 5229 l
518 5195 786 5244 gmsurttm
820 5180 1190 5246 deponantur;
1223 5194 1440 5251 propter
1471 5194 1654 5237 sancta
1687 5185 2048 5253 Salutariaque

477 5286 591 5331 ,μην
621 5270 897 5326 continent
925 5270 1170 5342 dogmata
1205 5286 1253 5328 et
1282 5277 1550 5342 exempla.
1580 5275 1750 5344 Cujus
1786 5275 1861 5330 rei
1897 5277 2045 5328 Incu-

475 5361 804 5426 plcttssimos
836 5374 999 5419 testes
1020 5365 1281 5421 habemus
1309 5367 1490 5420 divum
1524 5367 1876 5421 Benedicitur"
1899 5410 1910 5427 ,
1937 5367 2045 5419 llo-

472 5454 725 5509 tninicum
746 5498 759 5520 ,
791 5457 1052 5513 Thomam
1083 5457 1402 5530 Aquinatem
1428 5501 1441 5522 ,
1475 5461 1787 5530 Dionysium
1818 5457 2045 5513 ϐίη-ειμι-

472 5551 707 5612 sianum,
741 5549 999 5619 lgnatium
1025 5549 1312 5608 Societatis
1331 5553 1455 5608 Jcsu
1491 5556 1718 5622 primum
1747 5561 2044 5618 auctorem,

467 5650 804 5710 ικι-ιιττυεψιε
846 5644 968 5698 vita:
1009 5645 1368 5700 sanctimonia
1417 5655 1470 5698 ct
1517 5647 1813 5699 monastica
1871 5644 2047 5713 perfe-

465 5735 646 5783 (hinc,
679 5732 960 5801 insigniter
983 5737 1159 5791 claros
1186 5753 1198 5792 :
1231 5738 1318 5804 qui
1343 5739 1603 5792 Auctoris
1624 5735 1782 5803 hujus
1812 5736 2045 5792 lectione

2172 3249 2442 3302 ldoneitas
2477 3260 2662 3302 noStra
2709 3259 2774 3303 ex
2822 3246 2933 3302 Deo
2981 3257 3082 3303 est.
3143 3249 3476 3318 Quamquam
3517 3252 3666 3304 enim
3701 3252 3756 3306 in

2165 3338 2662 3394 commemorandis
2709 3348 2765 3393 et
2811 3338 3042 3392 citandis
3080 3352 3250 3393 sacrae
3295 3337 3596 3408 Scriptura:
3628 3356 3762 3395 seno

2169 3430 2349 3484 tentiis
2383 3429 2497 3486 fere
2525 3438 2787 3498 sequatur
2815 3427 3004 3484 LXXII
3034 3425 3400 3499 interpretum
3429 3429 3754 3494 lectionem,

2164 3532 2218 3576 et
2249 3523 2430 3577 multa:
2463 3524 2660 3592 passim
2700 3523 2944 3577 obscura:
2974 3531 3029 3577 et
3058 3523 3432 3578 Grmcolatina:
3470 3539 3641 3578 Voces
3675 3525 3763 3579 in-

2169 3627 2246 3670 ter
2289 3615 2574 3686 legendum
2622 3627 2746 3671 sese
2797 3614 3022 3669 oll‘eranl
3053 3631 3066 3668 :
3104 3623 3331 3685 quarum
3361 3616 3669 3686 catalogum
3704 3629 3760 3672 et

2173 3709 2673 3779 interpretationem
2723 3719 2842 3776 post
2888 3707 3046 3760 linem
3081 3709 3242 3762 totius
3282 3709 3458 3776 operis
3500 3709 3762 3775 adjunxi-

2169 3813 2322 3853 lllllS:
2367 3801 2493 3870 quia
2531 3811 2710 3852 tamen
2761 3809 2930 3868 prope
2977 3795 3290 3865 Massiliam,
3326 3799 3412 3853 ubi
3447 3801 3756 3854 etiamnum

2164 3894 2282 3960 ejus
2313 3891 2572 3946 memoria
2601 3892 2838 3945 celebris
2863 3887 3113 3956 habetur,
3146 3900 3323 3946 etnon
3347 3893 3399 3944 in
3424 3892 3662 3957 Graecia,
3700 3909 3759 3950 et

2164 3985 2229 4038 ad
2254 3985 2538 4052 episcopos
2553 3982 2742 4038 Gallice
2769 3983 2986 4037 Latinos
3012 3983 3304 4047 scribebat,
3326 3999 3430 4038 non
3453 3984 3560 4039 alio
3583 3997 3756 4055 quam

2166 4076 2357 4130 Latino
2388 4078 2664 4141 semente,
2698 4075 2749 4128 in
2777 4087 2884 4144 quo
2917 4069 2992 4128 illi
3025 4076 3219 4129 versati
3251 4084 3440 4139 erant,
3467 4084 3520 4130 ct
3556 4076 3609 4130 in
3642 4094 3762 4149 quo

2165 4169 2280 4237 ipse
2324 4166 2431 4235 jam
2465 4175 2676 4234 quoque
2726 4175 2893 4235 prope
2951 4165 3355 4220 Massilioticum
3392 4169 3751 4237 gymnasium

2164 4259 2412 4314 habitans
2443 4257 2601 4312 tritus
2630 4266 2769 4320 erat,
2802 4257 2879 4312 uti
2907 4255 3115 4312 debuit.
3141 4255 3249 4312 Sed
3281 4272 3453 4328 neque
3477 4257 3543 4312 de
3577 4256 3760 4316 inter-

2163 4360 2313 4422 prete
2357 4350 2599 4406 Cassiani
2653 4364 2909 4420 umquam
2938 4349 3176 4404 auditum
3210 4362 3292 4405 est
3317 4392 3333 4417 ,
3367 4361 3541 4421 neque
3574 4355 3757 4408 ullum

2168 4445 2426 4497 hactenus
2451 4442 2825 4497 Grmcanicutn
2848 4443 3151 4510 exemplar,
3176 4444 3292 4498 sive
3317 4444 3603 4513 scriptum,
3632 4449 3760 4502 sive

2163 4549 2452 4598 exeusum,
2478 4533 2619 4604 quod
2651 4533 2807 4590 nobis
2832 4536 3049 4605 quidem
3075 4533 3258 4590 videre
3288 4536 3465 4602 licuit,
3485 4538 3538 4590 in
3566 4537 3756 4594 lucem

2161 4626 2367 4681 datum.
2398 4626 2514 4682 Jam
2541 4641 2669 4681 vero
2701 4627 2840 4696 quod
2871 4627 2937 4680 ad
2966 4627 3136 4696 ipsius
3164 4625 3406 4683 Cassiani
3452 4628 3756 4688 lectionem

2157 4719 2388 4786 attinet,
2419 4733 2537 4773 eam
2571 4733 2669 4772 nos
2692 4718 2759 4770 ab
2786 4718 3008 4773 infinitis
3037 4720 3432 4788 propemodum
3463 4724 3759 4779 erroribus

2158 4826 2219 4865 ac
2244 4809 2477 4879 mendis,
2493 4825 2560 4864 ex
2583 4809 2872 4866 collatione
2894 4821 3138 4867 veterum
3164 4827 3294 4866 mss.
3318 4813 3758 4885 exemplarium,

2157 4912 2211 4957 et
2252 4902 2315 4955 D.
2362 4901 2602 4971 Dionysii
2653 4898 3000 4956 Carthusiani
3055 4905 3458 4972 paraphrastica
3505 4907 3757 4961 transla-

2159 4996 2326 5060 tione,
2355 5007 2475 5064 qute
2507 4993 2687 5047 multis
2713 4994 2763 5047 in
2803 4994 2938 5048 locis
2968 5008 3098 5049 mss.
3132 4994 3410 5050 codicibus
3447 4993 3760 5054 cortformis

2156 5097 2257 5151 est,
2293 5086 2719 5141 vindicavimus:
2773 5086 3222 5156 quemadmodum
3265 5102 3334 5141 ex
3380 5087 3760 5154 castigatoriis

2159 5180 2323 5248 notis,
2345 5193 2572 5249 quarum
2606 5178 2813 5233 tabulas
2843 5187 2966 5248 post
2993 5179 3150 5234 linem
3188 5177 3364 5246 aperis
3393 5179 3759 5246 exhibemus,

2155 5273 2589 5328 animadvertere
2631 5272 2776 5327 licet.
2837 5271 3088 5342 Capitum
3124 5271 3362 5340 partitio,
3401 5286 3520 5340 qum
3549 5275 3758 5329 mauis

2159 5366 2207 5416 in
2259 5363 2393 5418 lueis
2435 5372 2566 5417 mss.
2605 5361 3011 5432 exemplaribus
3039 5363 3107 5418 ab
3138 5362 3354 5417 exeusis
3379 5362 3601 5416 diversa
3637 5379 3754 5431 est,

2160 5457 2501 5527 Dionysiantc
2546 5455 2866 5526 paraphrasi
2914 5451 3028 5509 fere
3063 5463 3433 5510 consentanea
3480 5462 3602 5506 est:
3642 5470 3754 5512 nos

2154 5562 2331 5604 tamen
2355 5547 2424 5602 ab
2457 5561 2519 5602 ea
2549 5547 2902 5602 distinctione
2925 5588 2938 5608 ,
2981 5563 3101 5616 qua:
3133 5547 3392 5600 bach-nus
3421 5545 3474 5599 in
3508 5546 3755 5614 impres-

2153 5644 2225 5696 sis
2270 5641 2421 5696 libris
2452 5640 2745 5705 invenitur,
2780 5637 3028 5693 duxitnus
3075 5653 3179 5692 non
3233 5647 3436 5694 temere
3485 5636 3758 5696 receden-

2154 5735 2276 5786 dutn
2314 5732 2515 5786 fuisse:
2551 5742 2913 5800 praiterquam
2965 5729 3103 5797 quod
3147 5730 3321 5784 libros
3369 5732 3434 5785 tlc
3480 5729 3759 5785 lncarna-
