4026 6334
217 258 279 317 Ἇὲ
1393 262 1757 321 ΡιὶίῈΡΑΤΙΟ
1793 267 1817 322 ,Α

1921 265 2052 324 iRDl
2092 269 2334 331 GAZIE'.
3439 279 3513 343 50

226 379 364 434 tione
392 377 676 436 hactenus
709 379 1077 451 indistinctus,
1107 382 1159 438 in
1201 382 1378 455 capita
1408 383 1819 455 digesserimus.
1847 393 1901 453 Α
1927 386 2067 444 hunc
2111 400 2356 447 nostrum
2407 391 2598 450 eodem
2642 392 2810 450 animi
2851 393 3091 453 candore
3130 409 3240 467 quo
3291 409 3322 452 ι
3352 398 3509 457 nobis

229 473 317 529 llis
342 472 603 529 omnibus
632 474 941 543 adjecimus
975 474 1111 531 duos
1136 475 1343 533 indices
1383 493 1554 533 novos
1601 493 1665 533 ex
1698 479 1822 534 uni-

230 580 379 621 verso
397 566 655 622 Cassiani
682 585 855 639 opere
880 585 910 623 a
938 570 1092 625 nobis
1123 572 1418 627 collectos:
1445 572 1703 643 priorem,
1729 589 1827 629 ex-

230 662 544 731 plicaturum
575 663 650 717 ab
685 668 928 721 Auctore
966 666 1167 722 divinae
1202 668 1500 738 Scriptum
1528 672 1825 726 sententia-

228 771 372 818 rum;
421 758 797 824 posteriorem
823 799 838 825 ,
889 759 1172 828 insignium
1200 771 1257 818 et
1282 763 1716 819 memorabilium
1739 779 1827 821 rc-

226 867 358 904 rum.
388 850 688 921 Superest,
738 856 914 910 amice
935 864 990 911 et
1011 856 1241 915 candide
1270 857 1464 928 lector,
1496 870 1554 915 ut
1578 860 1820 917 laborem

968 1119 1581 1202 ΡΙὶλἘΡΑΤΙΟ
1660 1122 2105 1206 ALARDI
2183 1123 2564 1207 GAZZEI
2640 1108 2759 1205 (α).

282 1394 630 1462 Cassianum,
677 1409 838 1463 ecce,
864 1393 1026 1450 toties
1046 1409 1235 1451 cusum
1266 1404 1320 1452 et
1340 1409 1597 1451 excusum
1627 1395 1809 1451 denuo

216 1492 553 1557 recudimus,
598 1499 658 1545 et
688 1506 837 1546 novo
877 1491 1154 1547 schemate
1198 1490 1443 1546 nonnihil
1489 1490 1809 1545 adornatum

218 1603 396 1642 rursus
428 1587 483 1641 in
518 1587 705 1641 lucem
735 1585 948 1641 damus.
988 1586 1355 1661 Mirabu‘utur,
1386 1594 1468 1638 sat
1505 1584 1651 1651 scio,
1685 1600 1809 1655 per-

217 1681 364 1735 multi
393 1697 406 1733 :
432 1690 492 1733 et
518 1679 616 1732 alii
645 1678 875 1748 quidem
904 1680 1113 1732 inanem
1140 1693 1384 1748 operam,
1416 1676 1508 1731 alii
1542 1676 1815 1732 temerita-

1926 480 2171 552 ali‘ertur,
2220 484 2522 555 suscipias;
2555 501 2730 558 coque
2761 488 2830 543 ad
2860 488 2960 545 Dei
2987 488 3251 547 honorem
3292 499 3349 546 et
3376 490 3509 547 Rei-

1924 576 2075 646 publ.
2106 592 2171 633 ac
2199 578 2393 632 animae
2435 589 2538 635 tuae
2580 581 2808 637 salutem
2838 581 3070 640 feliciter
3107 581 3327 639 fruaris.
3354 583 3503 639 Vale.

1924 670 2149 726 Lovanii
2177 688 2243 728 ex
2275 683 2463 728 nostro
2490 675 2755 732 Albarum
2788 677 3137 735 Dominarum
3170 679 3504 737 monasterio

1924 764 2178 822 Calendis
2200 768 2404 825 Martiis
2428 768 2559 825 anui
2588 771 2748 828 1578.

2534 1008 2651 1022 0--

1915 1398 2184 1464 ccnsuris,
2232 1401 2459 1472 aliisque
2514 1403 2898 1461 additamentis
2950 1404 3100 1460 auxit
3162 1412 3218 1459 et
3265 1402 3511 1460 illustra-

1915 1494 1994 1547 vit
2025 1511 2039 1548 :
2083 1510 2200 1564 quae
2231 1496 2417 1553 Romze
2448 1499 2682 1569 primum
2714 1498 2856 1555 edita
2890 1498 3013 1569 (An.
3042 1496 3229 1568 1588),
3280 1497 3506 1553 demum

1918 1603 1985 1643 ex
2013 1586 2360 1657 Lugdunensi
2377 1591 2618 1646 editione
2643 1600 2766 1646 ante
2787 1605 2993 1661 paucos
3013 1605 3186 1645 annos
3208 1589 3314 1645 huc
3334 1588 3512 1647 deﬁat:

1918 1682 2224 1752 accepimus
2256 1683 2379 1754 (An.
2415 1682 2598 1754 1606).
2631 1685 2902 1752 Quorsum
2931 1683 3096 1753 igitur
3121 1681 3243 1738 lttec
3287 1695 3429 1737 nova
3456 1690 3514 1738 et

219 1784 319 1826 tem
360 1773 619 1825 fortassis
664 1770 994 1825 iucusabuut
1015 1812 1029 1837 ,
1061 1770 1205 1841 quod
1236 1780 1357 1840 post
1381 1770 1515 1823 alias
1544 1769 1813 1824 editiones
1843 1811 1890 1870 Β
1922 1785 2026 1830 tam
2061 1792 2405 1847 pracpmpera
2437 1777 2641 1832 editio?
2670 1786 2725 1833 et
2752 1778 2877 1849 quis
2906 1792 3023 1833 eam
3064 1778 3240 1845 primo
3282 1784 3511 1846 aspectu

220 1866 346 1919 adeo
385 1872 647 1919 recentes
687 1872 746 1917 et
780 1865 1027 1933 vulgatas
1077 1863 1218 1919 idem
1272 1876 1408 1932 opus
1458 1862 1708 1932 aggredi,
1759 1871 1815 1918 et.

221 1961 355 2014 velut
385 1971 574 2015 actum
615 1973 814 2029 agere,
865 1967 958 2011 aut
990 1958 1208 2030 Sisyphi
1250 1972 1438 2012 saxum
1472 1957 1692 2011 volvere
1731 1954 1817 2009 vi-

221 2053 457 2107 deamur.
475 2052 641 2117 Nam,
658 2061 717 2107 ut
733 2053 1036 2107 anteriores
1053 2062 1108 2108 et
1121 2052 1455 2122 antiquiores
1472 2059 1810 2120 praeteream.

221 2146 380 2200 edim
410 2145 543 2213 (Au.
578 2144 734 2199 Dom.
774 2144 938 2212 1578)
970 2161 1075 2200 non
1105 2145 1178 2200 ita
1209 2143 1394 2200 multis
1432 2144 1633 2199 abhinc
1660 2144 1813 2199 anuis

224 2240 331 2294 btec
358 2236 594 2293 Joannis
625 2238 876 2293 Cassiani
907 2254 1071 2306 opera
1095 2253 1161 2293 ex
1193 2236 1425 2292 Plautini
1458 2235 1813 2308 typograpbia

221 2348 248 2387 a
269 2334 449 2386 multis
467 2331 688 2387 mendis
711 2341 1006 2401 expurgatu
1026 2331 1091 2386 Β.
1114 2331 1213 2386 Do.
1236 2329 1520 2385 lleinricus
1539 2327 1813 2400 Cuychius

222 2427 504 2498 theologus
532 2428 926 2492 Lovaoieusis,
966 2436 1153 2497 postea
1184 2428 1479 2497 episc0pus
1512 2426 1814 2480 [luremun-

222 2520 434 2583 densis,
465 2520 671 2576 additis
698 2520 868 2575 etiam
896 2520 961 2574 ad
990 2520 1241 2589 qumdam
1276 2520 1390 2574 loca
1414 2519 1677 2575 censoriis
1718 2533 1815 2574 no-

222 2614 522 2668 tationihus
550 2628 813 2684 perquam
857 2613 1125 2678 eruditis,
1168 2628 1268 2669 nec
1311 2629 1419 2667 non
1459 2612 1813 2668 obscurarum

223 2707 577 2776 quarumdam
620 2722 820 2763 vocum
861 2720 925 2763 ac
975 2707 1375 2762 sententiarum
1417 2707 1812 2774 elucidatione,

220 2816 345 2871 qure
388 2801 589 2872 passim
654 2802 952 2856 multorum
1000 2802 1251 2856 manibus
1303 2809 1553 2854 teruntur
1600 2807 1655 2855 et
1705 2800 1814 2855 cir-

220 2893 618 2948 cumferuntur.
650 2892 836 2948 Edidit
863 2901 918 2949 et
959 2893 1118 2961 paulo
1145 2901 1266 2963 post
1293 2891 1487 2945 Petrus
1528 2888 1817 2947 Ciacouius

223 2988 506 3056 presbyter
555 2985 853 3041 Toletanus
897 3002 926 3040 a
959 2985 1190 3040 Baronio
1223 2982 1529 3055 (Martyrol.
1566 2985 1632 3039 M
1664 2982 1816 3053 Maii)

225 3080 668 3145 commendatus;
709 3095 883 3151 eaque
931 3082 1086 3135 novis
1115 3079 1280 3135 etiam
1310 3079 1715 3147 uotatiouibus,
1761 3087 1820 3135 et

1922 1883 2027 1923 non
2056 1869 2330 1938 suggillet,
2358 1879 2451 1924 aut
2479 1880 2787 1939 suspectam
2822 1869 3037 1934 habeat,
3064 1884 3185 1940 qua:
3214 1866 3513 1940 superiori-

1919 1962 2021 2017 bus
2048 1961 2184 2017 adeo
2221 1964 2553 2032 recentibus,
2587 1973 2641 2019 ct
2669 1971 2877 2018 tantum
2910 1978 3018 2018 non
3044 1977 3075 2017 a
3108 1963 3278 2032 przelo
3309 1962 3512 2017 sudan-

1919 2055 2060 2110 tibus
2108 2056 2417 2126 importuna
2447 2072 2509 2112 se
2548 2056 2828 2112 obtrudit?
2874 2056 2971 2111 llis
3011 2054 3224 2111 accedit
3270 2054 3416 2125 quod
3457 2062 3513 2110 et

1922 2149 2132 2203 Auctor
2184 2152 2300 2218 ipse
2346 2147 2617 2219 aliquibus
2649 2148 2878 2205 fortasse
2921 2150 3005 2204 vel
3053 2157 3374 2219 suspectus,
3424 2146 3513 2203 vel

1920 2242 2132 2298 minore
2156 2243 2275 2297 loco
2299 2243 2577 2299 habendus
2599 2242 2770 2298 videri
2791 2243 2965 2314 possit
2985 2243 3055 2299 ob
3075 2251 3314 2299 veterem
3337 2241 3510 2309 illam,

1921 2347 1972 2391 et
2003 2335 2271 2403 vulgatam
2302 2334 2370 2389 de
2413 2333 2585 2407 gratia
2615 2335 2712 2389 Dei
2770 2344 2823 2389 et
2864 2334 3034 2390 libero
3082 2334 3318 2389 hominis
3362 2332 3512 2388 arbi-

1923 2428 2027 2484 trio
2052 2427 2480 2484 controversiam
2499 2472 2513 2496 ,
2534 2429 2777 2498 aliasque
2799 2442 2992 2483 causas
3023 2444 3128 2483 non
3161 2426 3461 2498 incognitas
3489 2442 3506 2481 :

1919 2522 2067 2577 unde
2106 2522 2282 2592 ipsum
2316 2523 2498 2590 potius
2529 2521 2848 2576 delitescere
2870 2562 2886 2587 ,
2918 2537 3075 2592 quam
3106 2522 3267 2577 toties
3313 2522 3364 2575 in
3410 2535 3511 2591 pu-

1924 2616 2121 2671 blicum
2172 2615 2386 2685 prodire
2419 2614 2650 2670 forsitan
2691 2615 2968 2686 expediat.
3012 2614 3121 2669 Cur
3159 2615 3321 2685 igitur
3350 2615 3407 2669 in
3447 2626 3513 2669 eo

1920 2722 2110 2762 rursus
2156 2706 2475 2763 excudendo
2521 2717 2575 2763 et
2618 2707 2950 2777 expoliendo
2996 2717 3182 2763 tantus
3220 2708 3374 2762 labor
3412 2708 3512 2762 im-

1923 2801 2157 2871 pensus?
2181 2800 2381 2855 Verum
2410 2800 2679 2870 :cquiores
2699 2814 2859 2869 spero
2882 2799 3096 2869 judices
3113 2840 3128 2867 ,
3152 2807 3208 2855 et
3228 2813 3509 2868 censores,

1921 2893 2009 2963 qui
2044 2904 2095 2947 et
2127 2894 2450 2948 Cassianum
2476 2894 2652 2963 ipsum
2682 2893 2849 2962 probe
2874 2892 3077 2959 norint,
3104 2900 3158 2947 et
3185 2891 3314 2961 quid
3337 2892 3388 2945 in
3414 2891 3513 2946 bac

1922 2988 2165 3042 editione
2192 3003 2303 3057 prae
2337 2988 2552 3044 caeteris
2582 2987 2880 3057 prmstitum
2912 2986 3000 3052 sit,
3035 2994 3286 3041 accurate
3315 2998 3512 3055 cogno-

1924 3081 2121 3137 verint.
2152 3080 2306 3149 Quod
2331 3090 2621 3153 antequam
2646 3094 2921 3150 exponere
2946 3077 3252 3150 aggrediar,
3282 3090 3512 3133 consen-

293 3286 371 3357 (ιι)
413 3288 716 3356 Antequam
758 3286 1080 3357 ingrediaris
1120 3286 1367 3341 devotam
1410 3284 1719 3358 eloquentis
1759 3293 1814 3341 et
1840 3286 1887 3350 C
1918 3287 2133 3349 quidem
2165 3296 2217 3342 et
2255 3287 2437 3358 specie
2465 3284 2731 3358 exteriori
2762 3285 2988 3358 pusillus
3015 3293 3072 3358 et
3097 3284 3296 3358 brevia,
3328 3290 3413 3351 et,
3453 3292 3514 3341 ut

227 3359 386 3413 sancti
420 3360 658 3411 auctoris
690 3359 851 3426 huius
889 3359 1178 3423 lecturam,
1220 3372 1380 3426 qttam
1406 3360 1535 3410 tanti
1570 3357 1815 3413 fecerunt

228 3430 424 3500 antiqui
445 3430 656 3493 Patres,
676 3431 981 3499 praesertim
1008 3431 1167 3485 Pater
1190 3438 1373 3483 uoster
1402 3428 1820 3493 Beuedictus,et

232 3502 421 3555 Sch-da:
440 3500 764 3569 theologica:
782 3504 861 3552 sol
880 3500 1295 3561 divu~Tbomas,
1314 3510 1367 3551 ut
1387 3516 1504 3553 eam
1528 3516 1816 3565 tmmquatu

229 3572 289 3626 de
312 3573 564 3626 manibus
602 3572 714 3626 fere
744 3572 1078 3639 deponerent
1108 3588 1121 3623 :
1158 3588 1260 3624 non
1291 3571 1481 3627 dubito
1504 3571 1630 3639 quin
1673 3572 1819 3625 scire

232 3643 428 3709 avebis,
455 3645 630 3696 lector
649 3645 929 3706 benevole,
961 3645 1080 3711 quis
1103 3642 1196 3698 ille
1209 3644 1280 3695 sit
1306 3642 1538 3696 Alardus
1557 3640 1783 3696 Gazaeus
1801 3681 1815 3705 ,

232 3716 312 3783 qui
346 3724 454 3769 tam
496 3714 786 3770 luculentis
822 3712 1134 3769 Cassianum
1192 3713 1283 3767 tibi
1335 3713 1628 3767 illustravit
1672 3728 1821 3766 com-

230 3782 523 3839 mentariis.
562 3786 693 3841 lluic
744 3802 875 3854 ergo
929 3785 1204 3840 desiderio
1262 3794 1351 3839 tuo
1407 3782 1815 3851 satisfacturos,

232 3860 560 3923 prannittere
592 3872 679 3911 me
731 3870 893 3927 posse
942 3872 1066 3911 reor
1098 3872 1202 3911 nou
1246 3858 1427 3923 inepte
1468 3854 1597 3908 illud
1630 3854 1818 3909 Eccle-

231 3927 426 3982 siastici
460 3944 515 3981 ιι
549 3945 564 3981 :
600 3928 719 3981 Non
763 3927 943 3981 laudes
971 3932 1134 3982 cirum
1180 3929 1231 3980 in
1276 3928 1440 3996 specie
1479 3942 1608 3987 sua,
1661 3944 1822 3997 neque

231 4015 441 4066 spernas
465 3998 730 4053 hominem
758 4000 811 4052 in
838 4001 950 4053 visu
975 4017 1069 4054 suo
1096 4016 1113 4054 :
1149 3999 1309 4051 brevis
1340 3998 1390 4050 in
1422 3997 1717 4051 volatilibus
1747 4008 1818 4053 cst

233 4073 361 4139 apis,
395 4079 443 4123 cl
473 4072 683 4123 initium
728 4070 957 4123 dulcoris
997 4070 1147 4123 habet
1176 4072 1373 4140 fructus
1420 4070 1581 4121 illius.
1615 4071 1819 4133 Quibus

234 4142 407 4195 verbis
437 4158 541 4195 non
569 4142 864 4195 secundum
896 4141 1082 4195 faciem
1102 4183 1114 4207 ,
1142 4143 1233 4192 sed
1263 4140 1555 4193 St’Ctlftdtltll
1591 4141 1817 4193 l'rizcutm

231 4211 468 4278 judicare
510 4227 609 4266 nos
655 4221 840 4265 monet
867 4212 1112 4277 Sapiens.
1150 4212 1321 4265 Frons
1358 4213 1499 4263 enim
1533 4220 1586 4261 et
1612 4216 1821 4277 species

234 4285 483 4351 praeclara
536 4298 683 4353 saepe
735 4286 865 4352 tegit
921 4286 1156 4337 animum
1196 4284 1478 4336 viliorem:
1527 4292 1581 4335 et
1624 4282 1821 4336 Paulus

232 4356 512 4421 apostolus
544 4368 733 4409 contra
787 4356 1014 4409 annulus
1055 4356 1144 4424 qui
1195 4357 1261 4407 de
1311 4356 1424 4421 ipSo
1468 4353 1817 4421 dictitabant,

236 4426 488 4492 Quoniam
514 4427 723 4495 quidem
753 4425 984 4495 cpistola'
1012 4441 1188 4494 yrat'cs
1215 4435 1407 4497 suntet
1445 4425 1599 4493 {artes
1622 4464 1635 4487 ,
1678 4440 1818 4497 pm:-

230 4497 391 4549 ssntin
418 4507 590 4550 autem
622 4497 852 4565 corporis
884 4498 1086 4563 inﬁrma
1127 4506 1174 4550 ct
1203 4496 1368 4548 sermo
1390 4496 1822 4561 contemptibilis;

232 4570 559 4635 respondere
596 4583 702 4622 non
754 4567 1029 4636 indignum
1072 4568 1310 4633 censuit,
1359 4565 1476 4618 Hoc
1506 4566 1693 4634 cogitet
1734 4568 1822 4635 qui

228 4640 613 4706 ejusmodicst,
651 4638 769 4706 quia
810 4639 985 4707 qualis
1037 4656 1211 4692 sumus
1240 4638 1410 4707 turbo,
1460 4638 1819 4707 pr't‘gt‘pisfolas

230 4704 482 4775 absentes,
506 4709 631 4762 tales
663 4704 706 4762 ἐι
737 4704 1006 4778 ρι’(ἐνδσηιρδ
1034 4710 1084 4761 in
1108 4714 1241 4778 furto
1268 4707 1339 4777 (11
1364 4704 1479 4760 Cor.
1514 4704 1589 4775 χ).
1609 4704 1819 4777 Nempe

230 4780 473 4850 quamvis
509 4781 735 4845 ινιιςὶιιιις
758 4795 1005 4849 Corpore,
1034 4779 1344 4847 magnificus
1378 4787 1553 4831 tamen
1572 4792 1737 4843 opere
1767 4788 1820 4833 et

229 4866 506 4906 sermone.
536 4851 604 4902 Et
631 4851 854 4919 pulchre
905 4852 1004 4904 hoc
1052 4852 1296 4904 declarat
1348 4850 1682 4918 comparatio
1722 4850 1817 4904 Sa-

228 4926 431 4992 pientis
463 4922 850 4977 Ecclesiastici.
900 4921 1082 4989 Neque
1113 4924 1254 4975 enim
1296 4921 1472 4988 aquila
1505 4937 1816 4992 magnarum

228 4991 471 5056 alarum,
519 5007 618 5046 nec
658 4994 877 5061 phoenix
930 4994 1185 5062 longtcvin
1218 4994 1371 5057 vitio,
1416 5008 1514 5045 nec
1548 4993 1666 5043 ulla:
1700 4991 1819 5046 alia:

229 5067 469 5132 majores
495 5078 623 5118 aves
654 5079 769 5118 eam
802 5075 1073 5118 merentur
1101 5063 1311 5118 laudem
1330 5077 1489 5132 quam
1515 5063 1731 5116 minima
1765 5064 1819 5117 in

229 5137 544 5190 volatilibus
569 5137 819 5189 omnibus
848 5137 1053 5200 apicula
1077 5178 1091 5201 ,
1134 5149 1256 5204 quae
1291 5139 1516 5187 fructum
1550 5145 1697 5188 creat
1725 5149 1818 5188 ar-

229 5208 463 5260 tificioso
503 5210 553 5260 in
597 5207 749 5271 favo,
780 5210 868 5275 qui
906 5208 1111 5260 initium
1141 5214 1226 5260 est
1272 5215 1328 5259 et
1362 5220 1609 5258 mensura
1642 5207 1817 5259 omnis

228 5279 489 5331 slulcoris.
516 5279 751 5332 Primum
778 5277 923 5331 enim
954 5278 1004 5331 in
1032 5292 1352 5345 uneqnoqtte
1382 5291 1601 5345 genere,
1637 5275 1818 5329 Philn~

224 5352 403 5415 sentio
431 5360 594 5415 teste,
624 5358 707 5403 est
735 5364 985 5402 mensura
1024 5350 1351 5417 reliquorum
1385 5365 1396 5399 ε
1422 5356 1474 5401 et
1499 5347 1602 5401 mel
1632 5352 1819 5413 apicu-

226 5420 295 5473 lae
320 5421 447 5474 ideo
488 5421 569 5475 hic
599 5423 797 5475 dicitur
840 5422 1050 5474 initium
1085 5421 1351 5481 dulcoris,
1408 5420 1530 5488 quia
1564 5434 1814 5474 mensura

223 5502 313 5545 est
340 5496 577 5546 omnium
605 5492 875 5557 dulcium,
929 5500 985 5545 ut
1016 5496 1207 5547 merito
1239 5508 1343 5545 vox
1372 5490 1558 5545 Gra‘ca
1588 5505 1692 5544 non
1727 5506 1815 5546 so-

222 5562 341 5616 lum
373 5565 577 5621 initium
607 5580 797 5619 verum
832 5572 885 5616 et
922 5563 1273 5631 principatum
1304 5562 1538 5616 dulcoris
1581 5564 1814 5629 genuine

224 5632 513 5704 signiﬁcet.
551 5639 615 5692 Et
664 5644 856 5691 uoster
897 5634 1126 5688 Alardtts
1156 5633 1379 5687 Gaz-.cus
1422 5632 1473 5686 in
1506 5633 1815 5690 volatilibus

225 5705 364 5774 (quo
389 5708 599 5765 nomine
646 5706 1100 5771 contemplativas
1145 5705 1353 5757 animas
1385 5703 1438 5756 in
1465 5717 1645 5759 rerum
1681 5707 1816 5759 divi.

227 5791 410 5837 uarum
443 5782 561 5850 iugi
610 5776 996 5849 speculatione
1025 5789 1320 5846 suspensas
1349 5777 1559 5847 accipe)
1586 5791 1816 5846 corpore

1920 3358 1997 3415 illi
2027 3356 2365 3415 dicebant‘de
2396 3357 2688 3425 Apostolo,
2722 3356 3010 3425 prmsentia
3058 3356 3272 3411 infirma
3305 3365 3361 3412 et
3396 3372 3513 3411 ser-

1923 3446 2081 3484 mone
2134 3428 2575 3493 cortlcmptibili;
2632 3443 2741 3497 prae
2773 3427 3097 3498 humilitate
3160 3427 3350 3498 animi,
3408 3440 3514 3498 qua

1920 3516 2136 3556 omnem
2186 3500 2266 3555 sui
2296 3500 2714 3554 ostentationem
2763 3497 3035 3569 fugiebat;
3086 3497 3181 3553 sed
3224 3497 3514 3554 mente’ttt

1919 3572 2064 3627 facto
2093 3583 2144 3627 et
2177 3572 2394 3639 scriptis
2424 3572 2507 3642 (ut
2531 3570 2618 3625 hic
2643 3569 2817 3633 vides,
2851 3570 3039 3642 lector)
3065 3584 3252 3642 revera
3282 3570 3433 3642 fortis
3460 3579 3515 3624 et

1920 3645 2127 3713 gravis,
2164 3653 2222 3697 ut
2253 3641 2458 3697 initium
2502 3657 2563 3694 ac
2598 3642 2880 3713 primatum
2913 3641 3151 3713 dulcoris
3183 3641 3239 3695 iu
3291 3641 3393 3696 hoc
3422 3655 3515 3713 ge-

1922 3709 2050 3769 nere
2078 3715 2586 3767 commentariorum
2620 3712 2806 3764 habeat
2840 3712 3042 3763 frui-tus
3075 3712 3290 3780 ejus,et
3323 3728 3385 3766 ex
3413 3709 3512 3766 flo-

1921 3787 2135 3840 rnleuto
2167 3784 2381 3852 opilicio
2428 3784 2519 3836 tibi
2564 3782 2815 3836 exhibeat
2852 3780 3317 3836 considerationes
3347 3797 3510 3846 super

1923 3859 2030 3910 mel
2063 3865 2116 3910 et
2144 3858 2319 3909 favum
2352 3854 2645 3909 dulciores.
2677 3852 2800 3906 Fuit
2830 3867 2994 3922 porro
3026 3853 3253 3906 Mardus
3284 3853 3506 3907 fratrum

1925 3939 2049 3982 natu
2101 3929 2402 3989 maximus,
2433 3925 2523 3992 qui
2565 3927 2727 3979 etiam
2761 3924 2814 3978 iu
2854 3923 3162 3978 volatilibus
3192 3924 3315 3979 ctuti
3359 3923 3510 3980 fuere

1925 4000 2197 4066 insignes,
2230 4009 2281 4052 et
2311 3998 2528 4063 scriptis
2560 3998 2613 4049 in
2646 3997 2818 4050 lucem
2851 3996 3016 4049 editis
3049 3995 3307 4050 illustres.
3332 3996 3513 4063 Auge.

1926 4070 1976 4123 li:
2004 4088 2065 4123 us
2097 4070 2320 4125 Gazzrus
2365 4069 2491 4123 Soc.
2523 4066 2647 4121 .lcsu
2681 4066 2933 4120 sacerdos
2978 4066 3293 4133 religiosus,
3324 4066 3507 4120 multi-

1924 4142 2049 4210 pliri
2093 4142 2339 4194 doctrina
2385 4151 2438 4193 et
2486 4140 2686 4208 pietate
2725 4139 3050 4210 przrclarus,
3107 4152 3513 4210 Suet‘gqttttque

1923 4208 2073 4283 poesi
2124 4211 2529 4283 Celeberrimos.
2561 4208 3101 4283 Nicolnusicaza-us,
3146 4209 3203 4264 S.
3238 4208 3512 4283 Francisci

1924 4279 2555 4349 alnmnus,conciouibus
2579 4281 2851 4350 praeclaris
2872 4279 3509 4335 editiscommendabilis.

1924 4355 2118 4410 Noster
2145 4368 2322 4408 autem
2351 4352 2603 4413 Alardus,
2629 4368 2735 4419 prro
2766 4351 2868 4405 illis
2902 4366 3130 4418 corpore
3153 4351 3397 4417 exiguus,
3417 4350 3512 4405 sed

1924 4437 1979 4481 et
2012 4441 2118 4492 pra:
2166 4426 2271 4480 illis
2316 4432 2371 4478 et
2410 4423 2650 4493 pluribus
2690 4422 2811 4475 aliis
2861 4421 3147 4476 dulcedine
3188 4420 3511 4491 scriptorum

1924 4500 2176 4561 eximius,
2209 4496 2453 4551 ordinem
2482 4496 2541 4548 ὃ.
2566 4495 2621 4547 l’.
2654 4495 2824 4548 nostri
2854 4494 3131 4547 Benedicti
3156 4495 3206 4546 in
3239 4504 3514 4547 monaste-

1927 4572 2009 4623 rio
2042 4568 2405 4623 Attrebatensi
2436 4566 2494 4620 S.
2528 4566 2742 4619 \‘edasti
2773 4580 2802 4619 a
2832 4575 3016 4619 tenera
3048 4565 3276 4633 pueritia
3306 4565 3510 4631 ingres-

1848 4668 1901 4727 D
1927 4656 2037 4727 sus.
2059 4638 2914 4727 ineodemdnculpateail‘aunum
2940 4637 3113 4727 a-tatis
3136 4650 3246 4689 sua:
3262 4634 3506 4727 60.vixit,

1927 4710 2231 4764 valetudine
2275 4708 2593 4777 plerumque
2622 4708 2868 4769 infirma,
2902 4717 3085 4761 contra
3128 4720 3289 4772 quam
3335 4718 3509 4759 tamen

1926 4781 2239 4836 fortitudine
2270 4780 2433 4833 animi
2456 4781 2753 4833 colluctatis
2784 4788 3043 4846 perpetuo
3093 4779 3144 4831 in
3177 4778 3353 4843 magni
3392 4791 3511 4829 ιιιο-

1925 4854 2090 4907 meuti
2120 4852 2314 4905 studiis
2345 4852 2725 4919 ()Ct'llpilllallﬂ‘.
2759 4849 2888 4902 Nam
2934 4859 2990 4903 et
3018 4850 3395 4916 temporalium
3420 4862 3510 4900 re—

1924 4940 2039 4979 rum
2065 4918 2530 4976 administratione
2557 4937 2660 4974 non
2685 4921 2801 4974 sine
2822 4920 2975 4974 laude
3003 4921 3053 4973 in
3080 4920 3267 4974 officiis
3294 4918 3511 4983 majori-

1925 4994 2022 5048 bus
2048 5006 2295 5048 versatus
2317 5002 2430 5059 est,
2476 5000 2532 5046 et
2562 4994 2613 5045 iu
2645 4991 2820 5044 medio
2852 4988 3335 5044 administrationis
3366 4988 3511 5041 illius

1924 5066 2137 5120 dilectis
2178 5065 2403 5119 eruditae
2446 5061 2919 5130 contemplationis
2962 5062 3184 5127 studiis,
3239 5068 3497 5128 quantum

1924 5138 2010 5190 vix
2041 5136 2182 5190 credi
2232 5143 2436 5202 potest.
2486 5136 2849 5189 incumbebat.
2883 5132 2938 5189 lu
2971 5134 3069 5187 bac
3097 5146 3221 5186 vero
3252 5131 3510 5184 litteraria

1926 5208 2280 5278 occupatione
2322 5205 2552 5278 defixum
2584 5220 2732 5278 mors
2755 5205 3022 5278 abripuit,
3068 5218 3187 5278 cum
3237 5205 3386 5267 prius
3429 5210 3513 5255 ta-

1926 5274 2388 5333 men'lectoribus
2431 5275 2708 5330 benevtilis
2753 5276 2866 5329 haec
2916 5274 3112 5342 ingenii
3157 5282 3505 5327 moriumeuta

1925 5351 2392 5417 reliqtrisset,qu:e
2413 5362 2533 5401 cum
2563 5347 2895 5411 lustraveris,
2918 5347 3117 5417 optime
3147 5343 3510 5417 lectorubene

1926 5414 2151 5492 prec-are
2190 5414 2384 5474 annuat
2416 5420 2596 5474 Mardi
2629 5421 2700 5472 tui
2722 5464 2735 5485 ,
2766 5428 2820 5492 et
2846 5424 2967 5485 opta
2997 5415 3071 5469 illi
3105 5426 3159 5469 ut
3184 5416 3324 5492 inter
3346 5414 3510 5492 Para-

1926 5486 2030 5547 disi
2060 5492 2263 5547 incolas
2293 5500 2548 5560 perpetuo
2580 5499 2759 5561 gustet
2783 5490 2980 5541 fontem
3013 5486 3202 5561 φιρτηὶ
3226 5486 3505 5561 dulcoris,

1926 5567 2015 5636 qui
2050 5564 2141 5619 tibi
2175 5564 2260 5616 hic.
2284 5554 2438 5636 velut,
2462 5554 2979 5630 πρίεἷιιςηιηριιιοδη
3010 5558 3186 5636 favum
3222 5560 3362 5636 bime
3392 5554 3511 5609 dul-

1923 5625 2064 5691 cium
2094 5625 2610 5690 commentationuut
2644 5625 2728 5687 est
2755 5640 3029 5700 operatus.
3064 5630 3209 5687 Vale.
3237 5625 3509 5700 (Pra-mo-

1923 5711 2052 5763 uitio
2094 5708 2304 5762 cdiloria
2332 5703 2662 5775 Lipsiensis.)
