4026 6334
479 157 542 225 ”
1315 149 1410 208 ΔΙ)
1445 153 1676 213 OPEBA
1712 154 1994 215 JOANNIS
2029 153 2341 214 CASSIANI
2380 153 2915 213 PROLEGOMENA.
3674 160 3747 217 δε

484 287 703 334 taneum
725 274 1029 333 existimavi
1050 275 1281 348 primum
1303 275 1372 332 de
1390 276 1644 343 Auctore,
1667 284 1781 331 turn
1804 275 1875 329 de
1897 283 2064 341 apere
2091 272 2141 330 A
2169 268 2410 339 cipulatn
2438 279 2493 325 et
2519 268 2860 324 ordinatione
2895 266 3255 338 postmodum.
3285 268 3440 328 Nunc
3467 279 3528 328 ut
3564 272 3745 332 ordini

485 382 658 440 pauca
689 367 938 439 praefari,
977 384 1100 440 qute
1130 378 1241 424 tum
1267 384 1333 424 ex
1364 369 1510 437 ipso,
1535 377 1647 423 tuin
1678 383 1745 425 ex
1790 367 1911 423 aliis
1933 382 2063 423 auc-

488 462 697 517 toribus
721 461 951 518 cnllerta
980 479 1084 517 non
1107 478 1290 532 parum
1314 462 1378 516 ad
1402 465 1518 530 ejus
1540 463 2066 517 commendationem

488 556 749 610 momenti
782 554 1011 610 all'eratit
1034 600 1048 622 ,
1081 566 1134 610 et
1164 556 1383 610 lecturis
1408 555 1648 609 animum
1682 554 1940 608 nonnulla
1971 570 2067 608 an-

488 647 755 718 tiquitatis
783 657 842 704 et
872 648 1150 702 historicas
1178 647 1423 703 veritatis
1442 647 1751 717 cognitione
1777 647 2068 701 informem

489 740 651 796 simul
700 752 754 795 et
784 741 1078 797 oblectent.
1104 740 1175 795 De
1200 744 1436 797 Auctore
1464 741 1631 796 multa
1660 750 1785 796 sunt
1807 745 1858 795 in
1881 741 2071 812 elogiis

490 835 727 887 virorum
760 833 1071 900 illustrium,
1101 850 1221 905 quas
1247 834 1546 904 praelationi
1574 834 1953 904 subjicienius,
1976 836 2070 890 ob-

491 934 711 979 servato
740 924 921 995 iligna.
954 925 1164 981 Nomen
1206 927 1384 996 ipsum
1415 935 1472 982 et
1509 941 1839 996 cognomen,
1867 942 2070 995 genus,

490 1015 658 1086 ordo,
694 1032 911 1086 munus,
945 1017 1204 1088 dignitas,
1252 1019 1488 1087 denique
1530 1018 1834 1074 sanctitatis
1883 1020 2072 1075 titulus

493 1107 669 1163 eidem
697 1123 728 1162 a
779 1110 1098 1176 quihusdam
1127 1110 1438 1167 attriliuttis.
1484 1111 1618 1180 Quae
1648 1112 1828 1166 omnia
1870 1121 1931 1168 ut
1981 1128 2072 1167 or-

495 1200 622 1255 dine
650 1214 1071 1272 proseqnaniur,
1102 1210 1159 1257 et
1189 1202 1433 1259 nonnihil
1474 1203 1843 1267 elucidemus;
1879 1203 1933 1258 in
1967 1205 2077 1271 pri-

494 1290 601 1347 mis
625 1293 767 1362 quod
798 1293 865 1348 ad
918 1293 1383 1350 nomenclatiiram
1415 1298 1642 1361 attinet,
1676 1299 1846 1366 prima
1886 1297 2075 1351 obser-

494 1387 644 1438 vatio
672 1397 776 1450 est,
805 1385 1059 1440 usitatius
1091 1391 1230 1441 hunc
1258 1389 1579 1456 cognomine
1598 1432 1613 1455 ,
1664 1403 1823 1455 quam
1857 1389 2075 1444 nomine

495 1495 525 1533 a
557 1480 855 1547 majoribus
897 1481 1126 1537 vocitari
1166 1482 1402 1537 solitum.
1451 1483 1585 1537 Nam
1633 1482 1980 1551 Gennadius,
2020 1493 2077 1539 et

496 1573 598 1631 Ca~
632 1576 884 1643 ioitorus,
936 1590 1100 1648 atque
1137 1578 1226 1631 alii
1258 1578 1468 1634 nonnisi
1502 1579 1818 1633 Cassianum
1864 1595 2074 1633 llultt'll-

2168 371 2222 418 et
2249 362 2446 417 rationi
2477 375 2801 432 temporum,
2835 377 2899 418 ac
2929 378 3109 417 rerum
3139 372 3412 435 gestarum
3434 409 3449 435 ,
3474 381 3577 436 qua
3620 382 3747 437 pos-

2169 470 2377 520 sumns,
2410 454 2742 516 insismmns.
2776 455 2976 509 nemini
3000 454 3223 509 dubium
3245 470 3367 511 e~se
3391 468 3587 525 potest,
3619 460 3748 529 quin

2170 544 2483 612 Cassianus,
2518 558 2802 617 anu-quom
2837 550 2890 600 in
2922 547 3294 619 Chrysostonii
3334 550 3748 617 discipulatum,

2169 638 2286 694 sive
2316 640 2657 700 disi'inlinain
2690 638 3036 707 concederet,
3062 640 3235 693 multo
3266 653 3528 711 tempore,
3564 642 3651 697 vel
3683 641 3754 696 ab

2172 734 2306 805 ipsis
2349 735 2591 803 pueritiae
2613 733 2772 788 annis
2801 734 2943 789 inter
2971 736 3265 789 tlttillaChOs
3294 745 3403 788 tuin
3434 734 3751 807 Egyptios,

2175 836 2283 881 tum
2313 826 2631 882 Palaestinos'
2660 836 2908 882 versntus
2934 827 3113 886 luerit.
3160 836 3215 881 et
3241 828 3427 893 primis
3466 838 3577 883 tum
3623 827 3751 882 reli-

2172 919 2348 990 gionis
2394 921 2752 987 Christiania,
2787 932 2898 975 tum
2933 921 3245 975 iiioiiasticae
3274 923 3631 978 institutionis
3660 936 3753 974 ru-

2174 1011 2427 1069 dimentis
2459 1012 2526 1068 :ib
2552 1013 2633 1067 eis
2680 1011 2956 1080 imbutus,
3006 1023 3167 1081 atque
3212 1013 3351 1067 adeo
3399 1014 3755 1068 monasticam

2176 1108 2339 1160 vitam
2384 1107 2697 1169 complexus
2724 1146 2737 1167 ,
2786 1114 2841 1159 et
2887 1106 3187 1159 monachus
3212 1105 3456 1160 elfecttis.
3499 1105 3556 1161 ld
3609 1106 3754 1160 enim

2175 1196 2406 1267 ipsemet
2451 1199 2691 1264 pluribus
2730 1196 2783 1251 iii
2829 1197 2967 1251 locis
2995 1196 3543 1251 di~ertissiinetradit
3594 1214 3607 1249 :
3652 1196 3756 1264 pri-

2177 1306 2324 1346 mum
2380 1291 2431 1345 in
2469 1290 2783 1359 prolatione.
2831 1291 2901 1343 ad
2955 1289 3238 1343 Castorum
3282 1290 3596 1357 episconum
3644 1289 3755 1360 (cui

2178 1384 2347 1439 libros
2366 1384 2652 1438 duodecim
2673 1387 2738 1437 ile
2758 1383 3019 1438 Instittilis
3035 1388 3175 1437 omni
3196 1381 3408 1435 biorum
3436 1378 3757 1452 inscripsit),

2178 1477 2268 1532 tibi
2309 1478 2452 1532 inter
2494 1479 2625 1530 alias
2647 1492 2842 1530 causas
2864 1490 2960 1529 cur
2988 1476 3105 1543 ejus
3131 1487 3257 1527 vom
3300 1488 3362 1527 ac
3399 1470 3605 1527 desiilei
3624 1474 3675 1525 io
3703 1472 3758 1527 in

2178 1569 2487 1625 reetlli‘lillis
2543 1579 2593 1623 et
2647 1567 2964 1622 enarraiitlis
3023 1566 3411 1621 monachorum
3468 1566 3758 1632 institutis,

497 1680 623 1737 pani
658 1668 982 1736 (Cassiodor.
1033 1669 1097 1722 de
1138 1667 1314 1723 Dicin.
1363 1669 1536 1724 Instit.
1589 1687 1639 1725 e.
1669 1671 1773 1731 29;
1818 1670 2074 1740 Sigebert.
2110 1659 2300 1735 Bqlim
2344 1679 2442 1733 per
2472 1662 2762 1732 Egyptuui
2821 1674 2873 1715 et
2911 1659 3249 1714 Palirsﬁnatu
3297 1660 3576 1713 obsoirvaii
3633 1673 3765 1711 con-

504 1776 642 1815 anno
662 1760 814 1832 ‘27):
840 1777 961 1816 cum
992 1774 1194 1828 tamen,
1217 1773 1440 1818 auctore
1466 1764 1526 1817 Ι).
1556 1765 1842 1830 i’rostiero,
1867 1772 2080 1818 constet

498 1853 823 1923 appellatum
858 1868 979 1908 esse
1006 1854 1300 1921 lotinnein,
1336 1857 1562 1926 proprio
1591 1855 1795 1911 scilicet
1829 1859 2078 1921 nomine;

499 1955 864 2009 cognomento
891 1961 1017 1999 vero
1047 1942 1362 2000 Cassianum
1398 1966 1410 2000 :
1444 1963 1545 2017 qua
1576 1946 1761 2003 itidem
1800 1962 2078 2017 nuncupa-

502 2036 648 2092 tione
676 2036 1010 2094 Ttitbeinius
1037 2048 1200 2108 atque
1226 2039 1317 2093 alii
1348 2040 1428 2094 usi
1461 2040 1593 2095 sint.

570 2128 655 2184 Sec
675 2129 824 2184 utido
853 2130 976 2185 loco
998 2131 1315 2185 in~cribitur
1341 2138 1559 2188 natione
1581 2131 1781 2204 Scytha
1814 2151 1826 2185 :
1856 2146 1951 2202 pro
1974 2146 2084 2203 quo

504 2220 778 2277 Honorius
809 2222 993 2279 Afrum
1018 2225 1259 2279 nominat
1287 2223 1517 2287 (Honor.
1556 2226 1919 2296 Augustodun.
1955 2224 1995 2279 ι.
2023 2225 2086 2279 de

503 2314 647 2370 Eccl.
702 2316 848 2385 Scr.,
902 2321 956 2373 in
1006 2318 1312 2389 Cassiano);
1364 2321 1503 2376 forte
1552 2336 1675 2389 quia
1723 2321 2001 2391 Scythiam
2028 2320 2084 2374 in

504 2406 683 2463 Africa
716 2413 874 2464 sitam
922 2412 1250 2467 exisuinarit
1273 2454 1290 2478 ,
1323 2427 1484 2478 quam
1517 2413 1608 2467 alii
1643 2412 1694 2466 in
1744 2414 1867 2467 Asia
1920 2413 2089 2467 collo-

503 2510 627 2555 cant
659 2500 830 2571 (Plin.
862 2501 953 2557 lib.
982 2520 1035 2563 ν.
1066 2521 1180 2573 cnp.
1211 2505 1265 2567 9.
1300 2513 1347 2560 et
1387 2504 1481 2558 lib.
1514 2520 1569 2559 Vl
1609 2522 1655 2559 c.
1686 2504 1774 2567 i7;
1825 2504 2084 2572 Pompon.

507 2590 670 2645 Mela.
717 2590 811 2646 lib.
857 2611 892 2647 i.
939 2593 1071 2650 Vide
1103 2595 1326 2651 Tabulas
1357 2596 1591 2668 Ortelii.)
1631 2596 1744 2665 Qua
1799 2600 2088 2653 occasione

502 2683 657 2753 plura
684 2687 755 2738 ile
794 2684 1118 2756 Scytharum
1147 2701 1309 2758 gente
1345 2704 1409 2744 ac
1460 2704 1682 2760 regione
1737 2689 1962 2744 dicenda
2006 2689 2087 2744 lo-

506 2790 660 2845 rent;
713 2796 926 2851 verum,
958 2785 1024 2838 iis
1050 2786 1267 2840 omissis
1295 2802 1417 2855 qua:
1447 2786 1580 2841 nihil
1606 2787 1672 2841 ad
1701 2788 1931 2843 instituti
1963 2802 2090 2844 nos-

504 2870 573 2925 tri
598 2877 864 2929 rationem
897 2877 1146 2943 attinent,
1177 2892 1243 2932 ex
1272 2894 1333 2932 ea
1358 2892 1488 2933 sane
1514 2880 1922 2935 nomenclatura
1949 2881 2087 2936 mul-

504 2970 685 3017 torum
719 2964 1026 3019 testimonio
1056 2969 1403 3036 comprobata
1426 3010 1442 3036 ,
1473 2971 1842 3041 conjecturam
1890 2987 2084 3041 capere

504 3054 637 3108 mihi
662 3056 849 3111 videor
868 3058 1005 3113 liziud
1030 3059 1792 3129 improbaliilcm,Cassianum
1816 3074 2087 3135 nostrum,

505 3162 669 3219 opera
722 3149 787 3205 D.
839 3150 1213 3224 ChrySostomi
1245 3157 1311 3209 ad
1355 3157 1514 3212 tidem
1558 3169 1612 3213 et
1644 3158 1960 3229 religionem
1992 3173 2090 3214 ca-

505 3241 766 3299 tholicam
820 3260 1175 3313 conversum,
1210 3248 1261 3303 in
1291 3251 1407 3320 t‘jlls
1455 3253 1773 3319 obsequium
1821 3263 1876 3307 et
1919 3253 2089 3307 disci-

507 3335 708 3405 plinam
749 3341 1090 3394 concessisse
1132 3338 1313 3411 (Baro.
1358 3351 1428 3395 to.
1465 3341 1527 3409 V,
1565 3341 1668 3397 An.
1712 3340 1907 3399 Christi
1934 3344 2091 3416 400).

508 3426 642 3483 Nam
664 3430 733 3484 de
764 3428 862 3485 hac
885 3432 1205 3500 Scytharum
1229 3435 1590 3491 conversione
1613 3451 1707 3505 per
1738 3436 1802 3492 Β.
1824 3436 2089 3494 Joannem

510 3518 957 3593 Chrysostomum
1021 3535 1305 3595 procurata
1356 3536 1411 3581 et
1460 3528 1695 3595 perlecta
1749 3529 1866 3583 haec
1930 3531 2093 3585 tradit

506 3611 882 3669 Tlieodoretus
915 3616 1046 3670 llist.
1077 3616 1175 3671 lib.
1210 3633 1263 3683 v,
1294 3632 1415 3688 cap.
1448 3618 1518 3673 30
1552 3636 1566 3672 :
1599 3618 1729 3672 Cum
1757 3620 1972 3688 videret,
2008 3621 2090 3675 itt-

507 3710 644 3778 quit,
669 3719 869 3779 gentem
906 3707 1201 3780 Scythicam
1219 3709 1469 3765 doctrina:
1488 3709 1699 3765 Ariani:
1723 3711 1924 3782 laqueis
1956 3713 2091 3768 irre-

509 3798 660 3853 titam
705 3801 863 3854 teneri
881 3841 896 3863 ,
927 3800 1137 3854 molitus
1159 3810 1235 3854 est
1259 3799 1441 3855 sedulo
1462 3802 1585 3856 inde
1613 3818 1725 3856 eam
1754 3804 1969 3868 eripere.
2008 3803 2090 3858 Ad

508 3908 664 3963 quam
694 3894 924 3960 priedam
945 3893 1247 3959 capiendam
1276 3894 1411 3948 hanc
1436 3895 1570 3949 viam
1595 3898 2088 3967 excogitavit.Com-

511 3985 687 4056 plures
730 3988 816 4056 qui
862 3988 1040 4041 eadem
1080 3990 1259 4061 lingua
1305 3990 1674 4059 loquebantur,
1723 3990 2044 4063 presbyteros
2069 4031 2085 4055 ,

507 4079 754 4133 diaconos
776 4120 792 4146 ,
835 4090 883 4134 et
923 4082 1131 4136 lectores
1159 4084 1434 4148 ordinauit,
1468 4085 1675 4155 illisque
1712 4101 1869 4138 unam
1909 4082 2088 4137 tribuit

512 4168 833 4234 Ecclesium.
862 4189 1078 4244 quorum
1104 4191 1261 4243 opera
1284 4175 1475 4231 multos
1501 4193 1677 4231 errore
1698 4176 1872 4247 lapsos
1905 4174 2088 4231 Eccle-

508 4264 601 4317 sia:
630 4266 996 4320 reconciliavit.
1028 4266 1092 4320 Et
1120 4280 1240 4335 cap.
1278 4274 1526 4335 sequenti
1580 4288 1595 4324 :
1635 4267 1762 4324 Cum
1811 4276 2088 4338 accepisset

510 4352 731 4424 Scythas
754 4354 846 4427 qui
869 4354 1127 4411 Nomadis
1148 4370 1417 4423 vocantur,
1442 4360 1630 4430 quique
1652 4371 1859 4430 propter
1889 4356 2086 4411 Istrum

508 4447 843 4514 accolebant,
891 4449 1120 4504 sitienter
1144 4450 1350 4521 quidem
1398 4453 1617 4505 salutem
1667 4462 1939 4522 appetere;
1996 4453 2087 4505 sed

508 4535 695 4593 habere
720 4539 1008 4610 neminem,
1057 4541 1146 4613 qui
1183 4543 1322 4595 sitim
1371 4559 1518 4597 suam
1546 4543 1792 4597 salutaris
1834 4541 2088 4597 doctriniz

508 4632 717 4702 ﬂuentis
739 4636 1098 4708 restingueret,
1121 4637 1255 4690 viros
1280 4637 1515 4691 laborum
1538 4636 1952 4708 Apostolicorum
1975 4636 2090 4689 imi-

508 4732 698 4781 tatores
739 4729 1078 4797 conquisivit,
1136 4746 1319 4800 eosque
1344 4728 1451 4784 illis
1492 4729 1786 4783 erudiendis
1832 4730 2084 4801 praefecit.

512 4816 637 4872 llzec
684 4817 796 4874 ille.
842 4819 1049 4887 Quibus
1086 4836 1217 4876 sane
1268 4836 1391 4874 cum
1438 4819 1706 4876 Gennadii
1753 4820 2090 4889 aliorumque

512 4910 825 4963 testimonio
866 4912 1104 4976 collatis,
1132 4924 1183 4968 et
1215 4912 1439 4966 rationis
1485 4911 1640 4966 lancc
1671 4911 1971 4979 perpensis,
1995 4912 2085 4967 vix

508 5010 589 5054 est
628 5009 685 5054 ut
714 5004 995 5074 quisquam
1022 5003 1146 5073 jure
1170 5002 1374 5058 dubitet
1403 5002 1593 5057 horum
1622 5001 1851 5058 alterum
1885 5001 2086 5058 admit-

509 5100 626 5147 tere
648 5137 664 5161 ,
714 5102 772 5148 et
811 5106 986 5149 ratum
1022 5095 1254 5160 habere,
1289 5106 1377 5148 aut
1411 5093 1727 5148 Cassianum
1759 5109 1790 5149 e
1833 5094 2087 5165 Scythica

507 5194 670 5255 gente
695 5186 982 5242 oriundum
1010 5187 1150 5241 inter
1172 5200 1300 5239 suos
1328 5186 1581 5256 gentiles,
1612 5201 1773 5256 opera
1818 5195 1873 5241 et
1904 5185 2086 5241 indus-

511 5280 613 5333 tria
643 5279 703 5333 υ.
738 5279 1143 5351 Chrysostoiiii,
1171 5287 1230 5333 ut
1275 5278 1480 5335 dictum
1504 5288 1604 5346 est,
1631 5281 1796 5335 fuisse
1820 5278 1886 5334 ad
1929 5278 2088 5334 {idem

508 5370 868 5426 or.liodosam
913 5369 1255 5437 traductum;
1287 5383 1401 5438 ant,
1458 5371 1600 5440 quod
1633 5371 1810 5441 majus
1850 5379 1971 5436 est,
2019 5369 2088 5425 ab

510 5464 706 5523 eodem
733 5464 889 5532 cnjus
916 5462 1212 5533 discipulos
1241 5464 1469 5520 ellectus
1510 5465 1719 5527 fuerat,
1750 5465 1815 5519 ad
1856 5477 2091 5519 conver-

510 5555 727 5614 sionem
758 5569 871 5610 sua:
917 5558 1092 5627 gentis
1125 5574 1245 5613 cum
1279 5559 1402 5613 aliis
1433 5559 1763 5631 presbyteris
1806 5572 1868 5612 ac
1911 5557 2092 5611 diaco-

509 5648 597 5709 uis
623 5648 790 5710 fuisse
817 5651 1128 5711 ordinatum
1158 5668 1223 5712 ac
1250 5652 1600 5712 destinatum.
1651 5652 1724 5709 At
1750 5651 1820 5710 de
1850 5650 1957 5710 hoc
1982 5648 2094 5707 dis-

2181 1765 2454 1824 spi-xerat,
2511 1757 2689 1808 minus
2734 1753 2927 1807 idonee
2976 1763 3027 1806 et
3057 1761 3306 1804 atcurnte
3350 1760 3458 1803 tuni
3504 1750 3766 1818 temporis

2183 1851 2512 1916 restioudere
2537 1858 2719 1917 pns~et
2738 1889 2752 1910 ,
2778 1848 3067 1901 secundani
3102 1845 3240 1899 hanc
3266 1841 3418 1898 aﬁ‘er'
3454 1883 3465 1895 .
3494 1841 3647 1907 Quod
3666 1857 3726 1895 ea
3747 1886 3762 1911 ,

2184 1943 2357 2012 inquit
2382 1982 2397 2007 ,
2428 1956 2541 2005 qua:
2567 1956 2599 1993 a
2627 1939 2847 2007 pueritia
2875 1950 3052 1993 nostra
3081 1938 3213 1991 inter
3237 1936 3442 1990 eosdem
3468 1933 3763 2000 constituti,

2183 2044 2333 2102 atque
2382 2033 2611 2103 ipsorum
2651 2032 2848 2086 incitati
2875 2029 3193 2101 quotidianis
3234 2026 3677 2081 adhortationibus
3720 2033 3769 2080 et

2186 2126 2450 2197 exemplis,
2479 2126 2556 2177 uel
2584 2140 2736 2194 agere
2762 2122 3084 2187 tentavimus,
3114 2119 3191 2175 vel
3216 2118 3516 2184 didicimus,
3544 2118 3621 2172 uel
3658 2117 3769 2171 visu

2184 2218 2535 2292 percepimus,
2564 2215 2771 2269 minime
2787 2218 2904 2285 jam
2936 2230 3203 2283 possumus
3230 2213 3300 2265 ad
3336 2213 3594 2281 integrum
3641 2211 3770 2264 reti-

2186 2326 2330 2376 nere,
2375 2318 2445 2364 tot
2493 2323 2749 2362 annorum
2780 2305 3082 2369 curriculis,
3118 2304 3182 2359 ab
3209 2320 3389 2359 eorum
3424 2303 3680 2357 consortia
3720 2312 3771 2357 et

2186 2403 2469 2457 imitatione
2500 2399 2900 2454 conversationis
2928 2397 3186 2452 abstracti.
3218 2396 3326 2450 Nec
3366 2396 3543 2450 minus
3582 2402 3772 2464 aperte

2187 2495 2512 2551 Collationis
2536 2492 2833 2547 iintlecinia-
2858 2506 2975 2559 cap.
3002 2490 3053 2553 1.
3084 2489 3171 2543 ubi
3196 2487 3275 2543 sic
3299 2488 3583 2542 exorditur
3605 2501 3620 2539 :
3640 2483 3773 2538 Cum

2186 2588 2241 2642 in
2280 2585 2503 2641 coenobio
2534 2583 2704 2655 Syria:
2732 2583 3094 2647 consistentes,
3138 2591 3251 2646 post
3280 2580 3445 2644 prima
3476 2578 3597 2646 ﬁdei
3620 2576 3770 2630 rudi.

2187 2692 2376 2744 menta,
2401 2678 2788 2731 succedentibus
2805 2677 3134 2745 aliquatenus
3151 2672 3494 2731 incrementis,
3522 2672 3772 2743 majorem

2187 2773 2520 2844 perlectionis
2550 2769 2845 2823 desiderare
2874 2768 3092 2836 gratiam
3117 2766 3472 2832 caepissemns;
3492 2761 3774 2817 statuimus

2188 2864 2458 2928 confestim
2504 2858 2793 2932 «Egyptum
2851 2872 3059 2924 petere,
3113 2873 3172 2910 ac
3224 2857 3565 2910 remotissima
3619 2854 3775 2907 etiam

2196 2952 2484 3008 Thebaidos
2512 2969 2679 3007 eremo
2712 2960 2996 3017 penetrata,
3024 2960 3315 3002 sanctorum
3343 2947 3613 3013 plurimos,
3641 2960 3773 3013 quo-

2192 3061 2307 3099 rum
2352 3042 2571 3113 gloriam
2615 3043 2755 3110 fama
2793 3055 2883 3108 per
2926 3038 3167 3091 universa
3209 3035 3527 3102 di/Iuderat.
3578 3035 3624 3088 si
3673 3050 3777 3089 non

2192 3136 2475 3192 aemulandi
2495 3135 2685 3198 studio,
2719 3130 3029 3201 agnoscendi
3051 3131 3228 3185 saltem
3250 3132 3488 3184 invisere.
3513 3126 3684 3200 Igitur
3705 3128 3776 3181 ad

2193 3232 2438 3302 Oppidum
2469 3226 2691 3298 JEgypti
2710 3272 2725 3290 ,
2759 3227 2840 3278 cui
2871 3224 3170 3277 Thennesus
3199 3237 3383 3276 nomen
3425 3230 3532 3283 est,
3573 3234 3778 3274 emensa

2193 3323 2517 3393 navigatione
2543 3318 2886 3389 pervenimus.
2920 3315 3046 3369 Hice
3092 3315 3185 3370 ibi.
3221 3313 3425 3367 Rursus
3467 3310 3664 3366 Collat.
3708 3309 3775 3367 17

2193 3413 2346 3485 (Cap.
2377 3412 2413 3465 '2
2442 3420 2489 3465 et
2537 3411 2641 3481 sq.)
2669 3424 2766 3480 per
2793 3408 2958 3461 inulta
2990 3408 3167 3476 capita
3204 3404 3503 3459 luculenter
3538 3402 3779 3458 ostendit

2198 3521 2358 3577 quam
2389 3505 2590 3558 fuerint
2615 3503 2830 3557 solliciti
2862 3499 3166 3556 Germanus
3194 3509 3249 3552 et
3271 3497 3562 3553 Cassianus
3589 3495 3657 3550 de
3682 3508 3776 3550 re-

2192 3600 2310 3655 ditu
2355 3599 2421 3653 ad
2464 3613 2619 3652 suum
2648 3595 2995 3659 coenobium,
3021 3604 3077 3649 et
3115 3608 3274 3664 quam
3304 3590 3590 3660 diligenter
3635 3589 3778 3643 hanc

2194 3693 2302 3747 illis
2332 3706 2515 3746 curam
2548 3691 2814 3745 exemerit
2865 3688 3034 3741 abbas
3072 3684 3295 3752 Joseph.
3338 3683 3503 3738 Addit
3548 3679 3777 3751 proinde

2192 3784 2481 3838 Cassianus
2511 3797 2635 3850 Cap.
2686 3781 2747 3837 51
2794 3780 3037 3849 ejusdem
3068 3775 3388 3832 collationis
3419 3774 3533 3828 haec
3557 3772 3719 3826 veiba
3758 3789 3775 3828 :

2190 3876 2331 3930 Licet
2375 3892 2559 3947 parum
2604 3874 2842 3944 deinceps
2871 3887 3094 3927 essemus
3134 3869 3199 3923 de
3233 3882 3409 3923 nostra
3437 3865 3779 3938 promissione

2192 3970 2435 4033 solliciti;
2459 3979 2626 4022 tamen
2648 3967 2847 4032 expleto
2871 3974 3065 4031 septeni
3086 3975 3339 4013 annorum
3357 3974 3592 4021 numero,
3620 3971 3778 4025 spon-

2191 4063 2386 4117 sionem
2446 4069 2670 4113 nostraiii
2727 4064 2991 4128 gratanter
3033 4050 3372 4124 implevimus.
3426 4046 3777 4103 Excurrentes

2191 4169 2415 4224 namque
2443 4154 2509 4207 ad
2532 4151 2815 4205 cmnobium
2845 4156 3099 4203 nostrum.
3132 4146 3223 4196 illo
3282 4158 3362 4195 1m
3398 4153 3649 4209 tempore.
3672 4154 3775 4209 quo

2191 4246 2254 4300 de
2276 4246 2602 4311 impetrando
2630 4243 2698 4294 ad
2725 4255 2945 4293 eremum
2973 4238 3137 4291 reditu
3172 4236 3417 4302 ﬁduciam
3439 4232 3735 4303 gerebamus
3755 4275 3771 4300 ,

2191 4351 2324 4404 etc.,
2350 4339 2622 4410 pristinam
2642 4333 3104 4403 redintegranimus
3124 4328 3447 4395 cltart'tatem,
3469 4325 3778 4391 tandemque

2189 4436 2259 4490 ad
2288 4435 2495 4504 plenum
2528 4432 2712 4485 aculeo
2742 4440 2929 4482 nostra:
2951 4423 3243 4494 sponsionis
3272 4423 3469 4487 ei-ulso,
3497 4420 3621 4484 ipsis
3643 4433 3776 4479 quo-

2191 4544 2288 4598 que
2312 4541 2426 4579 cum
2470 4525 2663 4596 gaudio
2697 4518 3115 4594 prosequentibus
3136 4558 3151 4581 ,
3182 4517 3248 4569 ad
3286 4514 3446 4584 Scyth
3468 4527 3542 4565 cie
3583 4519 3776 4563 secreta

2191 4616 2486 4674 solitudinis
2502 4614 2858 4666 remeavimus.
2884 4610 2961 4664 Ex
2983 4608 3180 4678 quibus
3202 4606 3455 4661 omnibus
3475 4602 3778 4655 clarissime

2194 4718 2344 4780 patet
2391 4707 2654 4762 Joiniietu
2702 4701 3054 4767 CﬁsSialtillll,
3092 4714 3213 4752 ciiiii
3260 4709 3398 4764 pene
3427 4709 3559 4763 puer
3590 4697 3775 4756 esset,

2194 4801 2353 4857 ﬁdem
2404 4798 2765 4853 Christianam
2810 4803 2865 4849 et
2907 4793 3243 4848 ttionasticen
3288 4791 3428 4842 inter
3482 4785 3778 4839 monachos

2193 4908 2320 4949 esse
2346 4892 2712 4960 complexum,
2755 4897 2811 4942 et
2850 4888 3160 4940 monasticae
3202 4880 3523 4935 nlieilieniise
3565 4877 3777 4945 legibus

2191 4987 2472 5042 astrictum
2493 4983 2651 5056 (Vide
2669 4985 2976 5038 natationent
2998 4980 3066 5034 ad
3080 4977 3168 5033 αἱ
3200 4975 3390 5031 Collat.
3407 4973 3430 5025 l
3447 4980 3464 5027 t
3482 4982 3522 5041 ),
3542 4972 3699 5039 idque
3725 4972 3777 5023 iti

2193 5083 2445 5139 coenobio
2466 5080 2660 5152 Syrias,
2687 5080 2829 5150 quod
2856 5076 2986 5131 alibi
3010 5073 3319 5143 extiressius
3349 5082 3497 5123 vocat
3536 5064 3781 5119 Bethlee-

2195 5178 2437 5232 miticutii
2462 5217 2475 5239 ,
2512 5174 2565 5227 id
2618 5172 2874 5243 temporis
2913 5166 3324 5223 celeberrimum
3368 5180 3381 5216 :
3422 5162 3577 5229 cujus
3613 5170 3780 5212 etiam

2195 5271 2333 5326 alitis
2385 5270 2588 5339 swpius
2633 5266 2877 5321 meminit
2918 5262 3056 5338 (Lib.
3086 5276 3144 5315 ιιι
3178 5258 3313 5312 Inst.
3366 5272 3484 5326 cap.
3523 5252 3591 5321 4,
3624 5251 3663 5309 ι.
3696 5264 3776 5318 tv,

2195 5381 2311 5437 cap.
2344 5362 2459 5433 51),
2507 5376 2608 5416 nec
2637 5377 2741 5414 non
2775 5373 2887 5412 suae
2916 5350 3330 5411 renuntiationis
3354 5392 3369 5416 ,
3401 5346 3779 5417 professionis,

2196 5467 2252 5516 et
2279 5453 2640 5511 instimtionis
2674 5449 2988 5504 nioiia-ticre
3030 5446 3227 5501 ibidem
3259 5452 3545 5512 susceptae.
3586 5439 3641 5493 ln
3676 5452 3785 5506 quo

2199 5552 2418 5623 quidem
2446 5546 2694 5602 cmiiobio
2735 5555 3021 5597 aictioretii
3047 5538 3329 5606 qiiaindntii
3358 5536 3543 5588 iniisse
3571 5530 3789 5585 videtur

2201 5643 2497 5702 amicitiam
2529 5650 2583 5697 et
2608 5638 2925 5694 societatem
2948 5648 3071 5689 cum
3095 5631 3368 5697 Germano
3391 5625 3633 5696 ejusdem
3663 5635 3789 5692 pro-
