4026 6334
189 223 247 282 55
1386 230 1756 290 PREFATIO
1794 232 2047 288 ALABDI
2085 231 2340 290 GAZEI.
3411 239 3482 296 3b

203 349 456 407 iessionis
494 358 556 407 et
581 348 819 408 cmnobii
845 347 1131 415 monacho,
1167 348 1293 404 licet
1326 348 1555 404 fortasse
1590 351 1800 404 seniore
1830 354 1877 411 Α
1905 353 2065 407 etiam
2092 353 2329 408 ercmitze
2358 351 2646 408 Cassianus
2677 353 2816 422 apud
2847 355 3134 425 plerosque
3159 355 3476 414 obtinuerit.

217 461 271 501 ac
298 447 675 514 provectioie.
702 445 775 497 Es
805 459 912 514 quo
934 444 1064 496 illtid
1095 453 1445 498 consecutum
1481 457 1586 506 est,
1618 451 1676 497 ut
1713 445 1795 496 vix

219 538 432 592 biennio
453 538 662 591 ibidem
692 548 931 607 peracto,
954 538 1070 590 sive
1093 538 1312 605 majoris
1339 538 1682 605 perfectionis
1707 538 1800 592 de-

221 633 437 696 siderio,
473 631 596 685 sive
631 639 737 684 alia
761 645 948 700 (ιιι-ινιδ
970 647 1040 684 ex
1071 647 1232 686 081133
1256 671 1272 694 ,
1302 642 1358 683 ut
1386 632 1482 684 SS.
1539 639 1718 698 patres
1747 637 1802 684 et

221 724 597 788 anchoretas,
643 731 754 775 tum
786 718 1092 792 Eqpttos,
1127 734 1238 774 tum
1288 725 1456 785 altus,
1489 720 1544 774 in
1575 722 1801 775 reitiotis

221 828 272 874 et
291 817 494 873 abditis
517 817 651 871 locis
681 819 958 887 degeues,
989 826 1045 870 et
1069 817 1372 870 sanctitatis
1394 821 1532 869 lama
1557 815 1800 870 celebres

221 910 535 975 inviserint,
566 913 788 964 obtenta
820 924 1094 963 seniorum
1137 910 1353 962 licentia
1375 951 1390 975 ,
1422 910 1489 962 de
1534 918 1802 961 monaste-

222 1006 301 1060 rio
328 1004 537 1074 egressi
566 1006 730 1056 ambo
761 1003 972 1071 longam
1013 1011 1068 1054 et
1095 1000 1462 1069 perdtlticilem
1496 999 1804 1068 peregrina-

226 1100 428 1154 tionem
476 1099 639 1152 Simul
672 1096 924 1157 inierint.
957 1106 1013 1148 et
1046 1095 1330 1164 plerasque
1377 1090 1616 1164 Atlgypti,
1668 1092 1802 1162 Scy-

228 1190 367 1255 thiae,
391 1189 637 1258 alia-que
671 1188 994 1241 solitudines
1015 1196 1372 1256 peragrarunt,
1393 1197 1444 1238 et
1475 1199 1596 1238 cum
1618 1183 1804 1236 multis

221 1299 282 1338 ac
318 1282 690 1337 sanctioribus
733 1282 978 1350 patribus
1017 1282 1207 1334 habito
1244 1279 1493 1334 familiari
1532 1277 1806 1347 colloquio

221 1387 274 1431 et
317 1389 614 1444 congressu
662 1375 731 1428 de
759 1377 919 1428 rebus
946 1375 1173 1437 divinis,
1208 1387 1270 1426 ac
1309 1373 1639 1426 salutaribus
1663 1385 1802 1440 prie-

221 1479 410 1522 serttui
435 1468 503 1521 ad
533 1468 658 1520 vitae
691 1477 1005 1520 monasticae
1029 1465 1414 1534 perfectionem
1443 1463 1806 1533 spectantibus

221 1576 412 1629 magna
448 1561 612 1614 animi
641 1561 1001 1628 propensione
1038 1575 1100 1612 ac
1121 1559 1417 1612 devotione
1453 1560 1802 1611 contulerint.

225 1655 376 1709 Unde
399 1665 457 1708 et
489 1657 763 1709 scribendi
795 1655 1122 1706 Utitlatioties
1154 1651 1372 1705 Patrum
1409 1651 1505 1720 ipsi
1550 1651 1806 1704 Cutisiuno

1909 445 2104 500 Verum
2136 463 2240 515 qtta
2276 447 2482 501 ratione
2514 448 2736 517 (dixerit
2767 448 3012 519 aliqui-),
3037 465 3211 519 quave
3240 454 3482 504 occasio-

1910 553 1978 590 ne
2007 537 2297 591 Cassianus
2327 554 2449 592 cum
2479 554 2578 592 suo
2599 539 2868 594 Germano
2903 558 2968 596 ex
3001 553 3108 595 tam
3140 544 3300 612 longa
3330 558 3482 612 pere-

1902 632 2206 697 grinatione
2236 632 2287 684 in
2307 631 2530 686 Joannis
2560 632 2934 704 Chrysostomi
2966 636 3210 695 notitiam
3240 651 3304 689 ac
3328 635 3483 689 lauti.

1905 723 2194 778 liaritateni
2224 726 2471 783 devenit.
2495 737 2549 777 et
2579 726 2717 780 inter
2733 727 2850 796 ejus
2873 726 3168 796 discipulos
3195 737 3478 795 cooptatus

1903 818 2022 870 est?
2055 817 2164 870 Etsi
2197 815 2328 870 nihil
2363 815 2450 870 hic
2478 818 2610 871 certi
2650 828 2985 886 compertum
3020 817 3267 882 habeam,
3300 817 3481 872 credi-

1905 906 2078 962 derim
2112 919 2290 962 tamen
2329 909 2378 962 id
2405 910 2612 963 duabus
2639 925 2702 964 ex
2728 912 2930 972 causis,
2959 909 3042 963 vel
3075 908 3330 964 utralibet
3359 909 3481 964 illa.

1907 1015 2028 1054 rum
2059 1000 2346 1067 accidisse,
2379 1003 2467 1056 vel
2496 1002 2636 1072 quod
2659 1004 2726 1056 de
2766 1019 2954 1056 eorum
2984 1004 3273 1057 sanctitate
3297 1017 3361 1057 ac
3389 1017 3478 1058 re-

1908 1094 2123 1164 ligionis
2149 1096 2363 1150 fervore
2385 1099 2590 1151 certior
2619 1096 2792 1151 factus
2823 1095 3242 1168 Chrysostomus
3259 1097 3478 1153 eosdem

1907 1187 1973 1239 ad
2004 1202 2065 1242 se
2085 1188 2347 1253 evocarit,
2380 1196 2438 1242 ut
2465 1205 2654 1244 eorum
2681 1190 2950 1256 doetrina,
2971 1191 3222 1256 consilio,
3242 1200 3295 1246 et
3315 1206 3482 1259 Opera

1910 1281 2204 1333 mooachos
2237 1281 2885 1351 qnosdam‘Origenisms.
2915 1283 3005 1352 qui
3038 1286 3120 1338 his
3151 1284 3486 1352 temporibus

1911 1372 1963 1426 in
2019 1373 2237 1426 Uriente
2276 1375 2451 1428 varias
2503 1375 2684 1428 turbas
2734 1376 3046 1430 excitabant
3077 1375 3318 1447 (Barou.
3348 1393 3485 1430 anno

1910 1462 2062 1533 ‘05),
2092 1466 2156 1518 ad
2190 1463 2462 1519 saniorem
2497 1475 2730 1521 mentem
2770 1476 3053 1521 revocaret
3085 1483 3100 1522 :
3133 1468 3276 1534 quod
3315 1467 3486 1522 maxi-

1911 1570 1998 1610 nie
2047 1556 2097 1608 in
2140 1555 2276 1608 votis
2330 1557 2605 1611 habebat:
2638 1573 2758 1611 cum
2802 1573 2833 1613 e
2885 1559 3102 1613 diverso
3151 1558 3487 1628 TheOphilus

1910 1645 2312 1702 Alexandrinus
2350 1649 2536 1702 durius
2575 1665 2694 1704 cum
2725 1651 2803 1704 eis
2842 1652 3107 1716 agendum
3144 1653 3487 1708 decerneret.

225 1747 570 1816 posuna-dum
632 1762 750 1800 orta
802 1745 1022 1800 occasio
1089 1746 1250 1798 simul
1301 1754 1356 1798 et
1404 1755 1804 1813 argumentum.
1840 1753 1886 1812 Β
1915 1737 2066 1794 Unde
2099 1741 2404 1795 smiultates
2441 1753 2494 1796 et
2535 1757 2726 1812 magna
2761 1743 2979 1799 desidia
3012 1746 3150 1799 inter
3179 1745 3277 1798 hos
3308 1753 3487 1811 paties

222 1840 364 1895 Nihil
392 1840 540 1894 enim
569 1839 715 1892 aliud
737 1835 1101 1893 Collationum
1135 1836 1399 1890 vocabulo
1421 1878 1436 1903 ,
1467 1852 1624 1907 quam
1656 1837 1811 1890 lami-

223 1935 380 1988 liares
425 1946 754 2001 congressus
793 1945 1182 2000 sermonesque
1226 1944 1346 1984 cum
1394 1929 1513 1982 illis
1573 1928 1812 1998 patribus

224 2026 439 2081 habitos
460 2067 479 2089 ,
509 2026 886 2093 salutaresqne
917 2025 1284 2077 institutiones
1311 2023 1566 2092 privatim
1611 2025 1679 2079 ab
1710 2024 1812 2077 illis

226 2129 478 2186 acceptas
519 2117 697 2168 voluit
745 2115 992 2182 intelligi.
1024 2113 1086 2167 Ει
1131 2113 1242 2166 him:
1267 2115 1483 2182 quidem
1517 2129 1585 2168 ex
1629 2114 1814 2168 multis

226 2211 596 2264 COLIIIOHUIII
639 2207 776 2259 locis
821 2220 966 2258 certa
1023 2217 1078 2259 et
1140 2207 1439 2257 indubita:a
1491 2206 1809 2262 redduntur.

227 2305 353 2359 Nam
381 2300 712 2357 Collullonis
745 2300 929 2365 prima:
959 2312 1008 2352 c.
1051 2297 1074 2351 l
1121 2297 1190 2351 de
1213 2301 1314 2354 bac
1341 2301 1812 2370 peregrinatione,

229 2409 280 2452 et
328 2395 593 2456 Germani
643 2393 787 2452 iilius
836 2391 1108 2450 individua
1141 2399 1403 2448 societate
1451 2396 1521 2446 ita
1566 2394 1754 2448 scribit
1799 2413 1811 2448 :

229 2489 358 2547 Cum
392 2495 448 2546 in
488 2507 659 2546 eremo
704 2490 906 2560 Scythi,
935 2488 1166 2541 abbatem
1194 2486 1397 2554 Mosen,
1437 2497 1568 2553 etc.,
1608 2487 1817 2539 institu-

231 2590 358 2641 tione
381 2587 498 2654 ejus
531 2585 748 2655 fundari
786 2584 996 2655 capiens
1016 2583 1320 2650 expotissem
1361 2597 1464 2633 una
1492 2597 1610 2632 cum
1640 2589 1818 2632 sancto

231 2681 406 2734 abbate
444 2677 736 2737 Germano,
766 2693 882 2729 cum
910 2691 1012 2746 quo
1044 2675 1190 2740 mihi,
1229 2674 1292 2726 ob
1324 2675 1436 2745 ipso
1470 2673 1728 2743 tyrociuto
1757 2687 1819 2724 ac

231 2772 537 2827 rudimentis
573 2771 774 2822 militia
810 2768 1060 2834 spiritalis
1089 2768 1163 2818 ita
1205 2767 1528 2818 indit-iduum
1583 2766 1820 2832 deinceps

235 2865 622 2920 contubernium
651 2876 757 2914 tam
784 2863 835 2914 in
861 2860 1116 2923 ctenobio,
1147 2875 1300 2928 quam
1330 2862 1382 2912 in
1411 2875 1581 2913 eremo
1603 2858 1740 2926 fuit,
1767 2866 1822 2910 ut

234 2961 400 3011 cuncti
422 2959 492 3010 ad
518 2957 919 3027 signiﬁcandam
948 2952 1275 3019 sodalitatis,
1295 2969 1357 3006 uc
1387 2953 1634 3022 propositi
1661 2950 1824 3003 nostri

237 3051 550 3118 parilitatem
614 3048 1011 3116 pronuntiarent
1068 3061 1223 3098 unam
1270 3057 1488 3097 mentem
1515 3056 1668 3110 atque
1707 3042 1826 3094 ani-

1914 1841 2240 1886 exarserunt
2280 1851 2291 1884 :
2334 1835 2414 1888 vel
2463 1837 2670 1903 potius,
2709 1838 2849 1904 quod
2891 1837 3054 1892 iidem
3098 1838 3400 1892 Germanus
3437 1849 3493 1894 et

1913 1925 2223 1993 CaSSlatltls',
2253 1941 2374 1980 cum
2405 1927 2592 1981 eadem
2629 1939 2948 1994 tempestate
2978 1931 3028 1983 iti
3075 1930 3334 2004 Egypto,
3367 1947 3494 1987 nec.-

1915 2034 2020 2072 non
2063 2019 2368 2082 Palmstina,
2418 2020 2542 2076 dna:
2588 2024 2975 2078 monachorum
3030 2025 3318 2090 factiones,
3367 2034 3492 2093 puta

1915 2112 2594 2184 Atttltropnniorpliitarum
2650 2126 2706 2168 et
2762 2116 3230 2186 Origenistarutn,
3293 2117 3494 2171 mutuis

1919 2209 2061 2264 odiis
2082 2222 2132 2262 et
2156 2211 2602 2263 altercationibus
2624 2209 2995 2272 decertarent,
3034 2227 3099 2264 ne
3118 2211 3254 2264 forte
3275 2210 3328 2264 iti
3355 2210 3494 2264 hanc

1916 2303 2000 2354 vid
2046 2302 2188 2354 illam
2237 2313 2443 2367 partem
2483 2303 2841 2368 declinantes,
2885 2303 2935 2356 in
2981 2319 3224 2358 errorem
3256 2302 3492 2359 abduco-

1917 2405 2101 2450 rentnr
2129 2413 2139 2447 :
2173 2406 2227 2450 et
2256 2396 2708 2460 quemadmodum
2739 2395 3026 2462 Apostolus
3044 2399 3119 2454 ait
3140 2398 3285 2468 (Gal.
3316 2401 3402 2466 tt),
3431 2413 3498 2454 ne

1921 2489 1973 2542 in
2002 2504 2195 2542 vanum
2225 2501 2528 2548 currerent,
2563 2497 2654 2542 aut
2681 2492 3068 2555 cucurrissent,
3119 2505 3232 2544 sua:
3281 2489 3403 2544 ﬁdei
3444 2501 3499 2546 et

1922 2581 2079 2634 saluti
2133 2583 2478 2635 consulentes
2521 2582 2587 2634 ad
2651 2580 2690 2634 Β
2761 2581 3212 2652 Clirysostomum
3273 2585 3498 2650 patriar-

1928 2673 2106 2733 cliam,
2135 2680 2190 2724 ut
2239 2673 2566 2741 praicipnutn
2615 2674 2905 2727 Orientalis
2936 2673 3190 2728 Ecclesiae
3217 2675 3496 2730 doctorem

1925 2773 1978 2817 et
2010 2763 2246 2817 veritatis
2273 2769 2686 2834 antesignanum
2717 2765 3080 2834 confugerint,
3115 2783 3142 2819 a
3168 2781 3275 2835 quo
3312 2767 3500 2820 buma-

1926 2855 2068 2910 niter
2104 2857 2313 2926 excepti
2372 2868 2426 2912 et
2477 2859 2527 2910 in
2575 2858 2837 2912 catholica
2884 2861 3121 2913 doctrina
3172 2859 3501 2922 conﬁitnati,

1924 2950 2183 3016 deinceps
2210 2950 2260 3002 iit
2304 2951 2421 3016 ejus
2450 2952 2738 3021 obsequio,
2771 2961 2825 3006 et
2872 2952 3158 3020 disciplina
3188 2968 3502 3018 persevera-

1926 3043 2055 3097 rint.
2085 3042 2152 3098 Ut
2192 3058 2248 3096 se
2276 3059 2360 3097 res
2389 3043 2614 3106 habeat,
2643 3058 2790 3099 certe
2820 3044 3144 3100 Cassianum
3181 3047 3240 3100 ι).
3273 3046 3504 3118 Chryso-

238 3160 361 3194 maiu
395 3142 603 3194 duobus
648 3142 811 3193 inesse
838 3138 1171 3211 corporibus,
1205 3149 1498 3208 pariterque
1541 3136 1602 3188 ab
1643 3135 1823 3188 eodem
1849 3140 1895 3201 ο
1927 3135 2089 3190 smmi
2146 3136 2468 3202 discipulum
2513 3139 2787 3191 exstitisse
2828 3153 2932 3191 non
2980 3138 3140 3192 modo
3175 3138 3506 3196 Tritlietnius

236 3235 410 3286 abbate
441 3232 676 3305 (u-iliiet
720 3231 921 3302 Moyse)
959 3231 1322 3297 wdiﬁcattonis
1363 3243 1652 3282 sermonem
1692 3227 1823 3295 [usis

238 3330 302 3380 la.
320 3345 482 3399 rgum
506 3327 843 3392 ambirentus,
870 3336 976 3378 etc.
1014 3324 1214 3377 limans
1261 3322 1578 3375 (lollationis
1599 3319 1824 3374 decimae

241 3436 400 3473 sextae
424 3436 550 3488 cap.
578 3418 631 3482 1,
656 3414 1028 3487 percunctanti
1048 3416 1226 3467 abbati
1261 3414 1458 3482 .Ioseplt
1484 3430 1609 3467 nutn
1633 3417 1826 3467 I‘t-att'es

240 3514 478 3582 geritiani
529 3519 752 3574 essent,
813 3512 1210 3577 responderunt
1257 3524 1267 3558 :
1317 3505 1440 3559 Non
1471 3508 1709 3570 carnali,
1737 3504 1826 3558 sed

241 3603 461 3670 spiritali
509 3602 860 3670 {ra-'ernitate.
881 3616 933 3652 se
961 3617 1066 3652 esse
1091 3602 1352 3652 devinctos
1372 3638 1387 3660 ,
1433 3608 1477 3649 et
1506 3600 1569 3649 ob
1613 3597 1828 3650 exordio

242 3692 643 3747 renuntiationis
664 3707 771 3744 sua!
797 3701 902 3744 tam
925 3694 976 3742 in
1006 3691 1439 3762 peregrinatione,
1464 3703 1578 3759 qva:
1603 3687 1664 3739 ab
1687 3699 1828 3740 utro-

243 3802 334 3856 qtae
364 3790 536 3855 [uerat
586 3787 793 3838 obtentu
850 3784 1048 3836 militia!
1086 3783 1338 3849 spiritalis
1384 3796 1628 3850 arrepta,
1671 3795 1827 3850 quant

245 3883 293 3932 in
315 3879 539 3934 αιηοῦἱὶ
569 3878 746 3932 studio
771 3877 1044 3931 individua
1066 3893 1266 3946 semper
1286 3877 1642 3943 conjunctioiie
1662 3874 1829 3926 sociu-

246 3985 340 4028 tos.
367 3975 702 4028 Collatimiis
749 3973 1048 4026 undecima":
1077 3987 1198 4040 cap.
1235 3971 1258 4024 1
1295 3981 1516 4024 narrant
1544 3970 1610 4023 de
1642 3983 1832 4024 caeno-

249 4067 333 4120 bio
358 4067 536 4139 Syriae
582 4068 702 4133 (illo
736 4067 989 4120 nimirum
1025 4064 1459 4131 Bethleetiiitico)
1498 4066 1550 4117 in
1596 4081 1701 4134 quo
1731 4063 1824 4118 dc-

247 4161 466 4227 gebant,
495 4159 790 4229 AZgyptum
826 4163 1047 4226 petiisse
1069 4197 1085 4221 ,
1131 4172 1195 4212 ac
1227 4157 1643 4212 remotissimam
1690 4157 1833 4209 Tlte-

252 4250 420 4304 baidis
443 4267 689 4305 eretnutn
717 4259 1046 4318 penetias~e,
1077 4262 1235 4319 atque
1261 4249 1383 4302 inde
1408 4249 1458 4301 iii
1485 4248 1832 4301 ulterioribus

252 4341 472 4415 (Egypti
536 4342 779 4410 partibus
833 4343 1094 4412 plurimus
1146 4351 1326 4409 patres
1381 4342 1700 4394 convenisse
1742 4347 1834 4391 aut

252 4439 540 4492 salutasse.
575 4437 814 4506 Denique
843 4437 1087 4505 ejusdem
1115 4434 1438 4488 Collationis
1467 4433 1642 4500 capite
1661 4432 1690 4486 5
1720 4433 1833 4484 huic

1926 3230 2127 3297 aliique
2152 3237 2422 3283 testantur
2450 3247 2463 3282 :
2489 3231 2580 3283 sed
2611 3247 2657 3285 et
2686 3230 2982 3286 Cassianus
3010 3234 3240 3302 ip~emet
3277 3236 3504 3303 ingenue

1929 3323 2196 3392 agnoscit,
2219 3337 2282 3376 ac
2317 3324 2636 3390 profitetur;
2671 3326 2838 3376 immo
2875 3325 3131 3392 quidquid
3167 3327 3279 3392 ipse
3322 3326 3507 3388 sciret,

1928 3414 2104 3468 cidem
2139 3413 2437 3468 liberaliter
2471 3427 2750 3482 acceptum
2791 3417 2954 3470 refert
2989 3418 3087 3470 sub
3125 3416 3283 3472 linem
3328 3419 3509 3487 operis

1927 3507 1993 3561 de
2022 3507 2396 3562 lncarnatione
2426 3506 2564 3579 (Lib.
2601 3524 2692 3571 vit,
2725 3523 2774 3561 c.
2815 3508 2930 3574 31),
2964 3510 3051 3564 tibi
3100 3513 3240 3566 inter
3294 3513 3394 3565 alia
3441 3511 3509 3568 de

1927 3599 2314 3669 Chrysost'imo
2339 3601 2530 3667 priecla
2542 3615 2597 3654 re
2615 3599 2752 3654 d.Cta
2775 3619 2787 3654 :
2806 3599 2934 3667 Ille,
2958 3603 3145 3670 inquit,
3163 3603 3382 3671 denique
3403 3604 3511 3674 ipse

1929 3692 2068 3744 vobis
2119 3692 2272 3742 etiam
2309 3691 2437 3751 lucc,
2468 3707 2583 3755 qum
2606 3708 2636 3743 α
2669 3707 2744 3743 nte
2768 3694 2959 3758 scripta
2986 3702 3130 3756 sunt,
3153 3695 3464 3746 commendet
3494 3709 3507 3744 :

1929 3785 2050 3849 quia
2078 3787 2182 3836 iiwc
2207 3798 2324 3852 qua:
2364 3800 2456 3850 ego
2486 3783 2688 3853 scripsi,
2724 3785 2811 3835 ille
2839 3799 2916 3837 me
2947 3784 3145 3848 docuit,
3179 3801 3237 3838 ac
3262 3801 3350 3856 per
3381 3785 3502 3850 hoc,

1931 3893 2032 3930 non
2063 3887 2166 3928 tum
2191 3893 2356 3928 ineunt
2375 3878 2468 3929 lioc
2498 3893 2652 3946 quain
2678 3876 2819 3930 illius
2852 3894 2958 3932 esse
2984 3879 3511 3950 crcdite:quiarivns

1931 3987 1994 4025 ex
2021 3971 2161 4041 fonte
2207 3980 2426 4039 constat,
2457 3981 2506 4023 et
2549 3971 2796 4041 quidquid
2845 3982 3055 4042 putatur
3095 3989 3202 4025 esse
3249 3973 3510 4044 discipuli,

1934 4075 2092 4118 totum
2107 4065 2175 4118 ad
2190 4066 2433 4118 honorem
2455 4064 2638 4134 referri
2657 4066 2886 4119 contenit
2902 4067 3156 4135 magistri.
3174 4065 3318 4133 Haec,
3335 4082 3383 4122 et
3408 4068 3514 4126 alia

1933 4156 1998 4210 ad
2015 4156 2640 4226 Constantitit-politatms
2674 4171 2861 4225 magna
2881 4172 3001 4211 cum
3032 4157 3511 4224 laudi-Cassianus,

1934 4248 2128 4314 quibus
2177 4263 2492 4301 memoriam
2540 4247 2621 4301 sui
2664 4248 2905 4316 magistri
2949 4248 3326 4318 Clitysosttiini
3357 4262 3513 4320 grato

1935 4338 2226 4393 admodum
2257 4355 2318 4393 ac
2342 4353 2617 4410 propenso
2647 4341 2830 4393 animo
2859 4353 3176 4410 prosecutus
3205 4353 3310 4397 est.

2007 4433 2114 4487 Sed
2143 4434 2249 4500 jam
2277 4431 2342 4486 ad
2374 4441 2622 4502 quartum
2645 4474 2658 4496 ,
2700 4434 2789 4502 qui
2826 4434 2875 4488 in
2908 4435 3182 4504 praedictis
3210 4437 3398 4507 elogiis
3441 4439 3516 4494 ei-

249 4533 318 4585 ad
370 4532 622 4586 abbatem
677 4531 1071 4585 (lberi-nionem
1127 4529 1428 4584 Germanus
1477 4527 1564 4580 ille
1623 4542 1722 4579 suo
1779 4523 2056 4583 ethein
2109 4525 2427 4591 ascribitur,
2483 4524 2865 4588 honorarium,
2924 4528 3133 4580 titulum
3198 4529 3513 4595 veniamus;

251 4629 400 4681 Cassi
441 4631 492 4682 ni
522 4627 740 4681 nomine
766 4641 780 4679 :
814 4623 967 4678 Debet
996 4625 1094 4677 hoc
1115 4625 1296 4676 saltent
1320 4623 1463 4674 labor
1490 4621 1614 4672 tanti
1641 4620 1833 4672 itineris

251 4721 498 4782 obtinere,
521 4719 663 4788 quod
686 4721 786 4770 huc
808 4718 871 4769 de
894 4715 1260 4769 Betltleemitict
1281 4714 1491 4766 rtrnobii
1509 4711 1830 4771 rudimentis,

246 4814 592 4866 institutionis
611 4825 794 4866 castra
823 4811 1104 4872 desiderio,
1129 4824 1171 4861 et
1196 4813 1452 4879 profectus
1476 4807 1636 4859 nostri
1663 4820 1836 4857 amore

246 4907 663 4972 properavimus.
683 4903 932 4957 llmcille.
953 4902 1220 4967 Quintum
1246 4915 1370 4953 \cro
1393 4901 1648 4966 temporis
1670 4898 1719 4949 iti
1738 4896 1838 4950 hac

247 5011 362 5052 tam
408 5002 699 5067 longinqua
744 4996 1078 5067 profectione
1119 4995 1500 5063 transegerint,
1549 4994 1648 5046 etsi
1681 5001 1832 5045 certo

243 5090 461 5144 deliniri
489 5105 594 5143 non
619 5089 807 5157 possit,
833 5088 973 5155 quod
1000 5103 1259 5157 nusquam
1288 5089 1587 5156 reperiatur
1613 5099 1836 5151 exptcs-

243 5201 393 5250 sum,
441 5194 616 5239 tamen
642 5201 707 5239 ex
737 5202 803 5238 eo
829 5183 970 5249 quod
997 5183 1294 5236 collatione
1347 5181 1406 5234 l7
1437 5195 1552 5247 citp.
1587 5179 1681 5232 ttlt.
1710 5194 1832 5246 pio-

245 5280 473 5332 ﬁtentur
500 5295 558 5332 se
588 5280 639 5332 in
674 5281 788 5330 svia
821 5277 1001 5329 Theha
1028 5276 1109 5328 dis
1154 5288 1372 5343 regione
1399 5284 1451 5326 et
1490 5287 1674 5325 eri-mo
1707 5287 1832 5337 sep-

243 5382 493 5425 tennitim
519 5374 848 5438 explevisse,
873 5380 1292 5421 ('OIISI'INaIIeIIIII
1318 5378 1397 5419 est
1427 5383 1529 5418 non
1567 5367 1830 5416 modicum

242 5465 510 5531 lcrtrporis
538 5464 680 5527 spati
708 5480 777 5514 ειη
810 5461 1036 5529 reliquae
1068 5459 1486 5528 [iet'egrioalititii
1532 5459 1694 5510 fuis~e
1738 5458 1836 5509 itit-

239 5568 596 5625 perlaturum
648 5557 844 5607 mirum
896 5569 1000 5606 non
1032 5554 1123 5614 sit,
1161 5555 1206 5605 si
1259 5569 1352 5619 pro
1397 5564 1501 5604 tant
1555 5551 1750 5602 diutini
1787 5559 1839 5602 et

239 5657 328 5700 ιυι
370 5663 538 5703 annos
565 5646 882 5701 continuata
927 5647 1372 5698 unaclttirt'lattttti
1412 5658 1461 5698 ct
1491 5656 1837 5698 Cl't‘lllllzll‘lllll

239 5743 670 5806 consuetudine,
717 5740 1017 5805 consortio,
1060 5753 1111 5795 et
1171 5740 1569 5796 cohaliitatione
1627 5737 1838 5792 tittthiin

1935 4616 2164 4672 diaconii
2187 4655 2200 4677 ,
2235 4615 2450 4683 inquam
2471 4654 2484 4676 ,
2512 4615 2626 4669 sive
2653 4615 2987 4670 diaconatus.
3021 4617 3190 4684 Quem
3219 4621 3361 4673 enim
3393 4635 3514 4675 cum

1937 4726 2029 4765 sua
2084 4724 2242 4780 gente
2290 4707 2539 4779 Scythica
2599 4724 2693 4775 per
2737 4710 3028 4764 salutarent
3079 4720 3130 4764 et
3159 4713 3516 4767 orthodoxam

1937 4803 2236 4856 doctrinam
2271 4805 2388 4870 pius
2417 4801 2501 4854 il‘e
2534 4812 2682 4864 pater
2714 4801 2766 4855 in
2799 4801 3011 4856 Christo
3045 4802 3182 4859 fore
3222 4816 3515 4874 genuerat:

1940 4895 2023 4948 vel
2070 4905 2252 4959 certe,
2312 4904 2369 4947 ut
2436 4893 2650 4959 sapiens
2700 4895 2958 4963 magister
2997 4897 3048 4951 in
3098 4898 3414 4967 discipulum
3466 4911 3520 4954 et

1941 4990 2029 5044 dot
2048 4993 2200 5041 trime
2232 5004 2343 5041 sum
2366 4987 2640 5040 alumnum
2673 4987 2961 5055 allegerat,
3003 4991 3280 5055 eumdem,
3318 5004 3374 5046 ut
3406 4992 3519 5054 cii-

1943 5100 2155 5152 scopns,
2190 5085 2407 5155 dignum
2440 5087 2540 5140 lioc
2563 5103 2784 5140 munere
2815 5102 2875 5142 ac
2908 5088 3206 5142 ministerio
3230 5089 3515 5156 judicavit.

1943 5179 1996 5234 Id
2024 5221 2037 5245 ,
2070 5189 2263 5245 praeter
2295 5179 2554 5235 Gennadii
2584 5196 2644 5233 ac
2674 5178 2954 5233 Tritlicmii
2998 5195 3356 5244 assertiones,
3389 5183 3494 5234 Cas

1944 5275 2126 5326 siantis
2167 5275 2280 5340 ipse
2323 5275 2420 5326 sibi
2469 5273 2897 5339 gratulabundus
2937 5272 3177 5341 agnost-it
3210 5273 3328 5327 loco
3356 5288 3518 5343 supra

1944 5369 2136 5430 citato,
2194 5366 2279 5416 ttlii
2330 5381 2388 5419 se
2435 5365 2744 5428 adoptatum
2799 5381 2826 5416 a
2875 5365 3195 5418 beatissima:
3245 5368 3521 5421 mem=rize

1942 5458 2148 5512 Joanne
2180 5464 2230 5512 in
2264 5459 2616 5511 lllilllSlCl'llllll
2649 5473 2891 5525 Sacrum,
2935 5468 3094 5527 atque
3131 5458 3368 5513 oblatum
3413 5459 3522 5514 Deo

1943 5562 2352 5604 continennirat.
2401 5549 2650 5619 Idemque
2679 5551 2962 5605 conﬁrmat
2991 5549 3310 5606 Theodorus
3338 5551 3521 5608 diaco-

1945 5661 2046 5700 nus
2092 5644 2250 5699 Rom.
2297 5644 2439 5712 apud
2491 5644 2782 5698 Palladium
2815 5644 2863 5697 iti
2894 5642 3130 5715 dialogo.
3159 5644 3352 5711 Quidni
3389 5658 3520 5697 vero

1948 5737 2032 5794 hic
2063 5739 2222 5792 etiam
2248 5736 2447 5807 aliquid
2482 5736 2709 5805 amplius
2739 5745 3077 5792 aultttnetntts
3101 5778 3112 5800 ,
3155 5744 3207 5792 ct
3237 5734 3360 5791 dum
3389 5734 3516 5790 Cas—
