4026 6334
455 279 528 339 35
1299 246 1393 308 AD
1429 248 1660 308 OPERA
1695 246 1974 307 JOANNIS
2011 246 2321 307 CASSIAM
2359 238 2898 303 PROLEGOMENA.
3657 256 3727 318 δα

458 398 668 453 sianum
696 406 727 449 a
748 389 957 447 Joanne
982 384 1284 458 patriarcha
1306 382 1721 452 Constantinop.
1754 380 2041 434 diaconum
2071 378 2120 435 A
2218 375 2295 429 Ex
2320 374 2425 441 his,
2458 375 2647 443 credo,
2676 374 2830 431 facile
2880 373 3287 445 animadvertis,
3322 376 3513 443 lector,
3566 392 3728 448 quam

461 487 763 543 ordinatum
804 482 1081 547 audimus,
1115 495 1221 534 non
1260 477 1417 533 modo
1456 474 1690 532 diaconii
1735 471 1924 527 ordine
1981 484 2043 524 ac

462 594 686 636 munere
733 577 1005 632 initiatum
1026 616 1039 640 ,
1075 572 1170 629 sed
1209 580 1263 627 et
1292 569 1758 624 archidiaconatus
1788 565 2045 637 dignitate

464 682 709 739 auctum,
742 668 1182 737 cumulaturnque
1229 660 1564 717 sentiamus?
1613 659 1723 713 Cur
1763 657 1906 711 enim
1938 670 2043 711 non

465 765 625 819 etiam
670 760 1040 817 subdiaconus
1084 756 1152 811 ab
1191 756 1379 811 eodem
1416 753 1688 807 diceretur
1718 750 1995 804 ordinatus
2033 763 2044 797 :

469 856 571 909 nisi
600 861 660 909 ut
686 854 945 908 diaconus
991 847 1452 912 antonomaslice,
1484 844 1534 899 id
1568 852 1678 905 est,
1709 840 2046 896 archidiaco-

469 961 603 1012 nus,
648 959 741 998 seu
773 945 977 1013 primus
1031 941 1170 994 inter
1217 940 1473 992 diaconos
1520 934 1888 1005 intelligatur?
1936 932 2049 987 Non

470 1038 636 1100 enim,
659 1045 720 1090 ut
741 1034 924 1099 hodie,
948 1034 1026 1088 sic
1045 1033 1172 1087 olim
1204 1028 1462 1085 Ecclesiae
1489 1043 1590 1082 usu
1619 1034 1892 1097 receptum
1927 1025 2048 1093 fuit,

470 1136 530 1183 ut
558 1126 921 1182 archidiaconi
956 1137 1183 1179 munere
1205 1122 1554 1192 fungerentur
1578 1118 1877 1191 presbyteri
1915 1136 1925 1169 :
1956 1117 2053 1172 sed

473 1236 539 1276 ex
574 1229 683 1275 toto
710 1218 1065 1273 diaconorum
1113 1214 1302 1269 ordine
1345 1228 1406 1267 ac
1447 1228 1671 1267 numero
1710 1209 2049 1281 paucissimi,

473 1315 615 1387 iique
662 1312 930 1384 aptissimi
976 1308 1351 1379 deligebantur
1391 1305 1791 1372 archidiaconi,
1823 1304 1912 1376 qui
1944 1303 2057 1372 epi-

479 1421 666 1477 scopo,
698 1407 812 1461 sive
848 1404 1107 1475 pontilici,
1141 1400 1287 1454 velut
1309 1398 1448 1453 oculi
1479 1398 1658 1469 capiti,
1696 1398 1935 1467 proxime
1965 1394 2055 1448 de-

475 1498 772 1565 servirent,
818 1508 868 1552 et
910 1511 1011 1566 pro
1051 1510 1116 1550 eo
1146 1492 1459 1563 diligentius
1493 1491 1545 1544 in
1580 1491 1739 1543 domo
1773 1488 1864 1543 Dei
1892 1502 2057 1541 excu-

474 1591 700 1658 barent,
729 1599 787 1646 ut
816 1592 867 1645 in
900 1587 1139 1644 Ecclesia
1173 1587 1410 1640 ltumana
1440 1582 1824 1639 celeberrimus
1856 1590 2059 1651 martyr

478 1700 541 1741 ac
588 1684 753 1740 levita
800 1681 1151 1744 Laurentius,
1209 1680 1259 1732 in
1292 1676 1575 1733 Valcntina
1608 1674 1951 1740 Vincentius,
2004 1680 2058 1726 ct

2148 466 2324 520 inanis
2353 481 2416 522 ac
2447 467 2615 523 futilis
2645 467 2713 522 sit
2742 467 3102 536 quorumdam
3132 469 3315 538 opinio
3342 508 3358 535 ,
3393 470 3481 540 qui
3512 470 3727 525 Cassia-

2148 575 2276 614 num
2307 574 2335 613 a
2365 559 2427 613 D.
2453 559 2839 631 Chrysostomo
2862 560 3146 617 diaconum
3173 560 3507 630 ordinatum,
3532 559 3731 617 deinde

2154 658 2279 721 post
2322 650 2529 720 aliquot
2558 666 2734 709 annos
2771 650 3056 721 expulsum
3103 659 3159 709 et
3203 651 3510 721 ablegatum
3561 650 3732 708 fuisse

2150 740 2367 811 scriptis
2395 740 2783 811 prodiderunt,
2832 742 2977 799 nulla
3025 741 3185 812 hujus
3224 744 3549 812 suspicionis
3570 744 3731 800 allata

2153 848 2310 890 causa
2346 833 2429 889 vel
2472 834 2737 904 probabili
2767 844 3105 905 argumento,
3135 836 3433 903 praesertim
3462 852 3585 892 cum
3613 838 3733 892 nul-

2154 925 2235 981 lus
2265 934 2506 980 veterum
2535 926 2861 997 scriptorum
2906 927 3046 987 hanc
3075 935 3260 989 notam
3290 929 3555 985 Cassiano
3579 930 3733 984 inus-

2154 1018 2289 1076 sisse
2319 1020 2544 1091 legatur.
2571 1021 2792 1085 Dieant,
2824 1021 3085 1091 obsecro,
3123 1023 3339 1092 quando
3369 1024 3510 1081 hunc
3530 1026 3598 1079 ab
3619 1025 3736 1094 ipso

2156 1115 2351 1186 expelli
2379 1116 2696 1186 contigerit,
2746 1117 2837 1187 qui
2883 1118 3044 1175 etiam
3086 1127 3209 1187 post
3248 1118 3365 1187 ejus
3403 1118 3648 1175 exsilium
3680 1118 3736 1174 in

2156 1206 2274 1277 ejus
2307 1207 2564 1279 obsequia
2594 1223 2971 1278 perseverasse
3010 1211 3378 1279 cognoscitur,
3434 1221 3487 1268 et
3529 1227 3626 1281 pro
3669 1227 3738 1267 eo

2160 1298 2432 1369 legatione
2480 1300 2697 1357 functus
2745 1300 2812 1354 ad
2860 1300 3226 1359 Innocentium
3275 1303 3738 1373 pontificemiqui

2159 1390 2276 1460 ejus
2308 1390 2548 1445 defuncti
2594 1392 2907 1447 memoriam
2934 1392 3094 1447 tantis
3120 1392 3368 1449 laudibus
3392 1401 3446 1447 et
3475 1395 3739 1450 encomiis

2160 1482 2389 1536 extulit?
2424 1484 2517 1555 qui
2562 1484 2723 1539 etiam
2758 1485 2936 1540 multis
2966 1494 3087 1556 post
3130 1486 3248 1555 ejus
3293 1487 3504 1542 obitum
3549 1489 3734 1557 armis,

2164 1585 2267 1629 tam
2299 1580 2617 1646 prteclarum
2649 1579 2817 1633 edidit
2843 1595 2954 1635 suae
2984 1595 3109 1650 erga
3150 1580 3396 1637 eumdem
3428 1583 3743 1651 propensio-

2165 1668 2247 1721 uis
2275 1677 2328 1723 et
2358 1670 2720 1724 observantiae
2753 1672 3153 1739 testimonium,
3202 1682 3257 1728 ut
3302 1676 3502 1728 nullam
3531 1678 3740 1744 penitus

478 1778 780 1833 recentiore
808 1774 1065 1830 memoria
1085 1818 1098 1841 ,
1127 1773 1178 1826 in
1212 1770 1589 1840 Ultrajectensi
1613 1766 1936 1821 Aldebertus
1957 1807 1971 1831 ,
2005 1765 2061 1818 in
2092 1761 2139 1822 B
2168 1759 2245 1813 vel
2293 1760 2665 1815 tenuissimam
2714 1762 3000 1831 reliquerit
3046 1764 3273 1832 alicujus
3304 1765 3592 1821 simultatis
3620 1781 3745 1821 sus-

478 1868 596 1923 aliis
643 1867 737 1923 alii
779 1866 971 1921 fecisse
1006 1864 1259 1933 leguntur
1293 1879 1305 1913 :
1337 1861 1428 1930 qui
1472 1860 1515 1913 si
1552 1859 1617 1913 ad
1649 1858 1939 1913 sacerdotii
1970 1855 2064 1907 bo-

482 1975 669 2015 norem
713 1958 942 2028 promoti
989 1957 1247 2024 fuissent,
1295 1952 1511 2008 diaconi
1564 1960 1657 2005 aut
1700 1947 2067 2004 archidiaconi

480 2066 604 2106 esse
642 2060 733 2105 aut
762 2049 865 2104 dici
894 2048 1203 2103 desiissent.
1240 2044 1410 2115 Hujus
1438 2052 1589 2099 certe
1621 2041 1929 2111 dignitatis,
1964 2039 2068 2097 sci-

483 2147 613 2203 licet
635 2146 1134 2211 arcliidiaconatus,
1166 2142 1548 2214 praerogativa,
1583 2137 1793 2194 ccc-teris
1823 2137 1949 2191 item
1973 2135 2069 2190 do—

485 2238 629 2293 tibus
649 2278 664 2303 ,
706 2251 770 2291 ac
795 2236 1088 2291 virtutibus
1119 2232 1291 2289 eidem
1322 2230 1735 2294 accedentibus,
1768 2227 1819 2281 id
1851 2227 2068 2282 demum

484 2339 810 2385 consecutus
859 2325 1075 2382 videtur
1122 2324 1446 2391 Cassianus,
1496 2331 1553 2377 ut
1594 2323 1735 2376 inter
1786 2319 2069 2391 primarios

484 2423 746 2478 Ecclesiae
792 2419 1205 2488 ϐουειίιιιιίιιορ.
1241 2417 1471 2473 clericos
1503 2414 1833 2484 deligeretur
1864 2412 1931 2466 ad
1960 2411 2070 2466 ob-

482 2515 719 2571 eundam
769 2528 869 2584 pro
922 2510 1313 2583 Chrysostomo
1365 2508 1711 2578 legationem.
1760 2504 1924 2575 Cujus
1991 2502 2071 2558 rei

485 2608 637 2662 testis
665 2607 905 2674 locuples
954 2604 1094 2657 idem
1142 2602 1235 2655 ille
1282 2598 1602 2654 Theodorus
1641 2595 1890 2663 antiquus
1938 2590 2069 2648 scri-

487 2705 633 2766 ptor,
673 2695 764 2765 qui
812 2696 955 2749 inter
993 2694 1127 2747 alias
1170 2689 1465 2761 legationes
1494 2704 1591 2759 pro
1619 2687 1810 2743 eodem
1836 2686 2072 2757 Chryso—

487 2797 666 2843 stomo
713 2788 765 2841 in
815 2785 1061 2841 exsilium
1103 2793 1226 2838 acto
1273 2783 1340 2837 ab
1373 2780 1615 2837 Ecclesia
1658 2777 2066 2848 Constantinop.

486 2879 556 2934 ad
588 2879 957 2933 Innocentium
989 2874 1297 2945 pontillcem
1326 2871 1485 2926 Rom.
1518 2872 1739 2938 missas,
1773 2869 1911 2923 hanc
1939 2868 2072 2922 Ger-

489 2971 633 3025 mani
690 2968 1027 3040 presbyteri,
1086 2976 1141 3022 et
1191 2964 1434 3021 Cassiani
1482 2963 1696 3018 diaconi
1745 2962 2070 3031 legationem

489 3071 686 3132 quarto
714 3062 835 3117 loco
859 3060 1195 3128 describens,
1229 3061 1301 3113 ita
1324 3056 1535 3113 orditur
1565 3074 1579 3111 :
1609 3055 1737 3109 Post
1770 3054 2069 3110 Palladium

491 3154 780 3209 Germanus
805 3153 1088 3225 presbyter,
1122 3151 1497 3220 Cassianusque
1532 3148 1808 3215 diaconus,
1838 3150 1934 3202 uiri
1961 3167 2071 3204 ma-

490 3265 605 3320 gnat
630 3248 921 3320 religionis,
959 3248 1160 3300 litteras
1180 3288 1195 3312 ,
1233 3245 1295 3297 ab
1322 3244 1459 3297 ontni
1480 3245 1613 3297 clero
1636 3242 1853 3296 Joannis
1880 3244 2069 3296 attule-

490 3348 633 3406 runt,
664 3340 978 3394 continentes
1006 3336 1291 3390 Ecclesium
1319 3335 1483 3406 ipsam
1516 3334 1840 3404 tyrannidem
1870 3349 2075 3402 perpes-

491 3448 603 3488 sam
624 3434 811 3503 fuisse,
838 3433 1078 3502 episcOpo
1104 3446 1193 3502 per
1214 3430 1317 3483 vim
1346 3429 1568 3482 militum
1596 3430 1755 3499 ejecta
1774 3471 1789 3493 ,
1831 3438 1877 3481 et
1909 3430 1961 3480 in
1988 3443 2075 3480 ea:-

492 3528 668 3583 silium
713 3529 904 3596 missa,
950 3533 1059 3582 etc.
1108 3523 1214 3580 Sed
1266 3533 1322 3578 et
1373 3523 1511 3577 idem
1563 3521 1907 3577 Innocentius
1939 3535 2074 3592 papa

492 3620 735 3691 ejusdem
812 3618 1074 3674 Ecclesiae
1139 3613 1751 3685 Constantinopolitanre
1808 3613 1953 3668 clero
2012 3628 2075 3668 ac

498 3712 697 3782 populo
729 3710 1062 3777 rescribens,
1111 3710 1182 3764 ita
1208 3724 1435 3765 exorsus
1464 3717 1547 3763 est
1574 3725 1587 3759 :
1623 3705 1707 3760 Ex
1734 3707 1918 3761 litteris
1954 3708 2077 3761 cha-

492 3807 661 3861 ritatis
689 3814 896 3870 vestrte,
940 3821 1067 3872 quas
1111 3821 1202 3873 per
1247 3803 1559 3858 Germanum
1605 3804 1979 3875 presbyterum,
2029 3814 2076 3857 et

494 3897 800 3955 Cassianum
828 3897 1043 3951 misistis
1063 3937 1078 3960 ,
1121 3906 1225 3951 etc.
1265 3897 1339 3951 De
1364 3895 1464 3949 hac
1493 3911 1656 3964 porro
1685 3897 1953 3965 legatione
1974 3937 1990 3964 ,
2021 3904 2076 3951 et

495 3992 791 4060 legatorum
817 3990 991 4043 altero
1019 3987 1278 4042 Cassiano
1322 3988 1550 4041 diacono
1581 3998 1886 4057 nuncupata
1911 4002 2075 4056 agens

495 4082 757 4137 Baronius
786 4097 801 4134 :
836 4077 929 4133 Est
957 4079 1181 4143 mentio,
1217 4079 1387 4149 inquit
1420 4076 1556 4147 (Ubi
1603 4078 1828 4150 supra),
1862 4080 1923 4132 de
1952 4078 2075 4134 Cas-

495 4175 641 4229 siano
662 4174 715 4226 in
745 4173 932 4226 litteris
962 4171 1257 4225 Innocentii
1285 4185 1433 4240 papa:
1472 4169 1542 4221 ad
1585 4170 1798 4223 clericos
1824 4169 2076 4224 Constan-

496 4265 861 4337 tinopolitanos
884 4279 901 4318 :
923 4280 1068 4333 quem
1085 4262 1289 4331 quidem
1315 4262 1617 4316 Cassianum
1640 4262 1785 4315 illum
1813 4273 2074 4331 putamus,

499 4362 647 4430 cujus
686 4366 805 4411 sunt
840 4356 1155 4412 Collationes
1207 4355 1439 4411 Patrum.
1502 4354 1636 4408 Nam
1684 4365 1732 4411 et
1778 4355 2076 4413 Gennadius

498 4453 633 4506 hunc
672 4453 906 4506 eumdem
934 4469 965 4505 a
993 4450 1195 4505 Joanne
1222 4448 1583 4519 Cltrysostamo
1631 4450 1902 4502 diaconum
1934 4450 2075 4504 ardi-

497 4555 675 4598 natum
701 4545 859 4598 tradit
892 4559 913 4597 :
938 4545 1068 4597 adeo
1096 4553 1151 4595 ut
1181 4542 1266 4611 qui
1295 4549 1521 4595 astruere
1546 4540 1661 4595 refrt
1695 4543 1828 4595 lmnc
1870 4543 2075 4596 Cassitt-
2104 4517 2155 4578 Ῐ)

497 4654 618 4691 num
648 4639 903 4690 diversum
950 4654 1086 4699 esse,
1117 4636 1246 4689 duos
1284 4651 1478 4689 necesse
1505 4634 1720 4701 Itabtat,
1768 4645 1818 4689 ut
1863 4637 2074 4706 affirmat

497 4727 718 4784 Joannis
771 4727 1153 4799 Chrysostomi,
1206 4728 1430 4799 ejusdem
1489 4728 1706 4782 nominis
1758 4738 1801 4781 et
1851 4731 2074 4783 muneris

499 4823 659 4891 {uisse
698 4820 1011 4891 discipulos,
1051 4821 1253 4873 nomine
1283 4820 1583 4884 Cassianos,
1629 4820 1932 4890 eosdemque
1962 4823 2075 4875 ditt-

499 4929 672 4967 conos.
707 4913 831 4967 Haac
860 4911 1152 4977 Baronius,
1183 4927 1379 4975 unum,
1411 4920 1464 4966 et
1490 4911 1736 4966 euruderu
1761 4913 2071 4968 Cassianum

498 5019 598 5076 pro
625 5003 1014 5075 Cbrysostomo
1043 5002 1274 5073 legatum
1300 5012 1353 5057 et
1382 5003 1703 5057 Collatorem
1732 5018 1850 5058 esse
1879 5006 2074 5059 contir-

498 5110 672 5152 mans.
720 5093 925 5162 Quibus
971 5093 1145 5160 addo,
1194 5094 1306 5162 pari
1341 5103 1685 5163 argumento,
1730 5110 1837 5150 non
1871 5104 2075 5151 tantum

499 5188 633 5243 duos
659 5185 967 5254 Cassianos,
1002 5186 1097 5242 sed
1127 5194 1184 5241 et
1212 5186 1346 5240 duos
1376 5187 1557 5242 itidem
1589 5186 1884 5243 Germanos
1917 5204 2074 5257 pres.

497 5281 721 5355 bytcros
749 5281 993 5352 ejusdem
1034 5279 1407 5351 Clirysostomi
1455 5280 1749 5351 discipulos
1787 5290 1842 5336 et
1878 5290 2075 5335 cozeta-

499 5391 661 5441 neos;
711 5375 947 5446 alioquin
995 5373 1203 5429 admitti
1248 5385 1535 5444 oportere,
1566 5375 1795 5430 alterum
1824 5373 2076 5430 videlicet

495 5468 734 5523 Cassiani
765 5468 912 5522 illius
936 5470 1033 5537 pro
1062 5467 1447 5539 Chrysostomo
1476 5468 1665 5537 legati,
1697 5467 1924 5523 alterum
1949 5484 2076 5522 vero

496 5560 667 5615 nostri
683 5556 971 5613 Collatoris
995 5560 1048 5615 in
1072 5559 1162 5615 illa
1185 5560 1621 5631 peregrinatione
1654 5569 1708 5615 et
1741 5559 2077 5630 professione

497 5652 799 5709 monastica
828 5652 1034 5709 socium
1079 5662 1135 5709 et
1173 5653 1467 5725 collegam;
1495 5654 1637 5725 quod
1659 5653 1803 5710 nulla
1834 5664 2075 5710 veterum

494 5744 818 5806 auctoritate
849 5755 942 5805 aut
977 5745 1241 5807 memoria
1271 5747 1599 5819 suifragante
1638 5747 1755 5820 quis
1802 5746 2081 5808 admittat?

2170 1852 2459 1925 picionern.
2514 1854 2714 1910 Verum
2764 1855 2919 1924 hujus
2964 1858 3164 1911 erroris
3215 1860 3557 1914 occasionem
3611 1860 3746 1915 scite

2172 1946 2483 2003 observavit
2508 1948 2656 2003 card.
2690 1947 2954 2007 Baronius
2980 1964 3043 2004 ex
3066 1965 3131 2006 eo
3156 1966 3422 2018 manasse,
3455 1952 3595 2021 quod
3621 1968 3743 2008 cum

2172 2052 2269 2107 pro
2311 2037 2519 2095 Joanne
2558 2040 2946 2115 Chrysostomo
2986 2040 3271 2099 Cassianus
3311 2059 3434 2098 cum
3460 2044 3579 2099 aliis
3606 2046 3748 2114 ejus-

2172 2130 2292 2184 dem
2324 2130 2584 2189 Ecclesiae
2616 2134 2830 2187 clericis
2861 2134 3026 2191 fuisse
3074 2138 3409 2204 reperiretur
3454 2140 3710 2207 expulsus
3730 2179 3748 2205 ,

2172 2220 2422 2276 eumdem
2458 2237 2487 2278 a
2514 2222 2721 2278 Joanne
2753 2224 2868 2292 ipso
2901 2226 3182 2293 espulsum
3215 2241 3311 2297 per
3340 2227 3625 2297 incuriam,
3657 2241 3750 2285 aut

2173 2314 2511 2371 oscitantiam
2546 2313 2911 2373 existimarint
2940 2333 2955 2373 ε
2985 2333 3106 2379 cum
3130 2333 3235 2374 non
3264 2319 3333 2375 ab
3359 2320 3496 2390 ipso,
3526 2321 3621 2377 sed
3653 2338 3751 2390 pro

2172 2405 2320 2477 ipso,
2349 2416 2405 2462 et
2427 2407 2547 2476 ejus
2569 2422 2727 2463 causa
2762 2418 2890 2467 tunc
2916 2411 3207 2481 contigerit
3233 2427 3354 2469 cum
3399 2414 3522 2471 aliis
3563 2425 3748 2469 extor-

2174 2515 2287 2554 rem
2313 2501 2447 2556 lieri.
2486 2501 2680 2559 Verum
2713 2503 2781 2559 ad
2818 2504 2922 2565 alia
2959 2505 3388 2574 progrediamur.
3435 2506 3751 2567 Perfunctus

2174 2606 2237 2648 ea
2268 2592 2535 2667 legatione
2561 2596 2855 2657 Cassianus
2882 2598 3012 2669 quid
3039 2599 3295 2669 deinceps
3319 2600 3522 2670 egerit,
3560 2614 3666 2669 quo
3691 2614 3755 2656 sc

2174 2688 2393 2743 verterit
2431 2697 2582 2744 tanto
2611 2698 2836 2761 parente
2879 2701 2933 2745 et
2968 2700 3195 2761 patrono
3236 2707 3335 2749 suo
3365 2692 3753 2763 Chrysostomo

2175 2779 2517 2851 postmodum
2547 2782 2797 2845 orbatus,
2832 2783 3095 2843 Baronius
3121 2785 3304 2853 paucis
3336 2785 3512 2841 verbis
3533 2786 3607 2840 ita
3630 2800 3753 2854 per-

2173 2874 2389 2930 strinxit
2421 2893 2433 2927 :
2469 2873 2598 2930 Post
2627 2876 2755 2942 lucc,
2788 2873 3067 2932 Cassianus
3096 2880 3356 2949 profectus
3384 2880 3440 2933 in
3462 2879 3753 2950 .Egyptum

2175 2967 2244 3020 ibi
2272 2970 2607 3024 monasticam
2636 2972 2787 3025 vitam
2810 2970 3043 3026 excolere
3067 2975 3232 3043 cwpit,
3256 2973 3475 3042 indeque
3497 2972 3753 3027 scribendi

2176 3056 2487 3115 Collatianes
2516 3059 2736 3115 Patrum
2780 3062 2953 3116 hausit
2991 3075 3364 3135 argumentum.
3413 3064 3597 3118 Exstat
3643 3061 3751 3117 Isi-

2094 3137 2142 3206 C
2176 3152 2291 3204 dari
2318 3151 2601 3208 Pelusiotae
2630 3153 2699 3205 ad
2728 3154 3028 3210 Cassianum
3053 3157 3300 3226 epistola,
3335 3172 3451 3211 cum
3482 3172 3753 3227 aggressus

2175 3254 2305 3298 esset
2343 3246 2500 3299 vitam
2546 3248 2883 3301 monasticam
2914 3249 3147 3319 proﬁteri
3166 3292 3179 3315 ,
3219 3266 3322 3318 qua
3351 3264 3469 3302 eum
3492 3250 3546 3302 in
3575 3248 3754 3319 primis

2175 3338 2272 3391 sibi
2301 3339 2633 3394 coercendam
2654 3357 2762 3394 esse
2786 3339 3020 3413 linguam
3047 3342 3340 3398 admonuit.
3373 3340 3448 3399 lla
3489 3340 3754 3395 Baronius

2177 3442 2243 3483 eo
2270 3432 2537 3486 sermonis
2564 3433 2710 3502 style
2744 3447 2874 3487 usus
2896 3473 2909 3499 ,
2943 3434 3093 3503 quasi
3122 3434 3361 3489 indicare
3383 3432 3508 3488 velit
3540 3430 3754 3487 Cassia-

2176 3536 2303 3576 num
2354 3530 2463 3577 turn
2503 3525 2719 3580 demum
2746 3533 2870 3593 post
2897 3527 3219 3597 legationem
3250 3542 3348 3595 pro
3366 3526 3754 3598 Cbrysostomo

2177 3613 2378 3671 obitam
2426 3618 2727 3686 profectum
2758 3618 2814 3673 in
2842 3618 3166 3690 Egyptum,
3201 3621 3361 3674 vitam
3401 3622 3750 3674 monasticam

2179 3710 2431 3764 excolere
2471 3726 2533 3765 ac
2584 3712 2823 3781 profiteri
2865 3714 3118 3781 crepisse.
3166 3713 3296 3777 Quae
3325 3712 3625 3774 sententia,
3667 3712 3753 3766 vel

2178 3805 2419 3871 opinatio
2447 3804 2518 3856 ita
2560 3806 2785 3872 praecise
2825 3812 3079 3871 accepta,
3110 3811 3167 3859 et
3209 3803 3492 3858 nulloalio
3535 3812 3754 3859 auctore

2178 3896 2335 3961 nixa,
2379 3909 2499 3948 cum
2526 3894 2706 3949 verbis
2734 3894 2901 3962 ipsius
2925 3893 3172 3950 Cassiani
3209 3903 3354 3949 stare
3392 3895 3602 3964 nequit,
3635 3895 3753 3964 qui-

2178 3985 2279 4039 bus
2329 3986 2500 4054 ipsntn
2543 3999 2649 4039 non
2689 3983 2851 4039 modo
2889 3993 3015 4039 ante
3064 3985 3425 4054 legationem,
3470 4000 3656 4040 verum
3700 3993 3754 4039 et

2179 4078 2347 4131 multo
2377 4084 2502 4131 ante
2526 4091 2737 4132 onmem
2762 4074 3134 4149 Chrysostomi
3156 4077 3400 4134 notitiam
3427 4086 3482 4134 et
3524 4092 3755 4133 consue-

2181 4172 2456 4238 tudinem,
2494 4171 2656 4225 immo
2685 4171 2753 4224 ab
2784 4170 2913 4240 ipsis
2961 4171 3199 4241 pueritia:
3245 4172 3564 4228 rudimentis
3591 4174 3752 4227 vitam

2182 4266 2531 4320 monasticam
2562 4265 2894 4331 excoluisse,
2935 4280 3163 4336 eamque
3209 4275 3320 4321 tum
3366 4266 3421 4321 in
3471 4266 3751 4332 creuobio,

2180 4366 2289 4411 tum
2324 4357 2377 4411 in
2424 4371 2607 4412 eremo
2638 4357 2810 4426 palam
2843 4356 3145 4427 professum
3190 4372 3309 4413 esse
3337 4360 3590 4427 superius
3634 4358 3754 4412 luce

2181 4448 2472 4503 meridiana
2503 4448 2699 4504 clarius
2731 4449 3079 4506 ostendimus.
3116 4449 3312 4504 Verum
3363 4449 3481 4504 fieri
3536 4456 3750 4517 potest,

2181 4551 2233 4597 et
2267 4543 2507 4612 proclive
2535 4542 2823 4597 admodum
2856 4552 2940 4597 est
2974 4541 3226 4610 credere,
3260 4540 3576 4596 Cassianum
3597 4541 3754 4596 abso-

2180 4636 2294 4691 luto
2320 4636 2606 4705 legationis
2631 4635 2809 4691 ofﬁcio
2848 4642 2902 4689 et
2930 4634 2992 4689 Β.
3016 4633 3429 4705 Chrysostamo,
3460 4644 3519 4688 ut
3554 4634 3751 4690 dictnrn

2180 4734 2297 4797 est,
2332 4727 2488 4797 paulo
2517 4734 2636 4796 post
2674 4727 2958 4793 defuncto,
2997 4740 3230 4781 maerore
3262 4725 3459 4791 animi,
3488 4735 3542 4780 et
3571 4740 3751 4781 rerum

2183 4822 2536 4876 humanarum
2568 4820 2727 4874 taedio
2757 4819 3045 4885 allectum;
3096 4828 3150 4874 et
3193 4820 3435 4890 pristinae
3463 4829 3753 4875 consuetu-

2180 4911 2321 4966 dinis
2369 4921 2422 4965 et
2468 4912 2723 4966 consortii
2766 4911 2866 4968 SS.
2908 4912 3123 4967 Patrum
3169 4912 3222 4967 in
3268 4911 3386 4982 ejus
3438 4912 3753 4983 praecordiis

2180 5005 2537 5059 revivisccnte
2564 5005 2824 5060 memoria
2853 5019 2917 5060 ac
2946 5004 3220 5061 desiderio
3252 5005 3606 5072 stimulatum,
3635 5020 3755 5060 rur-

2179 5109 2269 5149 sus
2290 5094 2581 5167 Egyptum
2607 5104 2663 5151 et
2688 5096 3025 5152 Palaestinam
3048 5096 3348 5166 repetiisse,
3374 5104 3535 5165 atque
3554 5095 3751 5150 ibidem

2180 5188 2318 5243 inter
2360 5190 2651 5243 monachos
2704 5188 2874 5243 vitam
2925 5189 3277 5243 monasticam
3331 5188 3667 5255 excoluisse,
3701 5198 3756 5244 et

2178 5280 2479 5336 doctrinam
2524 5280 2741 5336 ineunte
2791 5290 2949 5336 aetate
3005 5288 3311 5351 perceptam
3362 5278 3523 5334 altius
3575 5280 3755 5335 animo

2182 5372 2456 5428 imbibissc
2481 5415 2494 5439 ,
2524 5388 2586 5427 ac
2612 5374 2885 5428 memoria:
2908 5372 3349 5438 commendasse,
3382 5385 3539 5441 quam
3567 5380 3755 5441 postea

2180 5466 2476 5523 litterarum
2535 5465 2899 5521 monumentis
2953 5463 3306 5535 consignavit.
3365 5466 3481 5534 Quo
3541 5464 3755 5533 quidem

2181 5570 2457 5630 spectasse
2498 5560 2799 5615 credendus
2826 5568 2910 5616 est
2933 5559 3195 5615 Batonius
3227 5578 3239 5613 :
3271 5559 3361 5631 qui
3394 5568 3572 5617 tamen
3612 5556 3753 5613 baud

2182 5654 2339 5710 facile
2374 5653 2618 5708 excusari
2651 5661 2859 5724 potest,
2892 5652 3031 5723 quod
3076 5652 3131 5708 id
3174 5653 3245 5710 ita
3281 5652 3610 5724 expresserit
3632 5690 3648 5718 ,
3700 5659 3756 5706 ut

2186 5754 2293 5804 tum
2328 5745 2557 5817 primum
2590 5743 2819 5816 cmpisse
2844 5743 3149 5815 signiﬁcare
3178 5745 3444 5805 videatur.
3478 5741 3631 5812 Quod
3661 5756 3755 5800 au-
