4026 6334
202 245 262 303 δἿ
1387 237 1749 294 ΡΒΑΞΡΑΤΙΟ
1788 240 1806 290 l

1911 237 2047 292 tltDl
2087 237 2338 294 GAZIEI.
3409 237 3482 296 38

213 370 312 417 tem
333 357 398 413 ad
426 357 582 412 illam
616 358 807 413 attinet
836 357 1020 411 lsidori
1053 355 1335 409 Pelusiota:
1357 355 1665 423 epistolam,
1691 368 1791 422 qua
1820 357 1865 412 Α
1900 355 2189 423 pagandte,
2224 367 2275 410 et
2313 356 2504 411 salutis
2552 357 2851 411 animarum
2887 358 3270 427 procurandae,
3305 357 3486 418 studio

220 451 526 509 Cassianum
558 451 629 505 de
661 450 921 505 frenanda
953 448 1146 518 lingua:
1176 448 1393 501 licentia
1438 449 1580 500 serio
1609 447 1797 501 admo-

221 545 359 608 nuit,
409 557 536 596 eam
585 541 805 612 quidem
856 539 920 594 ad
971 537 1286 606 Cassianum
1328 549 1569 592 nostrum
1615 554 1799 593 mona-

226 638 374 694 chum
403 635 667 703 scriptam
698 647 820 688 eSte
849 647 969 686 cum
991 631 1221 686 Baronio
1248 633 1418 684 sentio
1454 647 1465 680 :
1500 632 1798 698 praesertim

220 744 329 783 cum
382 736 598 782 constet
643 724 906 779 Cassiano
935 732 1266 778 coaetaneum
1292 767 1305 789 ,
1339 733 1392 776 et
1420 721 1658 790 ejusdem
1690 737 1798 776 ma-

219 819 358 888 gistri
386 816 766 886 Cbrysostomi
790 814 1115 884 discipulum
1139 813 1305 868 fuisse
1329 814 1476 866 illum
1500 813 1759 868 lsidorum
1783 832 1795 868 :

220 928 314 964 non
346 924 525 965 tamen
556 925 623 963 eo
655 919 899 978 tempore
925 919 978 962 et
1016 916 1174 963 aztate
1198 950 1210 971 ,
1238 924 1340 977 qua
1367 907 1478 961 vult
1508 907 1795 972 Baronins;

217 1019 262 1057 at
309 1005 478 1059 multo
521 1012 679 1070 ante,
735 1017 856 1055 cum
898 1000 1310 1069 adhucjuvenis
1337 1000 1389 1053 in
1421 1000 1668 1054 ctenobio
1710 1000 1798 1053 illo

219 1095 618 1149 Bethleemitico
648 1101 857 1163 ageret.
912 1091 1080 1146 Nimis
1112 1090 1255 1148 enim
1289 1091 1602 1144 indecorum
1635 1099 1690 1144 et
1720 1091 1798 1142 in-

215 1204 505 1258 congruum
549 1188 737 1242 fuisset
775 1185 1090 1241 Cassianum
1116 1187 1228 1256 jam
1260 1194 1418 1239 :etate
1449 1195 1794 1251 provectum,

214 1294 263 1336 et
305 1294 416 1336 tam
473 1281 683 1347 officio,
728 1280 868 1350 quod
919 1281 1019 1332 sub
1067 1280 1460 1348 Cltrysostomo
1510 1286 1795 1346 gesserat,

215 1388 364 1438 quam
396 1373 537 1426 adeo
569 1373 864 1425 honorifica
894 1371 1158 1440 legatione
1197 1371 1264 1424 ad
1313 1385 1583 1423 summum
1623 1370 1799 1439 ponti-

216 1464 358 1516 licem
392 1465 594 1530 habita,
626 1465 834 1517 clarum
870 1473 923 1517 et
953 1463 1236 1529 illustrem,
1268 1463 1430 1518 immo
1451 1470 1507 1516 et
1537 1462 1797 1532 religione

214 1556 587 1621 conspicuum,
615 1554 841 1621 silentii,
865 1564 918 1607 et
949 1554 1261 1608 enercendtc
1287 1555 1500 1624 lingum,
1532 1555 1598 1607 ad
1630 1554 1798 1608 instar

215 1663 500 1717 puerorum
528 1689 542 1710 ,
596 1647 896 1704 admoneri.
943 1647 1094 1716 Quod
1127 1663 1190 1704 ex
1221 1648 1334 1718 ipso
1366 1649 1524 1704 etiam
1553 1647 1797 1715 epiStolze

214 1749 465 1793 contextu
509 1739 690 1808 quivis
743 1739 897 1794 facile
937 1739 1224 1809 jndicabit.
1274 1739 1542 1794 Caeterum
1585 1753 1688 1809 qua
1729 1753 1792 1792 es
1830 1718 1876 1778 Β

215 1847 360 1886 causa
412 1833 497 1888 vel
544 1832 835 1887 occasione
864 1833 1153 1886 Cassianus
1182 1848 1247 1890 ex
1288 1831 1525 1903 Algypto
1565 1832 1648 1889 vel
1697 1831 1797 1902 Pa-

217 1925 412 1978 la:stina
448 1924 666 1978 tandem
699 1923 753 1977 in
786 1923 990 1979 Gallias
1021 1925 1398 1989 transmearit,
1427 1931 1484 1977 et
1505 1923 1793 1984 Massiliam

216 2015 392 2070 Gallae
453 2014 828 2071 Narbonensis
894 2015 1078 2077 nobile
1132 2016 1433 2081 emporium
1489 2015 1794 2088 appulerit,

218 2107 305 2159 etsi
335 2121 363 2159 a
391 2107 619 2160 nemine
650 2105 916 2174 proditum
944 2107 1108 2160 sciam
1136 2146 1152 2170 ,
1181 2105 1370 2174 opinor
1399 2115 1576 2164 tamen
1599 2105 1653 2161 id
1684 2107 1799 2176 ejus

220 2196 474 2264 temporis
524 2196 853 2262 calamitati,
914 2204 966 2250 et
1022 2195 1400 2250 haereticorum
1471 2196 1800 2266 improbitati

218 2289 618 2342 ascribcudum.
665 2287 821 2341 Anno
871 2287 1136 2358 siquidem
1187 2287 1576 2344 incarnatiOttis
1623 2289 1802 2344 Domi-

221 2383 344 2437 niea:
360 2382 472 2439 “6
495 2383 723 2451 contigit
748 2383 1132 2435 monasterium
1154 2381 1280 2436 illud
1311 2381 1799 2448 Betbleemiticum,

221 2473 266 2525 in
307 2489 415 2540 quo
469 2471 763 2525 Cassianus
808 2474 1158 2525 mooaSticam
1195 2473 1350 2525 vitam
1387 2471 1661 2541 professus
1691 2471 1804 2527 fue-

221 2574 318 2626 rat,
348 2579 378 2617 a
408 2563 715 2631 Pelagianis
746 2561 946 2628 invadi,
977 2563 1160 2631 diripi,
1194 2577 1256 2615 ac
1290 2562 1680 2632 propemodum
1711 2566 1778 2617 de

221 2657 808 2719 vastari,coonivente
857 2655 1063 2710 Joanne
1115 2657 1372 2724 episcopo
1417 2657 1803 2721 Hierosolymi-

222 2756 379 2808 tano.
434 2748 488 2800 in
536 2747 753 2810 odium,
787 2757 842 2800 ut
872 2748 1130 2813 creditur,
1169 2747 1230 2802 D.
1276 2748 1584 2818 Hieronymi
1631 2753 1806 2804 atllutc

223 2838 566 2907 superstitis,
599 2847 657 2891 ut
700 2837 865 2891 refert
900 2838 1159 2892 Baronius
1193 2836 1245 2892 in
1277 2838 1472 2892 Annal.
1507 2837 1619 2904 Qua
1652 2839 1721 2895 de
1751 2858 1807 2895 re

225 2937 439 2982 exstant
483 2929 684 2982 littera:
731 2928 1011 2985 lnnoceut.
1044 2944 1194 2997 papa:
1226 2929 1289 2982 ad
1341 2930 1586 2984 eumdem
1622 2931 1810 2990 lliero-

226 3036 463 3091 nymum.
498 3021 735 3087 Quarum
785 3022 1066 3074 occasione
1100 3023 1373 3074 turbarum
1404 3037 1660 3089 perquam
1692 3039 1807 3076 crc-

225 3110 384 3165 dibilc
417 3111 627 3166 videtur
664 3110 984 3166 C.t$siattum
1026 3127 1094 3165 ex
1143 3116 1300 3182 longa
1352 3113 1437 3166 illa
1495 3115 1804 3183 peregrina-

228 3205 366 3257 tione
405 3218 686 3256 reversnm
706 3247 719 3269 ,
773 3217 894 3257 cum
929 3203 1038 3257 illic
1067 3211 1181 3257 tuto
1209 3219 1272 3257 ac
1302 3205 1482 3272 quiete
1513 3206 1808 3258 consistere

228 3309 326 3347 non
359 3295 503 3348 licert
529 3303 569 3360 t,
603 3294 911 3349 Gallicanas
935 3304 1116 3363 partes
1138 3294 1454 3362 appettisse,
1483 3309 1546 3350 ac
1568 3295 1804 3357 demum,

230 3386 333 3440 Deo
354 3387 705 3456 disponente,
735 3385 874 3454 apud
901 3385 1191 3440 Massiliam
1217 3387 1433 3455 pietatis
1449 3402 1511 3440 ac
1538 3387 1812 3456 religionis

229 3480 407 3536 sedem
448 3493 513 3532 ac
563 3477 898 3534 dotnicilium
941 3478 1194 3548 elegisse.
1258 3481 1432 3548 Atque
1483 3469 1604 3532 hinc
1651 3480 1809 3532 obor-

230 3581 326 3624 tam
354 3570 609 3639 suspicor
634 3570 990 3640 quorumdam
1019 3571 1352 3640 opinionem,
1378 3574 1468 3640 qui
1497 3572 1809 3628 Cassianum

230 3664 290 3718 ab
312 3664 803 3734 llierosolymitana
829 3664 1064 3719 Ecclesia
1096 3663 1164 3718 ab
1196 3665 1466 3718 hmreticis
1493 3664 1726 3732 ejectum
1760 3667 1810 3720 in

229 3754 519 3811 Massiliam
556 3757 839 3810 transiisse
884 3758 1244 3826 scripserunt.
1271 3757 1423 3822 Quod
1476 3758 1622 3812 enim
1671 3760 1810 3826 apud

229 3845 517 3901 Massiliam
545 3846 830 3914 resederit,
867 3847 1045 3917 ibique
1071 3848 1239 3903 multo
1264 3848 1517 3918 deinceps
1546 3858 1811 3917 tempore,

230 3947 277 3990 et
306 3938 368 3990 ad
405 3939 570 3992 finem
618 3937 736 3990 titze
781 3938 1089 3991 demoratus
1116 3939 1311 4004 fuerit,
1345 3954 1449 3993 non
1482 3940 1640 3994 modo
1669 3940 1814 3995 Gen—

230 4031 366 4083 nadii
417 4045 483 4084 ac
522 4031 807 4086 Ttitltetnii
849 4032 1038 4101 elogiis
1103 4031 1387 4087 manifeste
1436 4034 1747 4088 declaratur
1797 4053 1807 4086 :

229 4121 316 4174 sed
345 4133 399 4176 et
428 4121 603 4190 ipsius
629 4120 902 4190 Cassiani,
950 4139 1047 4177 nec
1095 4139 1201 4178 non
1237 4125 1295 4178 υ.
1330 4124 1586 4194 Prosperi
1622 4127 1808 4180 testili-

231 4214 441 4268 catione
489 4221 641 4266 certo
689 4219 888 4271 certius
929 4216 1338 4281 comprobatur.
1373 4214 1505 4270 Nam
1555 4218 1668 4286 ipse
1698 4218 1811 4286 qui-

230 4306 347 4360 dem
379 4314 493 4361 tum
529 4307 582 4358 in
622 4306 1057 4376 prmiationibus,
1096 4320 1203 4362 tum
1236 4309 1356 4363 aliis
1407 4311 1460 4363 in
1506 4311 1640 4366 locis
1671 4310 1809 4366 ltaud

231 4401 459 4461 obscure
491 4400 693 4456 indicat
716 4415 772 4454 se
797 4399 906 4470 jam
943 4402 992 4453 in
1040 4402 1279 4456 occiduis
1323 4403 1440 4458 Gall
1466 4420 1616 4459 arum
1649 4405 1816 4474 parti-

235 4492 350 4562 bus,
381 4504 438 4545 et
461 4491 754 4547 Gallicanis
789 4492 1080 4562 provinciis
1107 4503 1354 4562 agentem
1381 4504 1482 4547 tam
1513 4494 1807 4550 Institutio-

233 4601 346 4648 ncs,
370 4600 530 4656 quam
555 4584 884 4642 Collationes
909 4585 1119 4654 scriptis
1144 4586 1448 4650 mandasse,
1471 4602 1673 4655 easque
1699 4591 1814 4652 pln-

233 4679 374 4734 ribus
406 4678 676 4748 episcopis
715 4677 1009 4734 Gallicanis
1051 4680 1151 4734 sibi
1180 4679 1323 4734 nmis
1361 4695 1425 4734 ac
1473 4683 1819 4738 familiaribus

229 4772 528 4827 dedicasse.
563 4770 794 4844 Prosper
838 4785 965 4826 vero
1012 4772 1183 4842 ipsum
1233 4773 1483 4828 Massiliae
1525 4773 1818 4842 insignem,

229 4877 274 4915 el
312 4863 598 4919 facundum
633 4865 953 4932 scriptorem
982 4863 1221 4918 habitum
1263 4863 1430 4922 fuisse
1462 4877 1712 4922 testatur.

300 4965 473 5022 Quem
521 4972 646 5012 cum
677 4957 804 5012 alibi
856 4956 1054 5010 indicet
1085 4957 1437 5014 sacerdomlis
1470 4957 1638 5015 fuisse
1666 4961 1812 5016 ordi-

231 5049 312 5101 ni.-
331 5090 346 5112 ,
393 5047 520 5100 dum
551 5043 943 5102 Collationibus
972 5046 1343 5103 describendis
1373 5063 1594 5118 operam
1623 5049 1812 5118 daret,

229 5151 656 5200 consentaneum
703 5145 786 5192 cst
812 5137 920 5202 jam
967 5147 1120 5192 antea
1183 5137 1398 5210 pietatis
1445 5155 1508 5193 ac
1557 5140 1815 5197 doctrinre

231 5230 445 5295 intuitu,
465 5227 761 5284 sacerdotii
784 5226 995 5298 ordine,
1024 5213 1476 5297 quemadmodum
1511 5230 1819 5287 Gennadius

228 5332 279 5374 ct
309 5319 641 5378 Trithemius
686 5318 870 5372 itidem
907 5318 1220 5388 prodidere,
1252 5322 1371 5374 sive
1401 5336 1429 5374 a
1457 5319 1780 5376 Massiliensi
1805 5364 1817 5387 ,

229 5413 336 5467 sive
373 5414 440 5471 ab
469 5414 658 5484 aliquo
685 5411 794 5464 alio
826 5409 1118 5468 Galliarum
1162 5413 1415 5481 episcopo
1445 5413 1613 5468 fuisse
1643 5414 1817 5468 initia-

229 5517 366 5574 tum,
414 5519 470 5565 et
527 5515 940 5562 consecratum.
988 5503 1139 5562 Unde
1187 5515 1240 5559 et
1288 5506 1536 5562 Gelasius
1583 5507 1820 5575 pontifex

226 5584 535 5658 ευδςίιηυω
572 5596 964 5672 presbyterum
1007 5596 1299 5652 Galliarum
1348 5607 1642 5665 nuncupat.
1693 5595 1821 5648 lude

220 5706 343 5749 vero
384 5708 513 5749 cum
552 5687 783 5756 majore
815 5687 866 5739 itt
896 5687 1009 5742 dies
1041 5689 1252 5756 pietatis
1287 5705 1346 5741 ac
1394 5689 1670 5758 religionis
1699 5703 1792 5759 pm

1905 446 2273 500 vehementes
2299 448 2685 514 inardesceret,
2707 450 3010 519 multosque
3028 450 3306 520 utriusque
3322 463 3482 504 sexus

1900 534 2233 590 Christianos
2280 539 2343 591 iis
2384 539 2436 592 in
2485 537 2615 592 locis
2645 539 2710 592 ad
2751 540 3084 608 Evangelij
3134 541 3479 610 perfectionis

1902 629 2146 684 semitam
2182 630 2530 686 ins:stendam
2569 641 2677 688 tum
2712 631 2908 699 vet-bo,
2945 643 3056 686 tum
3104 633 3356 700 exemplo
3384 631 3474 686 ad-

1903 723 2150 776 duxisset
2183 741 2196 776 :
2237 724 2375 791 apud
2407 725 2693 778 Massiliam
2726 725 2832 778 duo
2865 726 3211 789 monasteria,
3245 728 3478 778 virorum

1905 832 2090 882 unum,
2126 815 2354 870 alterum
2385 819 2668 872 mulierum
2701 817 3039 883 condidisse,
3069 817 3248 887 ibique
3275 818 3476 886 regulae

1903 909 1976 960 ris
2005 923 2067 962 ac
2099 909 2410 964 monasticae
2450 909 2751 976 disciplina:
2807 910 3142 965 stabiliendae
3163 953 3178 978 ,
3210 920 3263 965 et
3290 911 3356 964 ad
3384 923 3478 979 po-

1903 1009 2078 1052 steros
2097 1002 2520 1055 transmittenda:
2557 1002 2837 1069 praeclara,
2860 1012 2914 1058 et
2939 1003 3112 1058 solida
3139 1003 3338 1070 jecisse
3365 1004 3480 1057 fun-

1903 1089 2150 1144 damenta
2174 1133 2188 1156 ,
2225 1091 2384 1145 iidem
2411 1093 2488 1146 illi
2521 1102 2774 1148 auctores
2818 1103 2961 1150 sunt.
2995 1093 3148 1149 Unde
3184 1103 3240 1149 et
3282 1109 3477 1152 nomen

1902 1181 2113 1234 abbatis
2165 1197 2229 1236 ac
2275 1183 2667 1239 (moobiarchae
2707 1185 2962 1254 deinceps
3005 1186 3081 1240 illi
3110 1187 3302 1241 merito
3341 1186 3477 1248 indi-

1906 1283 2019 1328 tum
2052 1273 2212 1327 fuerit
2266 1293 2278 1326 :
2316 1275 2415 1328 nisi
2461 1278 2580 1345 quis
2627 1278 2694 1331 ad
2744 1278 2976 1346 priscum
3021 1294 3228 1334 morem
3276 1282 3479 1334 referre

1905 1364 2076 1430 malit,
2110 1380 2216 1434 quo
2242 1365 2387 1420 soliti
2416 1368 2753 1422 anachoreta:
2777 1369 3042 1434 seniores,
3070 1380 3162 1424 aut
3182 1371 3480 1426 sanctiores

1902 1469 2031 1507 voce
2056 1453 2191 1522 Syra
2225 1455 2396 1518 nbbtz,
2430 1458 2513 1510 vel
2538 1457 2721 1512 Latina
2755 1469 2931 1530 patres
2959 1459 3264 1528 promiscue
3291 1459 3477 1530 appel-

1901 1546 1997 1600 lari
2031 1563 2046 1600 :
2073 1551 2344 1616 quomodo
2367 1560 2420 1602 ct
2441 1550 2736 1606 Cassianus
2766 1567 2919 1608 suum
2952 1552 3280 1608 Germanum
3319 1553 3481 1608 abba-

1904 1647 2010 1692 tem
2043 1642 2242 1706 passim
2284 1642 2544 1698 nominat.
2578 1641 2762 1712 Neque
2787 1658 2914 1700 vero
2937 1644 3371 1715 praetereundum
3397 1643 3481 1704 his

1902 1731 2063 1786 aftine
2094 1747 2145 1787 et
2185 1734 2553 1800 mujunclutn,
2585 1750 2686 1791 nec
2716 1735 2894 1791 minus
2925 1737 3276 1790 honorarium
3305 1737 3484 1791 damni

1903 1825 2254 1891 vocabulum,
2283 1827 2424 1895 quod
2472 1827 2714 1894 epistola:
2743 1825 2983 1883 Castoris
3027 1828 3247 1896 praefert
3292 1829 3479 1884 inscri-

1904 1918 2056 1984 ptio:
2090 1917 2170 1971 Ad
2208 1935 2419 1976 oonsuu
2457 1919 2756 1976 Cassianum
2800 1920 3033 1976 abbatem
3081 1919 3478 1976 Massiliensem.

1905 2009 2056 2066 Ilanc
2086 2012 2226 2064 enim
2283 2028 2467 2066 νοω-ιιι
2519 2013 2622 2068 etsi
2668 2013 2848 2070 minus
2905 2013 3185 2080 Latinam,
3233 2023 3408 2070 tamen
3455 2029 3482 2068 a

1904 2103 2085 2158 multis
2116 2105 2332 2158 sarculis
2364 2109 2414 2158 in
2449 2105 2687 2160 Ecclesia
2724 2107 2997 2172 usitatam,
3028 2107 3380 2176 eamdemque
3411 2109 3483 2159 \i-

1904 2193 1978 2248 ris
2008 2193 2346 2257 clarissimis,
2379 2213 2441 2249 ac
2471 2197 2696 2254 subinde
2717 2200 2878 2253 etiam
2911 2200 3135 2263 sanctis,
3172 2200 3330 2254 tnbui
3359 2201 3460 2254 soli

1907 2293 2042 2344 tam,
2096 2296 2293 2351 prmtcr
2344 2286 2503 2342 iStius
2547 2289 2790 2356 epistola:
2843 2291 3240 2346 teSIituouium:
3294 2299 3488 2362 praeter

1905 2375 2312 2442 antiquissimas
2357 2375 2539 2430 itidem
2588 2378 2843 2434 Ecclesia:
2875 2379 3143 2446 Litanias,
3173 2397 3292 2450 qua:
3335 2397 3483 2435 sum-

1906 2481 2052 2519 mum
2107 2467 2416 2535 pontificem
2475 2468 2720 2524 damnum
2768 2472 3127 2536 apostolicum
3185 2473 3484 2540 appellant,

1909 2557 2071 2610 multa
2114 2567 2408 2628 suppetunt
2454 2559 2558 2613 alia
2608 2571 2848 2614 veterum
2896 2561 3116 2617 Patrum
3156 2563 3483 2618 testimonia.

1911 2648 2147 2702 Primum
2180 2649 2368 2703 Evodii
2397 2651 2636 2719 episcopi
2666 2651 2943 2708 Uzalensis
2976 2654 3027 2711 in
3059 2653 3212 2709 libris
3240 2655 3309 2709 de
3331 2656 3489 2708 mira-

1908 2741 2045 2794 culis
2080 2742 2132 2794 S.
2165 2741 2426 2808 Stet-Inani
2457 2743 2596 2813 apud
2629 2744 2693 2800 D.
2730 2748 3084 2816 Augustinum
3109 2788 3124 2813 ,
3154 2747 3242 2802 ubi
3270 2745 3328 2802 S.
3363 2748 3486 2804 Prn-

1910 2841 2258 2904 tomartyrcnt
2303 2837 2501 2903 smpius
2546 2836 2790 2892 damnum
2842 2838 3178 2909 Stephanum
3234 2850 3393 2895 vocat
3441 2850 3496 2896 et

1910 2924 2154 2978 dontnunt
2195 2941 2374 2981 meum
2400 2925 2754 2993 Uzalensem,
2791 2931 3101 2998 primarium
3131 2934 3247 3002 ejus
3278 2933 3381 2987 loci
3413 2932 3492 2985 vi-

1857 3079 1879 3097 ‘
1913 3033 2033 3069 rum
2066 3018 2394 3085 intelligens.
2429 3019 2670 3075 Alterum
2707 3021 2765 3073 D.
2814 3020 3086 3079 Benedicti
3135 3041 3184 3077 c.
3224 3026 3295 3083 65
3320 3027 3493 3097 Regu-

1916 3107 2012 3175 lae,
2047 3107 2134 3160 ubi
2180 3107 2249 3161 de
2294 3108 2501 3164 abbatis
2541 3110 2905 3179 appellatione
2948 3115 3019 3167 ita
3070 3117 3295 3171 statuit:
3326 3119 3495 3174 Abbes

1913 3200 2070 3270 (quia
2106 3201 2235 3254 vices
2277 3201 2466 3255 Christi
2519 3220 2669 3274 agere
2719 3205 2975 3276 creditur)
3020 3223 3227 3263 DOINUS
3257 3219 3304 3263 et
3334 3227 3495 3268 ansas

1912 3306 2150 3359 vocetur,
2191 3313 2292 3349 non
2332 3313 2427 3349 sua
2476 3300 2854 3367 assumptione,
2885 3301 2975 3353 sed
3001 3300 3197 3356 honore
3240 3312 3286 3357 et
3325 3321 3498 3360 amore

1914 3385 2126 3441 Christi.
2174 3388 2415 3444 Tertium
2474 3389 2718 3462 Gregorii
2769 3391 3133 3458 Turonensis,
3181 3397 3271 3464 qui
3319 3398 3497 3456 lib..x

1915 3493 2037 3547 cap.
2073 3479 2166 3533 ult.
2196 3479 2263 3533 de
2294 3480 2350 3535 S.
2387 3481 2618 3535 Martino
2646 3482 2868 3546 loquens
2901 3501 2914 3538 :
2954 3484 3182 3540 Domnus
3214 3486 3497 3552 Martinus,

1918 3573 2109 3641 inquit.
2143 3575 2404 3640 Quartum
2457 3574 2686 3644 denique
2737 3575 2980 3646 Gregorii
3014 3579 3224 3648 Magni,
3269 3583 3357 3650 qui
3403 3582 3501 3635 al-

1917 3663 2129 3731 qnoties
2162 3664 2212 3716 in
2246 3666 2360 3717 suis
2387 3666 2632 3732 epistolis
2667 3665 2957 3720 honoratos
3008 3670 3152 3723 viros
3174 3711 3189 3735 ,
3233 3681 3289 3726 et
3338 3671 3497 3728 femi-

1920 3769 2047 3819 nas,
2077 3754 2293 3808 duntnos
2313 3797 2328 3821 ,
2361 3764 2417 3810 et
2460 3759 2658 3810 donnus
2685 3768 2856 3811 vocat.
2895 3757 3042 3813 Unde
3069 3771 3294 3828 apparet
3319 3773 3501 3819 vetere

1920 3862 2016 3900 usu
2050 3847 2304 3917 loquendi
2354 3863 2541 3903 vocem
2593 3847 2874 3902 Dominum
2917 3851 3076 3906 tribui
3122 3854 3338 3912 solitam
3386 3856 3500 3912 Deo

1921 3947 2148 4002 tantum,
2183 3948 2237 3990 ttt
2273 3941 2536 4008 propriam
2567 3959 2578 3992 :
2612 3941 2855 3996 domuum
2885 3959 3012 3997 vero
3033 3985 3046 4005 ,
3076 3957 3127 3997 ut
3157 3962 3496 4002 communem

1918 4030 2142 4092 sanctis,
2177 4031 2258 4084 vel
2291 4031 2608 4086 clarissimis
2641 4031 2790 4096 viris,
2825 4051 2873 4087 nt
2897 4051 2930 4088 ιι
2961 4035 3236 4104 episcOpis
3271 4048 3498 4103 tantum,

1917 4122 2011 4176 sed
2061 4121 2184 4176 aliis
2223 4122 2494 4177 inferioris
2538 4123 2781 4178 ordinis:
2813 4125 3095 4194 speciatim
3128 4137 3304 4184 tamen
3338 4129 3503 4186 abba-

1919 4213 2078 4268 tibus.
2118 4213 2194 4268 lta
2235 4215 2379 4269 enim
2433 4213 2753 4272 Cltristianze
2783 4217 3063 4274 modestiae
3084 4235 3147 4274 ac
3170 4220 3502 4290 simplicitati

1917 4322 2216 4377 congruere
2249 4307 2362 4376 jam
2405 4309 2535 4362 olim
2564 4308 2738 4364 visum
2781 4320 2896 4371 eat.
2947 4320 3002 4364 ut
3047 4311 3116 4366 ob
3147 4316 3504 4372 reverentiam

1921 4401 2113 4453 divinas
2165 4401 2499 4468 majestatis,
2551 4417 2670 4455 cum
2721 4401 2789 4454 de
2837 4401 2947 4456 Deo
2992 4403 3192 4471 passim
3244 4403 3501 4459 dicatur:

1923 4491 2051 4546 Hth
2083 4492 2207 4544 dicit
2239 4491 2491 4546 Dominus
2511 4533 2526 4560 ,
2562 4503 2616 4546 et
2646 4493 2840 4548 similia
2871 4510 2884 4547 :
2917 4494 3090 4548 solum
3119 4494 3284 4549 Deum
3324 4493 3507 4552 Domi-

1924 4601 2043 4636 num
2077 4600 2093 4648 ;
2133 4582 2382 4638 homines
2432 4598 2559 4638 vero
2605 4583 2897 4638 honoratos
2950 4586 3204 4642 libentius
3248 4589 3498 4656 damnor,

1925 4692 2053 4729 vom:
2081 4676 2356 4729 deminuta
2382 4678 2633 4747 (domnus
2655 4679 2798 4730 enim
2827 4693 2942 4744 pro,
2967 4680 3226 4744 dominus,
3259 4695 3353 4749 per
3378 4695 3510 4752 syn-

1925 4785 2112 4840 copem
2159 4771 2432 4837 dicitur),
2488 4785 2648 4839 quam
2698 4770 2935 4824 dominos
2984 4783 3235 4826 vocarent
3290 4791 3302 4825 :
3349 4785 3507 4842 prout

1928 4873 2152 4917 testatur
2173 4861 2473 4917 versiculus
2501 4861 2591 4916 ille
2610 4861 2905 4931 majoribus
2927 4863 3128 4918 nostris
3151 4865 3460 4919 notissimus
3493 4883 3505 4919 :

2019 5004 2291 5054 Celestem
2317 5003 2595 5064 Dominum,
2619 5003 2874 5054 mortalem
2899 5004 3048 5054 dicito
3065 5005 3305 5055 Domuum
3333 5019 3344 5055 :

1926 5133 2181 5203 Superest
2220 5143 2524 5202 postremus
2573 5132 2876 5187 sanctitatis
2926 5133 3148 5200 titulus,
3195 5147 3302 5202 quo
3341 5132 3501 5186 etiam

1930 5234 2112 5278 noster
2139 5220 2425 5277 Cassianus
2474 5237 2579 5275 non
2609 5223 2797 5286 unius,
2850 5224 2945 5276 sed
2988 5226 3279 5278 multorum
3319 5222 3510 5293 elogiis

1928 5324 2239 5368 exornatur.
2272 5312 2402 5366 Nam
2429 5322 2484 5366 et
2519 5314 2705 5366 Petrus
2730 5313 3007 5383 Equilinus
3039 5330 3162 5368 eum
3190 5313 3242 5366 in
3263 5314 3511 5383 catalogo

1927 5414 2241 5459 sanctorum
2285 5405 2601 5456 nominatim
2634 5419 2915 5469 recenset,
2948 5417 2999 5457 et
3024 5414 3267 5459 sanctum
3299 5404 3512 5460 Cassia-

1929 5514 2054 5551 nttm
2091 5496 2459 5566 presbyterum
2492 5505 2546 5548 et
2582 5493 2949 5548 confessorem
2984 5494 3249 5564 indigitat.
3301 5495 3484 5548 Genua

1927 5589 2047 5642 dius
2074 5587 2320 5642 eumdem
2349 5586 2648 5640 sanctitatis
2689 5586 2845 5638 titulo
2874 5595 3031 5639 ornat
3077 5586 3127 5640 in
3177 5588 3259 5642 his
3283 5584 3463 5640 verbis
3501 5626 3509 5633 .

1930 5685 2035 5738 Sed
2065 5693 2109 5735 ti
2142 5681 2203 5736 S.
2247 5679 2483 5734 Cassiani
2509 5680 2760 5748 opuscula
2798 5678 3038 5749 quierim
3076 5679 3185 5736 lato
3220 5688 3358 5731 ’ensa
3406 5693 3485 5729 ser
