4026 6334
560 255 630 315 59
1418 265 1508 320 AD
1547 265 1769 319 (ll‘EiiA
1813 265 2088 321 JOANNIS
2127 266 2432 323 CASSIANI
2469 265 2996 322 i'ROLECUMENA.
3749 285 3812 338 ιο

563 392 733 446 mone,
763 376 903 430 idem
934 366 1219 436 Eucherius
1243 391 1461 453 augusto
1492 384 1628 437 uerbi
1658 385 1915 438 resolvens
1943 387 2144 446 tramite
2172 393 2212 447 Α
2246 396 2718 445 commendaturos
2754 385 2948 450 fuisse;
2997 387 3098 442 nisi
3124 402 3215 441 cas
3265 389 3542 453 expunrtis
3569 431 3582 453 ,
3635 392 3814 455 saltem

565 468 618 521 in
647 483 809 522 unum
832 471 995 541 coegit
1022 473 1275 526 volumen.
1308 471 1635 528 Trithemius
1661 479 1820 530 etiam
1850 477 1988 545 apud
2018 477 2148 532 Mas-

564 559 738 613 siliam
769 560 1084 616 defunctum
1117 579 1223 618 non
1247 565 1364 618 sine
1391 566 1646 635 opinione
1675 567 1977 622 sanctitatis
2005 567 2149 622 afﬁr-

565 660 696 704 mat.
728 651 864 718 Quid
895 670 1021 706 vero
1051 655 1340 726 Dionysius
1369 655 1645 717 Richelius
1665 655 2050 714 Carthusiantts
2080 661 2146 713 de

561 738 820 794 Cassiano
847 743 1069 812 ejusque
1114 729 1403 800 sanctitate
1442 749 1700 820 senserit,
1734 750 1785 802 in
1817 749 2145 818 praefationi-

567 828 665 883 bus
707 844 820 884 sua:
868 833 1212 900 paraphrasis
1266 837 1440 903 palam
1496 839 1764 905 ostendit,
1819 840 1946 895 dum
1999 841 2144 894 illum

563 920 791 974 subinde
824 922 1210 990 venerabilem,
1247 925 1690 995 devotissimum,
1723 939 1772 983 et
1802 937 2000 984 aeterna
2035 945 2148 986 me-

564 1011 732 1065 moria
766 1012 980 1080 dignum
1027 1013 1244 1069 Patrem
1285 1035 1297 1068 :
1327 1017 1558 1074 subinde
1599 1020 2055 1083 illustrissimum,
2086 1035 2146 1073 ac

565 1105 888 1172 praecipuum:
915 1107 1158 1163 omnium
1188 1109 1566 1182 religiosorum
1592 1112 1866 1168 doctorem
1889 1114 2147 1185 appellat?

563 1196 667 1251 Sed
700 1198 823 1264 quid
867 1198 961 1251 illo
1009 1199 1252 1256 Castoris
1285 1204 1540 1275 Aptensis
1591 1204 1828 1273 episcopi
1858 1206 1968 1276 (qui
2013 1205 2150 1260 scri-

563 1285 854 1340 bendarum
883 1289 1288 1345 lnstitutionnm
1316 1291 1576 1348 Cassiano
1595 1307 1783 1350 auct0r
1799 1294 1942 1366 fuit),
1973 1297 2147 1366 elogio

559 1377 894 1446 splendidius
940 1393 994 1436 et
1038 1382 1304 1440 illustrius
1324 1429 1338 1452 ,
1374 1387 1502 1440 dum
1529 1385 1844 1444 Cassianum
1871 1390 2144 1457 damnum,

557 1473 846 1526 sanctitatis
884 1476 1099 1540 speciali
1127 1478 1295 1546 gloria
1341 1480 1658 1546 decoratum,
1687 1491 1834 1551 atque
1864 1498 1955 1551 per
1977 1483 2149 1536 omnia

560 1567 943 1620 memorandum
966 1569 1196 1622 salutat?
1217 1569 1349 1635 Quis
1373 1571 1536 1641 igitur
1564 1583 1641 1626 tot
1674 1583 1890 1647 tamque
1929 1576 2149 1642 praecla-

557 1656 634 1710 ris
664 1658 892 1712 testibus
923 1659 1083 1714 ﬁdem
1111 1659 1376 1731 derogare
1407 1662 1632 1730 audeat,
1661 1673 1754 1717 aut
1779 1663 1920 1718 hunc
1949 1665 2146 1719 sancti-

2252 477 2534 547 prazcipuis
2565 479 2841 532 erroribus
2884 489 3196 548 repurgatas
3237 493 3298 532 ac
3325 479 3566 536 delersas
3613 482 3816 550 habuis-

2248 575 2385 622 sent.
2420 569 2486 623 Et
2516 568 2717 638 primus
2748 570 2961 639 quidem
2993 570 3229 626 omnium
3258 568 3306 622 id
3334 571 3646 638 pra‘stitisse
3678 574 3813 636 vidu-

2249 673 2334 714 tur
2361 660 2418 716 S.
2448 661 2745 716 Eucherius
2777 661 3150 731 Lugdunensis
3177 669 3304 714 tunc
3333 660 3585 716 Ecclesia:
3610 664 3818 738 presby-

2249 768 2350 814 ter,
2381 753 2506 808 dum
2521 752 2760 806 Cassiani
2790 768 2954 821 opera
2980 753 3362 822 compendiose
3388 754 3676 824 colligens,
3708 772 3818 824 quia

2249 844 2397 905 ιιιιΙιει
2424 845 2768 907 viderentur,
2815 845 2866 898 in
2901 845 3184 912 Epitomen
3220 843 3465 914 redegit,
3501 856 3556 897 ut
3584 848 3819 912 superius

2248 952 2309 989 ex
2335 935 2615 990 Gennadto
2643 949 2721 989 est
2753 946 3090 990 annotatum.
3121 935 3271 1004 Quod
3304 945 3482 993 autem
3518 937 3607 996 ille
3637 939 3822 997 inGal-

2250 1024 2355 1088 liis,
2389 1026 2618 1093 idipsum
2657 1027 2841 1080 Victor
2890 1027 2942 1080 in
2974 1027 3152 1082 Africa
3198 1025 3425 1081 adorsus
3463 1035 3580 1093 est,
3613 1026 3820 1087 Cassio.

2249 1117 2380 1169 duro
2409 1118 2480 1169 ita
2508 1126 2745 1171 t05lztntc
2779 1137 2790 1170 :
2819 1116 3057 1170 Cassiani
3087 1119 3224 1170 dicta
3259 1117 3436 1171 Victor
3460 1116 3823 1187 Martyritanus

2248 1209 2517 1276 cpiscopus
2560 1210 2706 1278 Afer,
2753 1209 2820 1260 ita
2850 1208 3071 1262 Domino
3089 1210 3306 1280 juvante
3336 1209 3601 1279 purgauit;
3648 1219 3693 1261 et
3720 1225 3826 1279 quae

2252 1300 2418 1353 minus
2444 1310 2608 1364 erant,
2634 1300 2871 1365 addidit;
2901 1310 2954 1353 ut
2983 1301 3032 1354 ei
3059 1317 3228 1353 rerum
3258 1301 3476 1353 istarum
3515 1299 3688 1368 palma
3730 1318 3827 1355 me-

2250 1391 2350 1443 rito
2390 1393 2728 1457 conferatur:
2756 1408 2904 1461 quem
2938 1392 3073 1447 inter
3114 1391 3245 1444 alios
3277 1391 3340 1444 de
3384 1393 3574 1460 Africis
3603 1392 3828 1462 partibus

2249 1480 2394 1535 nobis
2428 1483 2535 1534 cito
2589 1482 2842 1535 credimus
2871 1499 2980 1535 esse
3017 1482 3364 1554 dirigentium.
3401 1483 3524 1536 lia-c
3552 1483 3829 1537 Cassiodo-

2253 1585 2366 1627 rus.
2405 1573 2482 1626 Ac
2508 1573 2772 1627 Batonius
2803 1583 2991 1628 censet
3021 1573 3194 1642 ipsum
3238 1588 3334 1641 spe
3377 1574 3695 1628 frustratum
3727 1591 3828 1627 non

2250 1666 2520 1731 accepisse
2551 1663 2694 1732 quod
2717 1679 2783 1718 ex
2812 1664 2988 1717 Africa
3005 1665 3354 1731 exspectabat
3387 1683 3399 1715 :
3429 1664 3694 1731 siquidem
3720 1665 3831 1720 Atio

562 1749 685 1803 tatis
731 1749 942 1807 titulum
982 1749 1243 1806 Cassiano
1289 1760 1475 1808 nostro
1524 1754 1839 1808 attributum
1880 1753 2142 1822 invideat,
2175 1753 2222 1812 B
2255 1755 2574 1809 Viennensis
2599 1758 2883 1824 episcopus
2930 1756 2998 1810 ab
3029 1757 3145 1825 ipso
3190 1755 3515 1810 Cassiodoro
3569 1756 3622 1810 id
3657 1758 3832 1825 operis

557 1849 650 1892 aut
675 1841 1012 1897 subsannet!
1040 1843 1203 1898 Miror
1233 1857 1364 1899 sane
1401 1845 1500 1899 Do.
1529 1844 1822 1915 Cuychium
1842 1885 1856 1908 ,
1897 1843 2026 1905 dum
2057 1845 2141 1900 lit-

561 1944 732 1986 teram
769 1934 828 1986 D.
865 1946 1060 2002 puncto
1095 1935 1403 2005 subjuncto,
1450 1935 1646 1992 Joanni
1691 1936 1967 2001 Cassiano,
1997 1937 2142 1991 velut

563 2023 804 2092 honoris,
839 2033 930 2080 aut
957 2028 1303 2093 praenominis
1327 2037 1507 2082 notam
1541 2029 1763 2085 inomni
1796 2029 2142 2096 inscriptione

562 2117 912 2184 prmmiserit,
949 2116 1140 2172 Divum
1178 2134 1266 2184 ne,
1299 2135 1366 2173 an
1410 2118 1693 2188 Domuum,
1723 2129 1817 2173 aut
1865 2119 2144 2178 Dominum

560 2210 866 2279 signiﬁcare
889 2212 1081 2277 vellet,
1125 2213 1348 2268 minime
1378 2213 1734 2280 expressisse,
1769 2212 1870 2267 nisi
1902 2214 2023 2283 quia
2048 2214 2144 2267 tri-

563 2312 674 2356 tum
714 2310 770 2358 et
811 2305 1031 2374 vulgare
1077 2318 1198 2359 esse
1245 2315 1454 2371 nosset,
1505 2303 1690 2358 Divum
1734 2319 1797 2359 ea
1848 2313 1972 2361 nota
2004 2305 2142 2360 inter

560 2393 896 2451 Christianos
933 2397 1230 2466 scriptores
1275 2397 1478 2465 absque
1517 2397 1861 2467 ambiguitate
1904 2398 2138 2467 signari:

558 2505 717 2558 quam
745 2501 945 2558 tamen,
971 2491 1114 2559 quod
1135 2491 1184 2544 in
1217 2490 2014 2559 vetustioribusjexemplaribus
2035 2506 2140 2545 non

559 2584 889 2650 repererim.
954 2583 1206 2637 omittere
1250 2582 1416 2636 satius
1457 2581 1617 2647 duxi,
1669 2581 1814 2636 nulla
1866 2581 2139 2650 Auctoris,

557 2684 649 2727 aut
675 2674 913 2749 cujusvis
940 2673 1315 2744 derogatione.
1339 2673 1521 2744 Neque
1548 2688 1678 2728 vero
1701 2672 1816 2728 lucc
1839 2687 1903 2727 eo
1925 2673 2102 2727 scribo
2123 2714 2138 2738 ,

558 2765 707 2838 quasi
757 2774 998 2820 nostrum
1030 2765 1348 2820 Cassianum
1382 2765 1435 2818 in
1479 2765 1723 2818 divorum
1774 2779 1837 2820 ac
1863 2764 2140 2819 beatorum

555 2854 738 2910 album
773 2855 1006 2917 referre,
1043 2865 1132 2910 aut
1161 2855 1229 2911 de
1271 2857 1386 2924 ejus
1415 2856 1699 2909 sanctitate
1731 2864 1878 2910 certo
1907 2870 2144 2925 pronun-

558 2946 689 3000 tiare
736 2947 958 3005 audeam
996 2963 1010 3000 ι
1045 2946 1137 3001 sed
1187 2947 1311 3017 quid
1361 2946 1463 3000 viri
1519 2961 1732 3015 graves,
1785 2954 1840 3000 ct
1885 2946 2024 3000 docti
2075 2945 2142 3001 de

554 3037 744 3091 eodem
776 3037 1079 3103 senserint,
1126 3037 1179 3092 in
1203 3036 1442 3092 medium
1469 3036 1685 3104 aﬁ‘erre,
1716 3051 1779 3090 ac
1806 3036 1992 3090 lectori
2020 3051 2141 3106 pro-

2244 1846 2574 1901 elaboratum
2605 1845 2876 1910 afﬁrmat,
2907 1846 3033 1900 dum
3062 1847 3131 1900 de
3158 1845 3416 1900 Cassiano
3459 1847 3685 1916 loquens
3711 1847 3787 1900 ait
3815 1864 3827 1898 :

2245 1935 2462 1991 Errores
2507 1938 2648 1990 illius
2679 1936 3021 1992 Cassiodorus
3056 1937 3411 1991 Ravennatum
3454 1936 3680 1991 Senator
3707 1953 3831 2006 pur-

2244 2044 2367 2098 gare
2394 2029 2566 2082 volens
2589 2043 2688 2082 non
2713 2028 2783 2081 ad
2807 2029 3016 2095 plenum
3043 2029 3184 2080 omni
3229 2043 3292 2080 ea:
3335 2036 3480 2097 parte
3507 2028 3696 2097 potuit.
3730 2026 3830 2081 Po-

2244 2131 2450 2175 stremo
2479 2120 2709 2190 denique
2739 2120 2972 2190 idipsum
3018 2121 3359 2189 aliquatenus
3389 2123 3712 2188 praestitisse
3753 2123 3833 2173 vi-

2243 2212 2407 2266 detur
2430 2195 2716 2282 Dionysius
2732 2209 3122 2266 Carthusianus
3150 2212 3203 2264 in
3227 2227 3318 2265 sua
3346 2211 3683 2282 paraphrasi,
3711 2211 3832 2264 dum

2243 2304 2564 2382 quibusdam
2608 2304 2661 2358 in
2708 2305 2876 2367 locis,
2928 2305 3140 2362 OlllisSiS
3183 2305 3528 2374 opinionibus
3567 2306 3833 2366 errOneis,

2244 2408 2456 2460 veram,
2485 2395 2826 2464 catholicam,
2853 2405 2903 2450 et
2935 2394 3286 2449 orthodoxam
3315 2395 3616 2456 doctrinam
3641 2397 3834 2452 substi-

2251 2486 2350 2538 tuit
2398 2497 2450 2539 et
2492 2487 2817 2556 subrogavit.
2863 2486 3058 2553 Vides,
3093 2488 3282 2554 lector,
3315 2499 3572 2557 quantum
3627 2507 3658 2543 a
3708 2490 3838 2544 viris

2245 2576 2418 2630 doctis
2448 2579 2497 2630 in
2531 2579 2631 2632 hoc
2662 2595 2822 2645 opere
2848 2580 3060 2648 penitus
3081 2581 3459 2649 expurgando,
3503 2591 3560 2634 et
3592 2581 3656 2634 ad
3694 2581 3834 2634 utili-

2245 2677 2408 2723 tatem
2445 2671 2730 2739 legentium
2778 2674 2922 2725 omni
2967 2687 3033 2726 ex
3078 2683 3230 2740 parte
3280 2674 3511 2741 aptando
3562 2686 3615 2728 et
3670 2689 3837 2743 expo-

2243 2762 2427 2817 iiendo
2457 2765 2614 2818 luerit
2637 2765 2981 2818 desudatam.

2315 2854 2605 2922 Caeterum,
2640 2871 2707 2909 ne
2739 2856 2854 2910 iure
2879 2872 3001 2926 qua:
3037 2855 3294 2911 Cassiano
3342 2857 3569 2927 ejusque
3617 2860 3836 2929 scriptis

2245 2947 2487 3001 nonnihil
2520 2947 2778 3015 derogare
2809 2947 3074 3011 videntur,
3109 2949 3383 3001 rndiorum
3411 2950 3619 3002 animos
3661 2950 3837 3004 offen-

2244 3037 2394 3104 dant,
2425 3049 2476 3092 et
2522 3039 2590 3092 ab
2620 3038 2737 3108 ejus
2760 3039 3035 3093 lectitandi
3078 3049 3127 3094 et
3167 3040 3414 3094 versandi
3459 3041 3641 3095 studio
3683 3057 3837 3104 aver-

555 3147 756 3200 ponere
800 3132 970 3186 visum
1012 3140 1127 3200 est,
1162 3145 1261 3185 suo
1291 3146 1519 3200 qumque
1551 3130 1743 3192 merito
1773 3145 1835 3184 ac
1864 3141 2142 3184 momento
2169 3125 2215 3186 C
2247 3138 2360 3184 tant
2407 3139 2498 3182 aut
2535 3131 2813 3199 segniores
2844 3129 3106 3194 reddant,
3160 3131 3226 3184 de
3273 3130 3357 3185 his
3393 3131 3656 3192 lectorem
3691 3136 3839 3188 scr‘o

551 3224 920 3294 ponderanda.
954 3223 1112 3278 Enim
1143 3238 1272 3278 vero
1292 3265 1308 3288 ,
1340 3221 1486 3294 quod
1514 3221 1804 3277 dolendum
1835 3232 1950 3287 est,
2001 3220 2137 3276 hanc

549 3318 851 3372 sanctitatis
893 3315 1106 3371 laudem
1158 3316 1382 3370 multum
1432 3314 1572 3390 apud
1621 3313 1916 3368 catholicos
1963 3313 2140 3366 immi-

549 3413 697 3476 nuit,
748 3420 804 3465 et
859 3410 1169 3465 obscuravit
1215 3423 1460 3462 errorum
1503 3405 1891 3475 quorumdam,
1941 3405 2138 3476 quibus

547 3501 838 3557 Cassianus
867 3515 963 3556 seu
989 3515 1152 3566 vere,
1179 3514 1276 3555 seu
1321 3513 1385 3553 ex
1428 3497 1682 3568 opinione
1726 3496 2010 3552 multorum
2045 3510 2135 3549 as-

552 3610 745 3664 persus
777 3597 926 3649 visus
954 3604 1068 3657 est,
1101 3592 1245 3647 haud
1276 3591 1416 3652 levis
1458 3603 1582 3645 nota
1632 3589 1804 3645 eidem
1853 3589 2088 3658 irrogata
2119 3607 2132 3640 :

546 3702 867 3758 quamquam
902 3688 1140 3757 profecto
1183 3685 1306 3748 adm
1333 3684 1473 3738 idum
1515 3681 1739 3739 difﬁcile
1781 3683 1854 3737 sit
1908 3697 1974 3735 ex
2020 3681 2136 3750 ejus

545 3781 764 3851 scriptis
789 3789 942 3836 certo
967 3777 1195 3833 deﬁnire
1221 3793 1345 3831 num
1379 3791 1564 3830 revera
1590 3776 1664 3829 ita
1695 3774 1923 3830 senserit
1947 3773 2059 3848 ipse
2082 3782 2136 3828 et

545 3887 610 3926 ex
642 3886 736 3925 sua
765 3871 1030 3925 sententia
1062 3871 1133 3924 ita
1166 3869 1478 3937 scripserit,
1509 3879 1566 3921 ut
1609 3868 1657 3921 ei
1708 3867 1867 3935 vulgo
1910 3865 2134 3933 imponi-

547 3972 656 4022 tur,
688 3977 754 4014 an
783 3962 1012 4014 aliorum
1036 3960 1322 4028 Opiniones
1344 3959 1624 4012 dumtaxat
1653 3957 1924 4018 retulerit,
1949 3956 2134 4010 etsuis

546 4054 764 4121 scriptis
791 4051 1145 4122 expresserit.
1185 4051 1301 4118 Qua
1324 4050 1516 4120 opinor
1545 4048 1894 4117 ambiguitate
1923 4061 2134 4119 permo-

549 4155 636 4198 tus
657 4144 904 4200 Gelasius
931 4141 1173 4212 pontifex
1223 4143 1276 4196 in
1315 4141 1547 4195 concilio
1579 4139 1762 4192 Romae
1801 4138 1981 4192 habito
2003 4136 2126 4192 Cas-

547 4236 682 4290 siani
715 4251 876 4305 opera
929 4235 1072 4298 inter
1122 4231 1431 4304 apocrypha
1481 4233 1779 4292 recensuit,
1815 4228 1908 4282 sed
1941 4245 2000 4281 ca
2034 4243 2131 4297 po-

546 4328 810 4383 tissimum
844 4327 1080 4394 ratione,
1126 4323 1268 4401 quod
1299 4311 1627 4377 'Collatinne
1679 4319 1884 4374 decima
1933 4320 2125 4383 tertia,

547 4419 775 4496 aliisque
813 4420 945 4472 locis
975 4419 1042 4472 de
1068 4418 1234 4486 gratia
1265 4415 1359 4470 Dei
1397 4425 1446 4469 et
1492 4414 1662 4468 libero
1705 4411 1934 4468 hominis
1986 4412 2126 4464 arbi-

2242 3221 2566 3274 monendum
2590 3220 2751 3274 duxi:
2785 3219 3021 3275 Primum
3037 3221 3176 3289 quod
3210 3221 3275 3274 ad
3299 3221 3500 3276 Gelasii
3521 3237 3834 3288 censuram,

2239 3327 2333 3366 seu
2353 3314 2628 3367 decretum
2650 3313 2875 3376 attinet,
2901 3312 3053 3382 cujus
3076 3312 3318 3374 initium,
3346 3312 3544 3366 Sancta
3576 3311 3836 3379 Romana,

2236 3401 2355 3457 Non
2405 3403 2476 3458 ita
2502 3403 2645 3456 .illttd
2685 3401 3090 3471 accipiendum,
3129 3401 3279 3470 quasi
3300 3399 3579 3467 Cassiani,
3615 3412 3673 3456 et
3701 3402 3839 3464 alio-

2239 3510 2356 3550 rum
2388 3493 2762 3561 omnium,qui
2796 3493 2866 3546 ibi
2912 3493 3283 3558 nominantur,
3325 3492 3543 3560 scripta,
3588 3491 3733 3557 sive,
3783 3503 3841 3548 ut

2239 3599 2430 3651 vocat,
2463 3586 2719 3656 opuscula
2751 3585 2962 3654 penitus
2999 3584 3304 3650 damnarit,
3351 3593 3442 3638 aut
3470 3584 3700 3640 omnino
3732 3586 3840 3664 legi

2239 3677 2478 3734 vetuerit
2523 3676 2792 3747 pontifex;
2838 3677 2933 3731 sed
2962 3677 3101 3745 quod
3134 3675 3262 3729 nolit
3292 3690 3352 3729 ea
3400 3675 3616 3743 publice
3646 3678 3754 3746 legi
3787 3679 3839 3741 in

2241 3769 2504 3835 Ecolesia,
2534 3778 2590 3822 et
2627 3769 2942 3822 canonicam
2974 3768 3174 3822 habere
3203 3768 3578 3823 auctoritatem
3599 3811 3614 3837 ,
3649 3769 3724 3824 ob
3752 3786 3839 3833 er-

2238 3876 2392 3915 rores
2420 3860 2679 3930 quosdam
2711 3859 3010 3922 admixtos,
3042 3858 3126 3911 vel
3169 3867 3418 3914 auctores
3448 3873 3639 3923 eorum
3693 3879 3840 3918 non-

2238 3951 2368 4005 nihil
2410 3962 2715 4019 suspectos.
2746 3947 2900 4023 Quod
2936 3957 3046 4002 tum
3077 3965 3138 4004 ex
3171 3963 3307 4004 voce
3333 3947 3660 4025 ἀπόκρυφον,
3713 3970 3841 4024 quae

2237 4060 2342 4098 non
2366 4043 2511 4098 aliud
2535 4058 2694 4113 quam
2721 4042 3015 4108 occultum,
3055 4041 3413 4111 reconditum,
3441 4051 3533 4096 aut
3551 4055 3839 4107 secretum

2234 4135 2362 4204 quid
2389 4134 2690 4203 signiﬁcat,
2717 4133 3058 4188 manifestum
3092 4142 3212 4189 est:
3247 4141 3357 4188 tum
3401 4148 3468 4189 ex
3498 4134 3700 4191 eodem
3735 4139 3837 4194 de-

2233 4237 2384 4284 creto
2429 4227 2832 4295 comprobatur,
2883 4227 2933 4287 in
2975 4241 3081 4295 quo
3130 4235 3238 4281 tres
3280 4226 3543 4287 librorum
3590 4228 3837 4298 classes,

2233 4335 2328 4374 seu
2359 4319 2579 4374 ordines
2611 4317 2898 4384 manifeste
2930 4318 3214 4387 distinguit
3245 4317 3504 4386 pontifex.
3535 4318 3600 4373 Et
3633 4319 3691 4375 in
3724 4325 3838 4391 pri-

2235 4427 2322 4466 ma
2351 4411 2568 4483 quidem
2609 4412 2786 4466 classe
2815 4421 3060 4466 recenset
3093 4411 3260 4465 libros
3308 4411 3601 4471 canonicos
3641 4423 3700 4469 et
3739 4429 3838 4470 au-

546 4512 651 4564 trio
683 4523 830 4566 more
874 4509 1282 4578 Pelagianorum
1311 4507 1521 4561 locutus
1547 4520 1575 4558 a
1608 4504 1878 4573 Prospero
1909 4502 2125 4572 Aquita‘
2167 4499 2213 4558 Ι)
2242 4504 2529 4572 thenticos,
2561 4503 2811 4558 videlicet
2849 4519 3017 4556 sacra:
3048 4502 3343 4573 Scriptura:
3372 4513 3425 4558 et
3446 4502 3546 4558 SS.
3571 4503 3835 4569 Patrum,

545 4602 688 4667 nico,
714 4601 968 4668 peculiari
987 4598 1516 4672 opuscuioadversns
1537 4613 1657 4653 eum
1686 4595 1830 4650 edito
1851 4595 2131 4650 convictus

547 4703 710 4749 esset.
749 4693 861 4759 Qua
887 4692 1104 4762 quidem
1130 4691 1190 4754 ι).
1241 4689 1489 4758 l'rosperi
1521 4688 1888 4744 admonitione
1933 4700 1999 4741 ac
2048 4701 2132 4740 rc-

547 4783 905 4852 preltensione
942 4782 1140 4836 factum
1171 4791 1275 4844 est,
1323 4790 1380 4833 ut
1409 4779 1650 4835 Cassiani
1680 4777 1881 4846 scripta
1919 4777 2130 4832 cautius

547 4876 871 4943 legerentur,
905 4873 1114 4927 immoa
1142 4871 1462 4942 quibusdam
1481 4870 1880 4940 corrigerentur
1910 4885 1924 4922 :
1957 4869 2126 4937 petis-

545 4969 739 5021 simum
773 4982 898 5020 vero
925 4965 1258 5024 Collationes
1307 4965 1435 5032 ipsa:
1466 4962 1593 5036 (qua
1621 4963 1690 5017 de
1719 4978 1777 5018 re
1807 4961 1967 5018 etiam
1995 4958 2127 5017 Cas-

546 5062 794 5116 siodorus
820 5074 947 5114 suos
969 5061 1264 5114 tnonachos
1287 5058 1615 5128 admonuit),
1641 5071 1758 5127 quae
1787 5069 1909 5110 cum
1931 5053 2128 5121 alioqui

508 5138 519 5150 ’
547 5155 861 5220 ιιιίιὶεςίιητῑι,
882 5167 947 5206 ac
973 5151 1346 5205 saluberrima!
1371 5149 1638 5218 religiosis
1656 5147 1906 5202 omnibus
1934 5148 1984 5199 in
2006 5160 2128 5215 pcr-

548 5243 792 5301 fectiouis
857 5242 1032 5297 stadio
1086 5241 1478 5298 desudantibus
1524 5245 2006 5310 cognoscerentur,
2063 5251 2128 5289 ne

551 5355 646 5406 pro
693 5340 898 5393 medela
929 5351 1197 5392 venenum
1253 5349 1320 5389 ex
1371 5335 1502 5404 ipsis
1529 5332 1728 5387 hauriri
1756 5331 2126 5402 contingeret;

545 5447 573 5483 a
635 5430 909 5493 nonnullis
953 5427 1250 5490 emendata:
1309 5427 1473 5479 fuisse
1532 5425 1894 5493 reperiuntur.
1946 5421 2130 5491 Neque

547 5521 690 5575 enim
721 5521 976 5580 credibile
999 5532 1080 5576 est
1112 5518 1208 5572 SS.
1245 5519 1430 5572 l‘atres
1471 5515 1820 5571 Benedictum
1842 5554 1857 5579 ,
1883 5513 2128 5568 ῡυιιιίιιὶ-

546 5630 698 5679 cum,
730 5614 1013 5678 Thomam,
1043 5614 1309 5686 aliosque,
1336 5609 1664 5665 Collationes
1709 5607 1950 5668 Cassiani
1983 5616 2131 5661 lanio

550 5707 821 5762 habiturus
854 5709 903 5758 in
931 5710 1124 5775 pretio,
1149 5725 1207 5761 ac
1237 5717 1542 5773 tantopere,
1565 5713 1615 5756 et
1649 5705 1850 5770 absque
1880 5703 2133 5770 scrupulo

2237 4613 2373 4665 quos
2401 4596 2640 4652 Ecclesia
2668 4596 2929 4651 catholica
2983 4595 3173 4664 recipit
3201 4605 3256 4650 et
3293 4596 3587 4664 approbat,
3636 4605 3696 4653 et
3729 4614 3835 4668 pu-

2238 4690 2377 4744 blice
2426 4689 2479 4742 in
2525 4687 2719 4743 ofﬁciis
2751 4687 3148 4742 Ecclesiasticis
3194 4696 3439 4756 usurpat.
3489 4686 3546 4740 in
3585 4689 3838 4744 secunda

2236 4781 2596 4852 apocryphos,
2651 4795 2788 4849 quos
2820 4787 2963 4834 vetat
2987 4779 3205 4850 quidem
3245 4779 3462 4849 publice
3491 4779 3594 4848 legi
3628 4789 3686 4835 et
3710 4797 3840 4852 pro-

2239 4875 2471 4928 nuntiari
2526 4874 2578 4928 in
2630 4873 2867 4929 Ecclesia
2906 4873 3199 4942 :privatim
3254 4882 3469 4936 tamen,
3521 4885 3619 4927 seu
3677 4884 3839 4929 extra

2241 4967 2529 5020 Ecclesiam
2581 4965 2682 5035 legi
2735 4965 3041 5019 nullatenus
3097 4964 3349 5018 inhibet:
3393 4964 3448 5018 in
3487 4978 3595 5032 quo
3639 4966 3842 5021 ordine

2233 5075 2352 5113 cum
2374 5058 2497 5112 aliis
2531 5056 2714 5112 multis
2743 5056 3092 5110 nominantur
3116 5053 3358 5109 Cassiani
3381 5054 3670 5123 opuscula.
3702 5056 3842 5110 Ter-

2233 5151 2308 5204 tio
2335 5149 2552 5215 demum
2601 5147 2722 5211 loco
2749 5147 2938 5202 statuit
2959 5146 3127 5201 libros
3158 5145 3538 5199 haereticorum
3569 5155 3629 5198 et
3659 5148 3842 5200 schis-

2236 5240 2554 5302 maticorum
2607 5237 2819 5308 penitus
2849 5238 2918 5292 ab
2959 5237 3200 5298 Ecclesia
3233 5236 3516 5290 damnatos
3559 5243 3619 5290 et
3673 5252 3842 5309 repu-

2233 5331 2430 5388 diatos.
2456 5331 2588 5397 Quis
2617 5344 2747 5386 vero
2775 5329 3078 5386 catholicus
3107 5337 3352 5392 veterum
3398 5327 3616 5393 illorum
3645 5340 3842 5386 aucto-

2236 5441 2380 5490 rum,
2434 5423 2732 5480 Clementis
2758 5421 3114 5478 Alexandrini
3133 5460 3148 5483 .
3173 5419 3529 5484 Tertulliani,
3563 5418 3839 5486 Arnohii,

2235 5517 2530 5584 Lactantii,
2556 5513 2852 5582 Victorini,
2879 5514 3221 5586 aliorumque
3237 5516 3437 5582 scripta
3463 5511 3606 5583 quod
3630 5513 3840 5568 eodem

2234 5610 2454 5666 decreto
2508 5609 2814 5662 innumero
2865 5605 3298 5676 apocrypltorttm
3347 5603 3696 5668 referantur,
3750 5606 3839 5659 vel

2237 5703 2417 5770 legere
2470 5701 2766 5764 dubitavit,
2816 5700 2894 5752 vel
2931 5698 3156 5776 legenda
3199 5702 3483 5762 dissuasit".
3517 5698 3837 5768 Puppe-nim
