4026 6334
268 304 327 364 M
1191 335 1193 340 ·
1419 307 1785 368 ΡΒᾹΞΡΔΤΙΟ

1926 311 2080 370 ARDI
2116 315 2369 377 GAZAEI.
3465 337 3539 396 ﬂ
3564 327 3577 348 ’

267 441 380 483 cum
408 425 542 496 quid
570 426 644 482 ab
682 427 764 482 eis
795 435 1034 482 erratum
1061 427 1164 496 sit,
1193 442 1256 484 ac
1285 430 1507 499 proinde
1537 432 1844 500 vitandum,
1874 433 1928 491 Δ
1953 436 2223 491 cumulate
2269 447 2552 494 tractatum
2586 441 2640 496 in
2689 457 2785 498 sua
2817 445 3162 514 praefatione,
3211 465 3367 520 quam
3416 455 3543 512 huic

261 521 365 591 jam
393 535 425 574 a
466 521 655 576 multis
699 522 913 576 saeculis
943 520 1146 592 liquido
1174 534 1511 592 compertum
1533 566 1548 591 ,
1597 526 1848 595 explora-

264 625 482 687 tumque
528 615 840 671 ha'beatur?
870 617 975 670 Aut
1002 631 1104 686 qua
1142 617 1352 673 ratione
1395 620 1719 675 sanctissimi
1745 619 1850 676 viri

264 707 365 763 DD.
413 707 769 774 Benedictus,
824 705 1198 772 Cassiodorus,
1228 709 1557 777 Dominicus,
1584 709 1846 778 Thomas,

265 794 570 871 Dionysius,
623 799 895 870 lgnatius,
935 810 1096 870 atque
1127 801 1248 867 alii,
1297 801 1612 858 Cassianum
1661 814 1715 858 et
1745 804 1846 874 ipsi

262 903 403 947 tanto
432 893 619 948 studio
658 893 894 963 amplexi
923 908 985 948 ac
1013 893 1255 948 venerati
1285 903 1443 963 sunt,
1494 906 1549 950 et
1580 896 1700 951 aliis
1726 912 1844 952 am-

262 986 641 1055 plectendum,
709 986 1060 1054 volvendum,
1132 987 1479 1043 lectitandum
1557 999 1668 1043 tum
1745 1003 1843 1044 suo

259 1080 542 1148 exemplo,
578 1089 691 1134 tum
717 1079 962 1148 scriptis,
987 1087 1041 1133 et
1067 1079 1250 1134 multis
1278 1081 1540 1135 encomiis
1568 1096 1844 1137 commen-

257 1172 481 1235 darunt,
513 1172 559 1224 si
589 1187 701 1226 non
740 1171 1116 1235 utilissimum,
1151 1170 1316 1226 immo
1349 1172 1673 1241 przeeipuum
1715 1171 1841 1227 vita:

253 1265 564 1321 monasticae
619 1266 936 1333 Speculum,
995 1277 1048 1318 et
1103 1265 1289 1333 paucis
1336 1265 1569 1333 demptis
1638 1268 1836 1335 ntevis,

251 1375 442 1430 corpus
470 1360 801 1430 cmteroquin
825 1358 1266 1429 pulcherrimum,
1311 1368 1365 1413 et
1389 1360 1562 1416 modis
1587 1359 1838 1416 omnibus

249 1453 680 1509 commendabile
714 1451 1084 1521 judicassent?
1114 1451 1313 1506 Verum
1338 1467 1404 1506 ex
1434 1453 1663 1507 adverso
1690 1463 1837 1507 stan-

250 1559 348 1600 tem
400 1547 538 1600 mihi
593 1544 783 1600 videre
832 1544 1018 1600 videor
1050 1560 1230 1601 acrem
1261 1545 1629 1600 adversarium
1650 1593 1663 1611 ,
1698 1547 1835 1602 Pro-

245 1653 458 1708 sperum
483 1638 638 1692 illum
669 1637 1030 1707 Rhegiensem
1058 1639 1371 1706 episc0pum
1391 1680 1404 1702 ,
1437 1639 1530 1707 qui
1576 1639 1832 1707 peculiari

243 1731 391 1795 libro,
419 1740 481 1784 ut
520 1729 725 1784 dictum
757 1739 871 1794 est,
921 1728 1182 1786 adversus
1226 1730 1552 1786 Collatorem
1581 1732 1728 1788 edito
1776 1734 1830 1788 in

1952 529 2369 618 subjungemus,
2401 533 2559 589 latius
2589 537 2867 606 explicare
2896 556 3357 611 supervacaneum
3387 561 3540 618 puto.

1952 617 2063 674 Huc
2098 622 2332 690 accedit,
2384 637 2525 695 quoa
2555 638 2608 682 et
2637 629 2751 699 ipse
2782 631 2846 685 D.
2878 631 3110 704 Prosper
3139 617 3401 694 Cassiani,
3438 642 3544 698 im-

1950 725 2214 782 pugnator
2237 732 2341 771 non
2360 719 2533 774 solum
2557 721 2677 791 ejus
2707 722 3003 782 honorifice
3031 730 3276 785 meminit
3294 731 3345 785 in
3370 730 3544 790 Chro-

1949 806 2071 860 nico
2102 829 2110 837 -
2146 809 2242 863 sed
2272 819 2326 865 et
2358 811 2412 866 in
2446 816 2708 882 opusculo
2733 817 2906 886 ipsum
2929 821 3282 893 redarguens,
3314 825 3544 880 catholi-

1948 911 2069 953 cum
2122 900 2476 959 nihilominus
2512 905 2788 963 doctorem
2847 915 3122 980 agnoscit,
3181 915 3265 970 his
3321 917 3537 973 scilicet

1950 992 2132 1048 verbis
2169 993 2239 1050 de
2266 997 2526 1054 Cassiano
2559 1010 2616 1055 et
2635 1002 2754 1056 aliis
2779 1005 2835 1060 S.
2863 1007 3146 1076 Augustini
3176 1011 3543 1080 reprehenso-

1946 1083 2092 1139 ribus
2121 1101 2325 1157 agens:
2363 1089 2592 1156 Quorum
2621 1104 2788 1149 tamen
2814 1096 2936 1150 dum
2981 1098 3154 1152 adhuc
3191 1119 3294 1155 non
3340 1114 3459 1156 sunt
3507 1122 3542 1159 α

1943 1179 2172 1245 fraterna
2210 1183 2452 1238 societate
2477 1185 2650 1254 divisi,
2687 1190 2849 1260 magis
2880 1199 2951 1243 est
2998 1192 3262 1247 toleranda
3291 1197 3506 1256 intentio

1941 1287 2095 1340 quam
2126 1275 2444 1346 desperanda
2469 1281 2732 1347 correctio,
2766 1284 2926 1335 donec
2953 1282 3210 1340 Dominus
3234 1304 3324 1356 per
3355 1288 3543 1346 Eccle.

1941 1364 2033 1417 sia:
2055 1367 2314 1438 principes
2345 1383 2391 1422 et
2416 1369 2670 1441 legitimos
2693 1375 3017 1442 iudiciorum
3039 1395 3249 1432 suorum
3272 1382 3538 1440 ministros

1939 1455 2070 1520 hac,
2097 1474 2210 1526 qua:
2231 1476 2320 1527 per
2347 1478 2632 1529 paucorum
2659 1467 2976 1533 superbiam,
3001 1477 3046 1519 et
3078 1472 3418 1538 quorumdam
3440 1475 3536 1527 imo

1937 1552 2173 1619 peritiam
2197 1554 2403 1609 turbata
2426 1567 2566 1622 sunt,
2602 1570 2892 1629 componat.
2922 1561 3048 1617 Haec
3079 1563 3315 1633 Prosper
3335 1567 3386 1619 in
3413 1568 3535 1636 ejus

1937 1644 2116 1710 operis
2159 1645 2371 1716 epilogo
2414 1664 2428 1700 :
2479 1649 2673 1718 quibus
2718 1651 2974 1721 intelligis
3023 1652 3341 1710 Cassianum
3387 1657 3532 1714 inter

1935 1736 2238 1791 catholicos
2279 1740 2622 1806 professores
2651 1751 3084 1798 annumeratum.
3129 1747 3196 1800 At
3219 1748 3390 1801 multo
3412 1761 3533 1803 cer-

240 1823 557 1880 Cassianunt
609 1824 922 1897 (suppresso
953 1834 1132 1880 tamen
1179 1825 1295 1894 ejus
1351 1825 1591 1895 nomine)
1632 1827 1828 1898 stylum
1861 1819 1910 1880 B
1936 1829 2042 1882 tius
2060 1843 2434 1900 argumentum
2458 1848 2529 1888 ex
2552 1849 2619 1889 eo
2641 1837 2777 1889 sumi
2808 1836 3048 1901 videtur,
3075 1838 3219 1907 quod
3239 1839 3531 1896 Cassianus

242 1919 490 1985 strinxit,
525 1928 582 1972 et
609 1918 972 1973 Collationem
1005 1919 1122 1986 ejus
1154 1920 1364 1974 tertiam
1395 1918 1659 1973 decimam
1709 1935 1832 1988 gra-

240 2016 366 2068 viter
395 2013 765 2083 impugnavit.
789 2012 926 2080 Quid
957 2013 1042 2067 hic
1071 2013 1268 2076 dicam,
1294 2012 1466 2067 amice
1498 2012 1700 2067 lector?
1723 2017 1826 2078 An,

240 2119 352 2158 cum
380 2102 676 2159 Gennadio
708 2102 1029 2158 Massiliensi
1048 2143 1061 2167 ,
1092 2111 1151 2156 ut
1190 2101 1506 2157 Cassianum
1536 2117 1787 2158 excusem
1811 2146 1825 2171 ,

237 2197 291 2250 D.
316 2196 686 2266 Prosperum,
716 2195 891 2250 virum
937 2194 1084 2249 omni
1127 2196 1450 2264 exceptione
1490 2197 1825 2265 superiorem

236 2302 282 2342 et
302 2289 754 2357 probatissimum
786 2287 1044 2342 Ecclesia:
1074 2289 1351 2341 doctorem
1401 2301 1696 2352 arcessam,
1737 2299 1830 2343 aut

233 2381 513 2450 suggillem
541 2382 564 2434 ?
592 2380 752 2435 absit.
795 2380 1001 2433 Amicus
1030 2390 1163 2432 certe
1190 2378 1507 2444 Cassianus;
1537 2382 1626 2434 sed
1665 2381 1827 2453 magis

233 2474 392 2526 amica
417 2473 628 2525 veritas.
659 2471 975 2526 Cassianum
1003 2471 1058 2525 in
1086 2471 1187 2525 hoc
1229 2485 1336 2526 non
1365 2471 1554 2526 leviter
1581 2487 1823 2540 errasse,

233 2567 509 2634 multaque
522 2564 950 2633 reprehensione
973 2563 1196 2633 dignum
1214 2565 1489 2619 exstitisse
1503 2579 1662 2620 nemo
1680 2581 1825 2620 sana:

236 2662 431 2716 mentis
477 2660 793 2730 negaverit,
840 2659 982 2727 quod
1027 2661 1167 2714 inter
1210 2658 1321 2713 alia
1369 2660 1822 2714 anaehoretarum

237 2755 378 2809 dicta
420 2754 778 2810 Collationem
822 2754 964 2808 illam
1009 2753 1219 2808 abbatis
1247 2752 1654 2818 Chaeremonis,
1703 2771 1822 2824 qua:

244 2856 354 2900 tota
385 2846 929 2916 Pelagianidogmatis
950 2847 1177 2916 fuligine
1207 2862 1458 2914 respersa
1476 2857 1588 2912 est,
1619 2848 1822 2908 descri-

241 2938 466 2992 bendam
485 2938 803 3008 susceperit,
821 2939 1116 3007 eamquein
1141 2939 1503 3008 publicumita
1531 2938 1817 3009 evulgarit,

235 3040 292 3086 ut
315 3040 370 3085 et
393 3032 509 3101 ipse
540 3031 762 3102 Pelagio
787 3032 1035 3096 studere,
1065 3043 1119 3086 et
1153 3032 1213 3085 Ι).
1237 3033 1539 3102 Augustino
1563 3033 1820 3101 refragari

235 3123 504 3177 videretur
532 3139 547 3176 :
579 3138 646 3178 eo
676 3125 974 3192 praesertim
1004 3132 1269 3192 tempore,
1301 3140 1407 3193 quo
1439 3123 1679 3193 ejusdem
1711 3125 1820 3179 Au-

1937 1931 2059 1991 post
2083 1921 2412 1980 Collationes
2434 1940 2463 1979 a
2492 1941 2551 1983 se
2571 1927 2892 1998 descriptas,
2926 1929 3153 1996 monitu,
3189 1938 3244 1985 et
3274 1931 3530 1986 adhorta-

1934 2017 2078 2071 tione
2109 2017 2308 2072 Leonis
2331 2017 2589 2074 Romanze
2620 2020 2881 2076 Ecclesia:
2904 2022 3305 2088 archidiaconi,
3338 2033 3530 2092 postea

1933 2110 2205 2177 pontificis
2234 2114 2462 2174 summi,
2513 2112 2773 2167 adversus
2800 2113 3109 2169 Nestorium
3133 2155 3148 2179 ,
3173 2116 3435 2171 disertum
3463 2133 3528 2173 ac

1932 2203 2218 2271 perutilem
2244 2205 2312 2258 de
2339 2206 2714 2262 Incarnatione
2745 2208 2959 2262 Domini
3002 2208 3170 2264 edidit
3196 2223 3530 2266 commenta-

1931 2295 2090 2362 rium,
2110 2297 2411 2365 eodemque
2431 2298 2703 2353 volumine
2726 2298 3000 2368 Pelagium
3025 2301 3171 2354 velut
3189 2301 3526 2358 Nestoriana:

1931 2387 2155 2442 haeresis
2186 2398 2464 2458 parentem
2497 2390 2849 2446 vehementer
2878 2393 3188 2462 exagitavit.
3233 2393 3368 2448 Nam
3401 2395 3526 2450 Col-

1927 2479 2190 2534 lationnm
2230 2481 2397 2537 libros
2425 2481 2725 2538 absolvisse
2763 2498 2823 2539 se
2845 2525 2859 2548 ,
2893 2493 3179 2554 antequam
3209 2486 3294 2540 his
3334 2487 3402 2541 de
3441 2487 3524 2542 in-

1927 2576 2242 2630 carnatione
2263 2576 2563 2632 scribendis
2588 2577 2742 2632 libris
2763 2593 2981 2632 manum
3011 2578 3346 2645 admoveret,
3381 2580 3526 2645 ipse-

1927 2668 2109 2732 metin
2141 2669 2457 2736 prtefatione
2487 2679 2737 2735 testatur,
2759 2669 2886 2724 dum
2910 2669 2989 2722 sic
3011 2670 3290 2724 exorditur
3316 2687 3330 2723 :
3363 2670 3524 2724 Aliso-

1928 2760 2049 2812 lutis
2100 2760 2297 2814 dudum
2344 2761 2693 2816 Collationum
2763 2762 3077 2831 spiritalium
3131 2761 3357 2828 libellis,
3411 2771 3524 2818 etc.

1923 2848 2178 2919 Idemque
2215 2851 2481 2906 Gennadii
2516 2853 2694 2921 elogio
2724 2854 3135 2921 comprobatur,
3187 2853 3274 2907 ubi
3309 2853 3426 2908 hmc
3454 2853 3525 2910 de

1923 2941 2185 2998 Cassiano
2216 2963 2228 2996 :
2260 2945 2341 2998 Ad
2366 2955 2650 3000 extremum
2678 2957 2889 3016 rogatus
2918 2964 2949 3000 a
2976 2947 3149 3001 Leone
3178 2947 3315 3001 urbis
3342 2948 3524 3002 Roma

1921 3035 2304 3104 archidiacono,
2339 3049 2516 3106 postea
2544 3040 2805 3111 episwpo,
2834 3041 3040 3109 scripsit
3065 3041 3307 3094 adversus
3332 3041 3524 3094 Nesto-

1920 3127 2057 3179 rium
2101 3129 2164 3181 de
2207 3127 2574 3183 Incarnatione
2601 3129 2815 3184 Domini
2858 3130 3018 3184 libros
3044 3140 3256 3198 septem.
3287 3140 3336 3185 et
3358 3133 3411 3184 in
3439 3131 3523 3186 his

232 3215 424 3283 gustini
451 3216 654 3284 scripta
693 3215 760 3270 de
787 3215 958 3284 gratia
1017 3215 1109 3270 Dei
1167 3224 1222 3270 et
1261 3215 1436 3270 libero
1467 3216 1702 3270 hominis
1733 3231 1819 3270 ar-
1844 3195 1891 3257 (ἶ
1923 3219 2179 3272 scribendi
2201 3222 2342 3289 apud
2368 3220 2679 3290 Massiliam,
2713 3233 2760 3275 et
2781 3223 2982 3276 uiuendi
3009 3195 3162 3290 ﬁnem
3185 3223 3324 3292 fecit,
3350 3223 3525 3277 Theo-

233 3308 388 3364 bitrio
415 3309 680 3365 adversus
722 3309 1044 3378 Pelagianos
1065 3309 1204 3365 edita
1235 3325 1264 3364 a
1306 3310 1625 3380 quibusdam
1657 3311 1822 3365 Galli-

232 3403 376 3458 canis
432 3403 811 3474 presbyteris,
869 3405 958 3474 qui
1007 3418 1066 3458 se
1121 3403 1414 3459 catholicos
1468 3404 1819 3461 nihilominus

232 3498 626 3565 profitebantur
646 3499 812 3569 (inter
837 3513 974 3568 quos
1005 3507 1058 3552 et
1088 3497 1378 3554 Cassianus
1423 3500 1819 3554 annnmeraba-

235 3589 358 3659 tur),
389 3591 699 3644 inconsulto
727 3606 791 3645 ac
834 3599 1036 3646 temere
1067 3592 1494 3661 traducerentur,
1529 3603 1584 3648 et
1605 3593 1657 3648 in
1690 3609 1821 3648 con-

235 3682 553 3737 troversiam
575 3693 981 3738 revocarentur.
1012 3684 1126 3751 Qua
1153 3695 1470 3753 tempestate
1515 3685 1645 3739 nihil
1673 3686 1818 3740 vide-

233 3773 380 3828 batur
403 3775 825 3842 incommodius,
844 3785 934 3830 aut
956 3776 1318 3844 importunius
1338 3777 1478 3830 illius
1498 3775 1819 3831 Collationis

231 3867 447 3935 scripto,
481 3867 629 3937 quod
659 3869 759 3924 sub
790 3871 969 3938 specie
992 3870 1168 3924 mellis
1191 3885 1461 3924 venenum
1485 3871 1815 3939 pr0pinaret,

232 3967 334 4010 tum
366 3959 436 4012 ad
467 3960 709 4014 auctoris
741 3960 1036 4028 infamiam,
1068 3969 1179 4015 tum
1223 3962 1287 4016 ad
1328 3963 1390 4015 ι).
1425 3964 1705 4032 Augustini
1736 3964 1817 4018 in-

227 4048 448 4117 iuriam,
482 4063 597 4107 tum
628 4053 862 4122 denique
903 4053 969 4107 ad
999 4055 1296 4107 animarum
1344 4053 1632 4109 discrimen
1658 4070 1818 4123 posse

229 4140 460 4208 obtrudi,
489 4152 548 4197 ut
577 4143 679 4198 hoc
703 4144 790 4199 vel
820 4145 939 4199 solo
964 4145 1182 4199 nomine
1209 4146 1500 4200 Cassianus
1522 4155 1631 4200 tam
1659 4146 1817 4202 Gela-

227 4233 286 4285 sii
313 4250 623 4303 censuram,
654 4252 812 4306 quam
844 4237 1093 4308 Prosperi
1124 4238 1624 4308 reprehensionem,
1644 4239 1817 4293 anim-

229 4325 712 4398 adversione-mque
741 4330 936 4385 merito
980 4332 1292 4385 incurrerit.
1348 4329 1462 4383 Non
1514 4330 1656 4384 enini
1691 4345 1812 4384 cum

228 4418 314 4471 illo
361 4421 557 4475 abbate
609 4419 986 4484 Chaeremone,
1015 4437 1176 4490 quem
1206 4421 1259 4474 in
1293 4421 1385 4478 illa
1417 4421 1722 4476 Collatione
1746 4421 1814 4475 de

225 4513 386 4577 gratia
421 4512 520 4566 Dei
565 4523 621 4566 et
671 4512 844 4568 libero
883 4513 1105 4567 arbitrio
1133 4513 1488 4566 disserentem
1519 4512 1813 4566 introducit

1925 3312 2073 3367 dosio
2116 3324 2164 3368 et
2203 3313 2571 3370 Valentiniano
2614 3319 2970 3389 regnantibus.
3006 3318 3138 3382 Quis
3166 3333 3296 3373 vero
3333 3317 3523 3374 credat

1923 3405 2160 3461 Leonem
2205 3406 2376 3472 illum,
2411 3410 2810 3464 sanctissimum
2847 3424 2910 3464 ac
2936 3409 3393 3478 sapientissimum
3437 3410 3521 3464 vi-

1925 3514 2068 3565 rum,
2103 3499 2153 3552 in
2188 3499 2319 3554 illud
2347 3516 2484 3569 opus
2515 3516 2621 3555 non
2653 3501 2816 3555 alium
2847 3516 3009 3570 quam
3033 3499 3352 3556 Cassianum
3375 3501 3519 3557 deli-

1921 3606 2050 3658 gere
2078 3592 2339 3659 voluisse,
2370 3592 2472 3646 nisi
2500 3608 2622 3647 eum
2649 3602 2855 3659 nosset,
2906 3601 2996 3646 aut
3043 3593 3350 3648 certissime
3397 3609 3520 3649 ere-
3560 3604 3570 3626 '

1922 3684 2076 3738 deret
2129 3700 2222 3752 per
2267 3685 2447 3739 omnia
2500 3685 2890 3750 orthodoxum,
2951 3695 3006 3740 et
3046 3686 3112 3740 de
3168 3687 3330 3741 rebus
3385 3688 3516 3752 fidei

1921 3776 2125 3844 optime
2168 3775 2525 3839 sentientem,
2567 3786 2727 3846 atque
2755 3777 2893 3831 adeo
2922 3776 3245 3844 Peliagianis
3290 3777 3517 3847 perinde

1922 3882 1985 3922 ac
2037 3866 2375 3921 Nestorianis
2427 3867 2665 3922 maxime
2711 3865 3019 3922 infensum?
3047 3867 3199 3934 Quod
3245 3876 3300 3922 et
3336 3868 3515 3936 reipsa

1923 3960 2174 4027 probavit
2205 3960 2528 4025 Cassianus,
2583 3958 2708 4013 dum
2759 3959 2811 4013 id
2857 3958 3100 4013 muneris
3155 3959 3519 4015 libentissime

1920 4052 2194 4121 suscepit,
2220 4052 2476 4120 omnique
2511 4052 2692 4107 studio
2720 4052 2772 4105 in
2798 4051 2851 4106 id
2880 4051 3059 4120 operis
3088 4052 3364 4118 incubuit,
3406 4068 3515 4122 quo

1921 4158 1980 4198 se
2006 4144 2333 4198 acerrimum
2361 4153 2472 4198 tum
2504 4143 2796 4212 Pelagiani,
2826 4151 2936 4196 tum
2967 4143 3270 4198 Nestoriani
3292 4142 3516 4213 dogma-

1920 4235 1988 4290 tis
2028 4235 2261 4301 hostem,
2291 4245 2346 4290 et
2371 4235 2653 4289 catholica:
2680 4234 2928 4288 veritatis
2957 4243 3239 4288 strenuum
3279 4244 3516 4289 asserto-

1920 4342 2035 4380 rem
2065 4323 2310 4380 exhibuit
2345 4342 2358 4378 :
2390 4340 2452 4379 ac
2483 4323 2711 4394 proinde
2751 4325 2796 4377 si
2845 4322 2973 4392 quid
2999 4321 3268 4391 prioribus
3296 4322 3515 4392 scriptis

1919 4434 2015 4488 per
2044 4418 2464 4488 imprudentiam
2493 4417 2802 4472 humanitus
2831 4417 3085 4485 peccarit,
3121 4418 3279 4486 digna
3315 4430 3513 4471 emen-

1917 4511 2135 4566 datione
2172 4512 2357 4566 sanior
2381 4519 2436 4564 et
2460 4511 2666 4565 cautior
2700 4508 2945 4573 eﬂ‘ectus,
2970 4508 3256 4564 salubn‘ter
3298 4508 3514 4564 abster-

224 4604 530 4670 Cassianus,
555 4607 659 4660 sibi
685 4616 959 4661 certamen
996 4606 1291 4660 ineundum
1319 4606 1525 4674 putavit
1543 4605 1807 4674 Prosper:
1838 4577 1892 4638 Ῑ)
1917 4605 2005 4658 sit.
2036 4605 2194 4672 Quod
2219 4615 2277 4658 ut
2305 4605 2508 4660 certius
2554 4603 2648 4659 tibi
2679 4612 2922 4671 constet,
2975 4603 3101 4658 audi
3151 4603 3325 4672 ipsutn
3368 4602 3512 4674 (Lib.

222 4694 348 4749 Cum
375 4698 484 4765 ille,
519 4699 733 4768 inquit,
763 4699 889 4752 tales
916 4701 1182 4769 Opiniones
1209 4715 1330 4752 suas
1353 4709 1441 4752 aut
1471 4699 1704 4768 negando
1731 4714 1810 4751 re-

218 4790 438 4857 futaret,
474 4799 565 4842 aut
596 4791 896 4861 corrigendo
926 4791 1144 4845 dilueret
1182 4807 1198 4843 :
1236 4791 1328 4845 sed
1373 4806 1494 4844 cum
1539 4791 1656 4860 ipso
1681 4789 1810 4844 Cas-

214 4879 388 4944 siano,
415 4882 509 4950 qui
539 4881 699 4937 talem
754 4882 1051 4936 doctrinam
1099 4884 1171 4936 ita
1223 4883 1532 4953 evulgarat,
1586 4893 1644 4937 ut
1686 4898 1806 4938 eam

213 4974 548 5043 approbasse
570 4989 634 5030 ac
664 4977 967 5044 suscepisse
996 4976 1218 5031 omnino
1248 4977 1578 5030 crederetur.

286 5067 489 5122 Verum
523 5084 627 5122 non
670 5069 743 5122 ita
773 5084 960 5124 revera
993 5069 1231 5124 sensisse
1260 5068 1601 5136 Cassianum,
1635 5084 1811 5140 neque

210 5177 274 5217 ex
304 5180 404 5219 sua
434 5165 708 5219 sententia
762 5165 834 5217 ita
887 5165 1202 5231 scripsisse,
1260 5164 1354 5218 sed
1395 5165 1618 5217 aliorum
1666 5165 1807 5218 dicta

208 5257 494 5311 dumtaxat
538 5257 814 5323 retulisse,
847 5255 1090 5324 pluribus
1132 5257 1481 5326 argumentis,
1530 5256 1676 5310 nullo
1721 5269 1809 5309 sa-

209 5347 381 5402 uioris
407 5350 697 5403 sententia:
722 5347 1054 5417 prae-judicio,
1084 5348 1303 5417 probari
1335 5357 1536 5418 potest.
1565 5348 1804 5402 Primum

209 5440 352 5507 quod
373 5441 487 5510 ipse
518 5442 771 5510 pluribus
803 5441 856 5494 in
887 5442 1038 5507 locis,
1069 5442 1366 5510 praesertim
1397 5457 1614 5495 suarum
1648 5441 1802 5496 Insti-

211 5534 503 5599 tutionum,
545 5535 633 5588 ubi
684 5534 752 5588 de
792 5533 978 5602 gratiae
1021 5533 1116 5588 Dei
1171 5536 1512 5601 necessitate,
1544 5543 1599 5588 et
1648 5534 1805 5588 liberi

208 5625 416 5680 arbitrii
445 5627 821 5682 imbecillitate
852 5626 1084 5692 disserit,
1119 5627 1188 5680 ita
1227 5627 1311 5695 pie
1341 5635 1396 5680 et
1435 5626 1696 5681 catholice
1726 5627 1806 5682 lo-

206 5720 409 5787 quitur,
455 5733 518 5777 ut
547 5738 610 5778 se
652 5721 721 5775 ab
755 5736 940 5776 errore
987 5722 1182 5790 Pelagii
1215 5721 1600 5776 alienissimum
1635 5720 1805 5775 fuisse

208 5811 366 5881 plane
389 5816 739 5874 demonstret
769 5831 782 5866 :
811 5813 952 5882 quod
975 5824 1350 5882 argumentum
1372 5829 1404 5869 a
1432 5814 1530 5869 Do.
1561 5811 1805 5886 Cuychio

652 5910 933 5970 Parnm.
971 5906 1203 5970 XLIX.

1919 4691 1984 4750 de
2023 4695 2240 4750 Incarn.
2289 4713 2405 4766 cap.
2458 4695 2539 4765 4),
2587 4696 2631 4748 si
2678 4695 2876 4764 placet,
2906 4695 2974 4748 de
3018 4695 3250 4764 Leporio
3275 4696 3510 4764 quodam

1917 4788 2233 4859 presbytero
2263 4789 2407 4844 inter
2461 4788 2778 4857 Pelagianos
2834 4786 3226 4854 famosissimo,
3286 4788 3509 4841 tandem

1917 4884 2030 4938 suis
2069 4884 2291 4938 monitis
2317 4883 2385 4936 ad
2421 4883 2691 4936 saniorem
2721 4891 2956 4936 mentem
2992 4889 3049 4934 et
3081 4880 3237 4935 (idem
3282 4879 3509 4934 catholi-

1915 4990 2032 5030 cam
2056 4985 2337 5044 revocato,
2371 4975 2442 5028 ita
2473 4973 2823 5040 scribentem,
2853 4974 3183 5042 sutiragante
3212 4972 3416 5036 itidem,
3441 4985 3507 5025 ac

1916 5067 2286 5123 testimonium
2335 5066 2438 5136 ipsi
2481 5066 2800 5136 perhibente
2846 5065 3125 5120 Gennadio
3159 5083 3172 5119 :
3203 5062 3457 5133 Leporius
3485 5105 3502 5131 ,

1914 5160 2118 5230 inquit,
2170 5169 2288 5212 tunc
2315 5158 2620 5219 monachus,
2651 5159 2806 5212 modo
2837 5159 3115 5229 presbyter,
3143 5157 3231 5232 qui
3252 5171 3318 5208 ea:
3347 5153 3508 5208 Pela-

1911 5255 1982 5324 gii
2009 5253 2343 5319 institutione,
2380 5253 2454 5305 vel
2497 5252 2666 5321 potius
2701 5253 2948 5321 pravitate
2995 5247 3304 5302 descendens
3356 5249 3500 5319 apud

1910 5345 2113 5400 Gallias
2157 5355 2378 5399 assertor
2410 5346 2669 5420 prazdicta:
2714 5345 2987 5407 Itwreseos,
3027 5349 3115 5394 aut
3145 5343 3278 5393 inter
3309 5342 3505 5412 primos

1908 5450 1998 5493 aut
2029 5441 2160 5492 inter
2191 5439 2440 5492 maximos
2465 5439 2561 5507 fuit
2592 5455 2622 5489 a
2651 5437 2792 5490 nobis
2814 5436 3123 5498 admonitus,
3148 5452 3179 5486 α
3207 5433 3316 5488 Deo
3337 5453 3507 5490 emen-

1907 5533 2067 5585 datus
2094 5533 2170 5583 ita
2192 5531 2326 5584 male
2350 5539 2648 5598 conceptam
2678 5528 3060 5598 persuasionem
3088 5529 3359 5598 magniﬁce
3381 5546 3504 5582 con-

1908 5627 2188 5690 demnavit,
2225 5636 2280 5678 ut
2318 5642 2419 5677 non
2463 5627 2631 5676 minus
2665 5639 2790 5690 pene
2819 5621 3130 5674 admiranda
3159 5623 3226 5676 sit
3254 5624 3500 5676 correctio

1905 5718 2078 5784 illius,
2099 5734 2250 5788 quam
2276 5717 2441 5770 illwsa
2472 5715 2749 5768 multorum
2799 5713 2927 5782 ﬁdes
2957 5730 2974 5767 :
3001 5715 3120 5780 quia
3143 5715 3364 5784 primum
3386 5723 3458 5765 est
3480 5754 3498 5778 ,

1911 5827 2136 5866 errarent
2167 5810 2368 5878 penitus
2395 5824 2495 5860 non
2530 5807 2830 5860 incurrere:
2863 5806 3163 5873 secundum,
3192 5806 3313 5858 bene
3339 5820 3497 5872 repu-

2914 5901 2951 5942 ι)
