4026 6334
440 338 512 398 ιδ
1274 334 1364 390 AD
1401 331 1628 389 OPERA
1667 328 1940 385 JOANNIS
1975 324 2287 382 CASSIANI
2329 321 2853 382 PROLEGOMENA.
3638 314 3708 372 61

437 452 601 508 dicre.
627 450 753 507 Haec
795 457 850 504 et
895 449 996 504 alia
1023 447 1090 502 de
1115 447 1472 502 conversione
1502 441 1716 514 Leporii
1747 439 2017 510 Pelagiani
2045 445 2100 506 Α
2191 437 2256 491 4ο
2289 437 2486 493 Verum
2519 437 2651 493 illud
2673 436 2948 507 praecipue
2969 431 3237 502 spectavi,
3271 438 3326 488 et
3352 430 3458 487 hoc
3487 428 3706 502 potissi—

436 560 468 599 a
493 558 555 600 se
581 550 862 614 procurata
890 541 1200 596 Cassianus.
1228 539 1433 593 Rursus
1456 535 1560 589 alio
1608 534 1744 590 libro
1771 532 1911 604 (Lib.
1943 546 2016 585 vn

435 640 499 694 de
519 637 731 693 Incarn.
760 653 810 692 c.
832 637 928 706 Ἡ)
958 634 1262 690 Nestorium
1293 641 1350 686 ut
1375 630 1580 698 Pelagii
1621 628 1862 682 sobolem
1891 641 2018 680 exa-

433 731 608 800 gitans
641 749 654 782 :
691 729 829 794 Quia
853 729 1038 795 spinae,
1087 725 1282 794 inquit,
1332 739 1393 777 ac
1435 722 1610 776 tributi
1659 736 1722 775 ea:
1757 717 2016 772 radicibus

431 832 740 894 emergentes
767 822 1012 893 qualitate
1041 819 1121 873 sui
1145 819 1355 888 stirpem
1381 833 1527 871 suam
1556 813 1800 883 produnt,
1855 827 1917 866 ex
1958 827 2016 864 co

430 914 543 984 ipso
565 915 703 985 quod
729 923 873 979 sunt,
903 912 1130 966 indicant
1153 911 1292 964 unde
1313 918 1625 972 nascantur;
1652 908 1725 960 ita
1752 915 1800 959 et
1834 915 1888 958 tu
1916 903 2019 957 Pc—

432 1008 654 1077 tagiana:
686 1006 937 1061 hereseos
980 1007 1191 1076 spinosa
1231 1003 1461 1070 soboles,
1511 1002 1649 1055 idem
1690 1000 1915 1054 ostendis
1961 1001 2015 1053 in

427 1101 672 1171 germine,
706 1100 844 1170 quod
876 1108 1020 1166 pater
1051 1106 1169 1152 tuus
1201 1096 1443 1149 habuisse
1487 1093 1709 1146 traditur
1737 1092 1790 1144 in
1819 1091 2027 1145 radice.

427 1191 681 1264 Leport'us
729 1190 1004 1258 enimille,
1033 1201 1138 1245 etc.
1169 1190 1297 1244 Haec
1332 1198 1389 1244 et
1414 1187 1517 1242 alia
1550 1187 1604 1240 in
1641 1185 1914 1255 Pelagium
1961 1193 2016 1239 et

428 1285 630 1356 Pelagii
661 1286 828 1340 fetum
854 1284 1163 1340 Nestorium
1193 1281 1504 1344 Cassianus,
1529 1279 1722 1349 quibus
1761 1292 1912 1332 suam
1960 1277 2013 1330 in

428 1377 533 1431 fide
576 1378 845 1433 catholica
891 1377 1138 1432 stabilem
1189 1391 1253 1430 ac
1297 1375 1565 1430 sinceram
1605 1369 1770 1425 animi
1798 1379 2015 1424 senten-

428 1467 554 1522 tiam
567 1467 780 1524 abunde
801 1477 1052 1522 testatam
1075 1467 1312 1536 reliquit,
1340 1479 1514 1534 seque
1535 1463 1749 1516 demum
1774 1460 1844 1514 ab
1865 1458 2013 1514 omni

426 1560 626 1614 erroris
644 1561 955 1629 suspicione
988 1562 1254 1629 purgavit.
1279 1559 1352 1612 At
1377 1556 1446 1611 de
1477 1556 1560 1609 his
1590 1555 1870 1609 hactenus.

493 1651 613 1706 Jam
651 1667 782 1706 vero
809 1653 936 1721 quid
969 1652 1021 1705 in
1053 1652 1154 1704 hac
1205 1658 1486 1720 postrema
1515 1646 1757 1700 editione
1799 1641 2011 1698 allabe-

426 1754 608 1799 ratum
634 1753 724 1799 aut
751 1753 997 1798 curatum
1026 1743 1210 1808 fuerit,
1237 1758 1266 1796 a
1297 1757 1386 1797 me
1417 1739 1627 1810 reposci
1650 1737 1807 1793 video
1833 1753 1846 1789 :
1869 1733 2013 1806 quod

2119 547 2266 587 mum
2293 533 2513 588 nomine
2539 530 2801 586 Cassiano
2830 543 2917 584 me
2965 525 3184 592 addixi,
3213 535 3271 581 ut
3308 525 3364 580 in
3393 523 3620 596 gratiam
3649 531 3707 581 et

2118 621 2434 694 obsequium
2466 624 2901 679 commilitonum
2956 628 3012 677 et
3053 618 3386 676 confratrum
3418 632 3662 674 meorum
3688 659 3704 685 ,

2119 716 2365 784 Ordinis,
2398 718 2645 788 inquam,
2676 715 3015 771 Benedictini
3036 713 3430 770 emnobitarum
3462 711 3594 782 (cui
3619 727 3708 767 me

2119 809 2261 866 Deus
2317 825 2412 865 sua
2457 812 2629 880 gratia
2679 810 2998 880 inscriptum
3036 805 3257 879 voluit)
3294 807 3586 877 plerasque
3643 819 3708 861 ac

2117 902 2416 973 praecipuas
2467 902 2818 958 difficultates
2868 901 3088 972 Regulae
3145 899 3475 957 sanctissimi
3530 897 3711 952 Patris

2119 996 2291 1049 nostri
2325 995 2600 1050 Benedicti
2625 1036 2641 1061 ,
2673 1002 2934 1065 quantum
2963 994 3016 1048 iu
3035 1007 3123 1048 me
3144 1000 3306 1058 esset,
3333 991 3444 1047 Deo
3461 989 3706 1061 iuvante,

2117 1095 2279 1155 prout
2307 1101 2366 1141 se
2395 1087 2545 1142 dedit
2569 1088 2818 1154 occasio,
2850 1102 2914 1143 ex
2945 1085 3204 1142 Cassiane
3246 1084 3606 1154 explicarem,
3655 1090 3711 1136 et

2115 1178 2422 1248 complures
2452 1179 2570 1250 ejus
2616 1180 2766 1235 locos
2814 1179 2881 1234 ad
2912 1177 3155 1234 Cassiani
3185 1178 3417 1248 scripta,
3444 1175 3596 1231 velut
3639 1173 3709 1229 ad

2116 1279 2464 1342 prototypum
2511 1287 2667 1326 suum
2723 1271 2982 1328 referrem
3035 1285 3100 1326 ac
3153 1283 3485 1325 revocarem.
3543 1265 3704 1324 Unde
3766 1261 3770 1268 ’

2115 1361 2319 1432 liquido
2371 1372 2596 1434 apparet
2634 1372 2830 1433 quanta
2879 1377 3040 1427 cura,
3088 1377 3248 1433 quam
3288 1362 3376 1431 pia
3423 1369 3480 1416 et
3519 1358 3707 1415 solerti

2116 1455 2461 1510 aemulatione
2513 1456 2885 1510 sanctissimus
2928 1454 3092 1510 Pater
3126 1453 3452 1509 Benedictus
3494 1460 3708 1507 veteres

2117 1545 2411 1600 monachos
2441 1547 2641 1602 imitari
2669 1547 2970 1616 studuerit,
2995 1556 3049 1601 et
3078 1561 3268 1601 eorum
3306 1545 3549 1616 vestigiis
3577 1544 3710 1599 insi-

2113 1645 2257 1692 stere
2275 1654 2290 1704 ;
2315 1652 2522 1709 suoque
2541 1639 2793 1708 exemplo
2818 1647 2873 1692 et
2897 1638 3239 1693 institutione
3253 1651 3384 1692 suos
3400 1635 3708 1692 cmuobitas

2115 1731 2182 1785 ad
2210 1747 2397 1788 eorum
2430 1733 2786 1790 imitationem
2819 1747 3136 1803 provocare.

427 1837 526 1891 etsi
549 1836 741 1891 lectori
768 1838 948 1906 potius
980 1835 1355 1906 judicandum,
1387 1849 1550 1904 quam
1593 1847 1623 1885 a
1655 1847 1742 1886 me
1768 1843 2010 1885 comme-
2043 1853 2091 1914 Β
2188 1826 2250 1880 5°
2268 1825 2350 1880 Ad
2372 1825 2488 1882 haec
2513 1825 3154 1880 sententiasillustriores
3175 1823 3417 1880 Cassiani
3443 1821 3711 1878 similibus

425 1930 743 1984 morandum
796 1929 970 1994 foret,
1025 1932 1211 1998 paucis
1258 1939 1469 1992 tamen,
1514 1935 1575 1980 ut
1619 1925 1781 1980 fidem
1835 1937 2013 1980 meam

425 2019 680 2090 liberem,
712 2031 768 2076 et
795 2023 1107 2078 verecunde
1154 2022 1436 2078 indicabo.

496 2113 741 2167 Primum
801 2115 1018 2183 quidem
1065 2115 1133 2170 de
1178 2123 1327 2170 textu
1381 2115 1632 2170 Auctoris
1676 2113 2019 2185 repurgando

427 2211 514 2256 aut
556 2203 901 2259 reformando
933 2220 1038 2259 non
1070 2220 1401 2274 magnopere
1428 2205 1789 2260 laborandqu
1831 2203 2018 2259 existi-

425 2297 604 2363 mavi,
661 2311 783 2351 cum
825 2298 960 2352 satis
1002 2298 1349 2352 emendatum
1397 2310 1452 2354 et
1505 2299 1845 2353 enucleatum
1894 2311 2018 2351 eum

425 2387 582 2442 nobis
609 2389 937 2457 reliquerint
963 2390 1236 2461 Cuychius
1267 2402 1320 2448 et
1340 2391 1660 2459 Ciaconius,
1687 2391 1791 2446 viri
1823 2391 2021 2446 doctis-

424 2480 546 2536 simi
575 2489 628 2538 et
653 2484 1080 2541 accuratissimi:
1113 2486 1204 2555 qui
1247 2485 1347 2538 hac
1378 2485 1435 2538 in
1468 2500 1527 2539 re
1573 2493 1852 2538 strenuam
1889 2498 2022 2550 ope-

423 2588 540 2627 ram
574 2586 858 2629 navarunt.
888 2573 1106 2629 Contuli
1136 2585 1320 2629 tamen
1352 2590 1478 2629 cum
1519 2575 1727 2644 aliquot
1750 2571 2022 2642 exempla-

424 2667 573 2720 ribus
596 2677 708 2721 tum
740 2670 990 2736 excusis,
1033 2677 1145 2722 tum
1192 2684 1326 2723 mss.
1353 2709 1367 2734 ,
1413 2679 1468 2723 et
1495 2667 1725 2723 subinde
1773 2665 2018 2736 quaedam

424 2758 542 2812 loca
573 2759 640 2813 ab
664 2759 773 2814 illis
803 2761 1170 2829 prastermissa
1191 2801 1206 2824 ,
1253 2770 1347 2815 aut
1399 2759 1578 2814 minus
1609 2774 1844 2828 expensa
1896 2772 2020 2812 cor-

423 2851 579 2914 rexi,
612 2860 705 2904 aut
733 2851 979 2913 excussi,
1031 2861 1086 2906 et
1113 2851 1352 2905 adhibita
1410 2852 1572 2904 etiam
1617 2848 1860 2920 Dionysii
1887 2848 2021 2904 Car-

425 2943 666 2998 thusiani
731 2943 1052 3012 paraphrasi
1118 2944 1292 2997 lucem
1349 2943 1564 3007 ascivi;
1621 2957 1783 3011 quem
1842 2951 2021 2994 tamen

424 3037 837 3106 paraphrastem
869 3036 1051 3106 (salva
1079 3036 1216 3090 tanti
1238 3035 1344 3090 viri
1367 3035 1729 3105 auctoritate)
1757 3048 2024 3089 nonnum-

426 3140 587 3194 quam
644 3127 713 3180 ab
768 3129 1007 3182 auctoris
1065 3137 1246 3181 mente
1297 3142 1361 3181 ac
1411 3128 1679 3182 sententia
1738 3125 2024 3180 aberrasse

426 3218 713 3273 submonui
739 3260 752 3284 ,
796 3219 1018 3274 lectoris
1043 3219 1258 3273 interim
1285 3219 1494 3288 judicio
1517 3217 1908 3272 arbitrandum.

496 3309 560 3363 ‘20
605 3312 1002 3368 Annotationes
1061 3312 1177 3367 fere
1217 3321 1506 3382 perpetuas
1562 3310 1770 3380 adjeci,
1826 3310 2024 3379 quibus

429 3417 536 3456 non
582 3405 757 3458 solum
805 3420 969 3459 voces
1023 3415 1077 3459 et
1119 3405 1388 3466 dictiones
1437 3404 1702 3474 quasdam
1761 3402 1977 3458 Graecas
2009 3445 2023 3468 ,

429 3497 687 3553 barbaras
713 3509 808 3552 aut
835 3499 1010 3554 minus
1055 3501 1300 3570 vulgatas
1347 3499 1647 3566 clucidavi;
1694 3497 1789 3552 sed
1822 3507 1876 3552 et
1903 3513 2029 3552 sen-

430 3589 630 3643 tentias
657 3605 900 3660 quasque
923 3594 1306 3659 obscuriores;
1341 3594 1652 3663 complures
1682 3591 1868 3647 itidem
1889 3607 2028 3661 quas-

429 3681 637 3737 stiones
681 3686 1012 3754 theologicas
1041 3685 1106 3740 ad
1140 3688 1498 3742 mouasticum
1549 3687 1851 3740 institutum
1907 3699 2027 3754 spe-

433 3786 664 3846 ctantes,
693 3794 891 3850 easque
921 3782 1203 3851 perutiles,
1236 3799 1302 3838 ex
1330 3781 1620 3837 occasione
1658 3788 2024 3844 occurrentes,

431 3879 630 3939 quanta
673 3874 820 3940 potui
879 3873 1137 3927 facilitate
1180 3883 1237 3929 et
1282 3875 1668 3944 perspicuitate
1718 3887 1818 3940 pro
1865 3881 2028 3938 captu

431 3964 708 4030 juniorum
737 3965 1046 4018 cxaminavi
1077 3983 1089 4016 :
1123 3965 1266 4018 unde
1295 3967 1449 4020 multi
1492 3965 1596 4018 loci
1617 3977 1934 4017 communes
1960 3962 2028 4015 de

432 4054 596 4110 rebus
637 4056 951 4110 monasticis
978 4057 1030 4108 in
1058 4071 1190 4111 usus
1238 4057 1580 4124 qumidianos
1625 4069 1688 4108 ae
1734 4053 2029 4107 familiares

432 4145 674 4216 depromi
729 4155 954 4216 queant.
1005 4147 1246 4216 Ingenue
1303 4149 1516 4202 interim
1574 4146 1750 4201 fateor
1800 4144 2030 4199 subinde

434 4237 672 4307 adjutum
700 4255 787 4295 me
809 4240 1174 4295 notationibus
1197 4247 1307 4293 tum
1336 4238 1558 4310 Cuychii
1579 4280 1593 4304 ,
1627 4249 1737 4292 tum
1764 4236 2026 4302 Ciaconii,

432 4347 567 4402 quas
611 4334 837 4402 proinde
863 4343 918 4389 et
947 4335 1112 4400 meis,
1149 4333 1364 4404 publico
1391 4333 1537 4388 bono
1591 4334 1914 4396 consulens,
1953 4332 2028 4385 ita

432 4424 724 4479 interserui
749 4467 764 4493 ,
799 4436 859 4479 ut
887 4437 1067 4482 tamen
1109 4441 1235 4480 suas
1284 4427 1478 4497 cuique
1534 4426 1740 4480 auctori
1777 4434 2029 4492 acceptas

431 4515 716 4581 referrem,
751 4518 886 4572 nihil
916 4519 1153 4573 alienum
1185 4517 1318 4572 mihi
1344 4518 1652 4573 vindicans.
1696 4517 1878 4586 Neque
1900 4531 2030 4571 vero

2122 1919 2411 1974 sententiis
2440 1928 2496 1972 et
2521 1916 2715 1987 elogiis
2743 1916 2844 1973 SS.
2877 1917 3097 1972 Patrum
3125 1914 3340 1982 Basilii,
3372 1912 3706 1983 Hieronymi,

2124 2009 2447 2078 Augustini,
2491 2007 2777 2077 Gregorii,
2804 2007 3142 2078 aliorumque
3182 2007 3386 2077 passim
3417 2004 3705 2069 illustravi,

2122 2111 2178 2156 et
2194 2101 2470 2166 roboravi,
2494 2110 2550 2156 et
2569 2115 2635 2156 ex
2650 2100 2758 2155 illis
2779 2100 3068 2156 nonnullas
3081 2097 3399 2158 selectiores
3417 2107 3474 2152 et
3495 2098 3706 2162 breves,

2124 2194 2270 2248 velut
2298 2194 2539 2250 stellulas
2569 2193 2972 2264 splendidiores
2992 2235 3007 2259 ,
3039 2194 3092 2247 in
3120 2207 3289 2247 unum
3333 2189 3589 2245 collectas
3610 2230 3624 2255 ,
3657 2196 3714 2243 et

2125 2289 2314 2342 ordine
2343 2288 2582 2358 digestas
2608 2289 2676 2343 ad
2720 2288 2923 2344 calcem
2973 2288 3154 2358 operis
3199 2287 3455 2357 seposui,
3525 2299 3632 2355 quo
3658 2292 3715 2341 et

2125 2380 2331 2436 facilius
2353 2383 2631 2438 memoriae
2653 2381 2976 2438 mandentur
2991 2397 3020 2436 a
3038 2380 3368 2451 junioribus,
3387 2390 3442 2434 et
3468 2378 3716 2435 tenacius

2124 2472 2439 2542 infigantur.

2195 2566 2260 2622 6ο
2289 2567 2369 2621 Ad
2393 2577 2721 2636 extremum,
2753 2583 2822 2624 ne
2842 2567 2973 2639 quid
2993 2568 3256 2623 lectorem
3277 2566 3333 2620 in
3353 2564 3514 2635 hujus
3535 2562 3721 2634 operis

2125 2659 2358 2716 decursu
2387 2663 2684 2729 remorari,
2743 2662 2830 2718 vel
2877 2661 3184 2731 offendere,
3232 2661 3320 2716 vel
3345 2659 3532 2730 quovis
3557 2656 3722 2713 modo

2126 2754 2181 2808 in
2222 2770 2463 2812 errorem
2493 2756 2749 2813 inducere
2787 2766 3011 2828 posset,
3044 2766 3245 2828 pratter
3289 2765 3506 2812 nostras
3546 2767 3718 2809 anno-

2125 2849 2396 2913 tationcs,
2451 2850 2613 2903 etiam
2657 2850 2795 2904 alias
2839 2851 3283 2917 observationes,
3338 2857 3393 2904 et
3441 2849 3720 2906 censorias

2126 2948 2286 2995 notas
2309 2950 2420 2996 tum
2449 2941 2710 3014 Cuychii,
2734 2951 2849 2998 tum
2878 2943 3118 3000 Ciaconii
3146 2942 3544 3013 adjnngendas,
3575 2950 3631 2996 et
3651 2939 3720 2995 ad

2126 3032 2331 3087 calcem
2362 3034 2548 3088 itidem
2579 3049 2684 3091 suo
2721 3036 2913 3090 ordine
2943 3035 3289 3091 collocandas
3315 3035 3490 3089 duxi:
3522 3033 3723 3105 quibus

2127 3129 2389 3184 antidotis
2418 3131 2658 3186 munitus
2686 3132 2917 3201 quilibet
2941 3132 3256 3186 Cassianum
3292 3131 3552 3200 deinceps
3582 3126 3724 3184 inof~

2129 3219 2281 3275 fenso
2311 3221 2448 3290 pede
2478 3233 2797 3291 percurrat,
2831 3221 3078 3292 nihilque
3109 3222 3252 3292 quod
3282 3222 3350 3277 ad
3390 3223 3572 3292 operis
3599 3235 3720 3290 per

2130 3311 2464 3380 fectionem,
2508 3314 2597 3369 vel
2648 3315 2813 3368 animi
2865 3315 2951 3369 sui
3005 3316 3349 3370 securitatem
3405 3313 3722 3384 pertineat,

2130 3405 2362 3474 amplius
2401 3405 2692 3461 desideret.
2735 3406 2882 3472 Quas
2912 3407 3133 3478 quidem
3165 3405 3574 3462 observationes
3600 3402 3726 3458 dili-

2129 3505 2318 3564 genter
2348 3496 2413 3552 iis
2454 3499 2828 3570 praelegendas
2860 3500 3064 3555 suadeo
3103 3509 3159 3555 et
3199 3513 3398 3555 moneo
3423 3539 3439 3566 ,
3484 3496 3575 3568 qui
3614 3506 3726 3551 non

2131 3603 2305 3658 usque
2331 3591 2471 3644 adeo
2498 3591 2552 3645 in
2581 3591 2666 3645 his
2711 3593 2946 3658 versati,
2995 3592 3164 3647 librOs
3215 3592 3519 3662 praesertim
3550 3590 3714 3646 Colla-

2131 3686 2374 3752 tionum,
2399 3686 2597 3755 alioqui
2631 3687 2974 3753 utilissimos,
3003 3696 3056 3742 et
3075 3702 3106 3740 a
3127 3687 3225 3741 SS.
3257 3687 3528 3751 Patribus,
3558 3685 3715 3738 Bene-

2132 3777 2312 3842 dicto,
2357 3778 2560 3833 Thema
2593 3778 2889 3848 Aquinate,
2943 3779 3201 3846 aliisque,
3256 3787 3314 3831 ut
3353 3776 3557 3832 dictum
3597 3784 3720 3843 est,

2131 3871 2234 3924 teri
2258 3871 2484 3938 solitos,
2525 3870 2728 3925 utiliter
2770 3886 2834 3924 ac
2855 3870 3150 3924 salubriter
3179 3883 3400 3924 versare
3425 3868 3725 3924 voluerint,

2133 3964 2329 4029 Habes,
2379 3965 2568 4028 lector,
2606 3979 2748 4033 quae,
2785 3964 2896 4018 Deo
2927 3963 3256 4028 auxiliante,
3289 3964 3342 4016 in
3365 3963 3524 4032 hujus
3548 3961 3728 4032 operis

2132 4055 2371 4110 editione
2400 4065 2665 4124 prazstarc
2704 4055 2928 4110 studui:
2975 4071 3097 4124 quae
3144 4056 3364 4126 quantis
3395 4054 3528 4109 mihi
3575 4054 3729 4109 tabo:

2133 4146 2280 4200 ribus
2310 4148 2694 4215 constiterint,
2727 4148 2918 4203 melius
2944 4149 3089 4217 ipse,
3123 4163 3211 4204 me
3252 4156 3496 4216 tacente,
3537 4159 3726 4202 cense--

2133 4241 2237 4296 his.
2264 4242 2371 4298 Sed
2403 4258 2609 4312 magna
2631 4243 2896 4298 mercedis
2920 4243 3041 4298 loco
3073 4241 3207 4296 mihi
3239 4241 3476 4297 futurum
3532 4238 3725 4295 existi-

2134 4348 2274 4388 mem
2299 4379 2314 4405 ,
2349 4335 2393 4389 si
2427 4335 2528 4389 hoc
2555 4335 2652 4390 Dei
2677 4336 2803 4405 Opt.
2835 4335 2978 4390 Max.
3011 4334 3276 4390 beneflcio
3331 4348 3619 4402 assequar,
3669 4341 3725 4387 ut

2133 4425 2335 4495 aliquid
2366 4425 2535 4497 frugis
2559 4468 2575 4493 ,
2607 4437 2660 4482 et
2691 4427 2942 4482 utilitatis
2972 4426 3237 4499 spiritalis
3280 4426 3539 4482 fratribus
3588 4424 3724 4481 meis

2133 4517 2498 4575 Benedictina:
2526 4519 2740 4574 familia:
2770 4520 3022 4587 alumnis,
3054 4530 3108 4574 et
3131 4521 3393 4581 κοινοϐίοις
3420 4519 3521 4575 hac
3547 4517 3723 4589 opella

431 4607 564 4662 mihi
591 4609 792 4663 excidit
842 4609 975 4663 illud
1029 4608 1184 4663 Plinii
1218 4607 1481 4681 (Prwfat.
1515 4609 1656 4663 Hist.
1693 4606 1860 4677 Nat.)
1889 4646 1905 4673 ,
1959 4605 2029 4661 ad
2058 4626 2114 4687 D
2137 4612 2419 4680 conferre,
2451 4621 2507 4668 et
2535 4613 2621 4666 vel
2658 4613 2766 4667 duo
2793 4613 2986 4666 saltem
3021 4611 3230 4666 minuta
3253 4612 3322 4667 de
3354 4611 3575 4680 penuria
3602 4625 3723 4666 mea

431 4699 824 4771 Vespasianum
877 4705 1012 4757 scite
1049 4703 1360 4772 scriptum:
1417 4703 1715 4772 Beuignum
1758 4716 1918 4768 esse,
1972 4711 2030 4756 et

433 4793 647 4864 ingenui
679 4795 894 4863 plenum
921 4796 1144 4865 pudoris
1169 4796 1323 4850 fateri
1341 4810 1436 4865 per
1457 4811 1594 4866 quos
1608 4794 2020 4866 profecerimus.

500 4888 561 4941 3°
614 4887 785 4942 Porro
841 4888 1090 4959 antiquos
1146 4889 1316 4956 ritus,
1375 4899 1431 4944 et
1479 4891 1726 4944 instituta
1779 4898 2022 4945 veterum

427 4979 822 5034 monachorum
848 4991 960 5035 tum
992 4983 1044 5035 in
1069 4981 1274 5037 Officiis
1301 4980 1505 5037 divinis
1534 4983 1872 5055 peragendis,
1907 4993 2021 5038 tum

429 5071 482 5124 in
511 5072 630 5126 aliis
662 5073 1144 5129 exercitationibus
1174 5075 1424 5130 asceticis
1452 5077 1668 5131 curiose
1695 5077 2018 5141 observavi,

426 5171 481 5216 et
509 5165 658 5218 velut
701 5168 754 5220 in
789 5168 968 5221 tabula
999 5167 1213 5237 depicta
1250 5170 1440 5224 lectori
1491 5169 1800 5240 diligentius
1855 5168 2024 5239 inspi-

426 5257 616 5312 cienda
639 5268 693 5313 et
715 5261 1129 5330 contemplanda
1155 5264 1412 5330 pr0posui
1447 5280 1459 5315 :
1500 5278 1567 5316 ex
1591 5264 1787 5332 quibus
1809 5262 2018 5326 itidem,

428 5357 697 5418 tamquam
733 5354 866 5408 locis
888 5355 1303 5424 communibus,
1337 5355 1716 5424 antiquitatum
1759 5355 2023 5409 monasti-

425 5455 610 5496 carum
659 5446 937 5503 studiosus
992 5449 1296 5520 intelligat,
1351 5449 1550 5520 quibus
1597 5451 1912 5506 auctoribus
1963 5459 2021 5504 et

423 5531 871 5594 observatoribus
928 5540 1242 5612 hujusmodi
1296 5540 1433 5598 ritus
1471 5585 1488 5611 ,
1547 5553 1600 5598 et
1657 5541 2019 5597 observantia:

423 5629 779 5700 monasticae,
808 5633 1003 5703 quibus
1043 5649 1236 5706 magna
1270 5649 1396 5704 pars
1426 5634 1688 5706 regularis
1715 5633 2020 5704 discipline

423 5722 733 5781 continetur
754 5767 768 5793 ,
810 5727 967 5797 quasi
995 5743 1090 5798 per
1127 5744 1326 5787 manus
1357 5729 1574 5789 tradita:
1597 5728 1666 5790 ad
1692 5743 1794 5790 nos
1823 5745 2020 5803 perve-

425 5813 630 5870 nerint.
1637 5843 1647 5850 -

2141 4707 2196 4761 in
2227 4721 2441 4761 sacrum
2459 4707 2651 4761 domus
2676 4706 2773 4761 Dei
2795 4705 3246 4777 gazophylacium
3272 4703 3476 4760 inferre
3515 4717 3722 4759 merear

2139 4801 2159 4872 (
2186 4799 2314 4855 Luc.
2365 4814 2458 4852 χχι
2477 4797 2518 4868 ).

2207 4891 2366 4961 Agite
2406 4889 2598 4960 igitur,
2655 4889 2851 4944 fratres
2878 4890 2932 4944 in
2963 4885 3178 4944 Christo
3224 4885 3728 4959 dilectissimi(vos

2135 4983 2279 5039 enim
2336 4998 2447 5052 prae
2495 4983 2706 5037 caeteris
2761 4981 3068 5052 compello,
3140 4982 3336 5052 quibus
3382 4980 3726 5050 potissimum

2135 5084 2326 5130 noster
2367 5075 2456 5130 hic
2497 5076 2684 5140 labor,
2744 5086 2798 5130 et
2841 5083 3066 5130 conatus
3119 5073 3478 5145 desudavit);
3534 5071 3676 5142 agite
3705 5111 3724 5137 ,

2133 5171 2385 5240 inquam,
2416 5177 2472 5225 et
2499 5168 2814 5224 Cassianum
2868 5169 3037 5223 multo
3067 5167 3252 5223 labore
3297 5167 3451 5222 vobis
3497 5177 3727 5234 appara-

2135 5271 2270 5328 tum,
2305 5262 2470 5316 tnulta
2515 5261 2682 5315 animi
2711 5260 3002 5316 devotione
3030 5259 3264 5315 dicatum
3307 5274 3370 5313 ac
3392 5256 3726 5314 destinatum

2132 5353 2311 5409 obviis
2343 5354 2484 5408 ulnis
2513 5355 2780 5424 excipite,
2824 5363 2878 5408 et
2905 5362 3120 5424 gratum
3160 5351 3464 5421 hospitem;
3486 5361 3726 5420 eumque

2135 5445 2581 5502 facundissimum
2627 5448 2788 5502 tantis
2833 5447 3025 5517 elogiis
3056 5456 3110 5501 et
3138 5445 3422 5514 praeconiis
3448 5458 3725 5499 commen-

2132 5540 2320 5598 datum
2365 5542 2488 5597 laeta
2531 5541 2710 5597 fronte
2753 5551 2807 5597 et
2845 5550 2997 5611 grato
3046 5540 3229 5595 animo
3258 5536 3725 5610 complectimini,

2132 5637 2362 5711 etquod
2402 5654 2434 5694 a
2463 5637 2617 5694 vobis
2658 5637 2719 5692 D.
2751 5635 3113 5702 Benedictus,
3157 5643 3216 5690 ut
3268 5644 3425 5704 pater
3477 5647 3508 5686 a
3553 5629 3722 5700 filiis,

2131 5733 2392 5804 magister
2427 5746 2460 5786 a
2487 5729 2774 5802 discipulis
2804 5727 3086 5798 exposcit,
3119 5726 3262 5797 quod
3294 5724 3384 5781 alii
3407 5723 3506 5780 SS.
3533 5723 3730 5778 Patres

2135 5845 2236 5889 suo
2255 5829 2538 5901 exemplo,
2578 5838 2633 5886 et
2658 5824 3003 5897 hortatione,
3049 5833 3106 5883 et
3131 5819 3414 5893 multiplici
3447 5817 3627 5878 fructu
3653 5830 3726 5877 ex
