4026 6334
285 395 344 456 is
671 347 678 352 ’
945 397 1354 460 iLLusriuuu
1395 393 1704 457 VIRORUM
1743 397 1836 454 ne
1871 395 1893 456 ι

2009 399 2292 458 ASSIANO
2329 395 2769 458 TESTIMONIA.
3491 399 3563 460 46

297 509 532 568 Cassiani
571 509 820 570 lectione
858 525 1118 586 percepto
1165 513 1492 584 docuerunt,
1546 526 1832 572 suaserunt
1857 556 1876 584 ,
1901 519 1956 580 ,Α
1979 517 2262 574 sententia:
2284 533 2410 574 vere
2437 519 2750 588 apostolicae
2775 559 2792 586 ,
2823 525 2878 572 et
2914 517 3096 574 aureis
3147 513 3342 574 litteris
3386 515 3565 572 consi-

303 603 436 662 ὶιυιιο
1983 610 2240 682 gnandte,
2282 610 2447 666 subiit
2474 611 2602 666 mihi
2629 611 2684 666 in
2705 623 2940 666 mentem
2967 609 3055 666 his
3079 609 3330 667 versibus
3357 617 3567 664 extem-

445 695 1115 762 Nocturnaversatemanu,
1139 707 1332 750 versate
1351 699 1539 752 diurna.
1985 704 2266 772 poraneis,
2320 711 2376 760 et
2424 703 2491 758 ad
2552 715 2763 774 captum
2809 703 3084 774 iuniorum
3143 701 3569 760 accommodatis

1985 795 2244 864 alludere,
2263 811 2464 868 eosque
2489 797 2606 852 vice
2629 797 2904 852 coronidis
2927 797 3054 854 huic
3076 797 3377 868 ιιι-πτειῑίοηί
3400 797 3568 852 ascri-

1984 887 2138 954 bere,
2167 887 2363 958 quibus
2414 888 2530 959 ipse
2577 905 2662 943 me
2693 889 2922 958 primum
2949 929 2965 956 ,
3011 899 3122 944 tum
3157 899 3382 944 caeteros
3433 903 3568 942 mem

1919 777 1927 816 l

369 843 520 900 Hunc
540 845 706 902 veluti
739 847 1028 916 speculum
1053 847 1440 902 monachorum
1457 887 1472 912 ,
1505 848 1670 902 immo
1697 849 1882 903 vivam
1914 835 1918 838 ’

306 937 612 992 monasticae
663 941 790 994 vitae
815 937 1048 1008 effigiem
1095 939 1248 994 vobis
1293 939 1614 1010 proponite,
1663 941 1732 996 ab
1779 939 1882 996 hoc

307 1041 488 1082 verum
513 1037 566 1084 et
595 1027 898 1099 perfectura
923 1031 1242 1084 onachum
1265 1031 1402 1084 vivis
1427 1030 1700 1086 coloribus
1723 1045 1882 1086 accu—

305 1119 568 1176 ratissime
595 1119 875 1191 depictum
895 1161 910 1187 ,
949 1131 1006 1176 et
1033 1123 1144 1176 suis
1175 1122 1425 1176 omnibus
1451 1123 1692 1178 numeris
1721 1123 1884 1180 abso-

301 1211 470 1266 ltttu
497 1213 914 1283 recognoscite:
943 1213 1012 1267 ab
1035 1213 1138 1269 hoc
1163 1213 1398 1284 denique
1423 1215 1592 1270 totius
1617 1215 1888 1286 regularis

301 1305 602 1375 disciplina:
659 1307 1050 1362 institutionem
1073 1347 1090 1372 ,
1145 1317 1202 1360 et
1251 1321 1436 1362 veram
1493 1307 1888 1378 consequentia

301 1399 654 1466 perfectionis
705 1399 880 1460 viam,
923 1413 986 1452 ac
1035 1399 1302 1454 rationem
1331 1415 1362 1452 a
1390 1399 1488 1455 SS.
1539 1399 1788 1454 Pati-ibus
1833 1409 1890 1454 et:

300 1491 494 1560 priscis
541 1491 826 1546 monachis
853 1492 1136 1556 traditam,
1169 1503 1484 1564 usurpatam
1523 1503 1576 1548 et
1603 1494 1880 1560 calcatum,

299 1582 614 1652 pet-discite.
659 1583 858 1639 Verum
887 1583 1022 1638 illud
1045 1595 1407 1652 mementote,
1435 1594 1692 1656 quantum
1723 1589 1888 1642 inter-

297 1676 366 1730 sit
387 1676 536 1730 inter
563 1677 800 1731 factores
831 1677 968 1746 legis
987 1717 1001 1742 ,
1034 1687 1090 1732 et
1133 1677 1406 1733 auditores
1427 1721 1442 1747 ,
1491 1679 1606 1734 sive
1633 1681 1882 1734 lectores.

299 1765 420 1820 Non
447 1770 594 1820 enim
630 1769 894 1822 auditores
923 1769 1050 1838 legis
1098 1769 1220 1838 iusti
1249 1779 1370 1822 sunt
1399 1773 1536 1838 apud
1567 1773 1770 1838 Deum;
1798 1771 1890 1824 sed

299 1861 518 1928 factores
562 1859 688 1930 tegis
731 1860 1150 1928 iustiﬁcabuntur
1193 1861 1383 1930 (Rom.
1417 1863 1510 1932 ιι).
1539 1862 1724 1918 Liceat
1759 1877 1888 1934 ergo

297 1953 478 2008 verbm
521 1952 750 2020 apostoli
786 1953 970 2008 Jacobi
1013 1968 1108 2008 vos
1155 1969 1502 2010 commonere
1539 1973 1550 2008 :
1601 1954 1778 2010 Estote
1815 1959 1896 2026 fa-

298 2054 458 2098 rtores
539 2046 678 2098 uerbi
701 2085 716 2109 ,
771 2055 822 2099 et
877 2063 978 2100 non
1031 2048 1292 2102 auditores
1357 2059 1591 2112 tantum,
1660 2051 1896 2120 {attentos

297 2137 634 2204 semetipsos
664 2153 684 2190 :
722 2139 846 2207 quia
885 2139 930 2192 si
970 2141 1084 2208 quis
1123 2141 1324 2194 auditor
1373 2149 1448 2194 est
1489 2141 1658 2204 certis,
1703 2151 1748 2194 et
1791 2157 1896 2194 non

297 2233 498 2300 factor,
553 2229 638 2283 hic
701 2233 1086 2301 comparabitur
1135 2235 1244 2288 viro
1301 2235 1646 2290 consideranti
1697 2236 1896 2289 vultum

299 2327 580 2380 natiuitatis
627 2341 734 2380 suae
773 2327 828 2380 in
877 2327 1080 2394 speculo
1112 2343 1131 2381 :
1171 2329 1510 2384 consideravit
1559 2331 1692 2384 enim
1730 2345 1804 2396 se,
1847 2337 1900 2384 et

298 2421 440 2485 abiit,
489 2429 542 2474 et
587 2422 762 2474 statim
804 2421 988 2475 oblitus
1027 2429 1100 2476 est
1144 2423 1312 2490 qualis
1357 2423 1526 2492 fuerit.
1581 2421 1681 2489 Qui
1725 2429 1896 2475 autem

299 2513 624 2579 perspexerit
673 2512 726 2565 in
775 2513 886 2584 tege
935 2517 1173 2583 perfecta:
1223 2513 1472 2568 libertatis
1495 2555 1508 2578 ,
1561 2523 1610 2568 et
1659 2529 1892 2584 perman-

301 2605 424 2656 serit
457 2605 514 2658 iis
541 2621 636 2670 ea,
667 2619 772 2658 non
816 2605 1024 2660 auditor
1055 2606 1326 2660 obliuiosus
1369 2609 1536 2677 factus
1555 2647 1570 2672 ,
1595 2605 1684 2660 sed
1731 2607 1896 2676 factor

305 2697 496 2766 opais,
545 2697 628 2750 hic
685 2698 862 2752 beatus
909 2701 962 2752 in
1015 2703 1154 2770 facto
1209 2715 1302 2755 suo
1355 2701 1452 2754 erit
1497 2699 1642 2772 (Jac.
1675 2697 1748 2772 ι).
1795 2697 1896 2752 Cui

1923 1907 1970 1965 Β

1985 980 2308 1036 conditionis
2333 991 2616 1038 consortes
2647 983 2942 1038 monachos
2965 983 3036 1038 ita
3064 983 3310 1054 alloquor
3340 993 3396 1040 et
3420 998 3568 1038 com—

1986 1073 2287 1130 monefacio
2317 1091 2333 1130 :

2082 1253 2204 1315 Quid
2227 1253 2404 1303 frustra
2427 1253 2646 1302 monachi
2665 1255 2836 1316 pergis
2853 1259 3036 1316 jactare
3061 1251 3334 1316 cucullam?

2173 1316 2282 1366 Non
2300 1317 2450 1365 vestis
2472 1315 2788 1377 monachum}
2817 1315 2984 1376 praxis
3005 1325 3054 1364 at
3071 1317 3170 1376 ipsa
3191 1315 3317 1364 facit.

2083 1378 2162 1429 Nil
2183 1392 2362 1426 nomen
2381 1379 2626 1440 monachi,
2647 1377 2714 1426 nil
2733 1387 2868 1426 certa
2889 1380 3089 1440 scientia
3111 1391 3318 1440 morum,

2175 1441 2268 1498 Qui
2293 1439 2574 1489 monachum
2600 1439 2832 1502 doceant,
2859 1439 3021 1500 praxis
3045 1445 3092 1487 at
3117 1439 3217 1500 ipsa
3235 1441 3384 1498 juvat.

2087 1503 2258 1552 Praxis
2275 1503 2424 1550 habet
2447 1501 2694 1558 meritum,
2719 1501 2884 1562 praxis
2905 1501 2998 1549 sibi
3025 1505 3222 1563 prmus
3241 1503 3390 1563 regi

2173 1563 2396 1614 Vindicat
2429 1564 2630 1624 aeterni;
2659 1564 2824 1624 praxis
2846 1565 2904 1611 ad
2931 1571 3056 1624 astra
3077 1562 3228 1611 vehit.

2084 1627 2174 1676 Vis
2195 1639 2360 1674 veram
2379 1625 2600 1673 monachi
2619 1623 2730 1673 cum
2755 1625 2953 1674 nomine
2975 1623 3106 1672 ferre
3129 1623 3402 1673 cucullum?

2175 1686 2272 1737 Fac
2301 1689 2496 1748 dignam
2525 1687 2742 1734 monachi
2765 1689 2960 1734 nomine
2981 1689 3152 1746 praxin
3171 1699 3324 1732 antes.

2086 1749 2150 1800 At
2169 1762 2332 1798 veram
2357 1749 2578 1798 monachi
2601 1749 2896 1808 dignamque
2921 1750 3012 1796 hnc
3031 1750 3222 1810 nomine
3247 1747 3438 1810 praxim

2177 1811 2382 1860 Discere
2409 1811 2448 1858 si
2474 1811 2646 1870 gestis,
2673 1810 2798 1858 hanc
2823 1811 2948 1858 liber
2973 1809 3062 1856 iste
3085 1809 3242 1858 docet.

2091 1873 2280 1934 Ecquid
2305 1874 2433 1920 enim
2456 1881 2678 1920 veterum
2703 1885 2883 1934 mores,
2913 1871 3240 1932 exemplaque
3261 1871 3479 1934 Patrum,

2187 1931 2340 1993 Quam
2363 1934 2586 1982 m0nachi
2607 1933 2882 1994 speculum,
2911 1941 3144 1992 certaque
3162 1931 3328 1982 norma
3353 1931 3476 1982 fuit?

2097 1995 2244 2046 Disce
2271 2009 2392 2056 ergo
2413 1995 2629 2043 monachi
2652 2007 2760 2056 quae
2778 1997 2839 2042 sit
2863 1995 3128 2042 certissima
3151 1995 3332 2056 praxis,

2189 2058 2426 2118 Exemplo
2451 2067 2691 2112 veterum,
2719 2059 2802 2118 qui
2827 2059 3053 2118 praeiere,
3085 2057 3296 2104 Patrum.

2099 2121 2164 2170 Αι
2180 2119 2408 2168 didicisse
2429 2131 2592 2180 parum
2615 2127 2721 2182 est.
2735 2121 2826 2166 nisi
2851 2131 2954 2182 res,
2973 2119 3238 2182 praxisque
3261 2123 3526 2182 sequatur;

2191 2179 2588 2240 Qumlque’scias,
2615 2179 2754 2228 factis
2781 2187 2830 2228 te
2854 2181 3082 2229 didicisse
3109 2179 3300 2240 probes.
3337 2179 3350 2182 ⁷
3593 2179 3610 2200 ’·

2099 2244 2304 2294 Scilicet.
2323 2243 2370 2289 in
2389 2243 2588 2304 speculo
2605 2243 2760 2302 quise
2781 2243 3046 2302 spectando
3065 2243 3312 2304 tumescit,

2191 2305 2418 2353 Protinus
2431 2305 2468 2352 it.
2486 2303 2642 2352 vultus
2665 2307 2918 2352 immemor
2943 2303 3058 2352 inde
3083 2305 3174 2352 sui.

2097 2367 2184 2416 Sic
2208 2378 2389 2426 exgicrs
2413 2379 2634 2424 operum,
2657 2371 2707 2412 et
2729 2371 2909 2412 sancta:
2925 2365 3194 2426 Spt’CltlailO
3219 2367 3381 2426 praxis

2191 2427 2266 2479 Nil
2280 2425 2470 2489 praeter
2487 2427 2702 2476 monachi
2731 2437 2910 2474 nomen
2933 2427 3078 2475 inane
3099 2425 3272 2476 refert.

2007 2601 2208 2668 Valete,
2237 2601 2434 2658 fratres
2457 2601 2512 2656 in
2541 2599 2756 2656 Christo
2795 2601 3172 2670 dilectissimi,
3203 2611 3258 2660 et
3287 2603 3582 2666 fraternam

2007 2693 2362 2750 monitionem
2393 2695 2530 2765 aequi
2573 2696 2808 2766 bonique
2837 2697 3121 2752 consulite.

315 2824 3574 2852 ~_________________________________________________

313 2921 1038 3010 ILLUSTRIUM
1121 2927 1696 3010 VIRORUM
1781 2923 1941 3008 DE
2036 2925 2124 3006 J.
2205 2920 2766 3014 CASSIANO
2842 2927 3578 3017 TESTIMONIA.

408 3203 470 3258 S.
505 3201 732 3277 Prosper
757 3205 1092 3274 Aquitanicus
1122 3205 1174 3258 in
1206 3203 1488 3271 Chronico,
1512 3222 1601 3260 an.
1635 3201 1740 3256 456
1771 3223 1782 3256 :

377 3295 615 3352 Joannes
663 3295 957 3352 Monachus
985 3307 1346 3366 cognomento
1377 3295 1675 3350 Cassianus
1707 3293 1896 3350 Massi-

305 3387 387 3443 liae.
415 3389 650 3460 insignis
680 3398 736 3444 et
761 3389 1020 3444 facundus
1046 3391 1279 3460 scriptor
1306 3389 1560 3444 habetur.

553 3479 704 3536 Idem
735 3481 788 3536 in
815 3481 1066 3552 opusculo
1095 3491 1274 3536 contra
1304 3483 1618 3538 Collatorcm
1641 3501 1660 3538 :

369 3571 552 3630 Unius
593 3575 938 3646 potissimum
982 3573 1352 3630 definitionem
1383 3618 1396 3644 ,
1441 3591 1598 3645 quem
1649 3589 1756 3630 non
1796 3574 1896 3630 du-

311 3667 456 3721 bium
488 3679 574 3722 est
602 3667 710 3721 illis
741 3665 992 3721 omnibus
1039 3667 1096 3721 in
1143 3678 1452 3723 sanctarum
1485 3665 1892 3737 Scripturarum

311 3757 488 3813 studio
511 3769 800 3828 praestare,
833 3757 1152 3814 referemus.

791 3848 863 3902 Et
887 3851 1066 3922 paucis
1087 3851 1369 3926 interjectis
1393 3867 1412 3906 .'

375 3943 548 4014 Igitur
591 3945 648 3998 in
689 3944 856 4010 libro,
891 3943 1044 4014 cujus
1073 3947 1396 4016 prienotatio
1425 3953 1544 4001 est:
1597 3943 1672 4002 De
1711 3953 1896 4016 prote-

311 4036 484 4090 ctione
511 4035 637 4105 Dei,
671 4035 752 4090 vir
775 4035 990 4106 quidam
1023 4035 1377 4092 sacerdotalis
1407 4037 1634 4104 ordinis,
1666 4037 1756 4108 qui
1781 4037 1896 4092 dis-

313 4127 534 4196 putandi
582 4141 684 4182 usu
727 4129 872 4184 inter
911 4145 1004 4186 eos
1031 4171 1047 4198 ,
1090 4131 1410 4201 quibuscum
1460 4131 1610 4202 egit,
1654 4131 1890 4200 excellit,

313 4217 562 4273 abbatem
585 4219 874 4290 quemdam
899 4219 1195 4278 introducit
1231 4221 1302 4280 de
1328 4225 1499 4294 gratia
1529 4233 1584 4278 et
1609 4223 1782 4278 libero
1809 4237 1894 4276 ar-

313 4307 472 4363 bitrio
493 4311 880 4366 disserentem.

383 4400 567 4458 Castor
596 4407 866 4476 cpiscopus
895 4408 1135 4534 Aptensis
1173 4411 1227 4462 in
1257 4409 1474 4482 epistola
1499 4409 1726 4464 lintinari
1753 4407 1824 4462 ad

975 4495 1236 4534 assiduum
1259 4496 1280 4534 :

975 4481 1236 4534 assiduum
1259 4496 1280 4534 :

1919 3205 1966 3268 C

2619 3203 2688 3258 Et
2715 3221 2834 3273 cap.
2869 3205 2936 3260 7'5
2961 3223 2974 3256 :

2075 3298 2158 3354 Ad
2183 3297 2576 3368 perfectionem
2599 3297 3034 3354 conversationis
3053 3297 3150 3368 qui
3171 3297 3584 3364 festinant,sunt

2001 3391 2266 3448 doctrinae
2324 3401 2636 3448 sanctorum
2684 3391 2946 3446 Patrum:
2994 3405 3222 3462 quarum
3278 3391 3586 3446 observatio

2001 3483 2253 3556 perducit
2313 3484 2584 3538 hominem
2651 3483 2717 3538 ad
2765 3481 3142 3538 celsitudinem
3192 3484 3581 3552 perfectionis:

2005 3591 2126 3647 qua:
2149 3577 2291 3632 enim
2315 3575 2506 3646 pagina
2527 3616 2542 3640 ,
2576 3583 2666 3628 aut
2708 3574 2828 3644 quis
2865 3589 3047 3630 sermo
3071 3575 3270 3630 divina:
3293 3575 3586 3630 auctorita-

2005 3670 2098 3736 tis,
2125 3669 2334 3724 Veteris
2358 3683 2421 3724 ac
2451 3669 2576 3722 novi
2607 3665 2938 3722 Testamenti
2965 3711 2980 3734 ,
3012 3683 3120 3722 non
3153 3677 3242 3724 est
3281 3667 3586 3722 rectissima

2003 3775 2194 3817 norma
2223 3761 2347 3814 vita:
2377 3759 2668 3814 humanae?
2715 3769 2806 3812 aut
2830 3759 2949 3828 quis
2977 3759 3115 3814 liber
3145 3769 3456 3814 sanctorum
3485 3773 3582 3814 ca-

2003 3851 2330 3906 tholicorum
2359 3849 2578 3906 Patrum
2607 3848 2711 3904 hoc
2741 3865 2848 3904 non
2871 3861 3114 3914 resonat,
3161 3859 3220 3904 ut
3243 3863 3394 3906 recto
3417 3865 3582 3906 cursu

2003 3945 2390 4016 perveniamus
2430 3944 2496 3998 ad
2541 3943 2852 3999 Creatorem
2897 3944 3186 3998 nostrum?
3233 3957 3334 3998 nec
3379 3958 3486 3998 non
3527 3949 3588 3998 et

2001 4033 2330 4090 Collatioues
2373 4033 2616 4100 Patrum,
2666 4043 2718 4088 et
2747 4033 2991 4088 instituta
3020 4045 3074 4088 et
3103 4033 3224 4088 vita:
3251 4033 3497 4102 illorum,
3530 4041 3588 4087 et

2003 4127 2206 4198 Regula
2221 4128 2394 4182 sancti
2415 4127 2590 4182 Patris
2609 4127 2779 4180 nostri
2795 4127 2980 4181 Basilii
2999 4127 3124 4195 quid
3146 4127 3288 4182 aliud
3313 4137 3458 4192 sunt,
3483 4123 3588 4180 nisi

2005 4219 2146 4273 bene
2163 4219 2480 4284 viventium,
2506 4227 2560 4273 et
2587 4218 2958 4274 obedientium
2981 4219 3368 4274 monachorum
3400 4233 3586 4276 exem-

2005 4311 2092 4380 pla
2117 4321 2172 4366 et
2201 4313 2557 4366 instrumenta
2584 4311 2881 4366 virtutum?

2133 4401 2431 4458 Gennadius
2463 4403 2724 4474 presbyter
2757 4401 3096 4474 Massiliensis
3117 4405 3172 4456 in
3203 4401 3452 4474 Catafogo

2470 4471 2764 4527 litasti-ium
2791 4471 3030 4527 Virorum
3055 4483 3080 4510 ιι
3107 4489 3122 4528 :

377 4567 592 4624 Damno
617 4571 925 4628 sanctitatis
959 4573 1182 4644 speciali
1215 4573 1385 4644 gloria
1411 4573 1690 4640 decorata,
1731 4583 1898 4644 atque
1925 4597 1988 4658 Π
2077 4569 2368 4628 Cassianus
2391 4609 2406 4632 ,
2461 4567 2681 4622 natione
2745 4565 2940 4636 Scytha
2965 4610 2978 4630 ,
3037 4561 3504 4635 Constantinopoli
3554 4579 3586 4658 a

313 4673 408 4728 per
433 4663 612 4718 omnia
643 4667 1000 4722 memorando
1035 4685 1050 4720 :
1082 4667 1174 4723 sed
1215 4675 1272 4722 et
1313 4667 1660 4722 scientiarum
1695 4667 1902 4722 decore

309 4753 560 4824 pollenti,
595 4757 740 4812 Patri
771 4759 984 4814 scilicet
1010 4759 1273 4815 Cassiano
1298 4759 1510 4828 Castor,
1543 4769 1650 4817 etc.

591 4847 654 4906 3.
687 4847 996 4906 Benedictus
1027 4854 1080 4906 in
1111 4851 1314 4926 Regula
1345 4871 1463 4923 cap.
1495 4853 1564 4910 24
1594 4873 1606 4906 :

378 4939 626 4995 lonachi
657 4944 802 4998 omni
836 4953 1106 5014 tempore,
1135 4945 1248 5001 sive
1273 4947 1468 5016 jejunii
1487 4991 1500 5012 ,
1537 4947 1650 5002 sive
1681 4943 1896 5016 prandii

301 5029 490 5099 fuerit,
519 5047 643 5088 mox
673 5042 732 5089 ut
777 5037 1114 5092 surrexerint
1141 5053 1168 5090 a
1200 5051 1350 5094 coma
1373 5080 1389 5106 ,
1433 5039 1660 5094 sedeant
1704 5051 1898 5094 omnes

299 5123 360 5179 in
381 5141 548 5181 unum
589 5169 604 5194 ,
645 5137 724 5183 ett
746 5127 890 5198 legat
935 5145 1071 5185 unus
1116 5129 1467 5196 Collationes,
1511 5133 1594 5187 vel
1623 5131 1764 5187 vitas
1793 5129 1896 5186 P‘a—

302 5227 490 5285 trum,
534 5229 629 5273 aut
684 5231 840 5277 certe
877 5221 1080 5293 aliquid
1129 5225 1272 5294 quod
1316 5223 1548 5279 aedificet
1590 5223 1890 5280 audientes.

299 5303 400 5380 (Et
421 5309 566 5379 infra
589 5311 654 5382 ε)
705 5311 770 5368 Si
795 5324 974 5368 autem
1001 5313 1197 5384 jejunii
1226 5315 1344 5370 dies
1369 5313 1570 5382 fuerit,
1616 5317 1760 5370 dicta
1791 5315 1894 5371 Ve-

295 5413 485 5466 Spera,
519 5417 690 5472 parvo
720 5406 1008 5462 intervallo
1037 5422 1164 5462 mox
1195 5407 1457 5463 accedant
1499 5409 1568 5462 ad
1599 5409 1888 5463 lectionem

295 5491 681 5566 Collationum,
709 5505 772 5552 ut
800 5499 1056 5565 diximus,
1084 5509 1139 5556 et
1161 5499 1315 5556 lectis
1363 5511 1600 5572 quatuor
1627 5510 1718 5556 aut
1739 5501 1890 5570 quin-

293 5601 400 5656 que
429 5587 612 5660 foliis,
642 5593 736 5648 vel
754 5601 1016 5663 quantum
1050 5593 1182 5650 hora
1213 5595 1506 5665 permittit,
1555 5593 1805 5650 omnibus
1835 5591 1896 5649 in

293 5693 460 5736 unum
481 5686 926 5754 accurrentibus,
949 5701 1046 5757 per
1078 5687 1214 5744 hanc
1240 5703 1452 5743 moram
1476 5685 1747 5752 lectionis,
1781 5694 1892 5742 etc.

368 5822 394 5851 ⁸
432 5815 572 5873 Idem
629 5817 804 5872 habet
848 5816 1120 5873 Honorius
1169 5816 1674 5886 Augustodunensis
1711 5835 1722 5868 :
1775 5815 1886 5870 nisi

289 5886 434 5958 quod
459 5903 560 5960 pro
587 5887 804 5960 Scytha
836 5887 1026 5946 Afrum
1061 5891 1288 5956 astruit;
1328 5897 1384 5946 et
1409 5889 1744 5962 singularum
1769 5887 1886 5946 col-

2005 4665 2209 4721 Joanne
2259 4661 2448 4731 Magno
2503 4660 2756 4730 episcopo
2799 4657 3060 4712 diaconus
3109 4657 3411 4724 ordinatus,
3445 4653 3590 4724 apud

2005 4755 2294 4812 Massiliam
2325 4751 2630 4823 presbyter,
2661 4747 2903 4803 condidit
2951 4749 3080 4814 duo,
3115 4749 3166 4804 id
3208 4761 3311 4813 est,
3341 4749 3586 4802 virorum

2005 4856 2060 4904 et
2091 4847 2376 4902 mulierum
2405 4835 2734 4899 monasteria
2759 4885 2773 4906 ,
2799 4857 2920 4911 qua:
2961 4859 3133 4914 usque
3161 4842 3322 4899 hodie
3349 4847 3588 4896 exstant.

2007 4939 2241 5010 Scripsit
2287 4934 2620 5006 experientia
2667 4933 3060 5002 magistrante,
3106 4935 3268 5004 plano
3309 4943 3362 4987 et
3391 4932 3590 4986 librato

2011 5045 2264 5088 sermone
2290 5071 2304 5096 ,
2335 5035 2395 5083 ut
2423 5039 2476 5084 et
2504 5027 2747 5097 apertius
2775 5025 2947 5080 dicam
2975 5067 2990 5094 ,
3035 5041 3196 5082 sensu
3233 5025 3392 5079 verba
3441 5025 3591 5078 inve-

2011 5123 2190 5191 niens,
2221 5129 2278 5178 et
2305 5122 2520 5176 actione
2541 5119 2775 5188 linguam
2807 5133 3064 5184 movens,
3093 5133 3182 5172 res
3204 5116 3444 5170 omnium
3475 5129 3592 5168 mo-

2009 5217 2312 5273 nachorum
2341 5211 2664 5285 professioni
2693 5211 3051 5274 necessarias,
3085 5207 3135 5262 id
3162 5217 3265 5274 est,
3299 5205 3368 5262 de
3401 5206 3591 5261 habitu

2013 5307 2290 5372 monachi,
2319 5305 2389 5362 de
2415 5305 2674 5360 canonico
2709 5304 3012 5356 orationum
3052 5309 3212 5368 atque
3257 5299 3591 5367 psalmorum

2011 5401 2198 5470 modo,
2231 5399 2323 5470 qui
2349 5399 2402 5454 in
2431 5393 2774 5451 monasteriis
2803 5391 3020 5462 Egypti
3073 5389 3162 5444 die
3207 5399 3478 5460 noctuque
3517 5398 3592 5442 tc-

2015 5503 2194 5560 netur,
2241 5491 2410 5547 libros
2451 5497 2582 5554 tres,
2630 5485 3034 5540 Institutionum
3062 5481 3258 5536 librum
3288 5496 3490 5546 unum,
3525 5479 3593 5533 de
3641 5555 3644 5558 t

2013 5589 2244 5656 origine,
2277 5591 2333 5638 et
2362 5579 2637 5651 qualitate,
2669 5591 2731 5632 ac
2755 5573 3007 5630 remediis
3035 5581 3188 5641 octo,
3215 5571 3596 5643 principalium
3641 5564 3646 5581 τ

2015 5681 2274 5736 vitiorum
2305 5675 2473 5730 libros
2505 5679 2672 5738 octo;
2713 5665 2954 5735 singulos
3005 5667 3216 5722 scilicet
3261 5665 3330 5720 de
3367 5658 3594 5731 singulis

2008 5811 2273 5868 lationum
2306 5805 2518 5874 titulos,
2541 5805 2656 5858 sive
2686 5811 3006 5872 argumenta
3032 5803 3262 5860 inferius
3287 5798 3598 5864 interserit.

3433 5985 3462 5998 pq
