4026 6334
407 344 475 402 t7
1227 340 1320 401 AD
1362 341 1590 400 orans
1624 337 1903 398 JOANNIS
1938 327 2254 395 cassum
2292 312 2826 396 PROLEGOMENA.
3175 324 3192 380 ὲ.
3598 339 3670 402 ιε

408 458 552 515 vitiis
596 459 764 514 libros
805 456 1123 528 expediens.
1174 457 1410 526 Digessit
1454 457 1615 512 etiam
1657 455 1989 510 Collationes
2015 449 2072 512 Α
2094 452 2387 521 monachi,
2422 469 2519 522 per
2547 464 2721 510 coetus
2751 454 2873 509 illos
2902 451 3210 520 distributi,
3263 468 3398 526 quos
3425 471 3494 512 ex
3523 459 3674 516 vocis

408 565 531 608 cum
556 552 804 608 Patribus
826 551 1047 624 IEgypti
1069 549 1318 604 habitans
1344 567 1356 601 :
1391 557 1446 604 et
1473 549 1541 603 ad
1569 559 1871 604 extremum
1901 562 1991 601 ro-

301 656 321 665 "
407 653 562 716 gatus
584 660 615 700 a
643 645 825 700 Leone
841 645 1249 713 archidiacono,
1281 653 1470 715 postea
1495 645 1644 701 urbis
1664 643 1850 698 Romae
1873 641 1990 711 epi-

292 739 300 746 ‘
409 751 598 805 scopo,
626 737 844 806 scripsit
880 739 1137 793 adversus
1175 737 1486 793 Nestorium
1518 736 1586 792 de
1616 734 1991 791 lncarnatione

409 825 623 881 Domini
651 827 820 881 libros
847 837 1085 898 septem;
1111 835 1165 882 et
1187 827 1242 881 in
1270 827 1356 882 his
1383 825 1660 884 scribendi
1688 825 1829 896 apud
1854 824 1993 879 Mas-

407 919 584 974 siliam
610 961 626 986 ,
658 927 713 975 et
734 920 947 975 vivendi
979 921 1143 976 linem
1170 920 1340 988 fecit,
1375 921 1685 978 Theodosio
1710 928 1766 975 et
1795 917 1992 974 Valen-

410 1009 618 1068 tiniano
646 1011 1016 1084 regnantibus.

969 1105 1010 1161 S
1021 1144 1034 1158 .
1078 1105 1385 1177 Fulgentius
1409 1123 1430 1160 .'

480 1194 542 1249 S.
571 1193 888 1264 Fulgentius
913 1197 1217 1266 Ruspensis
1247 1198 1557 1268 episcopus,
1591 1207 1650 1252 ut
1678 1195 1868 1253 scribit
1897 1209 1992 1248 au-

410 1292 528 1339 ctor
547 1283 1218 1358 vitalejuSJEgyptiorum
1241 1290 1629 1345 monachorum
1658 1291 1798 1344 vitas
1821 1287 1994 1343 admi-

411 1376 608 1432 rabiles
655 1378 843 1448 legens
874 1379 1280 1436 lnstitutionum
1321 1381 1482 1438 simul
1529 1390 1692 1452 atque
1735 1381 1997 1436 Collatio-

411 1485 540 1525 num
581 1473 814 1542 spiritali
855 1477 1210 1534 meditatione
1268 1493 1563 1534 succensus
1587 1520 1603 1545 ,
1668 1484 1995 1532 memoratas

411 1570 582 1619 terras
629 1567 846 1635 navigio
891 1578 1079 1637 petere
1126 1572 1334 1638 statuit,
1387 1571 1594 1627 duabus
1636 1571 1888 1626 videlicet
1926 1583 1997 1624 ex

410 1654 615 1722 causis,
647 1666 704 1713 ut
735 1659 820 1714 vel
850 1660 922 1715 ibi
953 1660 1200 1731 deposito
1231 1664 1451 1719 nomine
1491 1664 1732 1732 abbatis,
1763 1663 1862 1716 sub
1888 1662 1999 1718 Re-

411 1746 535 1816 gula
566 1749 768 1805 viveret
792 1752 845 1806 in
875 1753 1208 1819 humilitate;
1237 1755 1323 1810 vel
1343 1754 1690 1810 districtioris
1711 1753 1993 1810 abstinen-

419 1838 507 1892 tia:
531 1839 737 1910 legibus
762 1843 1105 1901 subderetur.

468 1948 810 2008 Cassiodorus
834 1957 903 2009 ad
931 1973 1050 2012 suos
1077 1959 1358 2014 monachos
1393 1959 1707 2014 Vivariensis
1733 1957 1942 2012 caenobii

630 2024 722 2078 lib.
753 2027 816 2080 de
831 2025 1160 2083 Institutione
1188 2031 1349 2084 divin.
1381 2031 1501 2085 lect.
1534 2048 1650 2101 cap.
1680 2030 1784 2084 29:

481 2109 801 2169 Cassianum
850 2117 1256 2188 presbyterum,
1289 2121 1380 2190 qui
1425 2121 1641 2188 scripsit
1681 2119 1749 2174 de
1775 2119 1999 2174 Institu-

411 2206 558 2260 tione
582 2205 830 2261 ﬁdelium
862 2211 1278 2276 monachorum,
1305 2210 1497 2267 sedulo
1520 2211 1715 2282 legite,
1743 2209 2000 2281 frequen-

409 2304 491 2352 ter
521 2297 742 2357 audite;
793 2299 886 2368 qui
935 2299 1078 2355 inter
1126 2303 1241 2372 ipsa
1293 2304 1466 2358 sancti
1515 2303 1784 2372 propositi
1825 2301 1997 2368 initia,

409 2402 533 2448 octo
557 2393 880 2464 principalia
905 2395 1036 2449 vitia
1064 2396 1197 2451 dicit
1217 2411 1342 2453 esse
1368 2397 1646 2467 fugienda.
1679 2397 1779 2451 Hic
1805 2399 2000 2452 noxios

409 2495 588 2541 motus
633 2488 940 2542 animorum
979 2489 1054 2542 ita
1101 2499 1478 2559 competenter
1510 2491 1794 2554 insinuat,
1825 2499 1999 2544 utex-

409 2592 595 2633 cessus
641 2593 767 2634 suos
811 2580 1084 2635 hominem
1130 2583 1280 2650 prius
1322 2583 1509 2637 videre
1536 2581 1717 2650 faciat,
1749 2590 1802 2636 et
1831 2581 2001 2634 vitare

408 2670 734 2737 compellat,
785 2685 919 2739 quos
959 2683 1117 2726 antea
1160 2672 1477 2728 confusione
1513 2673 1756 2743 caliginis
1788 2673 2004 2742 ignora-

407 2759 536 2815 bat:
565 2761 658 2830 qui
685 2771 863 2816 tamen
889 2762 958 2816 de
980 2763 1152 2818 libero
1181 2764 1408 2820 arbitrio
1437 2781 1467 2819 a
1495 2765 1556 2818 Β.
1583 2764 1854 2832 Prospero
1879 2764 2002 2832 jure

407 2851 652 2919 culpatus
680 2861 782 2906 est.
824 2851 979 2907 Unde
1008 2868 1290 2909 mouemus
1319 2865 1378 2909 ut
1407 2857 1461 2909 in
1489 2854 1650 2911 rebus
1677 2855 1878 2911 talibus
1905 2869 2004 2910 ex-

409 2942 690 2998 cedentem
719 2944 820 2998 sub
845 2946 1056 3000 cautela
1084 2946 1261 3017 legere
1281 2948 1544 3003 debeatis.

642 3035 791 3090 Idem
820 3038 875 3090 in
901 3040 1218 3110 expositione
1248 3043 1436 3110 psalmi
1466 3041 1653 3096 LXIX
1684 3052 1710 3081 ³
1736 3059 1751 3098 :

480 3126 631 3181 llunc
666 3127 844 3182 locum
895 3129 1308 3186 facundissimus
1354 3132 1646 3189 Cassianus
1689 3135 1742 3188 in
1788 3135 2001 3190 decima

408 3217 734 3281 Collatione,
763 3220 994 3289 plurima
1020 3222 1087 3277 de
1112 3222 1228 3292 ejus
1255 3223 1488 3279 utilitate
1516 3225 1816 3292 disserens,
1847 3234 2001 3281 tanto
2028 3197 2075 3260 Ο

406 3310 612 3365 honore
639 3312 1004 3381 concelebrat,
1035 3324 1095 3368 ut
1124 3315 1382 3385 quidquid
1410 3318 1664 3372 monachi
1689 3332 2000 3388 assumpse-

406 3403 543 3472 riut,
592 3406 712 3461 sine
760 3406 919 3476 hujus
965 3407 1221 3464 versiculi
1269 3411 1408 3464 trina
1450 3410 1740 3466 iteratione
1775 3426 1883 3467 non
1909 3412 1999 3467 in-

409 3496 693 3552 choareut.

614 3588 841 3645 Joannes
871 3590 1132 3648 Climacus
1158 3594 1329 3666 gradu
1355 3594 1390 3648 4
1415 3610 1526 3650 sua:
1553 3594 1724 3651 Scala:
1744 3612 1765 3650 :

477 3679 557 3734 Ex
601 3680 910 3736 obedientia
958 3682 1235 3739 humilitas
1263 3684 1542 3751 nascitur;
1596 3702 1661 3740 ex
1689 3686 1996 3744 humilitate

406 3771 660 3828 discretio
685 3815 700 3840 ,
742 3783 801 3829 ut
845 3790 877 3830 a
922 3791 1117 3846 magno
1155 3791 1370 3847 quoque
1411 3776 1674 3834 Cassiano
1706 3780 1758 3834 in
1787 3795 1852 3834 eo
1875 3795 1996 3836 ser-

405 3879 565 3920 mone
591 3883 747 3935 quem
775 3868 843 3923 de
866 3869 1199 3925 discretione
1219 3872 1561 3942 conscripsit,
1586 3875 1990 3943 venustissime,

406 3968 567 4026 atque
590 3959 853 4015 altissime
885 3960 1214 4030 disputatum
1243 3972 1343 4018 est.

410 4068 700 4144 Gregorius
749 4071 1033 4154 Turonicus
1056 4076 1172 4154 ‘lib_.
1210 4094 1243 4130 x
1274 4077 1478 4154 Htsto_r.
1509 4078 1705 4154 Franc.
1734 4099 1848 4154 cap.
1881 4083 1951 4140 29
1971 4128 1989 4154 ,

695 4160 849 4215 agens
879 4145 940 4200 de
971 4144 1185 4218 Pelagia
1216 4160 1377 4203 matre
1407 4149 1468 4205 S.
1501 4152 1696 4205 Aredii.

475 4233 796 4290 Cmnobium
849 4237 1084 4309 (inquit)
1117 4239 1396 4306 fundavit,
1440 4244 1493 4297 in
1523 4259 1630 4313 quo
1668 4259 1774 4300 non
1828 4245 1990 4302 modo

405 4325 679 4396 Cassiani,
710 4344 893 4384 verum
939 4332 1102 4385 etiam
1133 4331 1351 4403 Basilii,
1380 4343 1435 4388 et
1469 4336 1798 4406 reliquorum
1822 4338 1991 4393 abba-

403 4427 557 4486 tttm,
591 4421 681 4489 qui
715 4423 1150 4478 monasterialem
1192 4425 1357 4479 vitam
1399 4426 1786 4498 instituerunt,
1839 4430 1987 4485 cele-

401 4510 627 4566 brantur
659 4512 912 4582 Regulze;
960 4514 1114 4570 beata
1140 4517 1366 4573 muliere
1408 4519 1606 4575 victum
1637 4529 1796 4592 atque
1821 4522 1989 4578 vesti-

2004 3523 2014 3596 Ξ

403 4611 517 4656 tum
553 4602 776 4672 singulis
803 4605 1165 4662 ministrante.
1708 4582 1726 4592 -
2014 4582 2070 4644 D

405 4693 629 4748 Photius
646 4695 916 4766 episwpus
934 4696 1323 4771 Constantinop.
1340 4699 1668 4758 Bibliotheca:
1683 4706 1797 4760 cod.
1821 4706 1922 4761 197
1933 4706 1986 4760 b:

480 4787 726 4844 Cassiani
751 4790 1004 4850 monachi
1032 4791 1251 4861 Regulae
1275 4795 1660 4851 monachorum
1688 4797 1904 4870 Egypti
1936 4811 1984 4866 ες
2010 4850 2031 4854 ..
2058 4834 2069 4874 ς

398 4878 479 4935 De
521 4889 645 4935 octo
675 4881 882 4936 vitiosis
910 4883 1361 4952 cogitationibus;
1405 4886 1649 4943 Libellus
1677 4892 1834 4947 trium
1862 4893 1989 4950 Col—
2037 4951 2059 4968 _

397 4972 682 5029 lationum.
713 4973 911 5030 Lectus
938 4975 1156 5032 libellus
1183 4994 1289 5049 quo
1313 4979 1552 5036 Cassiani
1581 4982 1827 5041 Monachi
1859 4985 1986 5058 (pa-

399 5062 503 5115 tria
528 5060 553 5100 ά
584 5064 840 5136 Romani)
863 5066 1002 5122 libro
1023 5067 1132 5123 duo
1153 5071 1566 5127 continebantur
1591 5089 1810 5130 :eorum
1846 5077 1985 5135 alter

399 5151 613 5210 Castori
655 5157 866 5212 cuidam
899 5158 1156 5229 episcopo
1199 5173 1555 5233 nuncupatur,
1600 5168 1693 5236 qui
1726 5168 1867 5225 hunc
1913 5171 1981 5228 ab

398 5243 497 5299 illo
554 5249 716 5306 scribi
782 5252 1099 5322 postularat.
1164 5252 1409 5332 Formas.
1438 5267 1618 5312 autem
1658 5275 1720 5314 ac
1766 5263 1985 5332 regulas

399 5342 728 5410 praescribit,
764 5360 832 5401 ex
855 5361 1080 5418 quarum
1112 5350 1427 5420 praescripto
1457 5352 1645 5407 vivunt
1669 5353 1722 5408 in
1745 5354 1980 5428 Egypto

474 5529 500 5556 ⁸
523 5516 677 5605 Quod
708 5523 919 5605 scilicet
944 5527 1158 5599 incipit,
1186 5525 1348 5598 Deus,
1375 5531 1428 5584 in
1465 5532 1778 5605 adjutorium
1813 5552 1985 5593 meum
2019 5591 2022 5594 .

402 5592 608 5644 intende
626 5632 640 5656 ,
671 5602 777 5648 etc.

471 5660 498 5699 δ
540 5661 619 5716 Ex
646 5665 898 5720 versione
927 5666 988 5722 P.
1021 5670 1254 5726 Andreae
1286 5673 1478 5728 Scotti.

471 5731 982 5834 fhﬁichi‘stehlibfos
1032 5741 1283 5802 Cassiani
1309 5743 1614 5820 inscripsit,
1669 5752 2029 5834 quosvidiL

402 5801 594 5866 Graece
621 5804 936 5867 translatos.

2007 5881 2015 5923 i

2095 551 2302 621 origine
2330 553 2497 621 petita
2525 553 2735 608 ratione
2757 551 3001 608 emnobia
3027 552 3329 606 nominant.
3360 552 3512 608 Alter
3541 569 3676 625 quo-

2094 658 2200 712 que
2243 643 2382 700 liber
2411 643 2584 699 eidem
2616 644 2908 714 inscriptus
2935 644 3002 699 ab
3032 652 3154 701 octo
3194 644 3300 701 illis
3326 645 3559 716 (vitiosis
3584 661 3679 702 co-

2095 736 2467 807 gitationibus)
2498 737 2716 792 titulum
2745 746 3044 802 mutuatur,
3079 737 3272 808 quibus
3301 737 3502 807 gulam,
3531 738 3678 793 luxus

2094 831 2230 886 riam
2285 830 2588 894 avaritiam,
2621 832 2778 896 iram,
2813 829 3108 896 invidiam,
3140 829 3382 885 acediam
3406 874 3421 899 ,
3457 830 3678 884 inanem

2095 921 2346 992 gloriam,
2380 931 2542 990 atque
2567 920 2872 990 superbiam
2905 921 3178 987 attribuit;
3211 921 3494 977 utilissima
3524 936 3678 986 vero,

2095 1012 2140 1065 si
2169 1026 2289 1081 quae
2317 1009 2449 1076 alia,
2493 1010 2608 1066 haec
2655 1011 2723 1067 iis
2751 1021 2877 1066 sunt
2919 1013 3263 1081 pronuntiata
3288 1053 3303 1078 ,
3346 1013 3436 1082 qui
3463 1011 3683 1082 religio-

2095 1115 2211 1157 sam
2238 1103 2376 1157 inire
2401 1102 2570 1157 vitam
2593 1103 2838 1173 cupiunt.
2877 1103 2944 1158 Et
2973 1119 3104 1159 vero
3134 1113 3277 1159 tanta
3310 1104 3375 1158 iis
3401 1105 3482 1159 vis
3513 1105 3678 1173 inest,

2096 1206 2161 1247 ac
2191 1193 2342 1261 quasi
2370 1191 2646 1258 divinitas,
2679 1201 2740 1247 ut
2763 1202 2820 1248 et
2849 1193 2902 1248 in
2934 1194 3078 1250 hunc
3105 1208 3274 1264 usque
3297 1193 3465 1260 diem,
3497 1193 3541 1248 si
3561 1193 3683 1263 quis

2097 1285 2489 1340 monachorum
2516 1295 2814 1340 conventus
2843 1287 2942 1341 hac
2968 1301 3034 1340 ex
3062 1286 3253 1350 forma,
3281 1295 3337 1341 et
3367 1285 3516 1339 hisce
3543 1299 3686 1354 prae-

2097 1377 2435 1448 ceptionibus
2490 1377 2845 1448 gubernetur,
2904 1393 3098 1433 revera
3159 1378 3424 1446 tantisper
3471 1377 3685 1440 ﬂoreat,

2097 1470 2426 1538 caeterisque
2454 1470 2759 1537 praelucens
2805 1469 3063 1522 virtutum
3097 1483 3220 1524 esse
3245 1468 3464 1522 ofﬁcina
3489 1482 3686 1523 cerna-

2100 1571 2214 1615 tur:
2239 1575 2359 1616 cum
2372 1559 2462 1630 qui
2483 1559 2600 1615 haec
2619 1560 2916 1628 repudiarit
2934 1568 3129 1625 ccetus,
3156 1561 3338 1629 parvis
3365 1558 3688 1629 quibusdam

2097 1653 2358 1709 virtutum
2391 1651 2636 1722 reliquiis
2666 1654 2995 1718 instructus,
3030 1652 3198 1707 veluti
3241 1653 3297 1706 in
3324 1651 3576 1706 ﬂuctibus
3601 1652 3688 1721 ja-

2100 1755 2296 1811 ctetur,
2333 1745 2418 1801 vel
2461 1747 2626 1801 etiam
2663 1745 3000 1816 naufragium
3039 1745 3219 1800 faciat.
3262 1745 3442 1812 Quare
3470 1743 3690 1814 expedit

2029 1828 2081 1888 B
2107 1837 2243 1893 nihil
2282 1853 2468 1892 eorum
2489 1880 2504 1904 ,
2543 1853 2664 1907 qua:
2694 1837 2769 1893 ibi
2803 1838 3108 1905 traduntur,
3141 1846 3512 1893 contemnere.
3551 1836 3688 1892 Nam

2106 1930 2402 1985 Dominica:
2436 1931 2554 1984 haec
2589 1931 2722 1998 legis
2762 1938 2926 1997 sunt,
2961 1941 3121 2001 atque
3149 1929 3488 2000 Evangelicae
3525 1929 3691 1985 disci-

2105 2019 2267 2089 plinas
2309 2021 2576 2090 expositio
2627 2031 2681 2077 et
2725 2021 3052 2090 explanatio.
3111 2019 3381 2076 Craterum
3438 2020 3690 2076 sensibus

2103 2115 2222 2184 ipsa
2267 2130 2485 2186 quoque
2531 2115 2675 2184 apud
2708 2130 2832 2171 eum
2875 2114 3169 2183 respondet
3197 2114 3454 2178 elocutio,
3485 2122 3544 2167 ut
3571 2127 3690 2183 quae

2103 2221 2213 2261 non
2263 2209 2705 2277 perspicuitatem
2753 2208 2926 2261 solum
2969 2205 3200 2271 atl‘erat,
3241 2205 3336 2260 sed
3377 2221 3439 2262 ea
3469 2207 3693 2276 insuper

2102 2301 2175 2355 sit
2199 2298 2455 2354 facultate
2484 2299 2734 2369 praedita,
2764 2309 2821 2352 ut
2845 2299 3003 2354 facile
3057 2313 3120 2353 ac
3152 2299 3272 2352 sine
3301 2298 3415 2352 ulla
3442 2300 3494 2352 vi
3517 2298 3690 2353 homi-

2103 2407 2232 2445 num
2259 2392 2454 2445 animis
2480 2392 2841 2460 imprimatur,
2873 2391 3004 2460 quin
3053 2399 3108 2444 et
3146 2389 3364 2445 eosdem
3396 2388 3693 2459 pervadere

2103 2493 2265 2552 atque
2295 2483 2362 2538 ad
2393 2484 2696 2538 institutum
2713 2499 2872 2538 suum
2890 2483 3169 2538 attrahere
3193 2493 3369 2553 queat.
3411 2483 3578 2538 Immo
3607 2497 3694 2537 sa-

2105 2575 2317 2643 pienter
2349 2573 2489 2629 adeo
2514 2583 2638 2629 sunt
2669 2575 2872 2640 omnia,
2897 2581 2950 2629 et
2971 2573 3160 2629 dextre
3207 2583 3505 2644 temperata
3528 2582 3695 2644 atque

2104 2667 2387 2724 efformata
2412 2712 2428 2738 ,
2461 2677 2519 2722 ut
2565 2683 2666 2724 nec
2707 2668 3025 2738 tropologiis
3073 2667 3208 2722 liber
3230 2668 3500 2722 secundus
3528 2667 3694 2722 desti-

2103 2769 2318 2827 tuatur,
2342 2760 2438 2816 sed
2469 2761 2637 2815 multa
2665 2760 2945 2815 contineat
2984 2775 3104 2830 quae
3142 2759 3486 2815 demulceant
3531 2770 3694 2829 atque

2103 2843 2381 2907 alliciant:
2415 2867 2480 2906 ac
2510 2852 2662 2922 plura
2695 2853 2893 2916 etiam,
2927 2867 3046 2921 quae
3078 2866 3202 2906 cum
3231 2860 3436 2907 metum
3479 2867 3542 2906 ac
3582 2859 3694 2908 ter-

2103 2959 2284 3000 rorem
2313 2946 2604 3012 incutiant,
2634 2955 2747 3000 tum
2778 2945 3155 3016 paenitentiam
3179 2946 3555 3001 commovendi
3585 2947 3694 3000 vim

2106 3039 2367 3095 habeant.
2420 3040 2660 3095 Tertium
2696 3039 2786 3094 his
2813 3039 3126 3108 adjunctum
3161 3040 3407 3095 libellum
3445 3040 3690 3108 legimus,

2105 3146 2270 3202 quem
2316 3146 2347 3186 a
2372 3129 2614 3187 Castoris
2643 3133 2882 3202 episcopi
2925 3144 3101 3189 morte
3131 3133 3414 3204 inscripsit
3457 3132 3693 3188 (εωηοῦἰί

2105 3225 2254 3281 illius
2275 3225 2627 3290 moderatori,
2648 3226 2804 3295 cujus
2823 3226 3057 3281 coenobii
3080 3241 3262 3291 causa,
3279 3225 3572 3295 etRegulze
3587 3224 3695 3279 illa:

2104 3320 2258 3390 prius
2280 3319 2460 3374 missa:
2483 3318 2717 3374 fuerant.
2741 3319 2842 3388 Qui
2861 3321 3079 3390 quidem
3100 3319 3317 3375 libellus
3337 3320 3404 3374 iis
3431 3335 3565 3388 quos
3582 3318 3694 3388 jam

2105 3411 2580 3466 annumeravimus
2601 3411 2861 3466 assimilis
2906 3421 3007 3466 est.
3057 3412 3223 3466 Docet
3249 3412 3394 3466 enim
3419 3410 3689 3481 inprimis

2103 3504 2234 3575 quid
2263 3504 2523 3560 discretio
2545 3505 2637 3571 sit,
2665 3514 2771 3560 etc.
2813 3505 2949 3561 Vide
2979 3513 3179 3560 caetera
3208 3504 3346 3576 apud
3379 3505 3652 3560 eumdem.

2314 3598 2558 3653 Rabanus
2585 3599 2654 3652 ad
2681 3616 2727 3653 ε.
2755 3597 2823 3654 58
2850 3599 3064 3671 Regula:
3087 3599 3157 3655 ο.
3174 3599 3481 3654 Benedicti:

2176 3693 2331 3750 Sicut
2354 3703 2409 3748 et
2429 3692 2722 3748 Cassianus
2744 3693 2818 3747 ait
2843 3693 3259 3749 :Reﬁcientibus
3281 3692 3539 3750 fratribus
3565 3705 3692 3745 san-

2104 3794 2206 3842 ctae
2235 3786 2496 3841 lectiones
2531 3787 2799 3854 legantur,
2831 3794 2939 3840 etc.

2104 3900 2446 3955 Burchardus
2477 3900 2744 3970 episcopus
2783 3897 3160 3970 Yormatiensis
3188 3899 3407 3970 libavnt
3436 3915 3554 3970 cap.
3595 3898 3683 3967 77,

2440 3969 2754 4024 ex'Concilio
2779 3969 2834 4023 Μ
2842 3972 3090 4042 Oguntino
3123 3987 3240 4039 cap.
3273 3969 3307 4025 6
3335 3989 3346 4022 :

2175 4063 2630 4120 Sanctimoniales
2676 4062 2732 4116 in
2783 4063 3114 4117 monasterio
3157 4061 3470 4117 constituite
3516 4063 3690 4117 omni-

2102 4156 2204 4212 bus
2235 4155 2425 4210 diebus
2455 4155 2522 4209 ad
2553 4153 2849 4224 capitulum
2880 4161 2936 4208 et
2963 4153 3029 4207 ad
3058 4151 3390 4208 Collationes
3440 4153 3681 4222 veniant,

2103 4258 2159 4304 et
2211 4247 2454 4318 regulam
2504 4261 2533 4299 a
2576 4245 2673 4301 SS.
2704 4244 2951 4300 Patribus
2998 4245 3108 4300 illis
3155 4245 3504 4300 constitutam
3557 4244 3687 4299 dili-

2100 4351 2294 4412 genter
2325 4341 2641 4396 observent.

2173 4434 2368 4490 lisdem
2416 4433 2531 4487 fere
2579 4431 2761 4488 verbis
2805 4431 2952 4502 apud
2992 4430 3209 4498 lvonem
3259 4441 3398 4500 part.
3432 4447 3502 4486 vn
3531 4446 3583 4486 c.
3613 4431 3684 4486 95

2097 4528 2380 4599 profertur
2424 4543 2598 4584 canon
2645 4527 2715 4583 59
2753 4526 2966 4581 concilii
3018 4527 3242 4581 secundi
3284 4525 3683 4591 Cabilonensis,

2096 4635 2213 4691 quo
2243 4621 2558 4690 praecipitur
2607 4627 2667 4672 ut
2710 4617 3152 4672 sanctimoniales
3200 4617 3452 4673 omnibus
3495 4616 3688 4671 diebus

2097 4713 2171 4768 ad
2199 4712 2564 4766 Collationem
2592 4711 2833 4764 veniant.

2200 4803 2393 4858 Petrus
2416 4800 2660 4855 Damiani
2680 4800 2962 4854 cardinalis
2991 4803 3262 4873 episcopus
3293 4801 3547 4855 Ostiensis
3570 4816 3588 4853 :

2175 4897 2370 4952 Petrus
2403 4893 2647 4947 Damiani
2695 4893 2790 4948 lib.
2841 4909 2874 4947 v
2920 4894 3077 4964 epist.
3129 4894 3213 4960 l9,
3263 4893 3351 4947 ubi
3379 4894 3447 4948 de
3473 4892 3686 4958 ,vestitu

2105 4984 2503 5043 monachorum
2534 4993 2590 5041 et
2618 4984 2940 5041 clericorum
2968 4987 3077 5056 agit
3102 5003 3117 5039 :
3141 4984 3298 5052 Quod
3328 4986 3374 5038 si
3404 4983 3556 5039 vobis
3586 4983 3686 5038 du-

2101 5080 2251 5136 bium
2274 5078 2510 5145 videtur,
2543 5079 2740 5134 saltem
2765 5088 3074 5134 vestrarum
3107 5078 3339 5147 partium
3369 5076 3686 5132 testimonio

2099 5186 2285 5226 aurem
2301 5170 2708 5227 accommodate
2724 5187 2740 5228 :
2763 5172 2924 5243 legite
2944 5172 3276 5227 Collatioues
3288 5171 3531 5236 Patrum,
3547 5183 3683 5239 quas

2100 5264 2410 5320 Eucherius
2440 5264 2823 5335 Lugdunensis
2853 5267 3142 5336 episcopus
3177 5265 3402 5321 elimato
3427 5275 3684 5318 sermone

2101 5357 2421 5414 abbreviare
2445 5358 2694 5414 studuit:
2740 5368 2796 5415 et
2838 5357 2887 5412 si
2919 5359 3072 5414 nobis
3101 5358 3325 5413 credere
3355 5370 3466 5412 non
3493 5355 3680 5420 vultis,

2175 5538 2205 5579 ά
2243 5542 2325 5596 An
2350 5541 2473 5611 quia
2496 5540 2636 5594 inter
2665 5539 2886 5594 Latinos
2912 5537 3165 5611 Massilia:
3187 5537 3363 5593 vixit?
3392 5535 3525 5592 Nam
3548 5534 3685 5605 Scy-

2001 5679 2014 5690 '
2103 5611 2254 5690 tham
2277 5609 2496 5690 natione
2521 5611 2691 5690 fuisse
2715 5612 2790 5664 ait
2817 5609 3150 5690 Gennadius.

2302 5683 2542 5740 Scottus.
2568 5683 2683 5755 Ego
2726 5691 2857 5752 puto
2896 5679 3152 5739 mendum
3173 5695 3336 5755 esse,
3363 5677 3453 5737 vel
3480 5676 3551 5735 ab
3575 5677 3683 5739 alio

2215 5770 2229 5810 ι
2259 5769 2384 5813 um,

2103 5769 2350 5822 auditum
2363 5788 2384 5818 ρ

3535 5915 3540 5922 .
3698 5869 3730 5957 θ’

2004 5993 2020 6038 θ
2119 6005 2136 6012 -
