4026 6334
332 361 400 421 ω
1061 367 1476 429 ILLUSTRIUM
1515 369 1830 427 VIRORUM
1865 369 1920 426 Β]

2031 409 2047 426 .
2087 370 2421 431 CASSIANO
2459 377 2899 458 ΤΕΒΤΙΜΟΝΙΑ.

336 487 525 539 aettem
562 480 716 537 illius
758 481 954 540 litterae
993 484 1221 542 credite.
1273 483 1409 540 Nam
1437 500 1560 554 nos,
1587 501 1656 543 eo
1680 486 1923 558 doctore,
1953 496 2012 556 Α
2033 487 2420 561 Collatiouum,
2451 501 2505 550 et
2545 493 2671 549 vitae
2697 494 2916 550 Patrum
2948 502 3285 564 sanctorum,
3333 495 3390 553 in
3413 497 3611 570 quibus

341 576 481 633 hanc
507 576 768 647 paginam
802 577 1164 634 exaravimus.

911 671 972 727 S.
1001 669 1306 729 Dominicus
1328 683 1384 728 ιε

408 760 468 818 S.
515 761 854 830 Dominicus,
905 765 1048 820 utin
1096 765 1214 836 ejus
1263 767 1372 822 vita
1413 768 1630 839 legitur,
1677 777 1926 840 satagens

339 855 709 927 perfectorum
739 858 941 912 imitari
971 860 1221 930 vestigia,
1249 869 1305 915 et
1333 860 1402 916 ad
1427 861 1688 917 virtutum
1712 861 1925 931 fastigia

342 949 690 1018 contendere,
732 949 932 1005 librum
982 951 1162 1020 illum,
1203 953 1295 1023 qui
1337 952 1668 1011 Collationes
1702 953 1924 1010 Patrum

343 1041 680 1107 inscribitur,
729 1043 971 1098 studiose
1016 1043 1304 1114 legendum
1354 1045 1610 1115 suscepit,
1668 1045 1925 1116 deditque

337 1151 557 1207 operam
583 1147 645 1192 ut
677 1137 818 1192 lecta
861 1139 1218 1209 intelligentia
1247 1141 1759 1210 comprehenderet,
1790 1141 1923 1197 atie-

280 1221 300 1238 ⁴’
334 1238 425 1284 ctu
447 1229 916 1294 sentiret,'eti'ectu
940 1241 1358 1302 exsequeretur,
1383 1232 1576 1288 didicit
1592 1235 1740 1290 enim
1765 1250 1830 1290 ex
1855 1249 1922 1291 eo

334 1322 630 1393 puritatem
662 1322 870 1390 cordis,
921 1324 1394 1395 contemplationis
1432 1325 1598 1394 viam,
1643 1327 1919 1382 omnium-

336 1427 442 1481 que
464 1413 729 1468 virtutum
761 1414 1175 1483 perfectionem.

341 1501 646 1559 Vincentius
686 1502 1385 1650 Bellouatifztsixsxepsiszgpbus,
1417 1508 1632 1580 Specul.
1656 1509 1919 1566 historici.

404 1664 622 1721 Claruit
648 1681 717 1722 eo
748 1676 995 1738 tempore
1026 1671 1276 1741 (Honorii
1305 1671 1531 1743 imper.)
1556 1672 1641 1727 vir
1669 1674 1915 1741 illustris,

328 1758 575 1828 prudens
603 1768 660 1813 et
686 1758 974 1828 facundus,
1003 1761 1244 1817 Joannes
1284 1763 1544 1832 Eremita,
1585 1765 1680 1835 qui
1709 1775 1763 1821 et
1789 1766 1920 1821 Cas-

1948 655 1970 674 _‘
2030 583 2276 640 doctrina
2300 587 2467 642 totius
2493 589 2865 657 perfectionis,
2891 597 2946 646 et
2969 588 3368 658 mdificationis,
3391 605 3456 648 ac
3480 606 3613 649 san-

1966 726 1973 735 ,
2030 675 2300 733 ctimoniae
2325 678 2653 737 continetur.

2396 811 2461 866 B.
2493 812 2773 885 Dionysius
2803 813 3180 872 Carthusianus
3201 833 3220 871 :

2010 954 2013 957 .
2102 903 2241 972 Ouid
2271 904 2338 960 de
2389 905 2603 961 Joanne
2633 909 2890 963 Cassiano
2919 910 3146 979 ejusque
3175 908 3392 978 scriptis
3428 921 3615 963 sense-

2029 996 2101 1051 rit
2137 997 2428 1068 Dionysius
2472 998 2894 1069 Carthusianus,
2942 1000 2997 1054 in
3046 1001 3454 1070 praefationibus
3500 1017 3614 1057 sua:

2028 1091 2376 1161 paraphrasis
2423 1093 2557 1147 satis
2601 1091 2863 1148 ostendit.
2906 1092 3037 1146 Nam
3079 1091 3134 1146 in
3177 1093 3350 1162 prima
3395 1093 3612 1163 quidem

2027 1185 2173 1240 inter
2216 1185 2578 1250 venerabiles,
2635 1200 2696 1240 ac
2738 1186 3123 1241 devotissimos
3167 1186 3358 1241 Patres
3410 1196 3614 1242 aeterna

2028 1278 2292 1333 memoria
2325 1278 2540 1348 dignos,
2571 1262 2835 1334 Joannem
2861 1278 3179 1334 Cassianum
3222 1287 3278 1334 et
3306 1277 3609 1334 Climacum

2025 1378 2367 1426 annumerat.
2401 1370 2459 1424 In
2485 1371 2726 1426 secunda
2755 1370 3150 1427 Collationibus
3182 1370 3426 1441 prazfixa,
3461 1386 3614 1427 eum-

2025 1464 2149 1520 dem
2179 1465 2606 1521 illustrissimum
2636 1466 2852 1521 Patrem
2901 1465 3169 1520 nominat.
3204 1465 3262 1520 ln
3295 1464 3454 1520 tertia
3487 1464 3614 1519 Col-

2024 1556 2214 1612 lationi
2256 1557 2558 1613 undecima:
2600 1558 2906 1627 prmmissa,
2957 1572 3084 1611 cum
3129 1557 3250 1611 aliis
3287 1556 3613 1612 Doctoribus

1974 1676 1980 1682 -
2025 1647 2432 1714 ecclesiasticis,
2461 1664 2693 1720 quorum
2737 1649 2942 1718 scripta
2975 1648 3292 1704 obscuriora
3330 1658 3386 1703 et
3412 1647 3612 1702 diffici-

2026 1741 2162 1796 liora
2192 1743 2520 1796 conferens:
2547 1758 2568 1792 ‹
2601 1740 2747 1795 Inter
2775 1739 3181 1807 hujuscemodi,
3207 1740 3372 1809 inquit
3396 1778 3411 1802 ,
3435 1738 3606 1792 libros

329 1849 541 1904 sianus.
591 1849 692 1904 Hic
736 1851 909 1907 multa
949 1853 1208 1922 scripsit:
1240 1855 1382 1911 inter
1409 1828 1539 1927 quasi
1576 1828 1736 1912 etiam
1779 1858 1920 1913 vitas
1946 1880 1998 1942 Β
2027 1841 2351 1942 τθΡΨςδηξυτ
2379 1828 3610 1942 Aacn‘f'ﬁif‘ﬂ'hvfi‘ff'inii_i‘|!1:’:5“ﬁ?ilgiliii“

330 1941 554 1996 Patrum
584 1943 640 1996 in
667 1942 908 2014 Αιζςγριο
952 1919 1283 2015 com—pergas,
1327 1919 1714 2018 δοεὶτίηαεαυθ
1742 1958 1797 2004 ει
1833 1965 1924 2006 η,
1948 1919 1998 1942 ³³
2028 1925 2399 1996 praecipuique
2440 1925 2694 1980 Doctoris
2721 1924 2963 1979 omnium
3000 1922 3380 1992 religiosorum
3403 1961 3418 1987 ,
3445 1919 3610 1975 Joan-

326 2032 485 2102 gulas
517 2031 662 2088 datis
697 2033 766 2088 ad
791 2034 1055 2103 plurimos
1083 2036 1234 2091 libris
1257 2037 1523 2107 exposuit.
1569 2037 1671 2108 (Et
1700 2040 1842 2107 infra
1867 2038 1919 2112 :)

325 2126 494 2182 Certe
525 2126 691 2196 hujus
719 2128 981 2198 opuscula
1027 2130 1253 2185 multam
1283 2130 1695 2187 aedificationem
1741 2133 1920 2187 conti-

331 2226 471 2273 nent
519 2219 847 2284 animarum,
891 2228 945 2274 et
989 2219 1264 2276 luculento
1312 2237 1567 2277 sermone
1606 2224 1916 2279 nitescunt:

328 2323 435 2364 nec
460 2310 609 2366 inter
651 2311 822 2366 multa
851 2311 1196 2381 antiquorum
1225 2315 1483 2383 opuscula
1519 2315 1815 2386 quidquam
1851 2316 1920 2372 ad

326 2401 648 2470 spirituales
671 2402 976 2472 profectus,
1002 2413 1165 2475 atque
1188 2406 1539 2475 perfectionis
1566 2408 1773 2476 apicem
1798 2417 1918 2463 ten-

329 2495 481 2550 denti
513 2496 703 2551 utilius
741 2497 979 2553 arbitror
1022 2514 1109 2554 me
1150 2499 1366 2571 legisse.
1394 2499 1527 2556 Nam
1558 2512 1613 2557 et
1653 2503 1714 2556 Β.
1760 2503 1922 2559 Pater

333 2598 523 2644 noster
546 2589 890 2658 Dominicus,
917 2601 978 2646 ut
1007 2593 1061 2646 in
1088 2593 1206 2663 ejus
1231 2593 1341 2648 vita
1372 2595 1588 2665 legitur,
1619 2595 1815 2650 librum
1856 2596 1921 2650 il-

335 2681 442 2735 lum
475 2683 571 2751 qui
593 2681 934 2739 Collationes
964 2683 1186 2739 Patrum
1213 2687 1554 2752 inscribitur,
1578 2688 1819 2743 studiose
1843 2687 1920 2743 le-

342 2789 492 2842 gens,
521 2789 579 2828 ac
607 2775 900 2845 vigilanter
927 2777 1259 2848 intelligens,
1293 2779 1492 2834 salutis
1519 2779 1571 2834 in
1598 2794 1664 2834 eo
1689 2779 1919 2834 rimatus

346 2869 582 2934 semitas,
615 2884 874 2939 magnum
905 2868 1260 2938 perfectionis
1288 2871 1498 2939 apicem
1535 2870 1916 2940 apprehendit.

342 2959 462 3028 Agit
499 2959 771 3029 siquidem
818 2961 970 3016 liber
999 2962 1102 3017 iste
1130 2962 1198 3016 de
1241 2962 1424 3017 cordis
1455 2963 1710 3034 puritate,
1742 2965 1811 3018 de
1839 2964 1920 3019 vi-

346 3055 455 3119 tiis,
487 3063 544 3110 et
571 3055 641 3109 de
667 3055 913 3109 omnium
937 3055 1271 3124 perfectione
1299 3058 1561 3112 virtutum
1593 3075 1606 3111 :
1635 3057 1791 3127 cujus
1814 3057 1922 3113 fre-

335 3161 507 3216 quens
545 3147 710 3202 lectio
736 3147 939 3203 Christi
981 3149 1306 3218 discipulum
1353 3150 1420 3204 ad
1463 3150 1685 3206 multam
1736 3150 1918 3207 cordis

2024 2022 2112 2074 nis
2139 2018 2402 2074 Cassiani.
2435 2036 2454 2069 ι

2023 2110 2256 2165 Joannes
2285 2109 2595 2164 Trithemius
2631 2110 2686 2163 in
2707 2107 2958 2177 Catalago
2987 2106 3283 2160 Illustrium
3320 2105 3565 2158 Virorum
3589 2119 3610 2157 :

2094 2203 2332 2257 Joannes
2363 2202 2677 2268 Cassianus,
2706 2202 2928 2256 natione
2949 2200 3172 2269 Scytha,
3203 2199 3347 2253 beati
3380 2197 3612 2252 Joannis

2024 2293 2400 2364 Chrysostomi
2431 2292 3016 2362 Constantinopolitani
3058 2290 3300 2360 episcopi
3338 2289 3609 2358 quondam

2023 2387 2237 2442 auditor
2261 2395 2426 2458 atque
2456 2385 2775 2454 discipulus,
2822 2394 2877 2440 et
2906 2384 2974 2438 ab
3004 2399 3070 2438 eo
3097 2383 3361 2437 diaconus
3390 2379 3610 2435 ordina-

2026 2492 2132 2544 tus,
2174 2490 2295 2550 post
2335 2479 2541 2550 aliquot
2573 2493 2746 2533 annos
2789 2477 2858 2532 ab
2901 2476 3118 2542 eodem,
3165 2473 3353 2529 nescio
3385 2480 3609 2541 propter

2023 2589 2182 2645 quam
2213 2587 2434 2628 causam
2478 2571 2752 2640 expulsus,
2801 2569 2942 2639 apud
2974 2567 3277 2628 Massiliam
3318 2567 3609 2635 presbyter

2023 2674 2396 2730 consecratus,
2425 2665 2532 2720 duo
2569 2665 2926 2730 monasteria,
2974 2663 3234 2728 virorum,
3267 2661 3498 2722 scilicet,
3545 2674 3609 2712 ac

2023 2759 2310 2815 mulierum
2350 2758 2633 2813 condidit:
2667 2758 2719 2813 in
2749 2756 2942 2828 quibus
2987 2756 3252 2826 regularis
3294 2754 3606 2822 disciplina:

2024 2849 2209 2906 fervor
2254 2865 2483 2920 magnus
2517 2850 2762 2920 pluribus
2806 2850 2964 2903 annis
3006 2846 3327 2916 permansit.
3376 2846 3610 2914 Scripsit

2023 2943 2362 3012 experientia
2386 2944 2642 3014 magistra
2660 2943 2814 3013 plura
2843 2941 3127 3013 opuscula,
3151 2941 3206 2994 in
3229 2939 3421 3011 quibus
3443 2939 3608 2992 etiam

2022 3034 2166 3104 apud
2212 3034 2569 3104 interpretem
2621 3033 2827 3103 eloquii
2875 3042 3136 3089 venustas
3173 3030 3608 3101 conSpicitur;e

2023 3144 2252 3200 quorum
2281 3145 2507 3184 numero
2538 3128 2794 3183 feruntur
2821 3145 2835 3182 :

335 3213 627 3308 puritatem
673 3249 729 3296 et
770 3241 839 3294 ad
878 3242 1362 3311 contemplationis
1407 3257 1611 3309 arcem,
1651 3255 1707 3298 et
1753 3245 1919 3298 totius
1945 3255 1992 3320 ρ
2095 3222 2172 3320 De
2205 3222 2584 3320 incff'laﬁone
2614 3219 2832 3274 Domini
2862 3217 3126 3320 adfers.“
3151 3213 3607 3320 Νθεξιοτιυῐξὶιιτθς

339 3333 640 3401 spiritualis
658 3333 959 3404 disciplina:
981 3335 1394 3404 perfectionem,
1408 3337 1577 3408 gratia
1591 3336 1914 3408 opitulante,

333 3427 606 3494 provexit.

787 3520 849 3576 S.
894 3520 1115 3576 Thomas
1152 3523 1380 3594 Aquinas
1403 3535 1466 3580 c:

405 3613 505 3668 Est
536 3613 638 3668 hoc
667 3629 884 3686 quoque
913 3616 968 3670 in
1001 3626 1188 3672 sancto
1218 3617 1340 3672 viro
1369 3618 1746 3686 memorabile,
1775 3615 1918 3686 quod

334 3721 456 3760 cum
478 3707 530 3760 ei
553 3716 699 3762 esset
725 3707 1016 3778 integrum,
1049 3709 1279 3765 libenter
1301 3711 1491 3765 solitus
1519 3710 1684 3766 fuerit
1712 3710 1917 3782 aliquid

337 3798 389 3854 in
422 3799 646 3854 Patrum
680 3799 1075 3856 Collationibus
1098 3803 1366 3870 lectitare,
1392 3819 1460 3858 ne
1483 3820 1547 3860 ex
1581 3820 1760 3860 rerum
1791 3806 1916 3861 sub-

339 3881 946 3958 tilium‘speculatione
999 3892 1224 3948 affectus
1286 3895 1402 3964 ejus
1443 3909 1550 3949 non
1596 3895 1729 3950 nihil
1769 3906 1918 3966 tepe-

340 3988 534 4044 sceret,
579 3992 877 4052 possetque
914 3997 973 4037 se
1011 4000 1201 4039 rursus
1234 3985 1445 4040 facilius
1481 3986 1548 4040 ad
1578 3986 1758 4040 divina
1788 4002 1918 4042 con-

342 4070 646 4138 templanda
692 4073 952 4144 colligere
993 4086 1046 4130 et
1086 4076 1315 4146 erigere.
1351 4077 1417 4131 Et
1455 4077 1510 4130 in
1551 4077 1655 4132 hoc
1697 4077 1917 4147 quidem

341 4160 396 4214 S.
429 4162 775 4218 Dominicum
807 4175 1043 4222 sectatus
1087 4178 1194 4236 est,
1239 4184 1399 4238 quem
1444 4170 1497 4224 in
1529 4171 1647 4239 ejus
1690 4171 1812 4226 libri
1842 4172 1920 4226 le-

341 4253 520 4309 ctione
565 4265 782 4311 constat
826 4273 1155 4330 magnopere
1196 4261 1361 4316 fuisse
1405 4261 1728 4318 delectatum
1760 4272 1815 4320 et
1849 4264 1917 4318 ad

345 4359 590 4413 magnam
635 4348 760 4402 vitae
803 4350 1190 4418 perfectionem
1251 4354 1528 4409 incitatum
1577 4366 1736 4424 atque
1793 4369 1917 4424 pro-

345 4443 568 4489 motum.

413 4550 584 4628 Quam
627 4554 839 4628 libenter
884 4573 946 4611 ac
990 4562 1274 4628 frequenter
1316 4561 1451 4613 idem
1493 4561 1554 4615 S.
1597 4560 1824 4619 Thomas
1861 4567 1918 4619 in

343 4637 435 4674 sua
477 4623 702 4697 Summa,
725 4623 1036 4697 Theologica
1075 4623 1378 4684 Cassianum
1417 4633 1553 4694 citet,
1586 4641 1630 4684 et
1659 4649 1721 4686 ea:
1751 4652 1808 4688 eo
1839 4637 1918 4690 vel
1941 4637 1995 4696 D

343 4704 642 4774 argumenta
671 4696 960 4774 depromat.
992 4703 1068 4753 rel
1099 4717 1219 4774 suas
1245 4703 1600 4756 conclusiones
1629 4706 1914 4774 conﬁrmet,

345 4763 527 4839 uidebit
565 4763 747 4839 lector,
799 4770 843 4821 si
881 4772 1152 4838 placuerit,
1199 4772 1252 4824 in
1290 4774 1414 4826 meis
1453 4763 1826 4839 notationitius,
1861 4763 1918 4830 in

343 4833 528 4957 quibus
563 4837 607 4890 si
639 4853 746 4891 non
789 4833 982 4908 omnia,
1022 4833 1156 4896 certe
1196 4842 1442 4914 pleraque
1468 4845 1581 4898 loca
1616 4833 1918 4902 notata're-

345 4919 479 4957 uerte
505 4945 520 4957 .

344 4919 520 4971 pertet.

342 4973 570 5030 Joannes
603 4993 635 5029 a
663 4977 1054 5037 Turrecremata
1085 4984 1370 5038 cardinalis
1402 4994 1554 5039 tract.
1590 4986 1690 5041 107
1730 4989 1785 5042 in
1810 4988 1914 5044 Re-

411 5047 687 5188 ἕέέαηὶὲρ.
719 5048 1005 5122 Benedicti,
1043 5063 1267 5109 tractans
1306 5057 1455 5111 verba
1483 5073 1642 5126 supra
1662 5060 1822 5114 citata
1857 5075 1919 5115 es

416 5207 564 5272 Hoc,
613 5210 825 5281 inquit,
874 5224 1022 5270 recte
1068 5227 1122 5272 et
1171 5219 1520 5275 sanctissime
1566 5223 1918 5276 constitutum

345 5305 449 5364 est,
479 5301 603 5369 quia
632 5303 713 5358 sic
731 5319 800 5359 ex
830 5305 1062 5362 lectione
1084 5308 1176 5363 illa
1200 5311 1451 5366 monachi
1477 5313 1757 5366 materiam
1780 5311 1916 5368 aedi-

347 5389 616 5450 ficationis
661 5405 717 5452 et
765 5398 1073 5456 devotionis
1108 5401 1328 5460 haurire
1371 5414 1616 5474 possunt,
1657 5405 1800 5461 unde
1848 5406 1916 5461 ad

347 5488 816 5558 contemplationis
867 5492 1234 5562 altitudinem,
1285 5497 1486 5551 silentii
1523 5506 1770 5567 tempore
1826 5512 1920 5552 va-

345 5571 490 5632 leant
515 5583 828 5649 promoveri
859 5603 872 5638 :
906 5595 960 5642 et
987 5587 1053 5640 ad
1084 5587 1199 5642 haec
1249 5599 1394 5644 recte
1428 5588 1588 5645 electi
1636 5600 1764 5646 sunt
1796 5591 1918 5647 libri

419 5719 616 5796 ξᾼριιά
645 5723 858 5796 Satrium
887 5725 920 5779 5
949 5727 1182 5796 Augusti.

417 5787 804 5868 blt'tem__lialnft
849 5796 910 5868 ὃς
954 5787 1202 5853 Αιιῖοηὶη.
1239 5799 1540 5868 archiepisc.
1587 5799 1920 5861 Florentinus

348 5870 483 5923 part.
508 5879 542 5919 ιι
567 5863 709 5919 Hist.
742 5866 820 5918 tit.
851 5863 936 5917 10.

2024 3317 2257 3371 relicum
2285 3314 2382 3369 lib.
2415 3322 2648 3382 septem,
2686 3326 2824 3382 quos
2865 3309 3084 3378 scripsit
3113 3317 3336 3377 rogatus
3367 3321 3394 3360 a
3424 3305 3608 3361 Leone

2021 3407 2432 3473 archidiacono,
2462 3415 2652 3477 postea
2684 3403 2944 3459 Romante
2978 3401 3130 3456 urbis
3159 3402 3438 3470 episcopo.

2095 3499 2172 3553 De
2194 3498 2458 3552 institutis
2485 3497 2901 3560 monachorum,
2937 3493 3061 3548 libri
3090 3502 3349 3562 quatuor.

2093 3590 2172 3645 De
2193 3599 2319 3644 octo
2349 3589 2674 3658 capitalibus
2703 3587 2868 3652 vitiis,
2902 3585 3030 3640 libri
3069 3593 3214 3639 octo.

2093 3663 2429 3739 Collationes
2459 3682 2560 3738 SS.
2588 3681 2806 3735 Patrum
2845 3679 3039 3749 viginti
3071 3686 3324 3748 quatuor.

2092 3777 2148 3832 in
2184 3776 2266 3830 his
2304 3773 2694 3830 Collationibus
2725 3771 2827 3827 SS.
2860 3770 3104 3836 Patrum,
3140 3771 3288 3824 utilis
3334 3777 3387 3823 et
3416 3782 3604 3823 neces-

2022 3869 2163 3924 saria
2213 3866 2602 3922 monachorum
2645 3865 2915 3919 institutio
2963 3871 3090 3927 est;
3125 3863 3222 3916 sed
3261 3860 3383 3930 quia
3416 3873 3511 3929 per
3539 3861 3604 3914 Β.

2023 3962 2354 4030 Prosperum
2402 3959 2470 4014 de
2512 3957 2729 4012 arbitrii
2773 3956 3053 4021 libertate,
3103 3954 3156 4008 in
3207 3953 3373 4008 certis
3419 3965 3605 4019 repre-

2022 4054 2298 4121 henditur,
2351 4051 2607 4123 opuscula
2635 4050 2753 4119 ejus
2784 4049 2925 4103 inter
2953 4046 3267 4118 apocrypha
3314 4062 3604 4102 numeran-

2021 4158 2129 4202 tur.
2176 4146 2405 4201 Moritur
2451 4144 2667 4198 tandem
2699 4151 2826 4212 post
2871 4141 3165 4195 multorum
3203 4138 3498 4194 editionem
3540 4139 3606 4192 li-

2022 4240 2247 4295 brorum
2285 4236 2426 4307 apud
2478 4235 2798 4297 Massiliam,
2831 4248 2938 4288 non
2971 4233 3091 4288 sine
3116 4231 3373 4302 opinione
3403 4233 3605 4286 sancti-

2024 4332 2172 4399 tatis,
2201 4329 2504 4386 Theodosio
2534 4337 2589 4384 et
2617 4325 2996 4382 Valentiniano
3050 4323 3429 4394 regnantibus,
3457 4337 3602 4378 anno

2023 4426 2235 4480 Domini
2264 4423 2387 4480 455.

2024 4539 2213 4593 Petrus
2234 4539 2500 4607 episcopus
2525 4535 2821 4604 Equilinus,
2847 4533 3002 4607 vulgo
3022 4532 3087 4585 de
3115 4531 3388 4607 Natalihtts
3409 4529 3595 4591 dictus,

2233 4601 2287 4661 in
2310 4601 2556 4678 Catalogo
2582 4601 2896 4661 Sanctorum
2923 4601 3016 4658 lib.
3034 4618 3103 4657 vn
3138 4621 3255 4672 cap.
3278 4601 3346 4654 59
3377 4617 3390 4652 :

2096 4722 2153 4777 S.
2184 4720 2475 4775 Cassianus
2504 4719 2813 4790 presbyter,
2844 4717 2912 4773 de
2938 4733 3046 4788 quo
3073 4716 3242 4771 frater
3279 4713 3599 4768 Vincentius

2026 4824 2082 4869 et
2116 4813 2456 4878 Gennadius,
2488 4812 2686 4868 claruit
2720 4822 2965 4884 tempore
3011 4810 3237 4887 Honorii
3263 4808 3484 4878 lmper.,
3519 4806 3600 4861 vir

2023 4891 2248 4962 illustris
2284 4914 2338 4961 et
2385 4905 2668 4976 facundus,
2711 4907 2817 4960 alio
2867 4908 3088 4960 nomine
3128 4903 3306 4958 dictus
3333 4899 3597 4956 Eremita.

2024 5000 2127 5068 Qui
2150 4999 2217 5054 de
2246 4996 2530 5054 Ecclesiad
2565 4999 2979 5068 Constantinop.
3013 5013 3110 5067 per
3160 4994 3450 5051 haereticos
3487 4992 3600 5062 eje-

2026 5100 2147 5146 ctus
2201 5093 2253 5145 in
2293 5091 2528 5146 Massilia
2571 5092 2758 5147 Gallia:
2803 5092 3087 5162 presbyter
3132 5088 3448 5152 ordinatus,
3495 5085 3601 5140 duo

2025 5181 2270 5238 condidit
2295 5183 2647 5248 monasteria,
2686 5183 2923 5238 virorum
2956 5191 3011 5238 et
3047 5181 3356 5246 mulierum,
3391 5187 3500 5232 etc.

2027 5316 2319 5371 Cardinalis
2358 5318 2459 5386 pia:
2499 5319 2761 5372 memoriae
2805 5317 3142 5373 Bellarminus
3186 5313 3317 5368 libro
3361 5314 3424 5367 de
3461 5312 3601 5368 Scri<

2481 5389 2711 5459 ptort'bus
2740 5388 3109 5444 Ecclesiasticis
3123 5401 3143 5441 :

2092 5500 2333 5557 Joannes
2369 5485 2689 5568 Cassianus,
2713 5504 2771 5559 S.
2803 5502 3027 5559 Joannis
3063 5499 3436 5572 Chrysostomi
3473 5498 3599 5554 olim

2024 5593 2303 5663 diaconus,
2341 5605 2396 5651 et
2424 5608 2607 5666 postea
2635 5597 2700 5650 ad
2733 5597 2935 5651 Gallias
2981 5596 3251 5652 accedens
3298 5596 3476 5666 ibique
3513 5609 3597 5650 se-

2102 5734 2294 5808 fstpud
2324 5733 2541 5808 Surium
2566 5735 2619 5787 in
2649 5735 2749 5786 vita
2772 5738 2883 5808 ejus
2907 5736 2938 5808 7_
2962 5734 3163 5790 Martii.
3385 5787 3402 5808 μ

2098 5800 2124 5840 ἀ
2137 5800 2422 5879 _R'aphaetm
2437 5800 2809 5861 Volaterranus
2850 5806 2998 5861 habet
3050 5800 3592 5879 (Hierosolymitana)

2028 5873 2330 5932 Ant/tropol.
2366 5874 2452 5928 lib.
2485 5890 2593 5929 xn’.
