4026 6334
274 391 342 468 η
419 381 472 428 ελ
503 435 522 454 .
553 367 604 474 λ
677 433 694 460 ,-
1211 411 1296 468 DE
1331 410 1812 468 C(ENOBIORUM
1853 409 2232 470 INSTiTU'l‘lS
2269 414 2662 484 PPEFATIO.
3291 421 3296 426 ’
3483 425 3565 488 η

283 513 386 554 η...
559 515 566 522 .
669 519 676 524 .

557 631 1226 740 ΕΡΙΒΤΟΙιΑὲι
1297 631 1386 716 S.
1465 629 2038 722 CASTORIS
2113 637 2147 717 Δ

1687 633 2038 722 TORIS
2113 635 2666 722 APTENSIS
2741 639 3277 729 EPISCOPI

827 857 876 880 η·
1879 841 1962 886 ΔΙ)

1089 997 1748 1106 DOMNUM
1875 998 2760 1112 CASSIANUM

1508 1219 1806 1272 ΔΒΒΔΤΕΜ
1841 1221 2326 1274 MASSILIENSEH.

345 1487 550 1546 Deum
567 1491 868 1547 sanctitatis
895 1491 1112 1564 speciali
1141 1493 1310 1566 gloria
1337 1494 1600 1562 decorata,
1631 1503 1784 1566 atque
1825 1513 1918 1568 per
1939 1501 2114 1552 omnia
2145 1495 2485 1552 memorando
2509 1513 2528 1552 :
2557 1497 2650 1552 sed
2678 1507 2726 1552 et
2751 1499 3085 1552 scientiarum
3111 1497 3292 1552 decore
3335 1497 3578 1570 pollenti,

273 1580 424 1640 Patri
449 1585 658 1639 scilicet
681 1582 960 1651 Cassium,
993 1583 1174 1640 Castor
1199 1587 1256 1639 in
1285 1587 1478 1642 mundo
1511 1588 1805 1660 degentium
1831 1593 2122 1662 peripscma
2147 1591 2190 1660 (l
2215 1587 2338 1644 Cor.
2368 1591 2470 1661 tv),
2503 1605 2620 1661 qum
2663 1605 2934 1660 possumus
2965 1591 3220 1645 servitutis
3253 1591 3578 1650 humillima.

341 1675 772 1743 Rationabiiiter,
815 1674 998 1744 Pater,
1029 1677 1476 1734 irrationabilibus
1507 1689 1554 1734 et
1583 1681 1876 1751 elinguibus
1913 1681 2188 1752 padagogi
2225 1681 2456 1750 fomenta
2489 1679 2792 1734 subreniunt
2818 1697 2838 1735 :
2864 1681 2990 1752 quia
3019 1683 3114 1734 etsi
3145 1697 3248 1736 non
3277 1697 3422 1750 a’qua
3469 1697 3584 1736 om-

271 1769 414 1826 itas
437 1769 754 1837 moderatio,
783 1784 1034 1842 oppressa
1061 1770 1382 1826 humanitate
1419 1773 1590 1842 uigore
1615 1772 2054 1842 deprehenditur:
2087 1781 2248 1828 restat
2279 1785 2446 1828 tamen
2479 1783 2536 1827 ut
2566 1773 2648 1828 his
2671 1773 2852 1845 quibus
2904 1773 3116 1828 subacta
3142 1773 3408 1846 probatur,
3441 1777 3584 1830 subi-

271 1875 354 1938 ges
379 1865 814 1920 emolumentum.
847 1863 972 1920 Non
993 1865 1130 1920 enim
1157 1865 1332 1920 omnia
1359 1879 1634 1936 possumus
1666 1879 1840 1918 omnes
1869 1883 1890 1932 ;
1924 1866 2048 1937 quia
2077 1881 2180 1918 non
2205 1867 2434 1920 omnium
2463 1883 2611 1922 nosse
2637 1875 2858 1924 certare.
2889 1863 3078 1922 Merito
3125 1869 3260 1922 enim
3309 1869 3394 1922 sui
3433 1869 3580 1940 quis.

269 1975 424 2030 quas
445 1959 722 2028 iacturam
743 1959 987 2026 incurrit,
1019 1959 1118 2030 qui,
1139 1973 1200 2012 ea
1243 1971 1359 2030 quis
1381 1961 1586 2030 potiora
1633 1975 1818 2030 capere
1861 1959 2047 2014 didicit
2104 1961 2260 2024 bona,
2292 1963 2554 2030 surripere
2583 1963 2796 2017 minime
2844 1965 3058 2034 ambigit
3097 1961 3302 2035 [Forte
3327 1961 3582 2038 satagit].

273 2053 490 2110 Diuina
513 2067 736 2126 stantque
761 2061 886 2108 sunt
907 2053 1276 2108 exercitatione
1303 2054 1568 2124 premendi
1592 2093 1608 2118 ,
1638 2054 1900 2124 variisque
1941 2053 2182 2124 operibus
2213 2052 2411 2118 alendi,
2443 2053 2624 2122 quibus
2663 2053 2892 2109 aliorum
2951 2055 3192 2110 discretio
3236 2053 3573 2126 subrogatur.

269 2145 488 2202 Etenim
523 2145 807 2216 aliquoties
827 2155 1170 2218 praesumptor
1198 2161 1296 2200 sua
1321 2148 1612 2200 temeritate
1643 2145 1954 2212 succumbit,
1987 2145 2130 2210 dum,
2165 2131 2464 2200 necessariis
2489 2147 2666 2202 usibus
2695 2157 2844 2218 apta,
2879 2165 2976 2202 sua
3005 2151 3293 2221 incongrua
3319 2151 3584 2218 industria

269 2239 488 2292 incertis
501 2236 952 2292 moderationibus
963 2239 1284 2311 dispertitur.
1306 2237 1362 2292 Ν
1365 2237 1474 2293 obis
1489 2253 1606 2292 vero
1623 2239 1800 2292 idiotis
1825 2239 1982 2308 facile
2003 2255 2096 2309 per
2109 2239 2358 2292 incuriam
2373 2239 2548 2308 inepta
2562 2243 2864 2312 persuaderi
2879 2253 3108 2314 possunt.
3131 2243 3204 2298 Te
3228 2259 3369 2316 ergo,
3385 2243 3588 2298 charis-

269 2339 392 2394 s'itne
405 2335 596 2404 Pater,
609 2353 712 2406 qua
723 2351 994 2405 possumus
1005 2337 1260 2391 cbaritate
1283 2337 1645 2405 prmenirnus,
1660 2353 1760 2406 quo
1787 2337 1876 2406 pia
1895 2353 1959 2390 ac
1979 2337 2286 2390 inexhausta
2307 2337 2660 2402 exuberantia,
2677 2339 2812 2392 nihil
2843 2356 3078 2412 promere
3094 2341 3410 2410 sapientibus
3439 2339 3584 2396 nobis

271 2431 572 2498 subvenias,
603 2439 654 2485 et
690 2431 876 2500 quibus
898 2431 1198 2502 precemines
1223 2431 1504 2496 exercitiis,
1533 2431 1623 2484 sub
1652 2431 1838 2496 quibus
1885 2429 2200 2500 prtepollens
2230 2445 2368 2483 mens
2400 2439 2450 2482 et
2479 2431 2708 2484 membra
2736 2443 3024 2496 creverunt,
3055 2449 3146 2486 nos
3176 2432 3478 2504 neaphytos,
3531 2441 3582 2488 et

271 2529 556 2584 “adiutis
581 2543 788 2598 pompae
815 2527 1236 2582 accurationibus
1259 2527 1454 2582 illectos
1481 2527 1708 2582 excitare
1731 2543 1834 2580 non
1864 2525 2101 2596 differas.
2156 2525 2227 2580 Te
2255 2525 2466 2595 quidem
2492 2529 2818 2598 potissimum
2851 2523 3200 2580 Orientalium
3231 2527 3582 2582 coenobiorum

277 2621 514 2677 doctrina
535 2629 806 2692 expertum
834 2631 1084 2688 tenemus,
1116 2621 1440 2690 maximeque
1471 2619 1868 2694 Acgyptiorum,
1901 2631 1948 2674 et
1978 2621 2118 2692 apud
2149 2617 2464 2674 Thebaidem
2501 2621 2840 2692 fundatorum
2873 2635 2890 2673 :
2918 2619 3204 2690 pra'sertim
3249 2635 3364 2672 cum
3393 2627 3441 2674 et
3469 2620 3586 2674 loca

283 2711 554 2769 ﬂaminica
573 2715 842 2769 nativitate
859 2715 1086 2787 insignia
1113 2721 1206 2767 tua
1231 2715 1336 2767 sint
1363 2713 1628 2767 illustrata
1657 2715 1950 2782 pra’srntia.
1983 2713 2244 2779 Quocirca
2273 2731 2388 2768 cum
2407 2715 2480 2768 sis
2500 2716 2730 2768 omnium
2757 2713 3048 2768 studiorum
3074 2709 3458 2772 Catholicorum
3505 2711 3590 2766 di-

291 2807 506 2876 sciplina
529 2809 790 2877 refertus,
821 2815 870 2860 te
901 2821 1102 2876 quoque
1123 2807 1360 2860 conuenit
1385 2823 1477 2860 nos
1505 2805 1736 2860 scientia:
1766 2807 1966 2878 inapes,
1999 2823 2102 2860 non
2130 2807 2414 2876 pra'terire.
2451 2805 2728 2862 Posci:::us
2769 2823 2990 2878 namque
3022 2817 3160 2860 tuam
3201 2807 3586 2874 paternitatem,

289 2911 346 2958 ut
371 2903 1098 2968 instituta'monasteriorum,
1117 2917 1232 2973 qua:
1261 2917 1352 2973 per
1383 2899 1676 2974 Egyptum
1705 2909 1752 2954 et
1777 2899 2122 2954 Palrestinam
2154 2903 2360 2972 ﬂorere,
2387 2919 2448 2954 ac
2485 2903 2686 2956 institui
2741 2903 2932 2970 vidisti,
2971 2913 3018 2956 et
3049 2903 3300 2955 seruantia
3342 2901 3584 2966 sanxisti,

283 3005 332 3052 et
347 2997 504 3052 sicuti
522 2997 592 3051 ibi
612 3015 646 3050 a
667 2995 916 3050 Patribus
942 2995 1134 3050 tradita
1151 3001 1292 3061 sunt,
1315 2995 1538 3064 simplici
1561 3009 1794 3048 sermone
1825 2995 1878 3048 in
1909 3003 2086 3049 nostro
2113 2995 2232 3048 rudi
2257 2997 2568 3050 monasterio
2597 2995 2841 3049 adhibere
2870 2993 3204 3066 complanata
3225 3011 3324 3046 non
3357 2993 3576 3058 abnuas,

281 3099 330 3145 st
355 3089 686 3160 eloquiorum
712 3095 920 3143 tuorum
941 3085 1196 3156 melliﬂua
1215 3089 1470 3142 suavitate
1495 3087 1832 3142 exuberantia
1859 3083 2012 3140 verba
2031 3085 2350 3154 diffundens,
2383 3099 2560 3142 nostra
2583 3085 2676 3140 diu
2697 3087 2898 3140 arentia
2923 3087 3082 3140 corda
3107 3087 3276 3156 rigore
3303 3101 3405 3138 non
3435 3083 3586 3151 αἰπε-

279 3199 366 3238 ras
395 3199 416 3238 :
442 3199 506 3238 ea:
525 3197 632 3252 quo
661 3181 862 3255 abjecta
885 3181 1158 3234 sterilitate
1179 3180 1356 3252 fruges
1387 3181 1614 3250 justitiae
1637 3180 1842 3234 valeant
1887 3177 2170 3246 pullulare.
2237 3177 2390 3234 Unde
2413 3195 2530 3232 reor
2555 3179 2600 3232 si
2623 3179 2748 3248 quid
2791 3179 3044 3248 pro/icere
3085 3193 3178 3232 nos
3209 3171 3453 3246 possibile
3475 3179 3588 3246 [uc-

283 3279 382 3344 rit,
415 3287 464 3332 te
493 3291 702 3348 quoque
723 3275 918 3346 potiori
951 3274 1132 3328 merito
1157 3275 1540 3328 munerandutn
1563 3289 1582 3328 :
1611 3275 1658 3328 si
1680 3275 1882 3344 paterni
1915 3274 2108 3330 laboris
2145 3272 2438 3327 obedientia
2461 3273 2712 3328 inertium
2739 3281 2934 3328 mentes
2957 3271 3384 3342 qualemcumque
3413 3271 3588 3324 reddi-

281 3373 452 3430 derint
501 3371 734 3428 habilem
751 3373 1062 3428 seruitutem.
1113 3369 1266 3438 Vale,
1295 3381 1439 3440 pater
1463 3371 1560 3426 Dei
1587 3387 1872 3438 servorun,
1902 3379 1958 3452 et
1977 3379 2230 3426 memento
2249 3369 2438 3426 nostri.

357 3547 384 3578 ι
423 3536 508 3592 Ex
536 3541 756 3591 reussto
781 3532 980 3590 Codice
1001 3531 1328 3589 Elnonensis
1353 3531 1672 3586 monasterii
1699 3529 1758 3586 S.
1783 3527 2036 3584 Amandi.

277 3691 3576 3742 ΗΜ

1067 3827 1174 3944 ,π
1180 3827 1704 3944 OANN
1711 3823 1878 3940 IS
1953 3821 2810 3938 CASSIANI

1475 4023 1816 4082 ABBATIS
1857 4021 2402 4082 MASSILIENSIS

401 4189 682 4340 DE
781 4181 2270 4340 COENOBIORUM
2367 4181 3469 4331 INSTITUTIS

1417 4421 1730 4505 LIBRI
1803 4419 2447 4504 DUODECIM

1511 4581 1974 4596 '——-————_'—

1977 4575 2424 4610 ψ

1707 4703 2190 4826 praefatio,

1507 4889 1594 4940 AD
1625 4883 1960 4940 CASTOREM
1993 4882 2398 4936 PONTIFICEM.

365 5177 590 5236 Veteris
621 5175 990 5230 lnstrumentt'
1019 5177 1208 5226 narrat
1253 5167 1484 5224 historia
1541 5163 1886 5234 sapientissi-
1919 5161 2193 5232 Aviditas,
2227 5159 2488 5230 quidquid
2529 5159 2712 5216 divina
2771 5161 3038 5234 sapientia
3071 5167 3395 5230 suggerente
3449 5175 3589 5231 pra:-

289 5289 452 5328 mnm
483 5269 840 5330 Salomonem
861 5273 980 5334 post
997 5273 1272 5332 acceptam
1295 5259 1554 5316 divinitus
1570 5255 1894 5326 sapientiam
2005 5253 2210 5308 clarum
2237 5255 2290 5308 in
2317 5253 2519 5324 templo
2545 5254 2779 5320 Domini,
2811 5257 2898 5310 vel
2921 5255 2974 5310 in
3011 5251 3183 5308 sacris
3211 5251 3358 5306 vasis
3384 5253 3586 5308 molie-

287 5362 760 5434 prudentiamque
781 5359 1004 5412 multam
1037 5357 1216 5422 nimis,
1245 5363 1302 5408 et
1333 5351 1678 5406 latitudinem
1707 5348 1896 5404 cordis
2007 5347 2192 5414 batur,
2241 5347 2548 5402 ministerio
2579 5347 2696 5415 ejus
2727 5363 2792 5402 ac
2823 5345 3178 5416 dispositione
3211 5343 3436 5412 perfecit
3463 5347 3483 5417 (
3520 5343 3584 5400 Ill

289 5457 468 5529 quasi
495 5471 715 5510 arenam
755 5453 923 5508 maris
953 5449 1408 5506 innumerabilem
1441 5445 1552 5516 (ΙΙΙ
1585 5445 1714 5514 Reg.
1747 5457 1798 5496 tv
1831 5441 1852 5510 )
1879 5459 1894 5497 :
2009 5441 2138 5510 Reg.
2163 5455 2238 5494 vn
2265 5441 2302 5508 ).
2336 5439 2394 5494 Si
2424 5453 2556 5508 ergo
2588 5442 2682 5494 ille
2713 5439 2982 5494 universis
3011 5437 3200 5508 regnis
3235 5445 3397 5492 terrae
3424 5437 3572 5492 subii

289 5554 372 5607 ita
403 5559 470 5606 ut
495 5549 710 5604 Domini
747 5547 1062 5604 testimonio
1089 5543 1271 5600 nullus
1305 5543 1354 5598 ei
1390 5541 1584 5596 similis
1611 5537 1894 5594 retroactis
2009 5537 2148 5590 mior
2181 5535 2540 5606 principatus,
2573 5545 2626 5589 et
2657 5535 2940 5590 lsraclitici
2975 5535 3194 5604 generis
3227 5535 3473 5588 nobilior
3501 5547 3590 5586 cx-

295 5641 652 5714 temporibus
679 5640 984 5704 exstitisse,
1037 5651 1212 5706 neque
1241 5643 1360 5702 post
1389 5649 1512 5688 eum
1541 5641 1892 5686 surrecturus
2011 5629 2412 5698 cellentiorque
2451 5629 2778 5699 progenies(
2809 5625 2874 5680 lll
2901 5625 3034 5698 Reg.
3061 5641 3134 5679 vn
3163 5625 3206 5696 ),
3271 5627 3469 5694 illaque
3517 5639 3574 5676 sa

297 5747 436 5790 esse
488 5731 728 5796 dicatur,
783 5730 916 5784 illud
963 5729 1310 5798 magniﬁcum
1359 5726 1592 5780 Domino
1640 5723 1902 5792 templum
2011 5723 2212 5791 pientis
2245 5721 2504 5776 divinitus
2543 5721 2840 5788 inspirata,
2893 5735 3016 5790 quae
3047 5729 3368 5774 cunctorum
3399 5717 3587 5771 Orien-

302 5835 604 5882 exstruere
618 5823 952 5894 cupientem,
983 5822 1294 5890 alienigena:
1325 5821 1470 5890 regis
1493 5818 1618 5890 Tyri
1647 5815 1904 5872 auxilium
2013 5815 2198 5870 talium
2225 5823 2278 5870 et
2309 5813 2686 5888 {Egyptiorum
2733 5811 3056 5884 disciplinas
3078 5823 3132 5868 et
3157 5811 3400 5866 instituta
3433 5823 3588 5876 ευιρρ-

291 5919 654 6004 -p0poscisse.
689 5917 798 5998 Qui
851 5919 1018 5980 misso
1056 5917 1124 5976 ad
1155 5933 1212 5978 se
1237 5915 1440 5992 llyram
1494 5913 1605 5974 tilio
1662 5911 1904 5972 mulieris
2015 5909 2198 5978 rat-at,
2233 5921 2570 5984 nequaquam
2619 5909 2878 5986 pauperis
2925 5917 3084 5986 atque
3128 5903 3442 5982 alienigena:
3489 5899 3591 5966 viri
