  <div class='ocr_page' id='page_1' title='image "/cluster/home/n/w/nwhite01/storage/ocr_20150623/49/hvd.32044015471543/033.png"; bbox 0 0 4026 6334; ppageno 0'>
   <div class='ocr_carea' id='block_1_1' title="bbox 1620 228 1704 260">
    <p class='ocr_par' dir='ltr' id='par_1_1' title="bbox 1620 228 1704 260">
     <span class='ocr_line' id='line_1_1' title="bbox 1620 228 1704 260; baseline 0 -16"><span class='ocrx_word' id='word_1_1' title='bbox 1620 228 1704 260; x_wconf 56' lang='lat' dir='ltr'><strong>’J‘</strong></span> 
     </span>
    </p>
   </div>
   <div class='ocr_carea' id='block_1_2' title="bbox 467 313 3734 402">
    <p class='ocr_par' dir='ltr' id='par_1_2' title="bbox 467 313 3734 402">
     <span class='ocr_line' id='line_1_2' title="bbox 467 313 3734 402; baseline 0.008 -32"><span class='ocrx_word' id='word_1_2' title='bbox 467 313 540 370; x_wconf 68' lang='lat'><strong>55</strong></span> <span class='ocrx_word' id='word_1_3' title='bbox 1773 325 2052 385; x_wconf 79' lang='lat' dir='ltr'><strong>JOANNlS</strong></span> <span class='ocrx_word' id='word_1_4' title='bbox 2086 329 2395 389; x_wconf 77' lang='lat' dir='ltr'><strong>CASSIANI</strong></span> <span class='ocrx_word' id='word_1_5' title='bbox 2751 392 2760 402; x_wconf 66' lang='grc'><em>,</em></span> <span class='ocrx_word' id='word_1_6' title='bbox 3661 335 3734 395; x_wconf 75' lang='grc' dir='ltr'><strong>5ο</strong></span> 
     </span>
    </p>
   </div>
   <div class='ocr_carea' id='block_1_3' title="bbox 417 429 3731 518">
    <p class='ocr_par' dir='ltr' id='par_1_3' title="bbox 417 429 3731 518">
     <span class='ocr_line' id='line_1_3' title="bbox 417 429 3731 518; baseline 0.007 -31"><span class='ocrx_word' id='word_1_7' title='bbox 417 435 436 472; x_wconf 63' lang='grc' dir='ltr'><strong>ί·</strong></span> <span class='ocrx_word' id='word_1_8' title='bbox 466 429 756 488; x_wconf 83' lang='lat' dir='ltr'><strong>consilium</strong></span> <span class='ocrx_word' id='word_1_9' title='bbox 787 431 1148 504; x_wconf 73' lang='lat' dir='ltr'><strong>dedignatur;</strong></span> <span class='ocrx_word' id='word_1_10' title='bbox 1182 445 1330 492; x_wconf 86' lang='lat' dir='ltr'><strong>recte</strong></span> <span class='ocrx_word' id='word_1_11' title='bbox 1372 441 1536 494; x_wconf 90' lang='lat' dir='ltr'><strong>etiam</strong></span> <span class='ocrx_word' id='word_1_12' title='bbox 1585 447 1641 493; x_wconf 91' lang='lat' dir='ltr'><strong>tu</strong></span> <span class='ocrx_word' id='word_1_13' title='bbox 1673 439 1756 494; x_wconf 92' lang='lat' dir='ltr'><strong>his</strong></span> <span class='ocrx_word' id='word_1_14' title='bbox 1793 441 2042 498; x_wconf 83' lang='lat' dir='ltr'><strong>eruditus</strong></span> <span class='ocrx_word' id='word_1_15' title='bbox 2067 447 2118 506; x_wconf 83' lang='lat' dir='ltr'><strong>A</strong></span> <span class='ocrx_word' id='word_1_16' title='bbox 2146 448 2378 518; x_wconf 88' lang='lat' dir='ltr'><strong>simplici</strong></span> <span class='ocrx_word' id='word_1_17' title='bbox 2407 462 2660 504; x_wconf 84' lang='lat' dir='ltr'><strong>sermone</strong></span> <span class='ocrx_word' id='word_1_18' title='bbox 2711 448 2972 503; x_wconf 77' lang='lat' dir='ltr'><strong>fratribus</strong></span> <span class='ocrx_word' id='word_1_19' title='bbox 3022 449 3077 501; x_wconf 91' lang='lat' dir='ltr'><strong>in</strong></span> <span class='ocrx_word' id='word_1_20' title='bbox 3129 446 3349 503; x_wconf 89' lang='lat' dir='ltr'><strong>novello</strong></span> <span class='ocrx_word' id='word_1_21' title='bbox 3397 451 3731 509; x_wconf 87' lang='lat' dir='ltr'><strong>monasterio</strong></span> 
     </span>
    </p>
   </div>
   <div class='ocr_carea' id='block_1_4' title="bbox 465 522 2048 600">
    <p class='ocr_par' dir='ltr' id='par_1_4' title="bbox 465 522 2048 600">
     <span class='ocr_line' id='line_1_4' title="bbox 465 522 2048 600; baseline 0.009 -24"><span class='ocrx_word' id='word_1_22' title='bbox 465 522 780 592; x_wconf 81' lang='lat' dir='ltr'><strong>exemplis,</strong></span> <span class='ocrx_word' id='word_1_23' title='bbox 836 525 1147 584; x_wconf 91' lang='lat' dir='ltr'><strong>beatissime</strong></span> <span class='ocrx_word' id='word_1_24' title='bbox 1191 538 1216 566; x_wconf 78' lang='grc' dir='ltr'><strong>ι</strong></span> <span class='ocrx_word' id='word_1_25' title='bbox 1276 544 1415 600; x_wconf 89' lang='lat' dir='ltr'><strong>papa</strong></span> <span class='ocrx_word' id='word_1_26' title='bbox 1471 532 1688 598; x_wconf 89' lang='lat' dir='ltr'><strong>Castor,</strong></span> <span class='ocrx_word' id='word_1_27' title='bbox 1743 547 1929 588; x_wconf 91' lang='lat' dir='ltr'><strong>verum</strong></span> <span class='ocrx_word' id='word_1_28' title='bbox 1983 550 2048 590; x_wconf 91' lang='lat' dir='ltr'><strong>ac</strong></span> 
     </span>
    </p>
   </div>
   <div class='ocr_carea' id='block_1_5' title="bbox 466 615 2045 692">
    <p class='ocr_par' dir='ltr' id='par_1_5' title="bbox 466 615 2045 692">
     <span class='ocr_line' id='line_1_5' title="bbox 466 615 2045 692; baseline 0.008 -25"><span class='ocrx_word' id='word_1_29' title='bbox 466 615 794 671; x_wconf 77' lang='lat' dir='ltr'><strong>rationabile</strong></span> <span class='ocrx_word' id='word_1_30' title='bbox 829 617 938 674; x_wconf 91' lang='lat' dir='ltr'><strong>Deo</strong></span> <span class='ocrx_word' id='word_1_31' title='bbox 968 621 1252 689; x_wconf 79' lang='lat' dir='ltr'><strong>templum,</strong></span> <span class='ocrx_word' id='word_1_32' title='bbox 1285 637 1394 677; x_wconf 93' lang='lat' dir='ltr'><strong>non</strong></span> <span class='ocrx_word' id='word_1_33' title='bbox 1444 623 1717 692; x_wconf 87' lang='lat' dir='ltr'><strong>lapidibus</strong></span> <span class='ocrx_word' id='word_1_34' title='bbox 1747 624 2045 680; x_wconf 90' lang='lat' dir='ltr'><strong>insensibi-</strong></span> 
     </span>
    </p>
   </div>
   <div class='ocr_carea' id='block_1_6' title="bbox 465 707 2047 787">
    <p class='ocr_par' dir='ltr' id='par_1_6' title="bbox 465 707 2047 787">
     <span class='ocr_line' id='line_1_6' title="bbox 465 707 2047 787; baseline 0.008 -26"><span class='ocrx_word' id='word_1_35' title='bbox 465 707 630 773; x_wconf 87' lang='lat' dir='ltr'><strong>libus,</strong></span> <span class='ocrx_word' id='word_1_36' title='bbox 659 709 757 764; x_wconf 91' lang='lat' dir='ltr'><strong>sed</strong></span> <span class='ocrx_word' id='word_1_37' title='bbox 784 720 1094 766; x_wconf 91' lang='lat' dir='ltr'><strong>sanctorum</strong></span> <span class='ocrx_word' id='word_1_38' title='bbox 1144 714 1386 768; x_wconf 90' lang='lat' dir='ltr'><strong>virorum</strong></span> <span class='ocrx_word' id='word_1_39' title='bbox 1441 717 1893 787; x_wconf 78' lang='lat' dir='ltr'><strong>congregatione,</strong></span> <span class='ocrx_word' id='word_1_40' title='bbox 1946 733 2047 774; x_wconf 92' lang='lat' dir='ltr'><strong>nec</strong></span> 
     </span>
    </p>
   </div>
   <div class='ocr_carea' id='block_1_7' title="bbox 464 804 2044 882">
    <p class='ocr_par' dir='ltr' id='par_1_7' title="bbox 464 804 2044 882">
     <span class='ocr_line' id='line_1_7' title="bbox 464 804 2044 882; baseline 0.008 -27"><span class='ocrx_word' id='word_1_41' title='bbox 464 804 766 872; x_wconf 86' lang='lat' dir='ltr'><strong>temporale</strong></span> <span class='ocrx_word' id='word_1_42' title='bbox 817 815 871 859; x_wconf 90' lang='lat' dir='ltr'><strong>et</strong></span> <span class='ocrx_word' id='word_1_43' title='bbox 899 807 1275 875; x_wconf 85' lang='lat' dir='ltr'><strong>corruptibile,</strong></span> <span class='ocrx_word' id='word_1_44' title='bbox 1309 807 1407 863; x_wconf 90' lang='lat' dir='ltr'><strong>sed</strong></span> <span class='ocrx_word' id='word_1_45' title='bbox 1456 819 1716 866; x_wconf 66' lang='lat' dir='ltr'><strong>azternum</strong></span> <span class='ocrx_word' id='word_1_46' title='bbox 1745 819 1911 882; x_wconf 92' lang='lat' dir='ltr'><strong>atque</strong></span> <span class='ocrx_word' id='word_1_47' title='bbox 1960 813 2044 867; x_wconf 84' lang='lat' dir='ltr'><strong>in-</strong></span> 
     </span>
    </p>
   </div>
   <div class='ocr_carea' id='block_1_8' title="bbox 409 895 2048 974">
    <p class='ocr_par' dir='ltr' id='par_1_8' title="bbox 409 895 2048 974">
     <span class='ocr_line' id='line_1_8' title="bbox 409 895 2048 974; baseline 0.009 -29"><span class='ocrx_word' id='word_1_48' title='bbox 409 971 413 974; x_wconf 20' lang='lat'>.</span> <span class='ocrx_word' id='word_1_49' title='bbox 463 895 825 964; x_wconf 81' lang='lat' dir='ltr'><strong>expugnabile</strong></span> <span class='ocrx_word' id='word_1_50' title='bbox 856 895 1134 952; x_wconf 70' lang='lat' dir='ltr'><strong>aedificare</strong></span> <span class='ocrx_word' id='word_1_51' title='bbox 1179 898 1502 967; x_wconf 89' lang='lat' dir='ltr'><strong>disponens,</strong></span> <span class='ocrx_word' id='word_1_52' title='bbox 1553 915 1682 956; x_wconf 90' lang='lat' dir='ltr'><strong>vasa</strong></span> <span class='ocrx_word' id='word_1_53' title='bbox 1720 902 1883 957; x_wconf 92' lang='lat' dir='ltr'><strong>etiam</strong></span> <span class='ocrx_word' id='word_1_54' title='bbox 1925 918 2048 971; x_wconf 86' lang='lat' dir='ltr'><strong>pre-</strong></span> 
     </span>
    </p>
   </div>
   <div class='ocr_carea' id='block_1_9' title="bbox 467 985 2045 1059">
    <p class='ocr_par' dir='ltr' id='par_1_9' title="bbox 467 985 2045 1059">
     <span class='ocr_line' id='line_1_9' title="bbox 467 985 2045 1059; baseline 0.008 -22"><span class='ocrx_word' id='word_1_55' title='bbox 467 985 756 1041; x_wconf 87' lang='lat' dir='ltr'><strong>tiosissima</strong></span> <span class='ocrx_word' id='word_1_56' title='bbox 784 988 1016 1042; x_wconf 90' lang='lat' dir='ltr'><strong>Domino</strong></span> <span class='ocrx_word' id='word_1_57' title='bbox 1060 990 1288 1059; x_wconf 89' lang='lat' dir='ltr'><strong>cupiens</strong></span> <span class='ocrx_word' id='word_1_58' title='bbox 1347 1006 1697 1058; x_wconf 88' lang='lat' dir='ltr'><strong>consecrare,</strong></span> <span class='ocrx_word' id='word_1_59' title='bbox 1729 1008 1842 1048; x_wconf 91' lang='lat' dir='ltr'><strong>non</strong></span> <span class='ocrx_word' id='word_1_60' title='bbox 1872 995 2045 1050; x_wconf 92' lang='lat' dir='ltr'><strong>multo</strong></span> 
     </span>
    </p>
   </div>
   <div class='ocr_carea' id='block_1_10' title="bbox 413 1069 2047 1156">
    <p class='ocr_par' dir='ltr' id='par_1_10' title="bbox 413 1069 2047 1156">
     <span class='ocr_line' id='line_1_10' title="bbox 413 1069 2047 1156; baseline 0.01 -30"><span class='ocrx_word' id='word_1_61' title='bbox 413 1069 419 1084; x_wconf 74' lang='grc'>³</span> <span class='ocrx_word' id='word_1_62' title='bbox 462 1078 579 1130; x_wconf 86' lang='lat' dir='ltr'><strong>auri</strong></span> <span class='ocrx_word' id='word_1_63' title='bbox 615 1079 856 1147; x_wconf 85' lang='lat' dir='ltr'><strong>metallo,</strong></span> <span class='ocrx_word' id='word_1_64' title='bbox 883 1082 1168 1151; x_wconf 85' lang='lat' dir='ltr'><strong>argentive</strong></span> <span class='ocrx_word' id='word_1_65' title='bbox 1197 1084 1452 1152; x_wconf 79' lang='lat' dir='ltr'><strong>conﬂata,</strong></span> <span class='ocrx_word' id='word_1_66' title='bbox 1479 1100 1599 1155; x_wconf 72' lang='lat' dir='ltr'><strong>qua:</strong></span> <span class='ocrx_word' id='word_1_67' title='bbox 1641 1096 1765 1156; x_wconf 89' lang='lat' dir='ltr'><strong>post</strong></span> <span class='ocrx_word' id='word_1_68' title='bbox 1812 1103 1905 1142; x_wconf 80' lang='lat' dir='ltr'><strong>rex</strong></span> <span class='ocrx_word' id='word_1_69' title='bbox 1943 1088 2047 1142; x_wconf 90' lang='lat' dir='ltr'><strong>Ba-</strong></span> 
     </span>
    </p>
   </div>
   <div class='ocr_carea' id='block_1_11' title="bbox 462 1171 2044 1252">
    <p class='ocr_par' dir='ltr' id='par_1_11' title="bbox 462 1171 2044 1252">
     <span class='ocr_line' id='line_1_11' title="bbox 462 1171 2044 1252; baseline 0.009 -29"><span class='ocrx_word' id='word_1_70' title='bbox 462 1171 714 1241; x_wconf 91' lang='lat' dir='ltr'><strong>bylonius</strong></span> <span class='ocrx_word' id='word_1_71' title='bbox 745 1184 900 1244; x_wconf 84' lang='lat' dir='ltr'><strong>capta</strong></span> <span class='ocrx_word' id='word_1_72' title='bbox 933 1177 1368 1234; x_wconf 89' lang='lat' dir='ltr'><strong>concubinarum</strong></span> <span class='ocrx_word' id='word_1_73' title='bbox 1391 1195 1610 1235; x_wconf 90' lang='lat' dir='ltr'><strong>suarum</strong></span> <span class='ocrx_word' id='word_1_74' title='bbox 1642 1196 1704 1236; x_wconf 93' lang='lat' dir='ltr'><strong>ac</strong></span> <span class='ocrx_word' id='word_1_75' title='bbox 1740 1183 2044 1252; x_wconf 86' lang='lat' dir='ltr'><strong>principum</strong></span> 
     </span>
    </p>
   </div>
   <div class='ocr_carea' id='block_1_12' title="bbox 460 1261 2047 1340">
    <p class='ocr_par' dir='ltr' id='par_1_12' title="bbox 460 1261 2047 1340">
     <span class='ocr_line' id='line_1_12' title="bbox 460 1261 2047 1340; baseline 0.01 -26"><span class='ocrx_word' id='word_1_76' title='bbox 460 1261 683 1331; x_wconf 83' lang='lat' dir='ltr'><strong>deputet</strong></span> <span class='ocrx_word' id='word_1_77' title='bbox 713 1266 977 1335; x_wconf 79' lang='lat' dir='ltr'><strong>voluptati</strong></span> <span class='ocrx_word' id='word_1_78' title='bbox 1022 1266 1256 1339; x_wconf 81' lang='lat' dir='ltr'><strong>(Daniel.</strong></span> <span class='ocrx_word' id='word_1_79' title='bbox 1283 1271 1362 1340; x_wconf 90' lang='lat' dir='ltr'><strong>v),</strong></span> <span class='ocrx_word' id='word_1_80' title='bbox 1391 1271 1486 1326; x_wconf 91' lang='lat' dir='ltr'><strong>sed</strong></span> <span class='ocrx_word' id='word_1_81' title='bbox 1519 1271 1802 1328; x_wconf 89' lang='lat' dir='ltr'><strong>animabus</strong></span> <span class='ocrx_word' id='word_1_82' title='bbox 1841 1277 2047 1330; x_wconf 84' lang='lat' dir='ltr'><strong>sanctis</strong></span> 
     </span>
    </p>
   </div>
   <div class='ocr_carea' id='block_1_13' title="bbox 463 1357 2048 1437">
    <p class='ocr_par' dir='ltr' id='par_1_13' title="bbox 463 1357 2048 1437">
     <span class='ocr_line' id='line_1_13' title="bbox 463 1357 2048 1437; baseline 0.011 -31"><span class='ocrx_word' id='word_1_83' title='bbox 463 1369 587 1422; x_wconf 65' lang='lat' dir='ltr'><strong>quae</strong></span> <span class='ocrx_word' id='word_1_84' title='bbox 627 1357 973 1423; x_wconf 65' lang='lat' dir='ltr'><strong>innocentiae,</strong></span> <span class='ocrx_word' id='word_1_85' title='bbox 1022 1361 1251 1430; x_wconf 76' lang='lat' dir='ltr'><strong>justitize</strong></span> <span class='ocrx_word' id='word_1_86' title='bbox 1300 1372 1353 1418; x_wconf 93' lang='lat' dir='ltr'><strong>et</strong></span> <span class='ocrx_word' id='word_1_87' title='bbox 1406 1365 1675 1420; x_wconf 86' lang='lat' dir='ltr'><strong>castitatis</strong></span> <span class='ocrx_word' id='word_1_88' title='bbox 1734 1367 2048 1437; x_wconf 81' lang='lat' dir='ltr'><strong>integritate</strong></span> 
     </span>
    </p>
   </div>
   <div class='ocr_carea' id='block_1_14' title="bbox 458 1449 2045 1526">
    <p class='ocr_par' dir='ltr' id='par_1_14' title="bbox 458 1449 2045 1526">
     <span class='ocr_line' id='line_1_14' title="bbox 458 1449 2045 1526; baseline 0.007 -24"><span class='ocrx_word' id='word_1_89' title='bbox 458 1449 756 1518; x_wconf 80' lang='lat' dir='ltr'><strong>fulgentes,</strong></span> <span class='ocrx_word' id='word_1_90' title='bbox 795 1465 978 1522; x_wconf 87' lang='lat' dir='ltr'><strong>regem</strong></span> <span class='ocrx_word' id='word_1_91' title='bbox 1007 1453 1279 1509; x_wconf 88' lang='lat' dir='ltr'><strong>Christum</strong></span> <span class='ocrx_word' id='word_1_92' title='bbox 1313 1456 1365 1509; x_wconf 94' lang='lat' dir='ltr'><strong>in</strong></span> <span class='ocrx_word' id='word_1_93' title='bbox 1399 1457 1712 1526; x_wconf 88' lang='lat' dir='ltr'><strong>semetipsis</strong></span> <span class='ocrx_word' id='word_1_94' title='bbox 1753 1458 2045 1513; x_wconf 89' lang='lat' dir='ltr'><strong>circumfe-</strong></span> 
     </span>
    </p>
   </div>
   <div class='ocr_carea' id='block_1_15' title="bbox 461 1550 2047 1620">
    <p class='ocr_par' dir='ltr' id='par_1_15' title="bbox 461 1550 2047 1620">
     <span class='ocr_line' id='line_1_15' title="bbox 461 1550 2047 1620; baseline 0.008 -27"><span class='ocrx_word' id='word_1_95' title='bbox 461 1550 587 1594; x_wconf 83' lang='lat' dir='ltr'><strong>rant</strong></span> <span class='ocrx_word' id='word_1_96' title='bbox 609 1555 1070 1612; x_wconf 90' lang='lat' dir='ltr'><strong>eommorantem,</strong></span> <span class='ocrx_word' id='word_1_97' title='bbox 1103 1561 1331 1615; x_wconf 90' lang='lat' dir='ltr'><strong>egenum</strong></span> <span class='ocrx_word' id='word_1_98' title='bbox 1369 1563 1477 1616; x_wconf 87' lang='lat' dir='ltr'><strong>me,</strong></span> <span class='ocrx_word' id='word_1_99' title='bbox 1513 1551 1772 1620; x_wconf 90' lang='lat' dir='ltr'><strong>omnique</strong></span> <span class='ocrx_word' id='word_1_100' title='bbox 1797 1566 1864 1606; x_wconf 89' lang='lat' dir='ltr'><strong>ex</strong></span> <span class='ocrx_word' id='word_1_101' title='bbox 1892 1560 2047 1620; x_wconf 91' lang='lat' dir='ltr'><strong>parte</strong></span> 
     </span>
    </p>
   </div>
   <div class='ocr_carea' id='block_1_16' title="bbox 460 1638 2047 1716">
    <p class='ocr_par' dir='ltr' id='par_1_16' title="bbox 460 1638 2047 1716">
     <span class='ocr_line' id='line_1_16' title="bbox 460 1638 2047 1716; baseline 0.008 -28"><span class='ocrx_word' id='word_1_102' title='bbox 460 1638 891 1705; x_wconf 86' lang='lat' dir='ltr'><strong>pauperrimum,</strong></span> <span class='ocrx_word' id='word_1_103' title='bbox 926 1639 993 1693; x_wconf 92' lang='lat' dir='ltr'><strong>ad</strong></span> <span class='ocrx_word' id='word_1_104' title='bbox 1018 1643 1458 1698; x_wconf 87' lang='lat' dir='ltr'><strong>communionem</strong></span> <span class='ocrx_word' id='word_1_105' title='bbox 1484 1645 1616 1698; x_wconf 90' lang='lat' dir='ltr'><strong>tanti</strong></span> <span class='ocrx_word' id='word_1_106' title='bbox 1649 1646 1832 1714; x_wconf 88' lang='lat' dir='ltr'><strong>operis</strong></span> <span class='ocrx_word' id='word_1_107' title='bbox 1855 1645 2047 1716; x_wconf 87' lang='lat' dir='ltr'><strong>digna-</strong></span> 
     </span>
    </p>
   </div>
   <div class='ocr_carea' id='block_1_17' title="bbox 467 1730 2035 1807">
    <p class='ocr_par' dir='ltr' id='par_1_17' title="bbox 467 1730 2035 1807">
     <span class='ocr_line' id='line_1_17' title="bbox 467 1730 2035 1807; baseline 0.006 -24"><span class='ocrx_word' id='word_1_108' title='bbox 467 1730 548 1784; x_wconf 87' lang='lat' dir='ltr'><strong>ris</strong></span> <span class='ocrx_word' id='word_1_109' title='bbox 569 1730 902 1788; x_wconf 84' lang='lat' dir='ltr'><strong>adsciscere.</strong></span> <span class='ocrx_word' id='word_1_110' title='bbox 945 1730 972 1770; x_wconf 68' lang='grc' dir='ltr'>δ</span> <span class='ocrx_word' id='word_1_111' title='bbox 1001 1732 1058 1787; x_wconf 87' lang='lat' dir='ltr'><strong>In</strong></span> <span class='ocrx_word' id='word_1_112' title='bbox 1098 1737 1380 1802; x_wconf 86' lang='lat' dir='ltr'><strong>provincia</strong></span> <span class='ocrx_word' id='word_1_113' title='bbox 1412 1737 1682 1807; x_wconf 84' lang='lat' dir='ltr'><strong>siquidem</strong></span> <span class='ocrx_word' id='word_1_114' title='bbox 1714 1745 1805 1792; x_wconf 90' lang='lat' dir='ltr'><strong>tua</strong></span> <span class='ocrx_word' id='word_1_115' title='bbox 1845 1753 2035 1794; x_wconf 66' lang='lat' dir='ltr'><strong>emno-</strong></span> 
     </span>
    </p>
   </div>
   <div class='ocr_carea' id='block_1_18' title="bbox 2153 540 3733 614">
    <p class='ocr_par' dir='ltr' id='par_1_18' title="bbox 2153 540 3733 614">
     <span class='ocr_line' id='line_1_18' title="bbox 2153 540 3733 614; baseline 0.006 -22"><span class='ocrx_word' id='word_1_116' title='bbox 2153 547 2247 594; x_wconf 90' lang='lat' dir='ltr'><strong>tuo</strong></span> <span class='ocrx_word' id='word_1_117' title='bbox 2278 541 2503 611; x_wconf 88' lang='lat' dir='ltr'><strong>cupiens</strong></span> <span class='ocrx_word' id='word_1_118' title='bbox 2554 543 2858 611; x_wconf 76' lang='lat' dir='ltr'><strong>explanari.</strong></span> <span class='ocrx_word' id='word_1_119' title='bbox 2905 541 3004 598; x_wconf 89' lang='lat' dir='ltr'><strong>Cui</strong></span> <span class='ocrx_word' id='word_1_120' title='bbox 3055 540 3133 596; x_wconf 88' lang='lat' dir='ltr'><strong>rei</strong></span> <span class='ocrx_word' id='word_1_121' title='bbox 3177 549 3435 610; x_wconf 88' lang='lat' dir='ltr'><strong>quantum</strong></span> <span class='ocrx_word' id='word_1_122' title='bbox 3477 559 3564 598; x_wconf 89' lang='lat' dir='ltr'><strong>me</strong></span> <span class='ocrx_word' id='word_1_123' title='bbox 3611 545 3733 614; x_wconf 86' lang='lat' dir='ltr'><strong>pius</strong></span> 
     </span>
    </p>
   </div>
   <div class='ocr_carea' id='block_1_19' title="bbox 2150 632 3735 706">
    <p class='ocr_par' dir='ltr' id='par_1_19' title="bbox 2150 632 3735 706">
     <span class='ocr_line' id='line_1_19' title="bbox 2150 632 3735 706; baseline 0.004 -20"><span class='ocrx_word' id='word_1_124' title='bbox 2150 632 2313 688; x_wconf 91' lang='lat' dir='ltr'><strong>ardor</strong></span> <span class='ocrx_word' id='word_1_125' title='bbox 2343 633 2606 689; x_wconf 90' lang='lat' dir='ltr'><strong>desiderii</strong></span> <span class='ocrx_word' id='word_1_126' title='bbox 2638 636 2711 689; x_wconf 92' lang='lat' dir='ltr'><strong>tui</strong></span> <span class='ocrx_word' id='word_1_127' title='bbox 2767 645 3020 706; x_wconf 85' lang='lat' dir='ltr'><strong>provocat</strong></span> <span class='ocrx_word' id='word_1_128' title='bbox 3046 634 3285 702; x_wconf 89' lang='lat' dir='ltr'><strong>obedire,</strong></span> <span class='ocrx_word' id='word_1_129' title='bbox 3316 643 3522 690; x_wconf 92' lang='lat' dir='ltr'><strong>tantum</strong></span> <span class='ocrx_word' id='word_1_130' title='bbox 3549 637 3735 693; x_wconf 82' lang='lat' dir='ltr'><strong>multi-</strong></span> 
     </span>
    </p>
   </div>
   <div class='ocr_carea' id='block_1_20' title="bbox 2150 726 3732 797">
    <p class='ocr_par' dir='ltr' id='par_1_20' title="bbox 2150 726 3732 797">
     <span class='ocr_line' id='line_1_20' title="bbox 2150 726 3732 797; baseline 0.003 -18"><span class='ocrx_word' id='word_1_131' title='bbox 2150 726 2320 795; x_wconf 91' lang='lat' dir='ltr'><strong>plices</strong></span> <span class='ocrx_word' id='word_1_132' title='bbox 2349 734 2580 782; x_wconf 66' lang='lat' dir='ltr'><strong>aastuum</strong></span> <span class='ocrx_word' id='word_1_133' title='bbox 2603 728 2774 782; x_wconf 90' lang='lat' dir='ltr'><strong>moles</strong></span> <span class='ocrx_word' id='word_1_134' title='bbox 2797 728 3072 782; x_wconf 90' lang='lat' dir='ltr'><strong>volentem</strong></span> <span class='ocrx_word' id='word_1_135' title='bbox 3121 727 3502 797; x_wconf 91' lang='lat' dir='ltr'><strong>obtemperare</strong></span> <span class='ocrx_word' id='word_1_136' title='bbox 3547 727 3732 784; x_wconf 89' lang='lat' dir='ltr'><strong>deter-</strong></span> 
     </span>
    </p>
   </div>
   <div class='ocr_carea' id='block_1_21' title="bbox 2149 816 3733 890">
    <p class='ocr_par' dir='ltr' id='par_1_21' title="bbox 2149 816 3733 890">
     <span class='ocr_line' id='line_1_21' title="bbox 2149 816 3733 890; baseline 0.003 -20"><span class='ocrx_word' id='word_1_137' title='bbox 2149 825 2290 873; x_wconf 87' lang='lat' dir='ltr'><strong>rent.</strong></span> <span class='ocrx_word' id='word_1_138' title='bbox 2325 816 2565 872; x_wconf 90' lang='lat' dir='ltr'><strong>Primum</strong></span> <span class='ocrx_word' id='word_1_139' title='bbox 2595 818 2719 888; x_wconf 82' lang='lat' dir='ltr'><strong>quia</strong></span> <span class='ocrx_word' id='word_1_140' title='bbox 2777 833 2876 874; x_wconf 89' lang='lat' dir='ltr'><strong>nec</strong></span> <span class='ocrx_word' id='word_1_141' title='bbox 2905 819 3033 873; x_wconf 70' lang='lat' dir='ltr'><strong>vita:</strong></span> <span class='ocrx_word' id='word_1_142' title='bbox 3087 833 3223 873; x_wconf 68' lang='lat' dir='ltr'><strong>mete</strong></span> <span class='ocrx_word' id='word_1_143' title='bbox 3279 819 3354 872; x_wconf 90' lang='lat' dir='ltr'><strong>ita</strong></span> <span class='ocrx_word' id='word_1_144' title='bbox 3393 818 3733 890; x_wconf 75' lang='lat' dir='ltr'><strong>requiparant</strong></span> 
     </span>
    </p>
   </div>
   <div class='ocr_carea' id='block_1_22' title="bbox 2149 909 3732 976">
    <p class='ocr_par' dir='ltr' id='par_1_22' title="bbox 2149 909 3732 976">
     <span class='ocr_line' id='line_1_22' title="bbox 2149 909 3732 976; baseline 0.002 -13"><span class='ocrx_word' id='word_1_145' title='bbox 2149 909 2365 970; x_wconf 87' lang='lat' dir='ltr'><strong>merita,</strong></span> <span class='ocrx_word' id='word_1_146' title='bbox 2399 919 2459 964; x_wconf 93' lang='lat' dir='ltr'><strong>ut</strong></span> <span class='ocrx_word' id='word_1_147' title='bbox 2487 910 2756 964; x_wconf 88' lang='lat' dir='ltr'><strong>conlidam</strong></span> <span class='ocrx_word' id='word_1_148' title='bbox 2787 925 2875 966; x_wconf 92' lang='lat' dir='ltr'><strong>me</strong></span> <span class='ocrx_word' id='word_1_149' title='bbox 2897 924 2985 965; x_wconf 90' lang='lat' dir='ltr'><strong>res</strong></span> <span class='ocrx_word' id='word_1_150' title='bbox 3013 918 3123 964; x_wconf 93' lang='lat' dir='ltr'><strong>tam</strong></span> <span class='ocrx_word' id='word_1_151' title='bbox 3153 910 3372 976; x_wconf 87' lang='lat' dir='ltr'><strong>arduas,</strong></span> <span class='ocrx_word' id='word_1_152' title='bbox 3408 920 3516 964; x_wconf 91' lang='lat' dir='ltr'><strong>tam</strong></span> <span class='ocrx_word' id='word_1_153' title='bbox 3542 911 3732 966; x_wconf 84' lang='lat' dir='ltr'><strong>obseu-</strong></span> 
     </span>
    </p>
   </div>
   <div class='ocr_carea' id='block_1_23' title="bbox 2149 1002 3733 1072">
    <p class='ocr_par' dir='ltr' id='par_1_23' title="bbox 2149 1002 3733 1072">
     <span class='ocr_line' id='line_1_23' title="bbox 2149 1002 3733 1072; baseline 0.001 -16"><span class='ocrx_word' id='word_1_154' title='bbox 2149 1017 2260 1069; x_wconf 92' lang='lat' dir='ltr'><strong>ras,</strong></span> <span class='ocrx_word' id='word_1_155' title='bbox 2287 1011 2394 1056; x_wconf 90' lang='lat' dir='ltr'><strong>tam</strong></span> <span class='ocrx_word' id='word_1_156' title='bbox 2425 1011 2662 1067; x_wconf 83' lang='lat' dir='ltr'><strong>sanctas,</strong></span> <span class='ocrx_word' id='word_1_157' title='bbox 2695 1002 2856 1072; x_wconf 86' lang='lat' dir='ltr'><strong>digne</strong></span> <span class='ocrx_word' id='word_1_158' title='bbox 2885 1016 3050 1072; x_wconf 84' lang='lat' dir='ltr'><strong>posse</strong></span> <span class='ocrx_word' id='word_1_159' title='bbox 3073 1002 3258 1057; x_wconf 88' lang='lat' dir='ltr'><strong>animo</strong></span> <span class='ocrx_word' id='word_1_160' title='bbox 3283 1017 3346 1056; x_wconf 93' lang='lat' dir='ltr'><strong>ac</strong></span> <span class='ocrx_word' id='word_1_161' title='bbox 3375 1010 3561 1057; x_wconf 90' lang='lat' dir='ltr'><strong>mente</strong></span> <span class='ocrx_word' id='word_1_162' title='bbox 3581 1017 3733 1058; x_wconf 88' lang='lat' dir='ltr'><strong>com-</strong></span> 
     </span>
    </p>
   </div>
   <div class='ocr_carea' id='block_1_24' title="bbox 2147 1095 3725 1166">
    <p class='ocr_par' dir='ltr' id='par_1_24' title="bbox 2147 1095 3725 1166">
     <span class='ocr_line' id='line_1_24' title="bbox 2147 1095 3725 1166; baseline 0.003 -18"><span class='ocrx_word' id='word_1_163' title='bbox 2147 1095 2334 1164; x_wconf 88' lang='lat' dir='ltr'><strong>plecti.</strong></span> <span class='ocrx_word' id='word_1_164' title='bbox 2392 1095 2648 1152; x_wconf 90' lang='lat' dir='ltr'><strong>Secundo</strong></span> <span class='ocrx_word' id='word_1_165' title='bbox 2696 1095 2839 1166; x_wconf 90' lang='lat' dir='ltr'><strong>quod</strong></span> <span class='ocrx_word' id='word_1_166' title='bbox 2875 1106 2896 1134; x_wconf 78' lang='grc' dir='ltr'><em>ε</em></span> <span class='ocrx_word' id='word_1_167' title='bbox 2930 1111 2994 1150; x_wconf 92' lang='lat' dir='ltr'><strong>ea</strong></span> <span class='ocrx_word' id='word_1_168' title='bbox 3033 1111 3153 1165; x_wconf 76' lang='lat' dir='ltr'><strong>qua:</strong></span> <span class='ocrx_word' id='word_1_169' title='bbox 3200 1112 3228 1148; x_wconf 90' lang='lat' dir='ltr'><strong>a</strong></span> <span class='ocrx_word' id='word_1_170' title='bbox 3275 1097 3505 1165; x_wconf 83' lang='lat' dir='ltr'><strong>pueritia</strong></span> <span class='ocrx_word' id='word_1_171' title='bbox 3534 1107 3725 1152; x_wconf 85' lang='lat' dir='ltr'><strong>nostra</strong></span> 
     </span>
    </p>
   </div>
   <div class='ocr_carea' id='block_1_25' title="bbox 2148 1186 3730 1259">
    <p class='ocr_par' dir='ltr' id='par_1_25' title="bbox 2148 1186 3730 1259">
     <span class='ocr_line' id='line_1_25' title="bbox 2148 1186 3730 1259; baseline 0.003 -19"><span class='ocrx_word' id='word_1_172' title='bbox 2148 1186 2292 1242; x_wconf 91' lang='lat' dir='ltr'><strong>inter</strong></span> <span class='ocrx_word' id='word_1_173' title='bbox 2323 1187 2543 1242; x_wconf 85' lang='lat' dir='ltr'><strong>eosdem</strong></span> <span class='ocrx_word' id='word_1_174' title='bbox 2566 1187 2848 1242; x_wconf 85' lang='lat' dir='ltr'><strong>constituti</strong></span> <span class='ocrx_word' id='word_1_175' title='bbox 2887 1195 3047 1256; x_wconf 88' lang='lat' dir='ltr'><strong>atque</strong></span> <span class='ocrx_word' id='word_1_176' title='bbox 3075 1189 3320 1256; x_wconf 89' lang='lat' dir='ltr'><strong>ipsorum</strong></span> <span class='ocrx_word' id='word_1_177' title='bbox 3350 1188 3563 1243; x_wconf 71' lang='lat' dir='ltr'><strong>incitati</strong></span> <span class='ocrx_word' id='word_1_178' title='bbox 3590 1204 3730 1259; x_wconf 86' lang='lat' dir='ltr'><strong>quo-</strong></span> 
     </span>
    </p>
   </div>
   <div class='ocr_carea' id='block_1_26' title="bbox 2149 1279 3732 1350">
    <p class='ocr_par' dir='ltr' id='par_1_26' title="bbox 2149 1279 3732 1350">
     <span class='ocr_line' id='line_1_26' title="bbox 2149 1279 3732 1350; baseline 0.001 -17"><span class='ocrx_word' id='word_1_179' title='bbox 2149 1279 2373 1334; x_wconf 90' lang='lat' dir='ltr'><strong>tidianis</strong></span> <span class='ocrx_word' id='word_1_180' title='bbox 2402 1279 2881 1334; x_wconf 84' lang='lat' dir='ltr'><strong>adhortationibus</strong></span> <span class='ocrx_word' id='word_1_181' title='bbox 2899 1288 2956 1334; x_wconf 93' lang='lat' dir='ltr'><strong>et</strong></span> <span class='ocrx_word' id='word_1_182' title='bbox 2991 1281 3254 1350; x_wconf 81' lang='lat' dir='ltr'><strong>exemplis</strong></span> <span class='ocrx_word' id='word_1_183' title='bbox 3285 1281 3370 1334; x_wconf 87' lang='lat' dir='ltr'><strong>vel</strong></span> <span class='ocrx_word' id='word_1_184' title='bbox 3421 1295 3586 1350; x_wconf 90' lang='lat' dir='ltr'><strong>agere</strong></span> <span class='ocrx_word' id='word_1_185' title='bbox 3612 1291 3732 1335; x_wconf 90' lang='lat' dir='ltr'><strong>ten-</strong></span> 
     </span>
    </p>
   </div>
   <div class='ocr_carea' id='block_1_27' title="bbox 2150 1373 3733 1442">
    <p class='ocr_par' dir='ltr' id='par_1_27' title="bbox 2150 1373 3733 1442">
     <span class='ocr_line' id='line_1_27' title="bbox 2150 1373 3733 1442; baseline 0.002 -16"><span class='ocrx_word' id='word_1_186' title='bbox 2150 1373 2406 1439; x_wconf 91' lang='lat' dir='ltr'><strong>tavimus,</strong></span> <span class='ocrx_word' id='word_1_187' title='bbox 2435 1373 2521 1426; x_wconf 90' lang='lat' dir='ltr'><strong>vel</strong></span> <span class='ocrx_word' id='word_1_188' title='bbox 2544 1373 2853 1439; x_wconf 89' lang='lat' dir='ltr'><strong>didicimus,</strong></span> <span class='ocrx_word' id='word_1_189' title='bbox 2879 1373 2965 1426; x_wconf 89' lang='lat' dir='ltr'><strong>vel</strong></span> <span class='ocrx_word' id='word_1_190' title='bbox 2989 1375 3106 1426; x_wconf 91' lang='lat' dir='ltr'><strong>visu</strong></span> <span class='ocrx_word' id='word_1_191' title='bbox 3121 1373 3486 1442; x_wconf 88' lang='lat' dir='ltr'><strong>percepimus,</strong></span> <span class='ocrx_word' id='word_1_192' title='bbox 3509 1374 3733 1429; x_wconf 89' lang='lat' dir='ltr'><strong>minime</strong></span> 
     </span>
    </p>
   </div>
   <div class='ocr_carea' id='block_1_28' title="bbox 2144 1463 3725 1534">
    <p class='ocr_par' dir='ltr' id='par_1_28' title="bbox 2144 1463 3725 1534">
     <span class='ocr_line' id='line_1_28' title="bbox 2144 1463 3725 1534; baseline 0.001 -16"><span class='ocrx_word' id='word_1_193' title='bbox 2144 1465 2255 1534; x_wconf 93' lang='lat' dir='ltr'><strong>jam</strong></span> <span class='ocrx_word' id='word_1_194' title='bbox 2288 1478 2577 1533; x_wconf 85' lang='lat' dir='ltr'><strong>possumus</strong></span> <span class='ocrx_word' id='word_1_195' title='bbox 2599 1463 2667 1518; x_wconf 85' lang='lat' dir='ltr'><strong>ad</strong></span> <span class='ocrx_word' id='word_1_196' title='bbox 2726 1463 2998 1533; x_wconf 88' lang='lat' dir='ltr'><strong>integrum</strong></span> <span class='ocrx_word' id='word_1_197' title='bbox 3029 1466 3293 1531; x_wconf 90' lang='lat' dir='ltr'><strong>retinere,</strong></span> <span class='ocrx_word' id='word_1_198' title='bbox 3342 1475 3423 1519; x_wconf 90' lang='lat' dir='ltr'><strong>tot</strong></span> <span class='ocrx_word' id='word_1_199' title='bbox 3451 1481 3725 1520; x_wconf 89' lang='lat' dir='ltr'><strong>annorum</strong></span> 
     </span>
    </p>
   </div>
   <div class='ocr_carea' id='block_1_29' title="bbox 2147 1558 3731 1616">
    <p class='ocr_par' dir='ltr' id='par_1_29' title="bbox 2147 1558 3731 1616">
     <span class='ocr_line' id='line_1_29' title="bbox 2147 1558 3731 1616; baseline 0.003 -4"><span class='ocrx_word' id='word_1_200' title='bbox 2147 1558 2368 1613; x_wconf 90' lang='lat' dir='ltr'><strong>circulis</strong></span> <span class='ocrx_word' id='word_1_201' title='bbox 2390 1558 2459 1613; x_wconf 88' lang='lat' dir='ltr'><strong>ab</strong></span> <span class='ocrx_word' id='word_1_202' title='bbox 2489 1573 2677 1614; x_wconf 90' lang='lat' dir='ltr'><strong>eorum</strong></span> <span class='ocrx_word' id='word_1_203' title='bbox 2710 1560 2988 1613; x_wconf 91' lang='lat' dir='ltr'><strong>consortio</strong></span> <span class='ocrx_word' id='word_1_204' title='bbox 3019 1568 3074 1614; x_wconf 93' lang='lat' dir='ltr'><strong>et</strong></span> <span class='ocrx_word' id='word_1_205' title='bbox 3105 1559 3413 1614; x_wconf 90' lang='lat' dir='ltr'><strong>imitatione</strong></span> <span class='ocrx_word' id='word_1_206' title='bbox 3435 1575 3731 1616; x_wconf 90' lang='lat' dir='ltr'><strong>conversa-</strong></span> 
     </span>
    </p>
   </div>
   <div class='ocr_carea' id='block_1_30' title="bbox 2149 1651 3731 1720">
    <p class='ocr_par' dir='ltr' id='par_1_30' title="bbox 2149 1651 3731 1720">
     <span class='ocr_line' id='line_1_30' title="bbox 2149 1651 3731 1720; baseline 0.002 -15"><span class='ocrx_word' id='word_1_207' title='bbox 2149 1651 2312 1705; x_wconf 89' lang='lat' dir='ltr'><strong>tionis</strong></span> <span class='ocrx_word' id='word_1_208' title='bbox 2353 1651 2646 1716; x_wconf 85' lang='lat' dir='ltr'><strong>abstracti;</strong></span> <span class='ocrx_word' id='word_1_209' title='bbox 2675 1651 2981 1720; x_wconf 65' lang='lat' dir='ltr'><strong>prazsertim</strong></span> <span class='ocrx_word' id='word_1_210' title='bbox 3013 1665 3134 1706; x_wconf 91' lang='lat' dir='ltr'><strong>cum</strong></span> <span class='ocrx_word' id='word_1_211' title='bbox 3172 1652 3362 1707; x_wconf 86' lang='lat' dir='ltr'><strong>barum</strong></span> <span class='ocrx_word' id='word_1_212' title='bbox 3415 1668 3598 1708; x_wconf 89' lang='lat' dir='ltr'><strong>rerum</strong></span> <span class='ocrx_word' id='word_1_213' title='bbox 3639 1669 3731 1707; x_wconf 86' lang='lat' dir='ltr'><strong>ra-</strong></span> 
     </span>
    </p>
   </div>
   <div class='ocr_carea' id='block_1_31' title="bbox 2151 1743 3735 1818">
    <p class='ocr_par' dir='ltr' id='par_1_31' title="bbox 2151 1743 3735 1818">
     <span class='ocr_line' id='line_1_31' title="bbox 2151 1743 3735 1818; baseline 0.004 -20"><span class='ocrx_word' id='word_1_214' title='bbox 2151 1745 2226 1798; x_wconf 92' lang='lat' dir='ltr'><strong>tio</strong></span> <span class='ocrx_word' id='word_1_215' title='bbox 2252 1759 2589 1814; x_wconf 89' lang='lat' dir='ltr'><strong>nequaquam</strong></span> <span class='ocrx_word' id='word_1_216' title='bbox 2612 1743 2782 1815; x_wconf 92' lang='lat' dir='ltr'><strong>possit</strong></span> <span class='ocrx_word' id='word_1_217' title='bbox 2803 1745 2975 1799; x_wconf 90' lang='lat' dir='ltr'><strong>otiosa</strong></span> <span class='ocrx_word' id='word_1_218' title='bbox 2993 1746 3352 1802; x_wconf 90' lang='lat' dir='ltr'><strong>meditatione</strong></span> <span class='ocrx_word' id='word_1_219' title='bbox 3381 1747 3735 1818; x_wconf 84' lang='lat' dir='ltr'><strong>doctrinaque</strong></span> 
     </span>
    </p>
   </div>
   <div class='ocr_carea' id='block_1_32' title="bbox 461 1821 3736 1906">
    <p class='ocr_par' dir='ltr' id='par_1_32' title="bbox 461 1821 3736 1906">
     <span class='ocr_line' id='line_1_32' title="bbox 461 1821 3736 1906; baseline 0.005 -31"><span class='ocrx_word' id='word_1_220' title='bbox 461 1821 678 1876; x_wconf 83' lang='lat' dir='ltr'><strong>biorum</strong></span> <span class='ocrx_word' id='word_1_221' title='bbox 711 1833 956 1893; x_wconf 80' lang='lat' dir='ltr'><strong>experte,</strong></span> <span class='ocrx_word' id='word_1_222' title='bbox 982 1825 1339 1882; x_wconf 88' lang='lat' dir='ltr'><strong>Orientalium</strong></span> <span class='ocrx_word' id='word_1_223' title='bbox 1386 1831 1729 1900; x_wconf 85' lang='lat' dir='ltr'><strong>maximeque</strong></span> <span class='ocrx_word' id='word_1_224' title='bbox 1760 1829 2045 1902; x_wconf 65' lang='lat' dir='ltr'><strong>Egyptio-</strong></span> <span class='ocrx_word' id='word_1_225' title='bbox 2077 1831 2125 1890; x_wconf 90' lang='lat' dir='ltr'><strong>B</strong></span> <span class='ocrx_word' id='word_1_226' title='bbox 2151 1834 2466 1901; x_wconf 88' lang='lat' dir='ltr'><strong>verborum,</strong></span> <span class='ocrx_word' id='word_1_227' title='bbox 2499 1835 2583 1889; x_wconf 87' lang='lat' dir='ltr'><strong>vel</strong></span> <span class='ocrx_word' id='word_1_228' title='bbox 2612 1834 2774 1901; x_wconf 87' lang='lat' dir='ltr'><strong>tradi,</strong></span> <span class='ocrx_word' id='word_1_229' title='bbox 2808 1836 2895 1890; x_wconf 89' lang='lat' dir='ltr'><strong>vel</strong></span> <span class='ocrx_word' id='word_1_230' title='bbox 2925 1835 3184 1906; x_wconf 89' lang='lat' dir='ltr'><strong>intelligi,</strong></span> <span class='ocrx_word' id='word_1_231' title='bbox 3210 1838 3297 1891; x_wconf 87' lang='lat' dir='ltr'><strong>vel</strong></span> <span class='ocrx_word' id='word_1_232' title='bbox 3320 1837 3581 1892; x_wconf 89' lang='lat' dir='ltr'><strong>memoria</strong></span> <span class='ocrx_word' id='word_1_233' title='bbox 3602 1853 3736 1892; x_wconf 88' lang='lat' dir='ltr'><strong>eon-</strong></span> 
     </span>
    </p>
   </div>
   <div class='ocr_carea' id='block_1_33' title="bbox 460 1916 2046 1993">
    <p class='ocr_par' dir='ltr' id='par_1_33' title="bbox 460 1916 2046 1993">
     <span class='ocr_line' id='line_1_33' title="bbox 460 1916 2046 1993; baseline 0.008 -26"><span class='ocrx_word' id='word_1_234' title='bbox 460 1930 581 1968; x_wconf 91' lang='lat' dir='ltr'><strong>rum</strong></span> <span class='ocrx_word' id='word_1_235' title='bbox 621 1916 817 1970; x_wconf 90' lang='lat' dir='ltr'><strong>volens</strong></span> <span class='ocrx_word' id='word_1_236' title='bbox 849 1917 1097 1973; x_wconf 89' lang='lat' dir='ltr'><strong>instituta</strong></span> <span class='ocrx_word' id='word_1_237' title='bbox 1157 1920 1392 1985; x_wconf 87' lang='lat' dir='ltr'><strong>fundari,</strong></span> <span class='ocrx_word' id='word_1_238' title='bbox 1427 1936 1552 1976; x_wconf 91' lang='lat' dir='ltr'><strong>cum</strong></span> <span class='ocrx_word' id='word_1_239' title='bbox 1585 1924 1662 1978; x_wconf 89' lang='lat' dir='ltr'><strong>sis</strong></span> <span class='ocrx_word' id='word_1_240' title='bbox 1691 1925 1809 1993; x_wconf 92' lang='lat' dir='ltr'><strong>ipse</strong></span> <span class='ocrx_word' id='word_1_241' title='bbox 1837 1925 2046 1980; x_wconf 90' lang='lat' dir='ltr'><strong>cunctis</strong></span> 
     </span>
    </p>
   </div>
   <div class='ocr_carea' id='block_1_34' title="bbox 414 2003 2048 2084">
    <p class='ocr_par' dir='ltr' id='par_1_34' title="bbox 414 2003 2048 2084">
     <span class='ocr_line' id='line_1_34' title="bbox 414 2003 2048 2084; baseline 0.01 -25"><span class='ocrx_word' id='word_1_242' title='bbox 414 2003 418 2011; x_wconf 85' lang='grc'><em>’</em></span> <span class='ocrx_word' id='word_1_243' title='bbox 462 2008 755 2064; x_wconf 88' lang='lat' dir='ltr'><strong>virtutibus</strong></span> <span class='ocrx_word' id='word_1_244' title='bbox 778 2012 1116 2083; x_wconf 87' lang='lat' dir='ltr'><strong>scientiaque</strong></span> <span class='ocrx_word' id='word_1_245' title='bbox 1141 2014 1437 2084; x_wconf 85' lang='lat' dir='ltr'><strong>perfectus,</strong></span> <span class='ocrx_word' id='word_1_246' title='bbox 1472 2026 1528 2071; x_wconf 90' lang='lat' dir='ltr'><strong>et</strong></span> <span class='ocrx_word' id='word_1_247' title='bbox 1553 2018 1823 2074; x_wconf 82' lang='lat' dir='ltr'><strong>universis</strong></span> <span class='ocrx_word' id='word_1_248' title='bbox 1845 2019 1919 2080; x_wconf 76' lang='lat' dir='ltr'><strong>ita</strong></span> <span class='ocrx_word' id='word_1_249' title='bbox 1959 2034 2048 2075; x_wconf 84' lang='lat' dir='ltr'><strong>re—</strong></span> 
     </span>
    </p>
   </div>
   <div class='ocr_carea' id='block_1_35' title="bbox 456 2100 2044 2181">
    <p class='ocr_par' dir='ltr' id='par_1_35' title="bbox 456 2100 2044 2181">
     <span class='ocr_line' id='line_1_35' title="bbox 456 2100 2044 2181; baseline 0.008 -27"><span class='ocrx_word' id='word_1_250' title='bbox 456 2100 636 2156; x_wconf 77' lang='lat' dir='ltr'><strong>fertus</strong></span> <span class='ocrx_word' id='word_1_251' title='bbox 657 2103 860 2158; x_wconf 90' lang='lat' dir='ltr'><strong>divitiis</strong></span> <span class='ocrx_word' id='word_1_252' title='bbox 885 2107 1281 2176; x_wconf 90' lang='lat' dir='ltr'><strong>spiritualibus,</strong></span> <span class='ocrx_word' id='word_1_253' title='bbox 1306 2117 1364 2163; x_wconf 89' lang='lat' dir='ltr'><strong>ut</strong></span> <span class='ocrx_word' id='word_1_254' title='bbox 1385 2109 1776 2178; x_wconf 83' lang='lat' dir='ltr'><strong>perfectionem</strong></span> <span class='ocrx_word' id='word_1_255' title='bbox 1799 2127 2044 2181; x_wconf 58' lang='lat' dir='ltr'><strong>quaeren-</strong></span> 
     </span>
    </p>
   </div>
   <div class='ocr_carea' id='block_1_36' title="bbox 458 2195 2043 2272">
    <p class='ocr_par' dir='ltr' id='par_1_36' title="bbox 458 2195 2043 2272">
     <span class='ocr_line' id='line_1_36' title="bbox 458 2195 2043 2272; baseline 0.008 -24"><span class='ocrx_word' id='word_1_256' title='bbox 458 2195 606 2250; x_wconf 88' lang='lat' dir='ltr'><strong>tibus</strong></span> <span class='ocrx_word' id='word_1_257' title='bbox 635 2197 766 2250; x_wconf 85' lang='lat' dir='ltr'><strong>satis</strong></span> <span class='ocrx_word' id='word_1_258' title='bbox 797 2197 1122 2268; x_wconf 88' lang='lat' dir='ltr'><strong>abundeque</strong></span> <span class='ocrx_word' id='word_1_259' title='bbox 1171 2215 1278 2255; x_wconf 91' lang='lat' dir='ltr'><strong>non</strong></span> <span class='ocrx_word' id='word_1_260' title='bbox 1337 2203 1500 2257; x_wconf 89' lang='lat' dir='ltr'><strong>modo</strong></span> <span class='ocrx_word' id='word_1_261' title='bbox 1533 2213 1659 2258; x_wconf 91' lang='lat' dir='ltr'><strong>tuus</strong></span> <span class='ocrx_word' id='word_1_262' title='bbox 1703 2219 1905 2272; x_wconf 90' lang='lat' dir='ltr'><strong>sermo,</strong></span> <span class='ocrx_word' id='word_1_263' title='bbox 1945 2205 2043 2260; x_wconf 90' lang='lat' dir='ltr'><strong>sed</strong></span> 
     </span>
    </p>
   </div>
   <div class='ocr_carea' id='block_1_37' title="bbox 459 2287 2042 2366">
    <p class='ocr_par' dir='ltr' id='par_1_37' title="bbox 459 2287 2042 2366">
     <span class='ocr_line' id='line_1_37' title="bbox 459 2287 2042 2366; baseline 0.007 -26"><span class='ocrx_word' id='word_1_264' title='bbox 459 2287 624 2340; x_wconf 88' lang='lat' dir='ltr'><strong>etiam</strong></span> <span class='ocrx_word' id='word_1_265' title='bbox 654 2289 770 2342; x_wconf 92' lang='lat' dir='ltr'><strong>sola</strong></span> <span class='ocrx_word' id='word_1_266' title='bbox 817 2289 931 2344; x_wconf 89' lang='lat' dir='ltr'><strong>vita</strong></span> <span class='ocrx_word' id='word_1_267' title='bbox 963 2293 1196 2346; x_wconf 84' lang='lat' dir='ltr'><strong>sufﬁciat</strong></span> <span class='ocrx_word' id='word_1_268' title='bbox 1238 2294 1304 2346; x_wconf 92' lang='lat' dir='ltr'><strong>ad</strong></span> <span class='ocrx_word' id='word_1_269' title='bbox 1327 2296 1664 2362; x_wconf 86' lang='lat' dir='ltr'><strong>exemplum,</strong></span> <span class='ocrx_word' id='word_1_270' title='bbox 1697 2311 1784 2350; x_wconf 92' lang='lat' dir='ltr'><strong>me</strong></span> <span class='ocrx_word' id='word_1_271' title='bbox 1823 2311 2042 2366; x_wconf 88' lang='lat' dir='ltr'><strong>quoque</strong></span> 
     </span>
    </p>
   </div>
   <div class='ocr_carea' id='block_1_38' title="bbox 458 2379 2047 2457">
    <p class='ocr_par' dir='ltr' id='par_1_38' title="bbox 458 2379 2047 2457">
     <span class='ocr_line' id='line_1_38' title="bbox 458 2379 2047 2457; baseline 0.008 -26"><span class='ocrx_word' id='word_1_272' title='bbox 458 2379 730 2449; x_wconf 85' lang='lat' dir='ltr'><strong>elinguem</strong></span> <span class='ocrx_word' id='word_1_273' title='bbox 760 2390 817 2434; x_wconf 93' lang='lat' dir='ltr'><strong>et</strong></span> <span class='ocrx_word' id='word_1_274' title='bbox 863 2397 1155 2452; x_wconf 90' lang='lat' dir='ltr'><strong>pauperem</strong></span> <span class='ocrx_word' id='word_1_275' title='bbox 1207 2399 1462 2442; x_wconf 88' lang='lat' dir='ltr'><strong>sermone</strong></span> <span class='ocrx_word' id='word_1_276' title='bbox 1490 2397 1662 2456; x_wconf 83' lang='lat' dir='ltr'><strong>atque</strong></span> <span class='ocrx_word' id='word_1_277' title='bbox 1702 2389 1952 2457; x_wconf 84' lang='lat' dir='ltr'><strong>scientia,</strong></span> <span class='ocrx_word' id='word_1_278' title='bbox 1986 2399 2047 2444; x_wconf 90' lang='lat' dir='ltr'><strong>ut</strong></span> 
     </span>
    </p>
   </div>
   <div class='ocr_carea' id='block_1_39' title="bbox 459 2469 2044 2551">
    <p class='ocr_par' dir='ltr' id='par_1_39' title="bbox 459 2469 2044 2551">
     <span class='ocr_line' id='line_1_39' title="bbox 459 2469 2044 2551; baseline 0.01 -30"><span class='ocrx_word' id='word_1_279' title='bbox 459 2469 662 2539; x_wconf 87' lang='lat' dir='ltr'><strong>aliquid</strong></span> <span class='ocrx_word' id='word_1_280' title='bbox 720 2474 787 2525; x_wconf 91' lang='lat' dir='ltr'><strong>ad</strong></span> <span class='ocrx_word' id='word_1_281' title='bbox 845 2476 1252 2544; x_wconf 82' lang='lat' dir='ltr'><strong>explementum</strong></span> <span class='ocrx_word' id='word_1_282' title='bbox 1299 2480 1376 2533; x_wconf 93' lang='lat' dir='ltr'><strong>tui</strong></span> <span class='ocrx_word' id='word_1_283' title='bbox 1434 2480 1696 2536; x_wconf 87' lang='lat' dir='ltr'><strong>desiderii</strong></span> <span class='ocrx_word' id='word_1_284' title='bbox 1743 2483 1810 2538; x_wconf 89' lang='lat' dir='ltr'><strong>de</strong></span> <span class='ocrx_word' id='word_1_285' title='bbox 1862 2483 2044 2551; x_wconf 92' lang='lat' dir='ltr'><strong>inopia</strong></span> 
     </span>
    </p>
   </div>
   <div class='ocr_carea' id='block_1_40' title="bbox 459 2568 2042 2645">
    <p class='ocr_par' dir='ltr' id='par_1_40' title="bbox 459 2568 2042 2645">
     <span class='ocr_line' id='line_1_40' title="bbox 459 2568 2042 2645; baseline 0.008 -27"><span class='ocrx_word' id='word_1_286' title='bbox 459 2579 656 2620; x_wconf 91' lang='lat' dir='ltr'><strong>sensus</strong></span> <span class='ocrx_word' id='word_1_287' title='bbox 677 2568 783 2622; x_wconf 91' lang='lat' dir='ltr'><strong>mei</strong></span> <span class='ocrx_word' id='word_1_288' title='bbox 805 2571 1108 2637; x_wconf 89' lang='lat' dir='ltr'><strong>conferam,</strong></span> <span class='ocrx_word' id='word_1_289' title='bbox 1143 2573 1343 2641; x_wconf 91' lang='lat' dir='ltr'><strong>poscis,</strong></span> <span class='ocrx_word' id='word_1_290' title='bbox 1372 2576 1735 2645; x_wconf 72' lang='lat' dir='ltr'><strong>prtecipisque</strong></span> <span class='ocrx_word' id='word_1_291' title='bbox 1767 2585 1828 2630; x_wconf 91' lang='lat' dir='ltr'><strong>ut</strong></span> <span class='ocrx_word' id='word_1_292' title='bbox 1880 2576 2042 2631; x_wconf 89' lang='lat' dir='ltr'><strong>insti-</strong></span> 
     </span>
    </p>
   </div>
   <div class='ocr_carea' id='block_1_41' title="bbox 457 2663 2040 2739">
    <p class='ocr_par' dir='ltr' id='par_1_41' title="bbox 457 2663 2040 2739">
     <span class='ocr_line' id='line_1_41' title="bbox 457 2663 2040 2739; baseline 0.009 -29"><span class='ocrx_word' id='word_1_293' title='bbox 457 2665 570 2711; x_wconf 84' lang='lat' dir='ltr'><strong>tuta</strong></span> <span class='ocrx_word' id='word_1_294' title='bbox 598 2663 1072 2730; x_wconf 89' lang='lat' dir='ltr'><strong>monasteriorum,</strong></span> <span class='ocrx_word' id='word_1_295' title='bbox 1104 2681 1224 2734; x_wconf 75' lang='lat' dir='ltr'><strong>qua:</strong></span> <span class='ocrx_word' id='word_1_296' title='bbox 1266 2682 1362 2736; x_wconf 92' lang='lat' dir='ltr'><strong>per</strong></span> <span class='ocrx_word' id='word_1_297' title='bbox 1391 2667 1684 2739; x_wconf 69' lang='lat' dir='ltr'><strong>Egyptum</strong></span> <span class='ocrx_word' id='word_1_298' title='bbox 1712 2684 1774 2724; x_wconf 92' lang='lat' dir='ltr'><strong>ac</strong></span> <span class='ocrx_word' id='word_1_299' title='bbox 1796 2670 2040 2725; x_wconf 68' lang='lat' dir='ltr'><strong>Palaesti-</strong></span> 
     </span>
    </p>
   </div>
   <div class='ocr_carea' id='block_1_42' title="bbox 457 2753 2046 2832">
    <p class='ocr_par' dir='ltr' id='par_1_42' title="bbox 457 2753 2046 2832">
     <span class='ocr_line' id='line_1_42' title="bbox 457 2753 2046 2832; baseline 0.01 -32"><span class='ocrx_word' id='word_1_300' title='bbox 457 2763 580 2801; x_wconf 90' lang='lat' dir='ltr'><strong>nam</strong></span> <span class='ocrx_word' id='word_1_301' title='bbox 610 2753 868 2806; x_wconf 88' lang='lat' dir='ltr'><strong>custodiri</strong></span> <span class='ocrx_word' id='word_1_302' title='bbox 894 2757 1294 2826; x_wconf 88' lang='lat' dir='ltr'><strong>conspeximus,</strong></span> <span class='ocrx_word' id='word_1_303' title='bbox 1324 2763 1396 2812; x_wconf 91' lang='lat' dir='ltr'><strong>ita</strong></span> <span class='ocrx_word' id='word_1_304' title='bbox 1445 2768 1501 2812; x_wconf 92' lang='lat' dir='ltr'><strong>ut</strong></span> <span class='ocrx_word' id='word_1_305' title='bbox 1542 2761 1615 2816; x_wconf 90' lang='lat' dir='ltr'><strong>ibi</strong></span> <span class='ocrx_word' id='word_1_306' title='bbox 1641 2761 1798 2815; x_wconf 90' lang='lat' dir='ltr'><strong>nobis</strong></span> <span class='ocrx_word' id='word_1_307' title='bbox 1824 2776 1854 2815; x_wconf 92' lang='lat' dir='ltr'><strong>a</strong></span> <span class='ocrx_word' id='word_1_308' title='bbox 1877 2763 2046 2832; x_wconf 90' lang='lat' dir='ltr'><strong>patri-</strong></span> 
     </span>
    </p>
   </div>
   <div class='ocr_carea' id='block_1_43' title="bbox 455 2842 2040 2925">
    <p class='ocr_par' dir='ltr' id='par_1_43' title="bbox 455 2842 2040 2925">
     <span class='ocr_line' id='line_1_43' title="bbox 455 2842 2040 2925; baseline 0.01 -31"><span class='ocrx_word' id='word_1_309' title='bbox 455 2842 560 2894; x_wconf 88' lang='lat' dir='ltr'><strong>bus</strong></span> <span class='ocrx_word' id='word_1_310' title='bbox 595 2843 792 2898; x_wconf 89' lang='lat' dir='ltr'><strong>tradita</strong></span> <span class='ocrx_word' id='word_1_311' title='bbox 825 2856 976 2912; x_wconf 91' lang='lat' dir='ltr'><strong>sunt,</strong></span> <span class='ocrx_word' id='word_1_312' title='bbox 1009 2849 1257 2917; x_wconf 92' lang='lat' dir='ltr'><strong>quamvis</strong></span> <span class='ocrx_word' id='word_1_313' title='bbox 1308 2852 1560 2920; x_wconf 89' lang='lat' dir='ltr'><strong>imperito</strong></span> <span class='ocrx_word' id='word_1_314' title='bbox 1589 2853 1828 2923; x_wconf 89' lang='lat' dir='ltr'><strong>digeram</strong></span> <span class='ocrx_word' id='word_1_315' title='bbox 1877 2856 2040 2925; x_wconf 92' lang='lat' dir='ltr'><strong>stylo,</strong></span> 
     </span>
    </p>
   </div>
   <div class='ocr_carea' id='block_1_44' title="bbox 458 2935 2045 3018">
    <p class='ocr_par' dir='ltr' id='par_1_44' title="bbox 458 2935 2045 3018">
     <span class='ocr_line' id='line_1_44' title="bbox 458 2935 2045 3018; baseline 0.012 -33"><span class='ocrx_word' id='word_1_316' title='bbox 458 2949 564 2986; x_wconf 89' lang='lat' dir='ltr'><strong>non</strong></span> <span class='ocrx_word' id='word_1_317' title='bbox 588 2935 830 3004; x_wconf 91' lang='lat' dir='ltr'><strong>leporem</strong></span> <span class='ocrx_word' id='word_1_318' title='bbox 859 2943 1129 2996; x_wconf 91' lang='lat' dir='ltr'><strong>sermonis</strong></span> <span class='ocrx_word' id='word_1_319' title='bbox 1158 2942 1459 3012; x_wconf 90' lang='lat' dir='ltr'><strong>inquirens,</strong></span> <span class='ocrx_word' id='word_1_320' title='bbox 1495 2947 1547 3000; x_wconf 92' lang='lat' dir='ltr'><strong>in</strong></span> <span class='ocrx_word' id='word_1_321' title='bbox 1571 2962 1679 3016; x_wconf 93' lang='lat' dir='ltr'><strong>quo</strong></span> <span class='ocrx_word' id='word_1_322' title='bbox 1709 2949 1829 3017; x_wconf 88' lang='lat' dir='ltr'><strong>ipse</strong></span> <span class='ocrx_word' id='word_1_323' title='bbox 1859 2950 2045 3018; x_wconf 90' lang='lat' dir='ltr'><strong>appri-</strong></span> 
     </span>
    </p>
   </div>
   <div class='ocr_carea' id='block_1_45' title="bbox 456 3031 2044 3107">
    <p class='ocr_par' dir='ltr' id='par_1_45' title="bbox 456 3031 2044 3107">
     <span class='ocr_line' id='line_1_45' title="bbox 456 3031 2044 3107; baseline 0.009 -27"><span class='ocrx_word' id='word_1_324' title='bbox 456 3043 542 3082; x_wconf 89' lang='lat' dir='ltr'><strong>me</strong></span> <span class='ocrx_word' id='word_1_325' title='bbox 592 3043 654 3083; x_wconf 92' lang='lat' dir='ltr'><strong>cs</strong></span> <span class='ocrx_word' id='word_1_326' title='bbox 686 3031 950 3101; x_wconf 88' lang='lat' dir='ltr'><strong>eruditus,</strong></span> <span class='ocrx_word' id='word_1_327' title='bbox 997 3035 1092 3090; x_wconf 90' lang='lat' dir='ltr'><strong>sed</strong></span> <span class='ocrx_word' id='word_1_328' title='bbox 1136 3047 1452 3093; x_wconf 89' lang='lat' dir='ltr'><strong>sanctorum</strong></span> <span class='ocrx_word' id='word_1_329' title='bbox 1521 3040 1824 3107; x_wconf 88' lang='lat' dir='ltr'><strong>simplicem</strong></span> <span class='ocrx_word' id='word_1_330' title='bbox 1879 3043 2044 3096; x_wconf 90' lang='lat' dir='ltr'><strong>vitam</strong></span> 
     </span>
    </p>
   </div>
   <div class='ocr_carea' id='block_1_46' title="bbox 2152 1927 3738 1998">
    <p class='ocr_par' dir='ltr' id='par_1_46' title="bbox 2152 1927 3738 1998">
     <span class='ocr_line' id='line_1_46' title="bbox 2152 1927 3738 1998; baseline 0.002 -18"><span class='ocrx_word' id='word_1_331' title='bbox 2152 1927 2313 1982; x_wconf 91' lang='lat' dir='ltr'><strong>tineri</strong></span> <span class='ocrx_word' id='word_1_332' title='bbox 2355 1945 2366 1980; x_wconf 92' lang='lat'>:</span> <span class='ocrx_word' id='word_1_333' title='bbox 2421 1936 2593 1981; x_wconf 92' lang='lat' dir='ltr'><strong>totum</strong></span> <span class='ocrx_word' id='word_1_334' title='bbox 2644 1941 2877 1996; x_wconf 87' lang='lat' dir='ltr'><strong>namque</strong></span> <span class='ocrx_word' id='word_1_335' title='bbox 2937 1927 2989 1980; x_wconf 92' lang='lat' dir='ltr'><strong>in</strong></span> <span class='ocrx_word' id='word_1_336' title='bbox 3039 1929 3154 1982; x_wconf 89' lang='lat' dir='ltr'><strong>sola</strong></span> <span class='ocrx_word' id='word_1_337' title='bbox 3197 1929 3529 1998; x_wconf 89' lang='lat' dir='ltr'><strong>experientia</strong></span> <span class='ocrx_word' id='word_1_338' title='bbox 3565 1944 3738 1998; x_wconf 90' lang='lat' dir='ltr'><strong>usque</strong></span> 
     </span>
    </p>
   </div>
   <div class='ocr_carea' id='block_1_47' title="bbox 2151 2018 3736 2088">
    <p class='ocr_par' dir='ltr' id='par_1_47' title="bbox 2151 2018 3736 2088">
     <span class='ocr_line' id='line_1_47' title="bbox 2151 2018 3736 2088; baseline -0.001 -12"><span class='ocrx_word' id='word_1_339' title='bbox 2151 2020 2426 2076; x_wconf 81' lang='lat' dir='ltr'><strong>consistit.</strong></span> <span class='ocrx_word' id='word_1_340' title='bbox 2472 2019 2540 2073; x_wconf 85' lang='lat' dir='ltr'><strong>Et</strong></span> <span class='ocrx_word' id='word_1_341' title='bbox 2595 2018 3050 2088; x_wconf 88' lang='lat' dir='ltr'><strong>quemadmodum</strong></span> <span class='ocrx_word' id='word_1_342' title='bbox 3085 2020 3223 2074; x_wconf 90' lang='lat' dir='ltr'><strong>tradi</strong></span> <span class='ocrx_word' id='word_1_343' title='bbox 3255 2021 3359 2074; x_wconf 90' lang='lat' dir='ltr'><strong>nisi</strong></span> <span class='ocrx_word' id='word_1_344' title='bbox 3406 2019 3475 2074; x_wconf 91' lang='lat' dir='ltr'><strong>ab</strong></span> <span class='ocrx_word' id='word_1_345' title='bbox 3506 2029 3736 2088; x_wconf 84' lang='lat' dir='ltr'><strong>experto</strong></span> 
     </span>
    </p>
   </div>
   <div class='ocr_carea' id='block_1_48' title="bbox 2150 2113 3720 2184">
    <p class='ocr_par' dir='ltr' id='par_1_48' title="bbox 2150 2113 3720 2184">
     <span class='ocr_line' id='line_1_48' title="bbox 2150 2113 3720 2184; baseline 0 -16"><span class='ocrx_word' id='word_1_346' title='bbox 2150 2129 2258 2168; x_wconf 93' lang='lat' dir='ltr'><strong>non</strong></span> <span class='ocrx_word' id='word_1_347' title='bbox 2284 2124 2512 2182; x_wconf 91' lang='lat' dir='ltr'><strong>queunt,</strong></span> <span class='ocrx_word' id='word_1_348' title='bbox 2558 2113 2629 2166; x_wconf 93' lang='lat' dir='ltr'><strong>ita</strong></span> <span class='ocrx_word' id='word_1_349' title='bbox 2662 2127 2762 2166; x_wconf 89' lang='lat' dir='ltr'><strong>nec</strong></span> <span class='ocrx_word' id='word_1_350' title='bbox 2818 2113 3023 2182; x_wconf 87' lang='lat' dir='ltr'><strong>percipi</strong></span> <span class='ocrx_word' id='word_1_351' title='bbox 3069 2113 3286 2183; x_wconf 86' lang='lat' dir='ltr'><strong>quidem</strong></span> <span class='ocrx_word' id='word_1_352' title='bbox 3319 2113 3407 2168; x_wconf 90' lang='lat' dir='ltr'><strong>vel</strong></span> <span class='ocrx_word' id='word_1_353' title='bbox 3463 2114 3720 2184; x_wconf 89' lang='lat' dir='ltr'><strong>intelligi,</strong></span> 
     </span>
    </p>
   </div>
   <div class='ocr_carea' id='block_1_49' title="bbox 2150 2204 3734 2274">
    <p class='ocr_par' dir='ltr' id='par_1_49' title="bbox 2150 2204 3734 2274">
     <span class='ocr_line' id='line_1_49' title="bbox 2150 2204 3734 2274; baseline -0.001 -13"><span class='ocrx_word' id='word_1_354' title='bbox 2150 2208 2252 2261; x_wconf 91' lang='lat' dir='ltr'><strong>nisi</strong></span> <span class='ocrx_word' id='word_1_355' title='bbox 2285 2207 2353 2260; x_wconf 91' lang='lat' dir='ltr'><strong>ab</strong></span> <span class='ocrx_word' id='word_1_356' title='bbox 2379 2221 2444 2260; x_wconf 94' lang='lat' dir='ltr'><strong>eo</strong></span> <span class='ocrx_word' id='word_1_357' title='bbox 2473 2205 2564 2274; x_wconf 91' lang='lat' dir='ltr'><strong>qui</strong></span> <span class='ocrx_word' id='word_1_358' title='bbox 2587 2219 2651 2260; x_wconf 90' lang='lat' dir='ltr'><strong>ea</strong></span> <span class='ocrx_word' id='word_1_359' title='bbox 2675 2205 2792 2274; x_wconf 90' lang='lat' dir='ltr'><strong>pari</strong></span> <span class='ocrx_word' id='word_1_360' title='bbox 2815 2204 2994 2258; x_wconf 90' lang='lat' dir='ltr'><strong>studio</strong></span> <span class='ocrx_word' id='word_1_361' title='bbox 3016 2219 3078 2258; x_wconf 90' lang='lat' dir='ltr'><strong>ac</strong></span> <span class='ocrx_word' id='word_1_362' title='bbox 3101 2205 3300 2259; x_wconf 91' lang='lat' dir='ltr'><strong>sudore</strong></span> <span class='ocrx_word' id='word_1_363' title='bbox 3316 2206 3734 2274; x_wconf 89' lang='lat' dir='ltr'><strong>apprehendere</strong></span> 
     </span>
    </p>
   </div>
   <div class='ocr_carea' id='block_1_50' title="bbox 2149 2299 3732 2369">
    <p class='ocr_par' dir='ltr' id='par_1_50' title="bbox 2149 2299 3732 2369">
     <span class='ocr_line' id='line_1_50' title="bbox 2149 2299 3732 2369; baseline -0.001 -14"><span class='ocrx_word' id='word_1_364' title='bbox 2149 2299 2530 2365; x_wconf 85' lang='lat' dir='ltr'><strong>elaboraverit,</strong></span> <span class='ocrx_word' id='word_1_365' title='bbox 2555 2307 2812 2368; x_wconf 89' lang='lat' dir='ltr'><strong>possunt:</strong></span> <span class='ocrx_word' id='word_1_366' title='bbox 2846 2314 2964 2368; x_wconf 81' lang='lat' dir='ltr'><strong>quae</strong></span> <span class='ocrx_word' id='word_1_367' title='bbox 3011 2309 3196 2354; x_wconf 89' lang='lat' dir='ltr'><strong>tamen</strong></span> <span class='ocrx_word' id='word_1_368' title='bbox 3229 2299 3272 2352; x_wconf 90' lang='lat' dir='ltr'><strong>si</strong></span> <span class='ocrx_word' id='word_1_369' title='bbox 3299 2299 3594 2353; x_wconf 84' lang='lat' dir='ltr'><strong>collatione</strong></span> <span class='ocrx_word' id='word_1_370' title='bbox 3618 2299 3732 2369; x_wconf 89' lang='lat' dir='ltr'><strong>jugi</strong></span> 
     </span>
    </p>
   </div>
   <div class='ocr_carea' id='block_1_51' title="bbox 2151 2391 3738 2462">
    <p class='ocr_par' dir='ltr' id='par_1_51' title="bbox 2151 2391 3738 2462">
     <span class='ocr_line' id='line_1_51' title="bbox 2151 2391 3738 2462; baseline 0.001 -16"><span class='ocrx_word' id='word_1_371' title='bbox 2151 2392 2480 2462; x_wconf 82' lang='lat' dir='ltr'><strong>Spiritalium</strong></span> <span class='ocrx_word' id='word_1_372' title='bbox 2528 2391 2768 2444; x_wconf 88' lang='lat' dir='ltr'><strong>virorum</strong></span> <span class='ocrx_word' id='word_1_373' title='bbox 2804 2391 3117 2460; x_wconf 79' lang='lat' dir='ltr'><strong>frequenter</strong></span> <span class='ocrx_word' id='word_1_374' title='bbox 3163 2391 3406 2445; x_wconf 86' lang='lat' dir='ltr'><strong>discussa</strong></span> <span class='ocrx_word' id='word_1_375' title='bbox 3457 2408 3564 2446; x_wconf 91' lang='lat' dir='ltr'><strong>non</strong></span> <span class='ocrx_word' id='word_1_376' title='bbox 3620 2393 3738 2448; x_wconf 89' lang='lat' dir='ltr'><strong>fue-</strong></span> 
     </span>
    </p>
   </div>
   <div class='ocr_carea' id='block_1_52' title="bbox 2150 2483 3830 2552">
    <p class='ocr_par' dir='ltr' id='par_1_52' title="bbox 2150 2483 3830 2552">
     <span class='ocr_line' id='line_1_52' title="bbox 2150 2483 3830 2552; baseline 0.001 -14"><span class='ocrx_word' id='word_1_377' title='bbox 2150 2484 2282 2551; x_wconf 86' lang='lat' dir='ltr'><strong>rint,</strong></span> <span class='ocrx_word' id='word_1_378' title='bbox 2317 2494 2370 2538; x_wconf 84' lang='lat' dir='ltr'><strong>et</strong></span> <span class='ocrx_word' id='word_1_379' title='bbox 2399 2483 2588 2552; x_wconf 91' lang='lat' dir='ltr'><strong>polita,</strong></span> <span class='ocrx_word' id='word_1_380' title='bbox 2616 2483 2726 2537; x_wconf 91' lang='lat' dir='ltr'><strong>cito</strong></span> <span class='ocrx_word' id='word_1_381' title='bbox 2757 2499 2974 2537; x_wconf 90' lang='lat' dir='ltr'><strong>rursum</strong></span> <span class='ocrx_word' id='word_1_382' title='bbox 3006 2484 3206 2538; x_wconf 90' lang='lat' dir='ltr'><strong>mentis</strong></span> <span class='ocrx_word' id='word_1_383' title='bbox 3244 2484 3458 2538; x_wconf 86' lang='lat' dir='ltr'><strong>incuria</strong></span> <span class='ocrx_word' id='word_1_384' title='bbox 3488 2484 3738 2539; x_wconf 90' lang='lat' dir='ltr'><strong>dilabun-</strong></span> <span class='ocrx_word' id='word_1_385' title='bbox 3823 2543 3830 2550; x_wconf 54' lang='grc'><strong>,</strong></span> 
     </span>
    </p>
   </div>
   <div class='ocr_carea' id='block_1_53' title="bbox 2148 2574 3740 2645">
    <p class='ocr_par' dir='ltr' id='par_1_53' title="bbox 2148 2574 3740 2645">
     <span class='ocr_line' id='line_1_53' title="bbox 2148 2574 3740 2645; baseline 0.002 -17"><span class='ocrx_word' id='word_1_386' title='bbox 2148 2585 2254 2630; x_wconf 91' lang='lat' dir='ltr'><strong>tur.</strong></span> <span class='ocrx_word' id='word_1_387' title='bbox 2274 2576 2460 2630; x_wconf 90' lang='lat' dir='ltr'><strong>Tertio</strong></span> <span class='ocrx_word' id='word_1_388' title='bbox 2487 2576 2609 2644; x_wconf 88' lang='lat' dir='ltr'><strong>quia</strong></span> <span class='ocrx_word' id='word_1_389' title='bbox 2637 2574 2871 2644; x_wconf 92' lang='lat' dir='ltr'><strong>idipsum</strong></span> <span class='ocrx_word' id='word_1_390' title='bbox 2903 2575 3042 2645; x_wconf 90' lang='lat' dir='ltr'><strong>quod</strong></span> <span class='ocrx_word' id='word_1_391' title='bbox 3066 2586 3356 2645; x_wconf 89' lang='lat' dir='ltr'><strong>utcumque</strong></span> <span class='ocrx_word' id='word_1_392' title='bbox 3377 2591 3482 2630; x_wconf 93' lang='lat' dir='ltr'><strong>non</strong></span> <span class='ocrx_word' id='word_1_393' title='bbox 3505 2591 3603 2645; x_wconf 92' lang='lat' dir='ltr'><strong>pro</strong></span> <span class='ocrx_word' id='word_1_394' title='bbox 3623 2593 3740 2632; x_wconf 85' lang='lat' dir='ltr'><strong>me-</strong></span> 
     </span>
    </p>
   </div>
   <div class='ocr_carea' id='block_1_54' title="bbox 2151 2669 3740 2740">
    <p class='ocr_par' dir='ltr' id='par_1_54' title="bbox 2151 2669 3740 2740">
     <span class='ocr_line' id='line_1_54' title="bbox 2151 2669 3740 2740; baseline 0.001 -15"><span class='ocrx_word' id='word_1_395' title='bbox 2151 2671 2259 2725; x_wconf 92' lang='lat' dir='ltr'><strong>rito</strong></span> <span class='ocrx_word' id='word_1_396' title='bbox 2284 2670 2388 2734; x_wconf 89' lang='lat' dir='ltr'><strong>rei,</strong></span> <span class='ocrx_word' id='word_1_397' title='bbox 2413 2669 2509 2724; x_wconf 91' lang='lat' dir='ltr'><strong>sed</strong></span> <span class='ocrx_word' id='word_1_398' title='bbox 2532 2684 2630 2739; x_wconf 90' lang='lat' dir='ltr'><strong>pro</strong></span> <span class='ocrx_word' id='word_1_399' title='bbox 2661 2670 2950 2738; x_wconf 67' lang='lat' dir='ltr'><strong>praesentis</strong></span> <span class='ocrx_word' id='word_1_400' title='bbox 2980 2670 3245 2738; x_wconf 89' lang='lat' dir='ltr'><strong>temporis</strong></span> <span class='ocrx_word' id='word_1_401' title='bbox 3283 2680 3425 2724; x_wconf 91' lang='lat' dir='ltr'><strong>statu</strong></span> <span class='ocrx_word' id='word_1_402' title='bbox 3448 2685 3740 2740; x_wconf 89' lang='lat' dir='ltr'><strong>possumus</strong></span> 
     </span>
    </p>
   </div>
   <div class='ocr_carea' id='block_1_55' title="bbox 2155 2755 3733 2831">
    <p class='ocr_par' dir='ltr' id='par_1_55' title="bbox 2155 2755 3733 2831">
     <span class='ocr_line' id='line_1_55' title="bbox 2155 2755 3733 2831; baseline 0 -15"><span class='ocrx_word' id='word_1_403' title='bbox 2155 2762 2452 2823; x_wconf 90' lang='lat' dir='ltr'><strong>reminisci,</strong></span> <span class='ocrx_word' id='word_1_404' title='bbox 2488 2761 2791 2829; x_wconf 91' lang='lat' dir='ltr'><strong>imperitior</strong></span> <span class='ocrx_word' id='word_1_405' title='bbox 2815 2776 2999 2816; x_wconf 89' lang='lat' dir='ltr'><strong>sermo</strong></span> <span class='ocrx_word' id='word_1_406' title='bbox 3044 2776 3285 2831; x_wconf 87' lang='lat' dir='ltr'><strong>congrue</strong></span> <span class='ocrx_word' id='word_1_407' title='bbox 3333 2776 3439 2816; x_wconf 90' lang='lat' dir='ltr'><strong>non</strong></span> <span class='ocrx_word' id='word_1_408' title='bbox 3469 2763 3615 2816; x_wconf 88' lang='lat' dir='ltr'><strong>valet</strong></span> <span class='ocrx_word' id='word_1_409' title='bbox 3639 2755 3733 2816; x_wconf 86' lang='lat' dir='ltr'><strong>ex—</strong></span> 
     </span>
    </p>
   </div>
   <div class='ocr_carea' id='block_1_56' title="bbox 2150 2853 3732 2926">
    <p class='ocr_par' dir='ltr' id='par_1_56' title="bbox 2150 2853 3732 2926">
     <span class='ocr_line' id='line_1_56' title="bbox 2150 2853 3732 2926; baseline -0.001 -16"><span class='ocrx_word' id='word_1_410' title='bbox 2150 2857 2370 2926; x_wconf 90' lang='lat' dir='ltr'><strong>plicare.</strong></span> <span class='ocrx_word' id='word_1_411' title='bbox 2400 2854 2518 2908; x_wconf 82' lang='lat' dir='ltr'><strong>liuc</strong></span> <span class='ocrx_word' id='word_1_412' title='bbox 2540 2854 2774 2920; x_wconf 89' lang='lat' dir='ltr'><strong>accedit,</strong></span> <span class='ocrx_word' id='word_1_413' title='bbox 2809 2853 2954 2923; x_wconf 93' lang='lat' dir='ltr'><strong>quod</strong></span> <span class='ocrx_word' id='word_1_414' title='bbox 2983 2869 3148 2923; x_wconf 91' lang='lat' dir='ltr'><strong>super</strong></span> <span class='ocrx_word' id='word_1_415' title='bbox 3179 2856 3281 2908; x_wconf 88' lang='lat' dir='ltr'><strong>hac</strong></span> <span class='ocrx_word' id='word_1_416' title='bbox 3309 2870 3367 2908; x_wconf 91' lang='lat' dir='ltr'><strong>re</strong></span> <span class='ocrx_word' id='word_1_417' title='bbox 3388 2855 3491 2908; x_wconf 87' lang='lat' dir='ltr'><strong>viri</strong></span> <span class='ocrx_word' id='word_1_418' title='bbox 3538 2865 3593 2908; x_wconf 90' lang='lat' dir='ltr'><strong>et</strong></span> <span class='ocrx_word' id='word_1_419' title='bbox 3618 2855 3732 2909; x_wconf 87' lang='lat' dir='ltr'><strong>vita</strong></span> 
     </span>
    </p>
   </div>
   <div class='ocr_carea' id='block_1_57' title="bbox 2149 2946 3736 3016">
    <p class='ocr_par' dir='ltr' id='par_1_57' title="bbox 2149 2946 3736 3016">
     <span class='ocr_line' id='line_1_57' title="bbox 2149 2946 3736 3016; baseline -0.003 -13"><span class='ocrx_word' id='word_1_420' title='bbox 2149 2949 2385 3014; x_wconf 87' lang='lat' dir='ltr'><strong>nobiles,</strong></span> <span class='ocrx_word' id='word_1_421' title='bbox 2405 2958 2459 3003; x_wconf 92' lang='lat' dir='ltr'><strong>et</strong></span> <span class='ocrx_word' id='word_1_422' title='bbox 2482 2963 2738 3003; x_wconf 91' lang='lat' dir='ltr'><strong>sermone</strong></span> <span class='ocrx_word' id='word_1_423' title='bbox 2766 2947 3103 3016; x_wconf 89' lang='lat' dir='ltr'><strong>scientiaque</strong></span> <span class='ocrx_word' id='word_1_424' title='bbox 3134 2946 3407 3014; x_wconf 62' lang='lat' dir='ltr'><strong>praeclari,</strong></span> <span class='ocrx_word' id='word_1_425' title='bbox 3445 2947 3736 3014; x_wconf 87' lang='lat' dir='ltr'><strong>multajam</strong></span> 
     </span>
    </p>
   </div>
   <div class='ocr_carea' id='block_1_58' title="bbox 2150 3037 3740 3110">
    <p class='ocr_par' dir='ltr' id='par_1_58' title="bbox 2150 3037 3740 3110">
     <span class='ocr_line' id='line_1_58' title="bbox 2150 3037 3740 3110; baseline -0.003 -14"><span class='ocrx_word' id='word_1_426' title='bbox 2150 3040 2411 3110; x_wconf 88' lang='lat' dir='ltr'><strong>opuscula</strong></span> <span class='ocrx_word' id='word_1_427' title='bbox 2443 3039 2800 3104; x_wconf 88' lang='lat' dir='ltr'><strong>desudarunt,</strong></span> <span class='ocrx_word' id='word_1_428' title='bbox 2833 3048 3079 3093; x_wconf 92' lang='lat' dir='ltr'><strong>sanctum</strong></span> <span class='ocrx_word' id='word_1_429' title='bbox 3109 3037 3366 3092; x_wconf 89' lang='lat' dir='ltr'><strong>Basilium</strong></span> <span class='ocrx_word' id='word_1_430' title='bbox 3396 3047 3451 3093; x_wconf 91' lang='lat' dir='ltr'><strong>et</strong></span> <span class='ocrx_word' id='word_1_431' title='bbox 3474 3039 3740 3110; x_wconf 88' lang='lat' dir='ltr'><strong>Hierony-</strong></span> 
     </span>
    </p>
   </div>
   <div class='ocr_carea' id='block_1_59' title="bbox 1543 3171 2668 3230">
    <p class='ocr_par' dir='ltr' id='par_1_59' title="bbox 1543 3171 2668 3230">
     <span class='ocr_line' id='line_1_59' title="bbox 1543 3171 2668 3230; baseline -0.005 0"><span class='ocrx_word' id='word_1_432' title='bbox 1543 3174 1801 3230; x_wconf 79' lang='lat' dir='ltr'><strong>ALARDI</strong></span> <span class='ocrx_word' id='word_1_433' title='bbox 1836 3171 2073 3230; x_wconf 70' lang='grc' dir='ltr'><strong>ΟΑΖΔΕΙ</strong></span> <span class='ocrx_word' id='word_1_434' title='bbox 2108 3171 2668 3228; x_wconf 79' lang='lat' dir='ltr'><strong>COMMENTARIUS.</strong></span> 
     </span>
    </p>
   </div>
   <div class='ocr_carea' id='block_1_60' title="bbox 537 3286 3740 3361">
    <p class='ocr_par' dir='ltr' id='par_1_60' title="bbox 537 3286 3740 3361">
     <span class='ocr_line' id='line_1_60' title="bbox 537 3286 3740 3361; baseline 0.002 -21"><span class='ocrx_word' id='word_1_435' title='bbox 537 3298 559 3323; x_wconf 73' lang='grc' dir='ltr'>υ</span> <span class='ocrx_word' id='word_1_436' title='bbox 586 3286 750 3356; x_wconf 87' lang='lat' dir='ltr'><strong>Papa,</strong></span> <span class='ocrx_word' id='word_1_437' title='bbox 783 3303 878 3344; x_wconf 91' lang='lat' dir='ltr'><strong>seu</strong></span> <span class='ocrx_word' id='word_1_438' title='bbox 905 3293 1122 3352; x_wconf 80' lang='grc' dir='ltr'><strong>πάπποις</strong></span> <span class='ocrx_word' id='word_1_439' title='bbox 1151 3291 1337 3347; x_wconf 67' lang='lat' dir='ltr'><strong>Graece</strong></span> <span class='ocrx_word' id='word_1_440' title='bbox 1390 3307 1458 3348; x_wconf 88' lang='lat' dir='ltr'><strong>ex</strong></span> <span class='ocrx_word' id='word_1_441' title='bbox 1510 3293 1778 3360; x_wconf 89' lang='lat' dir='ltr'><strong>primitiva</strong></span> <span class='ocrx_word' id='word_1_442' title='bbox 1825 3293 2034 3361; x_wconf 89' lang='lat' dir='ltr'><strong>origine</strong></span> <span class='ocrx_word' id='word_1_443' title='bbox 2062 3291 2107 3355; x_wconf 92' lang='lat' dir='ltr'><strong>C</strong></span> <span class='ocrx_word' id='word_1_444' title='bbox 2140 3290 2603 3359; x_wconf 88' lang='lat' dir='ltr'><strong>edocuitepistola</strong></span> <span class='ocrx_word' id='word_1_445' title='bbox 2631 3291 2900 3346; x_wconf 89' lang='lat' dir='ltr'><strong>liminaris</strong></span> <span class='ocrx_word' id='word_1_446' title='bbox 2933 3292 2984 3346; x_wconf 94' lang='lat' dir='ltr'><strong>in</strong></span> <span class='ocrx_word' id='word_1_447' title='bbox 3006 3299 3220 3345; x_wconf 84' lang='lat' dir='ltr'><strong>vetusto</strong></span> <span class='ocrx_word' id='word_1_448' title='bbox 3242 3291 3431 3346; x_wconf 89' lang='lat' dir='ltr'><strong>codice</strong></span> <span class='ocrx_word' id='word_1_449' title='bbox 3456 3307 3556 3345; x_wconf 89' lang='lat' dir='ltr'><strong>ms.</strong></span> <span class='ocrx_word' id='word_1_450' title='bbox 3575 3306 3740 3359; x_wconf 91' lang='lat' dir='ltr'><strong>quem</strong></span> 
     </span>
    </p>
   </div>
   <div class='ocr_carea' id='block_1_61' title="bbox 459 3363 2037 3426">
    <p class='ocr_par' dir='ltr' id='par_1_61' title="bbox 459 3363 2037 3426">
     <span class='ocr_line' id='line_1_61' title="bbox 459 3363 2037 3426; baseline 0.006 -18"><span class='ocrx_word' id='word_1_451' title='bbox 459 3372 560 3410; x_wconf 82' lang='lat' dir='ltr'><strong>vox</strong></span> <span class='ocrx_word' id='word_1_452' title='bbox 592 3367 675 3412; x_wconf 91' lang='lat' dir='ltr'><strong>est</strong></span> <span class='ocrx_word' id='word_1_453' title='bbox 707 3375 1022 3426; x_wconf 89' lang='lat' dir='ltr'><strong>puerorum,</strong></span> <span class='ocrx_word' id='word_1_454' title='bbox 1051 3379 1146 3416; x_wconf 90' lang='lat' dir='ltr'><strong>seu</strong></span> <span class='ocrx_word' id='word_1_455' title='bbox 1176 3363 1459 3417; x_wconf 88' lang='lat' dir='ltr'><strong>infantium</strong></span> <span class='ocrx_word' id='word_1_456' title='bbox 1490 3363 1938 3426; x_wconf 86' lang='lat' dir='ltr'><strong>balbutientium,</strong></span> <span class='ocrx_word' id='word_1_457' title='bbox 1973 3378 2037 3418; x_wconf 87' lang='lat' dir='ltr'><strong>ac</strong></span> 
     </span>
    </p>
   </div>
   <div class='ocr_carea' id='block_1_62' title="bbox 456 3431 2032 3503">
    <p class='ocr_par' dir='ltr' id='par_1_62' title="bbox 456 3431 2032 3503">
     <span class='ocr_line' id='line_1_62' title="bbox 456 3431 2032 3503; baseline 0.004 -24"><span class='ocrx_word' id='word_1_458' title='bbox 456 3443 627 3503; x_wconf 74' lang='lat' dir='ltr'><strong>sti_os__</strong></span> <span class='ocrx_word' id='word_1_459' title='bbox 662 3439 840 3503; x_wconf 77' lang='lat' dir='ltr'><strong>patres</strong></span> <span class='ocrx_word' id='word_1_460' title='bbox 888 3431 1244 3503; x_wconf 79' lang='lat' dir='ltr'><strong>balbutiendo</strong></span> <span class='ocrx_word' id='word_1_461' title='bbox 1289 3435 1736 3503; x_wconf 77' lang='lat' dir='ltr'><strong>compellantium</strong></span> <span class='ocrx_word' id='word_1_462' title='bbox 1780 3438 1797 3502; x_wconf 95' lang='lat'><strong>(</strong></span> <span class='ocrx_word' id='word_1_463' title='bbox 1845 3431 2032 3487; x_wconf 75' lang='lat' dir='ltr'><strong>Caelius</strong></span> 
     </span>
    </p>
   </div>
   <div class='ocr_carea' id='block_1_63' title="bbox 455 3499 2040 3574">
    <p class='ocr_par' dir='ltr' id='par_1_63' title="bbox 455 3499 2040 3574">
     <span class='ocr_line' id='line_1_63' title="bbox 455 3499 2040 3574; baseline 0.005 -24"><span class='ocrx_word' id='word_1_464' title='bbox 455 3499 678 3574; x_wconf 74' lang='lat' dir='ltr'><strong>Rhedig.</strong></span> <span class='ocrx_word' id='word_1_465' title='bbox 729 3501 816 3553; x_wconf 85' lang='lat' dir='ltr'><strong>lib.</strong></span> <span class='ocrx_word' id='word_1_466' title='bbox 846 3518 896 3555; x_wconf 71' lang='lat' dir='ltr'><strong>XI</strong></span> <span class='ocrx_word' id='word_1_467' title='bbox 927 3501 1065 3555; x_wconf 87' lang='lat' dir='ltr'><strong>Lect.</strong></span> <span class='ocrx_word' id='word_1_468' title='bbox 1100 3505 1261 3574; x_wconf 68' lang='lat' dir='ltr'><strong>antiq;</strong></span> <span class='ocrx_word' id='word_1_469' title='bbox 1289 3521 1402 3572; x_wconf 88' lang='lat' dir='ltr'><strong>cap.</strong></span> <span class='ocrx_word' id='word_1_470' title='bbox 1420 3499 1542 3572; x_wconf 64' lang='grc' dir='ltr'><strong>Ἦ)</strong></span> <span class='ocrx_word' id='word_1_471' title='bbox 1578 3522 1591 3556; x_wconf 90' lang='lat'><strong>:</strong></span> <span class='ocrx_word' id='word_1_472' title='bbox 1626 3507 1749 3557; x_wconf 84' lang='lat' dir='ltr'><strong>hinc</strong></span> <span class='ocrx_word' id='word_1_473' title='bbox 1787 3499 2040 3568; x_wconf 76' lang='grc' dir='ltr'><strong>παπὰζειν</strong></span> 
     </span>
    </p>
   </div>
   <div class='ocr_carea' id='block_1_64' title="bbox 456 3572 2036 3644">
    <p class='ocr_par' dir='ltr' id='par_1_64' title="bbox 456 3572 2036 3644">
     <span class='ocr_line' id='line_1_64' title="bbox 456 3572 2036 3644; baseline 0.006 -25"><span class='ocrx_word' id='word_1_474' title='bbox 456 3572 596 3644; x_wconf 46' lang='lat' dir='ltr'><strong>apuil</strong></span> <span class='ocrx_word' id='word_1_475' title='bbox 623 3572 912 3644; x_wconf 81' lang='lat' dir='ltr'><strong>llomerum</strong></span> <span class='ocrx_word' id='word_1_476' title='bbox 941 3574 958 3639; x_wconf 91' lang='lat'>(</span> <span class='ocrx_word' id='word_1_477' title='bbox 991 3574 1178 3643; x_wconf 72' lang='lat' dir='ltr'><strong>Odyss.</strong></span> <span class='ocrx_word' id='word_1_478' title='bbox 1211 3572 1262 3627; x_wconf 81' lang='lat' dir='ltr'><strong>vt</strong></span> <span class='ocrx_word' id='word_1_479' title='bbox 1290 3576 1334 3644; x_wconf 89' lang='lat'><strong>),</strong></span> <span class='ocrx_word' id='word_1_480' title='bbox 1366 3575 1452 3630; x_wconf 91' lang='lat' dir='ltr'><strong>vel</strong></span> <span class='ocrx_word' id='word_1_481' title='bbox 1479 3579 1712 3640; x_wconf 84' lang='grc' dir='ltr'><strong>παπίζειν</strong></span> <span class='ocrx_word' id='word_1_482' title='bbox 1757 3575 2036 3644; x_wconf 81' lang='lat' dir='ltr'><strong>(Onuphr.</strong></span> 
     </span>
    </p>
   </div>
   <div class='ocr_carea' id='block_1_65' title="bbox 455 3639 2040 3714">
    <p class='ocr_par' dir='ltr' id='par_1_65' title="bbox 455 3639 2040 3714">
     <span class='ocr_line' id='line_1_65' title="bbox 455 3639 2040 3714; baseline 0.006 -23"><span class='ocrx_word' id='word_1_483' title='bbox 455 3639 738 3714; x_wconf 67' lang='lat' dir='ltr'><strong>tle_Eccles.</strong></span> <span class='ocrx_word' id='word_1_484' title='bbox 764 3658 874 3695; x_wconf 82' lang='lat' dir='ltr'><strong>voc.</strong></span> <span class='ocrx_word' id='word_1_485' title='bbox 911 3646 950 3710; x_wconf 94' lang='lat'><strong>),</strong></span> <span class='ocrx_word' id='word_1_486' title='bbox 983 3639 1409 3712; x_wconf 48' lang='lat' dir='ltr'><strong>seu&#39;papiss&#39;are,</strong></span> <span class='ocrx_word' id='word_1_487' title='bbox 1463 3639 1631 3714; x_wconf 11' lang='lat' dir='ltr'><strong>apud?</strong></span> <span class='ocrx_word' id='word_1_488' title='bbox 1657 3639 1928 3712; x_wconf 77' lang='lat' dir='ltr'><strong>Comicus,</strong></span> <span class='ocrx_word' id='word_1_489' title='bbox 1957 3657 2040 3701; x_wconf 90' lang='lat' dir='ltr'><strong>est</strong></span> 
     </span>
    </p>
   </div>
   <div class='ocr_carea' id='block_1_66' title="bbox 455 3711 2041 3785">
    <p class='ocr_par' dir='ltr' id='par_1_66' title="bbox 455 3711 2041 3785">
     <span class='ocr_line' id='line_1_66' title="bbox 455 3711 2041 3785; baseline 0.006 -23"><span class='ocrx_word' id='word_1_490' title='bbox 455 3711 736 3764; x_wconf 89' lang='lat' dir='ltr'><strong>infantium</strong></span> <span class='ocrx_word' id='word_1_491' title='bbox 765 3729 933 3785; x_wconf 90' lang='lat' dir='ltr'><strong>more,</strong></span> <span class='ocrx_word' id='word_1_492' title='bbox 961 3711 1263 3779; x_wconf 79' lang='lat' dir='ltr'><strong>blandeque</strong></span> <span class='ocrx_word' id='word_1_493' title='bbox 1292 3711 1842 3785; x_wconf 48' lang='lat' dir='ltr'><strong>patrem&#39;compellare</strong></span> <span class='ocrx_word' id='word_1_494' title='bbox 1869 3736 1881 3769; x_wconf 88' lang='lat'><strong>:</strong></span> <span class='ocrx_word' id='word_1_495' title='bbox 1905 3733 2041 3784; x_wconf 89' lang='lat' dir='ltr'><strong>quo-</strong></span> 
     </span>
    </p>
   </div>
   <div class='ocr_carea' id='block_1_67' title="bbox 453 3784 2042 3857">
    <p class='ocr_par' dir='ltr' id='par_1_67' title="bbox 453 3784 2042 3857">
     <span class='ocr_line' id='line_1_67' title="bbox 453 3784 2042 3857; baseline 0.005 -23"><span class='ocrx_word' id='word_1_496' title='bbox 453 3797 573 3857; x_wconf 84' lang='lat' dir='ltr'><strong>rum</strong></span> <span class='ocrx_word' id='word_1_497' title='bbox 601 3784 880 3850; x_wconf 86' lang='lat' dir='ltr'><strong>exemplo,</strong></span> <span class='ocrx_word' id='word_1_498' title='bbox 913 3794 967 3839; x_wconf 88' lang='lat' dir='ltr'><strong>et</strong></span> <span class='ocrx_word' id='word_1_499' title='bbox 989 3787 1217 3854; x_wconf 87' lang='lat' dir='ltr'><strong>quadam</strong></span> <span class='ocrx_word' id='word_1_500' title='bbox 1249 3785 1552 3842; x_wconf 87' lang='lat' dir='ltr'><strong>imitatione</strong></span> <span class='ocrx_word' id='word_1_501' title='bbox 1582 3784 1741 3857; x_wconf 84' lang='lat' dir='ltr'><strong>primi</strong></span> <span class='ocrx_word' id='word_1_502' title='bbox 1775 3788 2042 3843; x_wconf 81' lang='lat' dir='ltr'><strong>ChriStia-</strong></span> 
     </span>
    </p>
   </div>
   <div class='ocr_carea' id='block_1_68' title="bbox 457 3853 2037 3927">
    <p class='ocr_par' dir='ltr' id='par_1_68' title="bbox 457 3853 2037 3927">
     <span class='ocr_line' id='line_1_68' title="bbox 457 3853 2037 3927; baseline 0.005 -24"><span class='ocrx_word' id='word_1_503' title='bbox 457 3853 642 3927; x_wconf 78' lang='lat' dir='ltr'><strong>nipro</strong></span> <span class='ocrx_word' id='word_1_504' title='bbox 667 3857 977 3927; x_wconf 74' lang='lat' dir='ltr'><strong>evangeliea</strong></span> <span class='ocrx_word' id='word_1_505' title='bbox 1006 3853 1382 3924; x_wconf 17' lang='lat' dir='ltr'><strong>isimplicitate</strong></span> <span class='ocrx_word' id='word_1_506' title='bbox 1411 3868 1464 3910; x_wconf 91' lang='lat' dir='ltr'><strong>et</strong></span> <span class='ocrx_word' id='word_1_507' title='bbox 1514 3853 1779 3913; x_wconf 82' lang='lat' dir='ltr'><strong>modestia</strong></span> <span class='ocrx_word' id='word_1_508' title='bbox 1830 3871 2037 3927; x_wconf 88' lang='lat' dir='ltr'><strong>patrem</strong></span> 
     </span>
    </p>
   </div>
   <div class='ocr_carea' id='block_1_69' title="bbox 453 3923 2039 3998">
    <p class='ocr_par' dir='ltr' id='par_1_69' title="bbox 453 3923 2039 3998">
     <span class='ocr_line' id='line_1_69' title="bbox 453 3923 2039 3998; baseline 0.006 -23"><span class='ocrx_word' id='word_1_509' title='bbox 453 3923 808 3998; x_wconf 77' lang='lat' dir='ltr'><strong>spiritualcm_</strong></span> <span class='ocrx_word' id='word_1_510' title='bbox 854 3926 1052 3998; x_wconf 79' lang='lat' dir='ltr'><strong>blando</strong></span> <span class='ocrx_word' id='word_1_511' title='bbox 1094 3923 1199 3980; x_wconf 82' lang='lat' dir='ltr'><strong>isto</strong></span> <span class='ocrx_word' id='word_1_512' title='bbox 1227 3929 1490 3982; x_wconf 90' lang='lat' dir='ltr'><strong>vocabulo</strong></span> <span class='ocrx_word' id='word_1_513' title='bbox 1543 3944 1732 3996; x_wconf 89' lang='lat' dir='ltr'><strong>papam</strong></span> <span class='ocrx_word' id='word_1_514' title='bbox 1763 3923 2039 3998; x_wconf 84' lang='lat' dir='ltr'><strong>appellare</strong></span> 
     </span>
    </p>
   </div>
   <div class='ocr_carea' id='block_1_70' title="bbox 456 3994 2040 4064">
    <p class='ocr_par' dir='ltr' id='par_1_70' title="bbox 456 3994 2040 4064">
     <span class='ocr_line' id='line_1_70' title="bbox 456 3994 2040 4064; baseline 0.004 -18"><span class='ocrx_word' id='word_1_515' title='bbox 456 4003 758 4064; x_wconf 71' lang='lat' dir='ltr'><strong>cmperunt.</strong></span> <span class='ocrx_word' id='word_1_516' title='bbox 793 3994 924 4050; x_wconf 90' lang='lat' dir='ltr'><strong>lnde</strong></span> <span class='ocrx_word' id='word_1_517' title='bbox 953 4013 1084 4050; x_wconf 85' lang='lat' dir='ltr'><strong>vero</strong></span> <span class='ocrx_word' id='word_1_518' title='bbox 1114 3998 1312 4052; x_wconf 85' lang='lat' dir='ltr'><strong>factum</strong></span> <span class='ocrx_word' id='word_1_519' title='bbox 1339 4010 1442 4064; x_wconf 89' lang='lat' dir='ltr'><strong>est,</strong></span> <span class='ocrx_word' id='word_1_520' title='bbox 1473 4009 1530 4052; x_wconf 91' lang='lat' dir='ltr'><strong>ut</strong></span> <span class='ocrx_word' id='word_1_521' title='bbox 1549 3994 2040 4053; x_wconf 13' lang='lat' dir='ltr'><strong>ininome—n&#39;trans-</strong></span> 
     </span>
    </p>
   </div>
   <div class='ocr_carea' id='block_1_71' title="bbox 456 4063 2040 4138">
    <p class='ocr_par' dir='ltr' id='par_1_71' title="bbox 456 4063 2040 4138">
     <span class='ocr_line' id='line_1_71' title="bbox 456 4063 2040 4138; baseline 0.006 -23"><span class='ocrx_word' id='word_1_522' title='bbox 456 4063 561 4115; x_wconf 88' lang='lat' dir='ltr'><strong>iret</strong></span> <span class='ocrx_word' id='word_1_523' title='bbox 592 4063 887 4138; x_wconf 84' lang='lat' dir='ltr'><strong>dignitatis.</strong></span> <span class='ocrx_word' id='word_1_524' title='bbox 916 4078 1080 4135; x_wconf 90' lang='lat' dir='ltr'><strong>utque</strong></span> <span class='ocrx_word' id='word_1_525' title='bbox 1121 4063 1476 4138; x_wconf 10' lang='lat' dir='ltr'><strong>liocrnomine</strong></span> <span class='ocrx_word' id='word_1_526' title='bbox 1523 4070 1910 4138; x_wconf 54' lang='lat' dir='ltr'><strong>insignirentur</strong></span> <span class='ocrx_word' id='word_1_527' title='bbox 1944 4073 2040 4124; x_wconf 87' lang='lat' dir='ltr'><strong>ho-</strong></span> 
     </span>
    </p>
   </div>
   <div class='ocr_carea' id='block_1_72' title="bbox 455 4135 2038 4210">
    <p class='ocr_par' dir='ltr' id='par_1_72' title="bbox 455 4135 2038 4210">
     <span class='ocr_line' id='line_1_72' title="bbox 455 4135 2038 4210; baseline 0.008 -29"><span class='ocrx_word' id='word_1_528' title='bbox 455 4135 761 4210; x_wconf 68' lang='lat' dir='ltr'><strong>noratiores</strong></span> <span class='ocrx_word' id='word_1_529' title='bbox 791 4138 1166 4210; x_wconf 70' lang='lat' dir='ltr'><strong>tantummodo</strong></span> <span class='ocrx_word' id='word_1_530' title='bbox 1197 4137 1383 4210; x_wconf 77' lang='lat' dir='ltr'><strong>clerici</strong></span> <span class='ocrx_word' id='word_1_531' title='bbox 1411 4141 1430 4210; x_wconf 89' lang='lat'><strong>(</strong></span> <span class='ocrx_word' id='word_1_532' title='bbox 1455 4135 1652 4192; x_wconf 56' lang='lat' dir='ltr'><strong>Barou:</strong></span> <span class='ocrx_word' id='word_1_533' title='bbox 1679 4143 1730 4193; x_wconf 86' lang='lat' dir='ltr'><strong>in</strong></span> <span class='ocrx_word' id='word_1_534' title='bbox 1783 4142 1914 4193; x_wconf 84' lang='lat' dir='ltr'><strong>notis</strong></span> <span class='ocrx_word' id='word_1_535' title='bbox 1967 4143 2038 4194; x_wconf 85' lang='lat' dir='ltr'><strong>ad</strong></span> 
     </span>
    </p>
   </div>
   <div class='ocr_carea' id='block_1_73' title="bbox 457 4202 2038 4275">
    <p class='ocr_par' dir='ltr' id='par_1_73' title="bbox 457 4202 2038 4275">
     <span class='ocr_line' id='line_1_73' title="bbox 457 4202 2038 4275; baseline 0.007 -21"><span class='ocrx_word' id='word_1_536' title='bbox 457 4202 798 4275; x_wconf 75' lang='lat' dir='ltr'><strong>Martyrolog.</strong></span> <span class='ocrx_word' id='word_1_537' title='bbox 858 4205 922 4260; x_wconf 84' lang='lat' dir='ltr'><strong>lO</strong></span> <span class='ocrx_word' id='word_1_538' title='bbox 972 4205 1239 4275; x_wconf 73' lang='lat' dir='ltr'><strong>Ianuar.)</strong></span> <span class='ocrx_word' id='word_1_539' title='bbox 1273 4252 1286 4273; x_wconf 89' lang='lat'><strong>,</strong></span> <span class='ocrx_word' id='word_1_540' title='bbox 1339 4202 1430 4263; x_wconf 48' lang='lat' dir='ltr'><strong>ut‘</strong></span> <span class='ocrx_word' id='word_1_541' title='bbox 1469 4212 1674 4265; x_wconf 89' lang='lat' dir='ltr'><strong>notavit</strong></span> <span class='ocrx_word' id='word_1_542' title='bbox 1742 4211 2038 4265; x_wconf 84' lang='lat' dir='ltr'><strong>Wali&#39;ridus</strong></span> 
     </span>
    </p>
   </div>
   <div class='ocr_carea' id='block_1_74' title="bbox 453 4274 2036 4354">
    <p class='ocr_par' dir='ltr' id='par_1_74' title="bbox 453 4274 2036 4354">
     <span class='ocr_line' id='line_1_74' title="bbox 453 4274 2036 4354; baseline 0.007 -30"><span class='ocrx_word' id='word_1_543' title='bbox 453 4274 702 4354; x_wconf 68' lang='lat' dir='ltr'><strong>§trabus,</strong></span> <span class='ocrx_word' id='word_1_544' title='bbox 740 4275 834 4354; x_wconf 84' lang='lat' dir='ltr'><strong>|ib_.</strong></span> <span class='ocrx_word' id='word_1_545' title='bbox 889 4277 955 4354; x_wconf 84' lang='lat' dir='ltr'><strong>de</strong></span> <span class='ocrx_word' id='word_1_546' title='bbox 996 4279 1178 4333; x_wconf 81' lang='lat' dir='ltr'><strong>Rebus</strong></span> <span class='ocrx_word' id='word_1_547' title='bbox 1213 4274 1525 4354; x_wconf 81' lang='lat' dir='ltr'><strong>Ecclesiast.</strong></span> <span class='ocrx_word' id='word_1_548' title='bbox 1579 4297 1699 4351; x_wconf 85' lang='lat' dir='ltr'><strong>cap.</strong></span> <span class='ocrx_word' id='word_1_549' title='bbox 1753 4282 1808 4354; x_wconf 79' lang='lat'><strong>7,</strong></span> <span class='ocrx_word' id='word_1_550' title='bbox 1865 4280 2036 4351; x_wconf 87' lang='lat' dir='ltr'><strong>Papa.</strong></span> 
     </span>
    </p>
   </div>
   <div class='ocr_carea' id='block_1_75' title="bbox 455 4345 2039 4417">
    <p class='ocr_par' dir='ltr' id='par_1_75' title="bbox 455 4345 2039 4417">
     <span class='ocr_line' id='line_1_75' title="bbox 455 4345 2039 4417; baseline 0.006 -21"><span class='ocrx_word' id='word_1_551' title='bbox 455 4345 724 4417; x_wconf 84' lang='lat' dir='ltr'><strong>inquiens,</strong></span> <span class='ocrx_word' id='word_1_552' title='bbox 742 4349 1012 4417; x_wconf 78' lang='lat' dir='ltr'><strong>cujusdam</strong></span> <span class='ocrx_word' id='word_1_553' title='bbox 1032 4353 1352 4417; x_wconf 78' lang='lat' dir='ltr'><strong>paternitatis</strong></span> <span class='ocrx_word' id='word_1_554' title='bbox 1366 4367 1546 4404; x_wconf 77' lang='lat' dir='ltr'><strong>nomen</strong></span> <span class='ocrx_word' id='word_1_555' title='bbox 1561 4345 1661 4416; x_wconf 61' lang='lat' dir='ltr'><strong>est;</strong></span> <span class='ocrx_word' id='word_1_556' title='bbox 1673 4362 1717 4405; x_wconf 84' lang='lat' dir='ltr'><strong>et</strong></span> <span class='ocrx_word' id='word_1_557' title='bbox 1737 4345 2039 4406; x_wconf 66' lang='lat' dir='ltr'><strong>clericorum</strong></span> 
     </span>
    </p>
   </div>
   <div class='ocr_carea' id='block_1_76' title="bbox 457 4416 2039 4485">
    <p class='ocr_par' dir='ltr' id='par_1_76' title="bbox 457 4416 2039 4485">
     <span class='ocr_line' id='line_1_76' title="bbox 457 4416 2039 4485; baseline 0.006 -20"><span class='ocrx_word' id='word_1_558' title='bbox 457 4416 694 4484; x_wconf 82' lang='lat' dir='ltr'><strong>congruit</strong></span> <span class='ocrx_word' id='word_1_559' title='bbox 725 4416 994 4485; x_wconf 75' lang='lat' dir='ltr'><strong>dignitati.</strong></span> <span class='ocrx_word' id='word_1_560' title='bbox 1027 4416 1221 4476; x_wconf 78' lang='lat' dir='ltr'><strong>Postea</strong></span> <span class='ocrx_word' id='word_1_561' title='bbox 1261 4433 1438 4475; x_wconf 90' lang='lat' dir='ltr'><strong>tamen</strong></span> <span class='ocrx_word' id='word_1_562' title='bbox 1469 4424 1519 4474; x_wconf 90' lang='lat' dir='ltr'><strong>in</strong></span> <span class='ocrx_word' id='word_1_563' title='bbox 1566 4439 1663 4476; x_wconf 90' lang='lat' dir='ltr'><strong>usu</strong></span> <span class='ocrx_word' id='word_1_564' title='bbox 1709 4425 2039 4477; x_wconf 82' lang='lat' dir='ltr'><strong>ecclesiasti-</strong></span> 
     </span>
    </p>
   </div>
   <div class='ocr_carea' id='block_1_77' title="bbox 457 4487 2038 4561">
    <p class='ocr_par' dir='ltr' id='par_1_77' title="bbox 457 4487 2038 4561">
     <span class='ocr_line' id='line_1_77' title="bbox 457 4487 2038 4561; baseline 0.006 -23"><span class='ocrx_word' id='word_1_565' title='bbox 457 4501 524 4538; x_wconf 88' lang='lat' dir='ltr'><strong>co</strong></span> <span class='ocrx_word' id='word_1_566' title='bbox 573 4487 738 4552; x_wconf 71' lang='lat' dir='ltr'><strong>erepit</strong></span> <span class='ocrx_word' id='word_1_567' title='bbox 788 4490 903 4541; x_wconf 72' lang='lat' dir='ltr'><strong>iure</strong></span> <span class='ocrx_word' id='word_1_568' title='bbox 953 4493 1359 4545; x_wconf 90' lang='lat' dir='ltr'><strong>nomenelatura</strong></span> <span class='ocrx_word' id='word_1_569' title='bbox 1414 4493 1707 4561; x_wconf 84' lang='lat' dir='ltr'><strong>peculiaris</strong></span> <span class='ocrx_word' id='word_1_570' title='bbox 1749 4509 1877 4548; x_wconf 90' lang='lat' dir='ltr'><strong>esse</strong></span> <span class='ocrx_word' id='word_1_571' title='bbox 1923 4495 2038 4561; x_wconf 90' lang='lat' dir='ltr'><strong>epi-</strong></span> 
     </span>
    </p>
   </div>
   <div class='ocr_carea' id='block_1_78' title="bbox 461 4561 2038 4631">
    <p class='ocr_par' dir='ltr' id='par_1_78' title="bbox 461 4561 2038 4631">
     <span class='ocr_line' id='line_1_78' title="bbox 461 4561 2038 4631; baseline 0.005 -22"><span class='ocrx_word' id='word_1_572' title='bbox 461 4570 749 4622; x_wconf 89' lang='lat' dir='ltr'><strong>scoporum</strong></span> <span class='ocrx_word' id='word_1_573' title='bbox 783 4600 797 4623; x_wconf 92' lang='lat'><strong>,</strong></span> <span class='ocrx_word' id='word_1_574' title='bbox 849 4569 904 4612; x_wconf 91' lang='lat' dir='ltr'><strong>ut</strong></span> <span class='ocrx_word' id='word_1_575' title='bbox 958 4561 1121 4616; x_wconf 89' lang='lat' dir='ltr'><strong>iidem</strong></span> <span class='ocrx_word' id='word_1_576' title='bbox 1178 4577 1368 4616; x_wconf 91' lang='lat' dir='ltr'><strong>omnes</strong></span> <span class='ocrx_word' id='word_1_577' title='bbox 1401 4603 1414 4626; x_wconf 92' lang='lat'><strong>,</strong></span> <span class='ocrx_word' id='word_1_578' title='bbox 1467 4574 1525 4618; x_wconf 91' lang='lat' dir='ltr'><strong>et</strong></span> <span class='ocrx_word' id='word_1_579' title='bbox 1583 4565 1680 4617; x_wconf 91' lang='lat' dir='ltr'><strong>soli</strong></span> <span class='ocrx_word' id='word_1_580' title='bbox 1743 4579 1894 4631; x_wconf 63' lang='lat' dir='ltr'><strong>papae</strong></span> <span class='ocrx_word' id='word_1_581' title='bbox 1958 4565 2038 4617; x_wconf 85' lang='lat' dir='ltr'><strong>di-</strong></span> 
     </span>
    </p>
   </div>
   <div class='ocr_carea' id='block_1_79' title="bbox 455 4632 2034 4705">
    <p class='ocr_par' dir='ltr' id='par_1_79' title="bbox 455 4632 2034 4705">
     <span class='ocr_line' id='line_1_79' title="bbox 455 4632 2034 4705; baseline 0.006 -25"><span class='ocrx_word' id='word_1_582' title='bbox 455 4636 740 4705; x_wconf 59' lang='lat' dir='ltr'><strong>cerentur,</strong></span> <span class='ocrx_word' id='word_1_583' title='bbox 763 4639 906 4705; x_wconf 58' lang='lat' dir='ltr'><strong>uie;</strong></span> <span class='ocrx_word' id='word_1_584' title='bbox 939 4632 1180 4705; x_wconf 78' lang='lat' dir='ltr'><strong>epistolis</strong></span> <span class='ocrx_word' id='word_1_585' title='bbox 1214 4635 1273 4686; x_wconf 90' lang='lat' dir='ltr'><strong>D.</strong></span> <span class='ocrx_word' id='word_1_586' title='bbox 1309 4632 1566 4703; x_wconf 85' lang='lat' dir='ltr'><strong>Cypriani</strong></span> <span class='ocrx_word' id='word_1_587' title='bbox 1597 4674 1615 4700; x_wconf 94' lang='lat'><strong>,</strong></span> <span class='ocrx_word' id='word_1_588' title='bbox 1675 4635 1988 4705; x_wconf 74' lang='lat' dir='ltr'><strong>Hieronymi</strong></span> <span class='ocrx_word' id='word_1_589' title='bbox 2019 4677 2034 4701; x_wconf 92' lang='lat'><strong>,</strong></span> 
     </span>
    </p>
   </div>
   <div class='ocr_carea' id='block_1_80' title="bbox 453 4696 2038 4777">
    <p class='ocr_par' dir='ltr' id='par_1_80' title="bbox 453 4696 2038 4777">
     <span class='ocr_line' id='line_1_80' title="bbox 453 4696 2038 4777; baseline 0.008 -30"><span class='ocrx_word' id='word_1_590' title='bbox 453 4696 765 4777; x_wconf 45' lang='lat' dir='ltr'><strong>Augustini,</strong></span> <span class='ocrx_word' id='word_1_591' title='bbox 792 4696 1029 4777; x_wconf 76' lang='lat' dir='ltr'><strong>Sidonii,</strong></span> <span class='ocrx_word' id='word_1_592' title='bbox 1051 4696 1500 4777; x_wconf 42' lang='lat' dir='ltr'><strong>aliorumque-est</strong></span> <span class='ocrx_word' id='word_1_593' title='bbox 1531 4696 1898 4759; x_wconf 52' lang='lat' dir='ltr'><strong>manifestum:</strong></span> <span class='ocrx_word' id='word_1_594' title='bbox 1926 4696 2038 4760; x_wconf 80' lang='grc' dir='ltr'><strong>ΙΙοό</strong></span> 
     </span>
    </p>
   </div>
   <div class='ocr_carea' id='block_1_81' title="bbox 453 4769 2036 4843">
    <p class='ocr_par' dir='ltr' id='par_1_81' title="bbox 453 4769 2036 4843">
     <span class='ocr_line' id='line_1_81' title="bbox 453 4769 2036 4843; baseline 0.008 -25"><span class='ocrx_word' id='word_1_595' title='bbox 453 4769 1120 4843; x_wconf 55' lang='lat' dir='ltr'><strong>igitursensuﬁassiauus</strong></span> <span class='ocrx_word' id='word_1_596' title='bbox 1144 4775 1254 4838; x_wconf 87' lang='lat' dir='ltr'><strong>hic,</strong></span> <span class='ocrx_word' id='word_1_597' title='bbox 1283 4769 1338 4828; x_wconf 73' lang='grc' dir='ltr'>εἰ</span> <span class='ocrx_word' id='word_1_598' title='bbox 1366 4776 1417 4828; x_wconf 93' lang='lat' dir='ltr'><strong>in</strong></span> <span class='ocrx_word' id='word_1_599' title='bbox 1442 4776 1611 4829; x_wconf 89' lang='lat' dir='ltr'><strong>altera</strong></span> <span class='ocrx_word' id='word_1_600' title='bbox 1642 4777 2036 4843; x_wconf 67' lang='lat' dir='ltr'><strong>praefationead</strong></span> 
     </span>
    </p>
   </div>
   <div class='ocr_carea' id='block_1_82' title="bbox 452 4835 2038 4914">
    <p class='ocr_par' dir='ltr' id='par_1_82' title="bbox 452 4835 2038 4914">
     <span class='ocr_line' id='line_1_82' title="bbox 452 4835 2038 4914; baseline 0.006 -24"><span class='ocrx_word' id='word_1_601' title='bbox 452 4835 779 4914; x_wconf 83' lang='lat' dir='ltr'><strong>Collationes</strong></span> <span class='ocrx_word' id='word_1_602' title='bbox 809 4841 1058 4907; x_wconf 85' lang='lat' dir='ltr'><strong>Patrum,</strong></span> <span class='ocrx_word' id='word_1_603' title='bbox 1102 4835 1249 4898; x_wconf 82' lang='lat' dir='ltr'><strong>hunc</strong></span> <span class='ocrx_word' id='word_1_604' title='bbox 1272 4846 1554 4900; x_wconf 88' lang='lat' dir='ltr'><strong>Castorem</strong></span> <span class='ocrx_word' id='word_1_605' title='bbox 1595 4835 1785 4914; x_wconf 73' lang='lat' dir='ltr'><strong>papam</strong></span> <span class='ocrx_word' id='word_1_606' title='bbox 1833 4863 2038 4901; x_wconf 88' lang='lat' dir='ltr'><strong>nuncu-</strong></span> 
     </span>
    </p>
   </div>
   <div class='ocr_carea' id='block_1_83' title="bbox 451 4911 2037 4993">
    <p class='ocr_par' dir='ltr' id='par_1_83' title="bbox 451 4911 2037 4993">
     <span class='ocr_line' id='line_1_83' title="bbox 451 4911 2037 4993; baseline 0.01 -36"><span class='ocrx_word' id='word_1_607' title='bbox 451 4911 712 4993; x_wconf 69' lang='lat' dir='ltr'><strong>p:it,_lioc</strong></span> <span class='ocrx_word' id='word_1_608' title='bbox 738 4921 850 4974; x_wconf 90' lang='lat' dir='ltr'><strong>est,</strong></span> <span class='ocrx_word' id='word_1_609' title='bbox 887 4925 1130 4993; x_wconf 73' lang='lat' dir='ltr'><strong>patrem,</strong></span> <span class='ocrx_word' id='word_1_610' title='bbox 1164 4915 1247 4968; x_wconf 92' lang='lat' dir='ltr'><strong>vel</strong></span> <span class='ocrx_word' id='word_1_611' title='bbox 1277 4911 1620 4993; x_wconf 77' lang='lat' dir='ltr'><strong>episcopum,</strong></span> <span class='ocrx_word' id='word_1_612' title='bbox 1654 4911 1712 4970; x_wconf 83' lang='lat' dir='ltr'><strong>ut</strong></span> <span class='ocrx_word' id='word_1_613' title='bbox 1750 4915 2037 4993; x_wconf 75' lang='lat' dir='ltr'><strong>Dionysius</strong></span> 
     </span>
    </p>
   </div>
   <div class='ocr_carea' id='block_1_84' title="bbox 448 4978 2037 5054">
    <p class='ocr_par' dir='ltr' id='par_1_84' title="bbox 448 4978 2037 5054">
     <span class='ocr_line' id='line_1_84' title="bbox 448 4978 2037 5054; baseline 0.008 -25"><span class='ocrx_word' id='word_1_614' title='bbox 448 4978 704 5054; x_wconf 57' lang='lat' dir='ltr'><strong>Carthus.</strong></span> <span class='ocrx_word' id='word_1_615' title='bbox 730 4978 1000 5054; x_wconf 53' lang='lat' dir='ltr'><strong>exposuit.</strong></span> <span class='ocrx_word' id='word_1_616' title='bbox 1029 4984 1224 5039; x_wconf 88' lang='lat' dir='ltr'><strong>Verum</strong></span> <span class='ocrx_word' id='word_1_617' title='bbox 1258 4978 1646 5054; x_wconf 77' lang='lat' dir='ltr'><strong>posterioribus</strong></span> <span class='ocrx_word' id='word_1_618' title='bbox 1670 4978 2037 5042; x_wconf 53' lang='lat' dir='ltr'><strong>saeculis&#39;usus</strong></span> 
     </span>
    </p>
   </div>
   <div class='ocr_carea' id='block_1_85' title="bbox 456 5049 2034 5127">
    <p class='ocr_par' dir='ltr' id='par_1_85' title="bbox 456 5049 2034 5127">
     <span class='ocr_line' id='line_1_85' title="bbox 456 5049 2034 5127; baseline 0.009 -27"><span class='ocrx_word' id='word_1_619' title='bbox 456 5049 1097 5127; x_wconf 17' lang='lat' dir='ltr'><strong>Ecclesiie‘obtinuit,Wut</strong></span> <span class='ocrx_word' id='word_1_620' title='bbox 1129 5049 1323 5112; x_wconf 83' lang='lat' dir='ltr'><strong>nomen</strong></span> <span class='ocrx_word' id='word_1_621' title='bbox 1358 5072 1540 5125; x_wconf 67' lang='lat' dir='ltr'><strong>papte,</strong></span> <span class='ocrx_word' id='word_1_622' title='bbox 1571 5059 1710 5113; x_wconf 89' lang='lat' dir='ltr'><strong>sicut</strong></span> <span class='ocrx_word' id='word_1_623' title='bbox 1739 5069 1793 5112; x_wconf 92' lang='lat' dir='ltr'><strong>et</strong></span> <span class='ocrx_word' id='word_1_624' title='bbox 1820 5059 2034 5127; x_wconf 89' lang='lat' dir='ltr'><strong>epithe-</strong></span> 
     </span>
    </p>
   </div>
   <div class='ocr_carea' id='block_1_86' title="bbox 456 5121 2038 5199">
    <p class='ocr_par' dir='ltr' id='par_1_86' title="bbox 456 5121 2038 5199">
     <span class='ocr_line' id='line_1_86' title="bbox 456 5121 2038 5199; baseline 0.009 -29"><span class='ocrx_word' id='word_1_625' title='bbox 456 5130 566 5199; x_wconf 76' lang='lat' dir='ltr'><strong>ton.</strong></span> <span class='ocrx_word' id='word_1_626' title='bbox 595 5121 920 5199; x_wconf 74' lang='lat' dir='ltr'><strong>Beatissimi,</strong></span> <span class='ocrx_word' id='word_1_627' title='bbox 943 5126 1045 5199; x_wconf 52' lang='lat' dir='ltr'><strong>soli</strong></span> <span class='ocrx_word' id='word_1_628' title='bbox 1069 5126 1310 5199; x_wconf 77' lang='lat' dir='ltr'><strong>Romano</strong></span> <span class='ocrx_word' id='word_1_629' title='bbox 1333 5121 1576 5184; x_wconf 76' lang='lat' dir='ltr'><strong>Pontilici</strong></span> <span class='ocrx_word' id='word_1_630' title='bbox 1605 5121 1870 5199; x_wconf 77' lang='lat' dir='ltr'><strong>tribuatur</strong></span> <span class='ocrx_word' id='word_1_631' title='bbox 1895 5130 2038 5199; x_wconf 84' lang='lat' dir='ltr'><strong>(Bel—</strong></span> 
     </span>
    </p>
   </div>
   <div class='ocr_carea' id='block_1_87' title="bbox 455 5191 2038 5270">
    <p class='ocr_par' dir='ltr' id='par_1_87' title="bbox 455 5191 2038 5270">
     <span class='ocr_line' id='line_1_87' title="bbox 455 5191 2038 5270; baseline 0.008 -29"><span class='ocrx_word' id='word_1_632' title='bbox 455 5191 609 5270; x_wconf 68' lang='lat' dir='ltr'><strong>larm.</strong></span> <span class='ocrx_word' id='word_1_633' title='bbox 645 5193 730 5270; x_wconf 78' lang='lat' dir='ltr'><strong>lib.</strong></span> <span class='ocrx_word' id='word_1_634' title='bbox 765 5209 799 5246; x_wconf 88' lang='grc' dir='ltr'>ιι</span> <span class='ocrx_word' id='word_1_635' title='bbox 831 5196 894 5270; x_wconf 72' lang='lat' dir='ltr'><strong>de</strong></span> <span class='ocrx_word' id='word_1_636' title='bbox 927 5195 1084 5270; x_wconf 74' lang='lat' dir='ltr'><strong>Rom.</strong></span> <span class='ocrx_word' id='word_1_637' title='bbox 1135 5197 1337 5270; x_wconf 75' lang='lat' dir='ltr'><strong>Pontif.</strong></span> <span class='ocrx_word' id='word_1_638' title='bbox 1371 5216 1485 5270; x_wconf 86' lang='lat' dir='ltr'><strong>cap.</strong></span> <span class='ocrx_word' id='word_1_639' title='bbox 1537 5199 1665 5268; x_wconf 76' lang='grc'><strong>51).</strong></span> <span class='ocrx_word' id='word_1_640' title='bbox 1717 5198 1850 5253; x_wconf 88' lang='lat' dir='ltr'><strong>Cum</strong></span> <span class='ocrx_word' id='word_1_641' title='bbox 1889 5191 2038 5254; x_wconf 68' lang='lat' dir='ltr'><strong>cnim</strong></span> 
     </span>
    </p>
   </div>
   <div class='ocr_carea' id='block_1_88' title="bbox 451 5263 2040 5336">
    <p class='ocr_par' dir='ltr' id='par_1_88' title="bbox 451 5263 2040 5336">
     <span class='ocr_line' id='line_1_88' title="bbox 451 5263 2040 5336; baseline 0.008 -24"><span class='ocrx_word' id='word_1_642' title='bbox 451 5263 692 5336; x_wconf 79' lang='lat' dir='ltr'><strong>episcOpi</strong></span> <span class='ocrx_word' id='word_1_643' title='bbox 721 5265 934 5332; x_wconf 93' lang='lat' dir='ltr'><strong>quidam</strong></span> <span class='ocrx_word' id='word_1_644' title='bbox 958 5263 1376 5322; x_wconf 45' lang='lat' dir='ltr'><strong>schismatici&#39;in</strong></span> <span class='ocrx_word' id='word_1_645' title='bbox 1397 5263 1576 5323; x_wconf 83' lang='lat' dir='ltr'><strong>odium</strong></span> <span class='ocrx_word' id='word_1_646' title='bbox 1604 5263 1832 5323; x_wconf 79' lang='lat' dir='ltr'><strong>Romani</strong></span> <span class='ocrx_word' id='word_1_647' title='bbox 1863 5272 2040 5336; x_wconf 92' lang='lat' dir='ltr'><strong>ponti-</strong></span> 
     </span>
    </p>
   </div>
   <div class='ocr_carea' id='block_1_89' title="bbox 453 5334 2034 5409">
    <p class='ocr_par' dir='ltr' id='par_1_89' title="bbox 453 5334 2034 5409">
     <span class='ocr_line' id='line_1_89' title="bbox 453 5334 2034 5409; baseline 0.007 -26"><span class='ocrx_word' id='word_1_648' title='bbox 453 5334 567 5409; x_wconf 73' lang='lat' dir='ltr'><strong>ficis</strong></span> <span class='ocrx_word' id='word_1_649' title='bbox 593 5348 807 5409; x_wconf 77' lang='lat' dir='ltr'><strong>_t_i_omen</strong></span> <span class='ocrx_word' id='word_1_650' title='bbox 838 5353 985 5409; x_wconf 66' lang='lat' dir='ltr'><strong>papae</strong></span> <span class='ocrx_word' id='word_1_651' title='bbox 1030 5338 1264 5402; x_wconf 83' lang='lat' dir='ltr'><strong>superbe</strong></span> <span class='ocrx_word' id='word_1_652' title='bbox 1311 5341 1413 5392; x_wconf 90' lang='lat' dir='ltr'><strong>sibi</strong></span> <span class='ocrx_word' id='word_1_653' title='bbox 1453 5351 1797 5406; x_wconf 80' lang='lat' dir='ltr'><strong>arrogarent,</strong></span> <span class='ocrx_word' id='word_1_654' title='bbox 1829 5334 2034 5409; x_wconf 82' lang='lat' dir='ltr'><strong>Grego-</strong></span> 
     </span>
    </p>
   </div>
   <div class='ocr_carea' id='block_1_90' title="bbox 451 5402 2039 5479">
    <p class='ocr_par' dir='ltr' id='par_1_90' title="bbox 451 5402 2039 5479">
     <span class='ocr_line' id='line_1_90' title="bbox 451 5402 2039 5479; baseline 0.007 -25"><span class='ocrx_word' id='word_1_655' title='bbox 451 5403 566 5454; x_wconf 91' lang='lat' dir='ltr'><strong>rius</strong></span> <span class='ocrx_word' id='word_1_656' title='bbox 593 5402 680 5456; x_wconf 81' lang='lat' dir='ltr'><strong>Vll</strong></span> <span class='ocrx_word' id='word_1_657' title='bbox 718 5402 860 5458; x_wconf 87' lang='lat' dir='ltr'><strong>anno</strong></span> <span class='ocrx_word' id='word_1_658' title='bbox 910 5408 1046 5462; x_wconf 84' lang='grc'><strong>1077</strong></span> <span class='ocrx_word' id='word_1_659' title='bbox 1079 5409 1128 5461; x_wconf 91' lang='lat' dir='ltr'><strong>in</strong></span> <span class='ocrx_word' id='word_1_660' title='bbox 1150 5410 1366 5479; x_wconf 76' lang='lat' dir='ltr'><strong>synodo</strong></span> <span class='ocrx_word' id='word_1_661' title='bbox 1397 5402 1637 5464; x_wconf 79' lang='lat' dir='ltr'><strong>Romana</strong></span> <span class='ocrx_word' id='word_1_662' title='bbox 1676 5402 2039 5474; x_wconf 44' lang='lat' dir='ltr'><strong>deerevitIut</strong></span> 
     </span>
    </p>
   </div>
   <div class='ocr_carea' id='block_1_91' title="bbox 455 5478 2035 5551">
    <p class='ocr_par' dir='ltr' id='par_1_91' title="bbox 455 5478 2035 5551">
     <span class='ocr_line' id='line_1_91' title="bbox 455 5478 2035 5551; baseline 0.011 -31"><span class='ocrx_word' id='word_1_663' title='bbox 455 5487 606 5551; x_wconf 71' lang='lat' dir='ltr'><strong>papa:</strong></span> <span class='ocrx_word' id='word_1_664' title='bbox 649 5488 857 5551; x_wconf 78' lang='lat' dir='ltr'><strong>nomen</strong></span> <span class='ocrx_word' id='word_1_665' title='bbox 893 5479 944 5551; x_wconf 83' lang='lat' dir='ltr'><strong>in</strong></span> <span class='ocrx_word' id='word_1_666' title='bbox 977 5479 1106 5534; x_wconf 90' lang='lat' dir='ltr'><strong>orbe</strong></span> <span class='ocrx_word' id='word_1_667' title='bbox 1134 5478 1443 5534; x_wconf 87' lang='lat' dir='ltr'><strong>Christiano</strong></span> <span class='ocrx_word' id='word_1_668' title='bbox 1474 5483 1688 5534; x_wconf 88' lang='lat' dir='ltr'><strong>unicum</strong></span> <span class='ocrx_word' id='word_1_669' title='bbox 1724 5492 1896 5545; x_wconf 88' lang='lat' dir='ltr'><strong>esset;</strong></span> <span class='ocrx_word' id='word_1_670' title='bbox 1937 5497 2035 5537; x_wconf 91' lang='lat' dir='ltr'><strong>nec</strong></span> 
     </span>
    </p>
   </div>
   <div class='ocr_carea' id='block_1_92' title="bbox 455 5543 2030 5621">
    <p class='ocr_par' dir='ltr' id='par_1_92' title="bbox 455 5543 2030 5621">
     <span class='ocr_line' id='line_1_92' title="bbox 455 5543 2030 5621; baseline 0.009 -29"><span class='ocrx_word' id='word_1_671' title='bbox 455 5543 646 5621; x_wconf 66' lang='lat' dir='ltr'><strong>liceret</strong></span> <span class='ocrx_word' id='word_1_672' title='bbox 698 5545 858 5621; x_wconf 71' lang='lat' dir='ltr'><strong>alieni</strong></span> <span class='ocrx_word' id='word_1_673' title='bbox 917 5548 1055 5621; x_wconf 70' lang='lat' dir='ltr'><strong>lianc</strong></span> <span class='ocrx_word' id='word_1_674' title='bbox 1102 5551 1515 5618; x_wconf 87' lang='lat' dir='ltr'><strong>appellationem</strong></span> <span class='ocrx_word' id='word_1_675' title='bbox 1579 5552 1680 5604; x_wconf 87' lang='lat' dir='ltr'><strong>sibi</strong></span> <span class='ocrx_word' id='word_1_676' title='bbox 1731 5551 1814 5604; x_wconf 85' lang='lat' dir='ltr'><strong>vel</strong></span> <span class='ocrx_word' id='word_1_677' title='bbox 1872 5543 2030 5606; x_wconf 84' lang='lat' dir='ltr'><strong>alteri</strong></span> 
     </span>
    </p>
   </div>
   <div class='ocr_carea' id='block_1_93' title="bbox 455 5613 2032 5695">
    <p class='ocr_par' dir='ltr' id='par_1_93' title="bbox 455 5613 2032 5695">
     <span class='ocr_line' id='line_1_93' title="bbox 455 5613 2032 5695; baseline 0.01 -33"><span class='ocrx_word' id='word_1_678' title='bbox 455 5613 745 5695; x_wconf 62' lang='lat' dir='ltr'><strong>ascribere.</strong></span> <span class='ocrx_word' id='word_1_679' title='bbox 775 5616 886 5683; x_wconf 87' lang='lat' dir='ltr'><strong>Qua</strong></span> <span class='ocrx_word' id='word_1_680' title='bbox 928 5618 993 5673; x_wconf 91' lang='lat' dir='ltr'><strong>de</strong></span> <span class='ocrx_word' id='word_1_681' title='bbox 1032 5635 1100 5695; x_wconf 87' lang='lat' dir='ltr'><strong>_re</strong></span> <span class='ocrx_word' id='word_1_682' title='bbox 1139 5613 1266 5695; x_wconf 62' lang='lat' dir='ltr'><strong>vide</strong></span> <span class='ocrx_word' id='word_1_683' title='bbox 1295 5622 1443 5695; x_wconf 83' lang='lat' dir='ltr'><strong>plura</strong></span> <span class='ocrx_word' id='word_1_684' title='bbox 1475 5621 1614 5688; x_wconf 92' lang='lat' dir='ltr'><strong>apud</strong></span> <span class='ocrx_word' id='word_1_685' title='bbox 1660 5621 1944 5695; x_wconf 84' lang='lat' dir='ltr'><strong>Baronium</strong></span> <span class='ocrx_word' id='word_1_686' title='bbox 1976 5634 2032 5695; x_wconf 88' lang='lat' dir='ltr'><strong>et</strong></span> 
     </span>
    </p>
   </div>
   <div class='ocr_carea' id='block_1_94' title="bbox 455 5683 2027 5761">
    <p class='ocr_par' dir='ltr' id='par_1_94' title="bbox 455 5683 2027 5761">
     <span class='ocr_line' id='line_1_94' title="bbox 455 5683 2027 5761; baseline 0.01 -29"><span class='ocrx_word' id='word_1_687' title='bbox 455 5683 610 5761; x_wconf 82' lang='lat' dir='ltr'><strong>alios.</strong></span> <span class='ocrx_word' id='word_1_688' title='bbox 639 5685 766 5748; x_wconf 78' lang='lat' dir='ltr'><strong>Quis</strong></span> <span class='ocrx_word' id='word_1_689' title='bbox 815 5703 986 5761; x_wconf 80' lang='lat' dir='ltr'><strong>porro</strong></span> <span class='ocrx_word' id='word_1_690' title='bbox 1026 5689 1187 5744; x_wconf 88' lang='lat' dir='ltr'><strong>fuerit</strong></span> <span class='ocrx_word' id='word_1_691' title='bbox 1229 5683 1331 5747; x_wconf 72' lang='lat' dir='ltr'><strong>iste</strong></span> <span class='ocrx_word' id='word_1_692' title='bbox 1359 5683 1578 5755; x_wconf 81' lang='lat' dir='ltr'><strong>Castor,</strong></span> <span class='ocrx_word' id='word_1_693' title='bbox 1625 5701 1680 5744; x_wconf 92' lang='lat' dir='ltr'><strong>et</strong></span> <span class='ocrx_word' id='word_1_694' title='bbox 1725 5693 1875 5758; x_wconf 88' lang='lat' dir='ltr'><strong>cujus</strong></span> <span class='ocrx_word' id='word_1_695' title='bbox 1926 5694 2027 5747; x_wconf 89' lang='lat' dir='ltr'><strong>loci</strong></span> 
     </span>
    </p>
   </div>
   <div class='ocr_carea' id='block_1_95' title="bbox 456 5759 2030 5834">
    <p class='ocr_par' dir='ltr' id='par_1_95' title="bbox 456 5759 2030 5834">
     <span class='ocr_line' id='line_1_95' title="bbox 456 5759 2030 5834; baseline 0.006 -28"><span class='ocrx_word' id='word_1_696' title='bbox 456 5759 760 5834; x_wconf 73' lang='lat' dir='ltr'><strong>episcopus,</strong></span> <span class='ocrx_word' id='word_1_697' title='bbox 795 5759 1372 5834; x_wconf 15' lang='lat' dir='ltr'><strong>cum‘Cassianusrnon</strong></span> <span class='ocrx_word' id='word_1_698' title='bbox 1402 5762 1748 5834; x_wconf 84' lang='lat' dir='ltr'><strong>expresserit,</strong></span> <span class='ocrx_word' id='word_1_699' title='bbox 1772 5763 1920 5834; x_wconf 78' lang='lat' dir='ltr'><strong>haud</strong></span> <span class='ocrx_word' id='word_1_700' title='bbox 1953 5763 2030 5816; x_wconf 85' lang='lat' dir='ltr'><strong>fa-</strong></span> 
     </span>
    </p>
   </div>
   <div class='ocr_carea' id='block_1_96' title="bbox 455 5824 2027 5898">
    <p class='ocr_par' dir='ltr' id='par_1_96' title="bbox 455 5824 2027 5898">
     <span class='ocr_line' id='line_1_96' title="bbox 455 5824 2027 5898; baseline 0.01 -23"><span class='ocrx_word' id='word_1_701' title='bbox 455 5824 558 5878; x_wconf 84' lang='lat' dir='ltr'><strong>cile</strong></span> <span class='ocrx_word' id='word_1_702' title='bbox 580 5835 697 5880; x_wconf 79' lang='lat' dir='ltr'><strong>erat</strong></span> <span class='ocrx_word' id='word_1_703' title='bbox 721 5828 954 5898; x_wconf 87' lang='lat' dir='ltr'><strong>assequi,</strong></span> <span class='ocrx_word' id='word_1_704' title='bbox 978 5839 1034 5884; x_wconf 87' lang='lat' dir='ltr'><strong>et</strong></span> <span class='ocrx_word' id='word_1_705' title='bbox 1061 5842 1210 5887; x_wconf 88' lang='lat' dir='ltr'><strong>certo</strong></span> <span class='ocrx_word' id='word_1_706' title='bbox 1230 5824 1489 5890; x_wconf 52' lang='lat' dir='ltr'><strong>definire:</strong></span> <span class='ocrx_word' id='word_1_707' title='bbox 1507 5833 1703 5890; x_wconf 85' lang='lat' dir='ltr'><strong>Verum</strong></span> <span class='ocrx_word' id='word_1_708' title='bbox 1733 5824 1784 5889; x_wconf 86' lang='lat' dir='ltr'><strong>id</strong></span> <span class='ocrx_word' id='word_1_709' title='bbox 1813 5835 2027 5890; x_wconf 87' lang='lat' dir='ltr'><strong>tandem</strong></span> 
     </span>
    </p>
   </div>
   <div class='ocr_carea' id='block_1_97' title="bbox 2147 3361 3740 3426">
    <p class='ocr_par' dir='ltr' id='par_1_97' title="bbox 2147 3361 3740 3426">
     <span class='ocr_line' id='line_1_97' title="bbox 2147 3361 3740 3426; baseline 0.001 -11"><span class='ocrx_word' id='word_1_710' title='bbox 2147 3377 2177 3415; x_wconf 88' lang='lat' dir='ltr'><strong>a</strong></span> <span class='ocrx_word' id='word_1_711' title='bbox 2192 3363 2518 3416; x_wconf 87' lang='lat' dir='ltr'><strong>monasterio</strong></span> <span class='ocrx_word' id='word_1_712' title='bbox 2539 3363 2853 3426; x_wconf 80' lang='lat' dir='ltr'><strong>Elnonensi,</strong></span> <span class='ocrx_word' id='word_1_713' title='bbox 2869 3363 2983 3416; x_wconf 89' lang='lat' dir='ltr'><strong>sive</strong></span> <span class='ocrx_word' id='word_1_714' title='bbox 3001 3361 3308 3415; x_wconf 87' lang='lat' dir='ltr'><strong>Amandiuo</strong></span> <span class='ocrx_word' id='word_1_715' title='bbox 3333 3363 3740 3417; x_wconf 84' lang='lat' dir='ltr'><strong>commodatum</strong></span> 
     </span>
    </p>
   </div>
   <div class='ocr_carea' id='block_1_98' title="bbox 2144 3433 3738 3502">
    <p class='ocr_par' dir='ltr' id='par_1_98' title="bbox 2144 3433 3738 3502">
     <span class='ocr_line' id='line_1_98' title="bbox 2144 3433 3738 3502; baseline 0 -16"><span class='ocrx_word' id='word_1_716' title='bbox 2144 3434 2318 3486; x_wconf 91' lang='lat' dir='ltr'><strong>serius</strong></span> <span class='ocrx_word' id='word_1_717' title='bbox 2347 3433 2690 3500; x_wconf 87' lang='lat' dir='ltr'><strong>accepimus,</strong></span> <span class='ocrx_word' id='word_1_718' title='bbox 2728 3433 2810 3486; x_wconf 86' lang='lat' dir='ltr'><strong>his</strong></span> <span class='ocrx_word' id='word_1_719' title='bbox 2851 3433 3251 3487; x_wconf 85' lang='lat' dir='ltr'><strong>Institutionum</strong></span> <span class='ocrx_word' id='word_1_720' title='bbox 3285 3434 3435 3486; x_wconf 86' lang='lat' dir='ltr'><strong>libris</strong></span> <span class='ocrx_word' id='word_1_721' title='bbox 3486 3434 3738 3502; x_wconf 68' lang='lat' dir='ltr'><strong>praefixa;</strong></span> 
     </span>
    </p>
   </div>
   <div class='ocr_carea' id='block_1_99' title="bbox 2143 3503 3739 3573">
    <p class='ocr_par' dir='ltr' id='par_1_99' title="bbox 2143 3503 3739 3573">
     <span class='ocr_line' id='line_1_99' title="bbox 2143 3503 3739 3573; baseline -0.001 -16"><span class='ocrx_word' id='word_1_722' title='bbox 2143 3519 2302 3568; x_wconf 90' lang='lat' dir='ltr'><strong>quam</strong></span> <span class='ocrx_word' id='word_1_723' title='bbox 2332 3506 2432 3557; x_wconf 88' lang='lat' dir='ltr'><strong>etsi</strong></span> <span class='ocrx_word' id='word_1_724' title='bbox 2463 3519 2724 3569; x_wconf 83' lang='lat' dir='ltr'><strong>nusquam</strong></span> <span class='ocrx_word' id='word_1_725' title='bbox 2758 3503 2887 3558; x_wconf 89' lang='lat' dir='ltr'><strong>alibi</strong></span> <span class='ocrx_word' id='word_1_726' title='bbox 2916 3515 3183 3569; x_wconf 86' lang='lat' dir='ltr'><strong>repertam</strong></span> <span class='ocrx_word' id='word_1_727' title='bbox 3212 3547 3226 3570; x_wconf 93' lang='lat'><strong>,</strong></span> <span class='ocrx_word' id='word_1_728' title='bbox 3259 3505 3550 3573; x_wconf 87' lang='lat' dir='ltr'><strong>multisque</strong></span> <span class='ocrx_word' id='word_1_729' title='bbox 3578 3521 3739 3557; x_wconf 89' lang='lat' dir='ltr'><strong>men-</strong></span> 
     </span>
    </p>
   </div>
   <div class='ocr_carea' id='block_1_100' title="bbox 2143 3574 3742 3641">
    <p class='ocr_par' dir='ltr' id='par_1_100' title="bbox 2143 3574 3742 3641">
     <span class='ocr_line' id='line_1_100' title="bbox 2143 3574 3742 3641; baseline 0.001 -13"><span class='ocrx_word' id='word_1_730' title='bbox 2143 3574 2227 3628; x_wconf 92' lang='lat' dir='ltr'><strong>dis</strong></span> <span class='ocrx_word' id='word_1_731' title='bbox 2255 3589 2317 3626; x_wconf 92' lang='lat' dir='ltr'><strong>ac</strong></span> <span class='ocrx_word' id='word_1_732' title='bbox 2350 3575 2526 3628; x_wconf 88' lang='lat' dir='ltr'><strong>lituris</strong></span> <span class='ocrx_word' id='word_1_733' title='bbox 2553 3575 2918 3635; x_wconf 83' lang='lat' dir='ltr'><strong>obscuratam,</strong></span> <span class='ocrx_word' id='word_1_734' title='bbox 2955 3586 3130 3629; x_wconf 92' lang='lat' dir='ltr'><strong>tamen</strong></span> <span class='ocrx_word' id='word_1_735' title='bbox 3163 3575 3338 3641; x_wconf 87' lang='lat' dir='ltr'><strong>quoad</strong></span> <span class='ocrx_word' id='word_1_736' title='bbox 3371 3575 3542 3637; x_wconf 81' lang='lat' dir='ltr'><strong>licuit,</strong></span> <span class='ocrx_word' id='word_1_737' title='bbox 3577 3575 3644 3627; x_wconf 87' lang='lat' dir='ltr'><strong>ab</strong></span> <span class='ocrx_word' id='word_1_738' title='bbox 3674 3577 3742 3629; x_wconf 91' lang='lat' dir='ltr'><strong>iis</strong></span> 
     </span>
    </p>
   </div>
   <div class='ocr_carea' id='block_1_101' title="bbox 2143 3645 3742 3714">
    <p class='ocr_par' dir='ltr' id='par_1_101' title="bbox 2143 3645 3742 3714">
     <span class='ocr_line' id='line_1_101' title="bbox 2143 3645 3742 3714; baseline 0 -14"><span class='ocrx_word' id='word_1_739' title='bbox 2143 3656 2519 3713; x_wconf 81' lang='lat' dir='ltr'><strong>expurgatam,</strong></span> <span class='ocrx_word' id='word_1_740' title='bbox 2548 3655 2602 3699; x_wconf 91' lang='lat' dir='ltr'><strong>et</strong></span> <span class='ocrx_word' id='word_1_741' title='bbox 2630 3659 2743 3699; x_wconf 70' lang='lat' dir='ltr'><strong>sua:</strong></span> <span class='ocrx_word' id='word_1_742' title='bbox 2775 3647 3065 3714; x_wconf 87' lang='lat' dir='ltr'><strong>integritati</strong></span> <span class='ocrx_word' id='word_1_743' title='bbox 3087 3649 3413 3706; x_wconf 86' lang='lat' dir='ltr'><strong>restitutam,</strong></span> <span class='ocrx_word' id='word_1_744' title='bbox 3443 3645 3564 3697; x_wconf 88' lang='lat' dir='ltr'><strong>huic</strong></span> <span class='ocrx_word' id='word_1_745' title='bbox 3585 3647 3742 3710; x_wconf 83' lang='lat' dir='ltr'><strong>operi</strong></span> 
     </span>
    </p>
   </div>
   <div class='ocr_carea' id='block_1_102' title="bbox 2145 3715 3740 3784">
    <p class='ocr_par' dir='ltr' id='par_1_102' title="bbox 2145 3715 3740 3784">
     <span class='ocr_line' id='line_1_102' title="bbox 2145 3715 3740 3784; baseline -0.001 -15"><span class='ocrx_word' id='word_1_746' title='bbox 2145 3716 2596 3784; x_wconf 72' lang='lat' dir='ltr'><strong>przemitteudam,</strong></span> <span class='ocrx_word' id='word_1_747' title='bbox 2630 3726 2684 3768; x_wconf 91' lang='lat' dir='ltr'><strong>et</strong></span> <span class='ocrx_word' id='word_1_748' title='bbox 2731 3732 2762 3769; x_wconf 93' lang='lat' dir='ltr'><strong>e</strong></span> <span class='ocrx_word' id='word_1_749' title='bbox 2812 3716 3049 3769; x_wconf 88' lang='lat' dir='ltr'><strong>tenebris</strong></span> <span class='ocrx_word' id='word_1_750' title='bbox 3089 3716 3380 3771; x_wconf 84' lang='lat' dir='ltr'><strong>eruendam</strong></span> <span class='ocrx_word' id='word_1_751' title='bbox 3425 3730 3488 3767; x_wconf 89' lang='lat' dir='ltr'><strong>ac</strong></span> <span class='ocrx_word' id='word_1_752' title='bbox 3533 3715 3740 3781; x_wconf 84' lang='lat' dir='ltr'><strong>produ-</strong></span> 
     </span>
    </p>
   </div>
   <div class='ocr_carea' id='block_1_103' title="bbox 2142 3786 3740 3852">
    <p class='ocr_par' dir='ltr' id='par_1_103' title="bbox 2142 3786 3740 3852">
     <span class='ocr_line' id='line_1_103' title="bbox 2142 3786 3740 3852; baseline -0.001 -12"><span class='ocrx_word' id='word_1_753' title='bbox 2142 3787 2370 3840; x_wconf 86' lang='lat' dir='ltr'><strong>cettdam</strong></span> <span class='ocrx_word' id='word_1_754' title='bbox 2400 3789 2651 3840; x_wconf 91' lang='lat' dir='ltr'><strong>duximus</strong></span> <span class='ocrx_word' id='word_1_755' title='bbox 2680 3803 2694 3838; x_wconf 91' lang='lat'><strong>:</strong></span> <span class='ocrx_word' id='word_1_756' title='bbox 2726 3787 2884 3851; x_wconf 91' lang='lat' dir='ltr'><strong>cujus</strong></span> <span class='ocrx_word' id='word_1_757' title='bbox 2917 3789 3073 3839; x_wconf 87' lang='lat' dir='ltr'><strong>titulo</strong></span> <span class='ocrx_word' id='word_1_758' title='bbox 3101 3788 3187 3840; x_wconf 89' lang='lat' dir='ltr'><strong>hic</strong></span> <span class='ocrx_word' id='word_1_759' title='bbox 3228 3787 3417 3839; x_wconf 86' lang='lat' dir='ltr'><strong>Castor</strong></span> <span class='ocrx_word' id='word_1_760' title='bbox 3444 3786 3740 3852; x_wconf 90' lang='lat' dir='ltr'><strong>episc0pus</strong></span> 
     </span>
    </p>
   </div>
   <div class='ocr_carea' id='block_1_104' title="bbox 2142 3855 3742 3924">
    <p class='ocr_par' dir='ltr' id='par_1_104' title="bbox 2142 3855 3742 3924">
     <span class='ocr_line' id='line_1_104' title="bbox 2142 3855 3742 3924; baseline 0 -14"><span class='ocrx_word' id='word_1_761' title='bbox 2142 3857 2398 3924; x_wconf 82' lang='lat' dir='ltr'><strong>Aptensis</strong></span> <span class='ocrx_word' id='word_1_762' title='bbox 2425 3858 2630 3910; x_wconf 90' lang='lat' dir='ltr'><strong>diserte</strong></span> <span class='ocrx_word' id='word_1_763' title='bbox 2677 3859 3019 3922; x_wconf 86' lang='lat' dir='ltr'><strong>nominatur,</strong></span> <span class='ocrx_word' id='word_1_764' title='bbox 3053 3872 3080 3908; x_wconf 92' lang='lat' dir='ltr'><strong>a</strong></span> <span class='ocrx_word' id='word_1_765' title='bbox 3127 3871 3233 3924; x_wconf 92' lang='lat' dir='ltr'><strong>quo</strong></span> <span class='ocrx_word' id='word_1_766' title='bbox 3275 3855 3391 3908; x_wconf 69' lang='grc' dir='ltr'>ιιωο</span> <span class='ocrx_word' id='word_1_767' title='bbox 3420 3856 3642 3922; x_wconf 84' lang='lat' dir='ltr'><strong>epistola</strong></span> <span class='ocrx_word' id='word_1_768' title='bbox 3670 3857 3742 3910; x_wconf 87' lang='lat' dir='ltr'><strong>ad</strong></span> 
     </span>
    </p>
   </div>
   <div class='ocr_carea' id='block_1_105' title="bbox 2142 3927 3740 3994">
    <p class='ocr_par' dir='ltr' id='par_1_105' title="bbox 2142 3927 3740 3994">
     <span class='ocr_line' id='line_1_105' title="bbox 2142 3927 3740 3994; baseline -0.001 -13"><span class='ocrx_word' id='word_1_769' title='bbox 2142 3928 2457 3981; x_wconf 89' lang='lat' dir='ltr'><strong>Cassianum</strong></span> <span class='ocrx_word' id='word_1_770' title='bbox 2489 3929 2686 3994; x_wconf 85' lang='lat' dir='ltr'><strong>scripta</strong></span> <span class='ocrx_word' id='word_1_771' title='bbox 2724 3929 3006 3980; x_wconf 66' lang='lat' dir='ltr'><strong>asseritur.</strong></span> <span class='ocrx_word' id='word_1_772' title='bbox 3040 3927 3134 3979; x_wconf 89' lang='lat' dir='ltr'><strong>Est</strong></span> <span class='ocrx_word' id='word_1_773' title='bbox 3173 3941 3298 3980; x_wconf 87' lang='lat' dir='ltr'><strong>vero</strong></span> <span class='ocrx_word' id='word_1_774' title='bbox 3327 3927 3580 3993; x_wconf 80' lang='lat' dir='ltr'><strong>Aptensis</strong></span> <span class='ocrx_word' id='word_1_775' title='bbox 3619 3930 3740 3994; x_wconf 87' lang='lat' dir='ltr'><strong>epi-</strong></span> 
     </span>
    </p>
   </div>
   <div class='ocr_carea' id='block_1_106' title="bbox 2143 3996 3743 4066">
    <p class='ocr_par' dir='ltr' id='par_1_106' title="bbox 2143 3996 3743 4066">
     <span class='ocr_line' id='line_1_106' title="bbox 2143 3996 3743 4066; baseline 0.001 -16"><span class='ocrx_word' id='word_1_776' title='bbox 2143 4012 2360 4065; x_wconf 85' lang='lat' dir='ltr'><strong>scopus,</strong></span> <span class='ocrx_word' id='word_1_777' title='bbox 2389 3999 2440 4050; x_wconf 85' lang='lat' dir='ltr'><strong>id</strong></span> <span class='ocrx_word' id='word_1_778' title='bbox 2468 4008 2573 4058; x_wconf 88' lang='lat' dir='ltr'><strong>est.</strong></span> <span class='ocrx_word' id='word_1_779' title='bbox 2607 3997 2950 4066; x_wconf 59' lang='lat' dir='ltr'><strong>Aptae-Julia:</strong></span> <span class='ocrx_word' id='word_1_780' title='bbox 2976 3998 3210 4052; x_wconf 82' lang='lat' dir='ltr'><strong>civitatis</strong></span> <span class='ocrx_word' id='word_1_781' title='bbox 3246 3997 3298 4049; x_wconf 93' lang='lat' dir='ltr'><strong>in</strong></span> <span class='ocrx_word' id='word_1_782' title='bbox 3325 3996 3497 4050; x_wconf 81' lang='lat' dir='ltr'><strong>Gallia</strong></span> <span class='ocrx_word' id='word_1_783' title='bbox 3532 3996 3743 4051; x_wconf 85' lang='lat' dir='ltr'><strong>Narbo-</strong></span> 
     </span>
    </p>
   </div>
   <div class='ocr_carea' id='block_1_107' title="bbox 2143 4066 3738 4137">
    <p class='ocr_par' dir='ltr' id='par_1_107' title="bbox 2143 4066 3738 4137">
     <span class='ocr_line' id='line_1_107' title="bbox 2143 4066 3738 4137; baseline 0.002 -16"><span class='ocrx_word' id='word_1_784' title='bbox 2143 4071 2298 4122; x_wconf 77' lang='lat' dir='ltr'><strong>nensi</strong></span> <span class='ocrx_word' id='word_1_785' title='bbox 2331 4067 2498 4137; x_wconf 87' lang='lat' dir='ltr'><strong>(Plin.</strong></span> <span class='ocrx_word' id='word_1_786' title='bbox 2533 4068 2622 4120; x_wconf 89' lang='lat' dir='ltr'><strong>lib.</strong></span> <span class='ocrx_word' id='word_1_787' title='bbox 2659 4084 2715 4122; x_wconf 92' lang='grc' dir='ltr'><strong>ιιι</strong></span> <span class='ocrx_word' id='word_1_788' title='bbox 2749 4067 2949 4120; x_wconf 80' lang='lat' dir='ltr'><strong>Histor.</strong></span> <span class='ocrx_word' id='word_1_789' title='bbox 2983 4085 3029 4121; x_wconf 90' lang='lat' dir='ltr'><strong>c.</strong></span> <span class='ocrx_word' id='word_1_790' title='bbox 3054 4069 3133 4137; x_wconf 74' lang='grc'><strong>4),</strong></span> <span class='ocrx_word' id='word_1_791' title='bbox 3158 4083 3297 4120; x_wconf 88' lang='lat' dir='ltr'><strong>unus</strong></span> <span class='ocrx_word' id='word_1_792' title='bbox 3325 4082 3354 4119; x_wconf 87' lang='lat' dir='ltr'><strong>e</strong></span> <span class='ocrx_word' id='word_1_793' title='bbox 3381 4066 3738 4136; x_wconf 73' lang='lat' dir='ltr'><strong>suﬂragatteis</strong></span> 
     </span>
    </p>
   </div>
   <div class='ocr_carea' id='block_1_108' title="bbox 2143 4137 3742 4207">
    <p class='ocr_par' dir='ltr' id='par_1_108' title="bbox 2143 4137 3742 4207">
     <span class='ocr_line' id='line_1_108' title="bbox 2143 4137 3742 4207; baseline 0.002 -15"><span class='ocrx_word' id='word_1_794' title='bbox 2143 4139 2450 4207; x_wconf 83' lang='lat' dir='ltr'><strong>Aqueusis,</strong></span> <span class='ocrx_word' id='word_1_795' title='bbox 2483 4141 2598 4194; x_wconf 91' lang='lat' dir='ltr'><strong>sive</strong></span> <span class='ocrx_word' id='word_1_796' title='bbox 2639 4139 2989 4192; x_wconf 86' lang='lat' dir='ltr'><strong>Taurinensis</strong></span> <span class='ocrx_word' id='word_1_797' title='bbox 3034 4137 3460 4206; x_wconf 85' lang='lat' dir='ltr'><strong>archiepiscopi.</strong></span> <span class='ocrx_word' id='word_1_798' title='bbox 3494 4150 3549 4190; x_wconf 93' lang='lat' dir='ltr'><strong>ut</strong></span> <span class='ocrx_word' id='word_1_799' title='bbox 3575 4139 3742 4195; x_wconf 78' lang='lat' dir='ltr'><strong>refert</strong></span> 
     </span>
    </p>
   </div>
   <div class='ocr_carea' id='block_1_109' title="bbox 2141 4208 3741 4278">
    <p class='ocr_par' dir='ltr' id='par_1_109' title="bbox 2141 4208 3741 4278">
     <span class='ocr_line' id='line_1_109' title="bbox 2141 4208 3741 4278; baseline 0.003 -16"><span class='ocrx_word' id='word_1_800' title='bbox 2141 4210 2680 4263; x_wconf 85' lang='lat' dir='ltr'><strong>Anio-Demochares</strong></span> <span class='ocrx_word' id='word_1_801' title='bbox 2703 4208 2838 4264; x_wconf 83' lang='lat' dir='ltr'><strong>(Lib.</strong></span> <span class='ocrx_word' id='word_1_802' title='bbox 2866 4211 2928 4262; x_wconf 84' lang='lat' dir='ltr'><strong>de</strong></span> <span class='ocrx_word' id='word_1_803' title='bbox 2947 4209 3142 4277; x_wconf 79' lang='lat' dir='ltr'><strong>Sacrif.</strong></span> <span class='ocrx_word' id='word_1_804' title='bbox 3170 4208 3320 4261; x_wconf 82' lang='lat' dir='ltr'><strong>Miss.</strong></span> <span class='ocrx_word' id='word_1_805' title='bbox 3347 4225 3394 4261; x_wconf 88' lang='lat' dir='ltr'><strong>c.</strong></span> <span class='ocrx_word' id='word_1_806' title='bbox 3417 4209 3741 4278; x_wconf 77' lang='lat' dir='ltr'><strong>&#39;50).Fuisse</strong></span> 
     </span>
    </p>
   </div>
   <div class='ocr_carea' id='block_1_110' title="bbox 2142 4281 3740 4349">
    <p class='ocr_par' dir='ltr' id='par_1_110' title="bbox 2142 4281 3740 4349">
     <span class='ocr_line' id='line_1_110' title="bbox 2142 4281 3740 4349; baseline 0.003 -18"><span class='ocrx_word' id='word_1_807' title='bbox 2142 4288 2322 4334; x_wconf 89' lang='lat' dir='ltr'><strong>autem</strong></span> <span class='ocrx_word' id='word_1_808' title='bbox 2353 4281 2499 4334; x_wconf 89' lang='lat' dir='ltr'><strong>hunc</strong></span> <span class='ocrx_word' id='word_1_809' title='bbox 2534 4281 2810 4334; x_wconf 86' lang='lat' dir='ltr'><strong>Castorem</strong></span> <span class='ocrx_word' id='word_1_810' title='bbox 2840 4282 3013 4334; x_wconf 88' lang='lat' dir='ltr'><strong>virum</strong></span> <span class='ocrx_word' id='word_1_811' title='bbox 3047 4282 3334 4334; x_wconf 89' lang='lat' dir='ltr'><strong>sanctitate</strong></span> <span class='ocrx_word' id='word_1_812' title='bbox 3361 4284 3740 4349; x_wconf 82' lang='lat' dir='ltr'><strong>eoospicuum,</strong></span> 
     </span>
    </p>
   </div>
   <div class='ocr_carea' id='block_1_111' title="bbox 2143 4351 3741 4420">
    <p class='ocr_par' dir='ltr' id='par_1_111' title="bbox 2143 4351 3741 4420">
     <span class='ocr_line' id='line_1_111' title="bbox 2143 4351 3741 4420; baseline 0.001 -17"><span class='ocrx_word' id='word_1_813' title='bbox 2143 4361 2197 4403; x_wconf 94' lang='lat' dir='ltr'><strong>et</strong></span> <span class='ocrx_word' id='word_1_814' title='bbox 2223 4351 2418 4420; x_wconf 83' lang='lat' dir='ltr'><strong>insigni</strong></span> <span class='ocrx_word' id='word_1_815' title='bbox 2449 4351 2564 4405; x_wconf 83' lang='lat' dir='ltr'><strong>zelo</strong></span> <span class='ocrx_word' id='word_1_816' title='bbox 2596 4351 2812 4420; x_wconf 82' lang='lat' dir='ltr'><strong>pietatis</strong></span> <span class='ocrx_word' id='word_1_817' title='bbox 2843 4363 2897 4406; x_wconf 92' lang='lat' dir='ltr'><strong>et</strong></span> <span class='ocrx_word' id='word_1_818' title='bbox 2934 4352 3215 4420; x_wconf 86' lang='lat' dir='ltr'><strong>religionis</strong></span> <span class='ocrx_word' id='word_1_819' title='bbox 3247 4352 3552 4419; x_wconf 87' lang='lat' dir='ltr'><strong>praeditum,</strong></span> <span class='ocrx_word' id='word_1_820' title='bbox 3579 4351 3741 4405; x_wconf 88' lang='lat' dir='ltr'><strong>docet</strong></span> 
     </span>
    </p>
   </div>
   <div class='ocr_carea' id='block_1_112' title="bbox 2144 4421 3740 4491">
    <p class='ocr_par' dir='ltr' id='par_1_112' title="bbox 2144 4421 3740 4491">
     <span class='ocr_line' id='line_1_112' title="bbox 2144 4421 3740 4491; baseline 0.003 -18"><span class='ocrx_word' id='word_1_821' title='bbox 2144 4432 2252 4474; x_wconf 89' lang='lat' dir='ltr'><strong>tum</strong></span> <span class='ocrx_word' id='word_1_822' title='bbox 2286 4423 2401 4491; x_wconf 86' lang='lat' dir='ltr'><strong>ejus</strong></span> <span class='ocrx_word' id='word_1_823' title='bbox 2443 4423 2671 4488; x_wconf 88' lang='lat' dir='ltr'><strong>epistola</strong></span> <span class='ocrx_word' id='word_1_824' title='bbox 2713 4433 3032 4491; x_wconf 86' lang='lat' dir='ltr'><strong>memorata,</strong></span> <span class='ocrx_word' id='word_1_825' title='bbox 3067 4435 3179 4478; x_wconf 88' lang='lat' dir='ltr'><strong>tum</strong></span> <span class='ocrx_word' id='word_1_826' title='bbox 3210 4423 3324 4476; x_wconf 69' lang='lat' dir='ltr'><strong>haec</strong></span> <span class='ocrx_word' id='word_1_827' title='bbox 3350 4421 3594 4476; x_wconf 87' lang='lat' dir='ltr'><strong>Cassiani</strong></span> <span class='ocrx_word' id='word_1_828' title='bbox 3623 4423 3740 4477; x_wconf 90' lang='lat' dir='ltr'><strong>ele-</strong></span> 
     </span>
    </p>
   </div>
   <div class='ocr_carea' id='block_1_113' title="bbox 2142 4493 2968 4560">
    <p class='ocr_par' dir='ltr' id='par_1_113' title="bbox 2142 4493 2968 4560">
     <span class='ocr_line' id='line_1_113' title="bbox 2142 4493 2968 4560; baseline 0.006 -17"><span class='ocrx_word' id='word_1_829' title='bbox 2142 4506 2276 4560; x_wconf 87' lang='lat' dir='ltr'><strong>gans</strong></span> <span class='ocrx_word' id='word_1_830' title='bbox 2305 4502 2359 4547; x_wconf 82' lang='lat' dir='ltr'><strong>et</strong></span> <span class='ocrx_word' id='word_1_831' title='bbox 2388 4493 2659 4548; x_wconf 88' lang='lat' dir='ltr'><strong>luculenta</strong></span> <span class='ocrx_word' id='word_1_832' title='bbox 2696 4495 2968 4557; x_wconf 65' lang='lat' dir='ltr'><strong>prazfatio.</strong></span> 
     </span>
    </p>
   </div>
   <div class='ocr_carea' id='block_1_114' title="bbox 2214 4562 3739 4632">
    <p class='ocr_par' dir='ltr' id='par_1_114' title="bbox 2214 4562 3739 4632">
     <span class='ocr_line' id='line_1_114' title="bbox 2214 4562 3739 4632; baseline 0.002 -16"><span class='ocrx_word' id='word_1_833' title='bbox 2214 4562 2240 4599; x_wconf 71' lang='grc' dir='ltr'>δ</span> <span class='ocrx_word' id='word_1_834' title='bbox 2284 4563 2563 4618; x_wconf 81' lang='lat' dir='ltr'><strong>Provincia</strong></span> <span class='ocrx_word' id='word_1_835' title='bbox 2615 4565 2705 4618; x_wconf 92' lang='lat' dir='ltr'><strong>illa</strong></span> <span class='ocrx_word' id='word_1_836' title='bbox 2751 4565 2960 4618; x_wconf 79' lang='lat' dir='ltr'><strong>scilicet</strong></span> <span class='ocrx_word' id='word_1_837' title='bbox 3010 4563 3274 4631; x_wconf 84' lang='lat' dir='ltr'><strong>Apteusi,</strong></span> <span class='ocrx_word' id='word_1_838' title='bbox 3319 4562 3386 4616; x_wconf 90' lang='lat' dir='ltr'><strong>de</strong></span> <span class='ocrx_word' id='word_1_839' title='bbox 3431 4577 3534 4632; x_wconf 89' lang='lat' dir='ltr'><strong>qua</strong></span> <span class='ocrx_word' id='word_1_840' title='bbox 3576 4578 3739 4632; x_wconf 86' lang='lat' dir='ltr'><strong>supra</strong></span> 
     </span>
    </p>
   </div>
   <div class='ocr_carea' id='block_1_115' title="bbox 2146 4631 3740 4706">
    <p class='ocr_par' dir='ltr' id='par_1_115' title="bbox 2146 4631 3740 4706">
     <span class='ocr_line' id='line_1_115' title="bbox 2146 4631 3740 4706; baseline 0.001 -20"><span class='ocrx_word' id='word_1_841' title='bbox 2146 4631 2500 4688; x_wconf 72' lang='lat' dir='ltr'><strong>Cmnobiorum</strong></span> <span class='ocrx_word' id='word_1_842' title='bbox 2517 4647 2743 4706; x_wconf 73' lang='lat' dir='ltr'><strong>experte,</strong></span> <span class='ocrx_word' id='word_1_843' title='bbox 2766 4637 2801 4687; x_wconf 90' lang='lat' dir='ltr'><strong>i.</strong></span> <span class='ocrx_word' id='word_1_844' title='bbox 2822 4652 2874 4688; x_wconf 86' lang='lat' dir='ltr'><strong>e.</strong></span> <span class='ocrx_word' id='word_1_845' title='bbox 2894 4633 3233 4688; x_wconf 83' lang='lat' dir='ltr'><strong>Monasteriis</strong></span> <span class='ocrx_word' id='word_1_846' title='bbox 3265 4631 3599 4706; x_wconf 69' lang='lat' dir='ltr'><strong>vacua.Natn</strong></span> <span class='ocrx_word' id='word_1_847' title='bbox 3628 4631 3740 4700; x_wconf 85' lang='lat' dir='ltr'><strong>pri-</strong></span> 
     </span>
    </p>
   </div>
   <div class='ocr_carea' id='block_1_116' title="bbox 2145 4704 3739 4771">
    <p class='ocr_par' dir='ltr' id='par_1_116' title="bbox 2145 4704 3739 4771">
     <span class='ocr_line' id='line_1_116' title="bbox 2145 4704 3739 4771; baseline 0.001 -14"><span class='ocrx_word' id='word_1_848' title='bbox 2145 4720 2290 4757; x_wconf 88' lang='lat' dir='ltr'><strong>mum</strong></span> <span class='ocrx_word' id='word_1_849' title='bbox 2321 4704 2632 4760; x_wconf 65' lang='lat' dir='ltr'><strong>coenobium</strong></span> <span class='ocrx_word' id='word_1_850' title='bbox 2680 4707 2793 4771; x_wconf 90' lang='lat' dir='ltr'><strong>ipse</strong></span> <span class='ocrx_word' id='word_1_851' title='bbox 2821 4708 3012 4758; x_wconf 75' lang='lat' dir='ltr'><strong>t&#39;astor</strong></span> <span class='ocrx_word' id='word_1_852' title='bbox 3042 4707 3330 4771; x_wconf 87' lang='lat' dir='ltr'><strong>episc0pus</strong></span> <span class='ocrx_word' id='word_1_853' title='bbox 3371 4704 3626 4757; x_wconf 82' lang='lat' dir='ltr'><strong>fundasse</strong></span> <span class='ocrx_word' id='word_1_854' title='bbox 3653 4705 3739 4759; x_wconf 89' lang='lat' dir='ltr'><strong>hic</strong></span> 
     </span>
    </p>
   </div>
   <div class='ocr_carea' id='block_1_117' title="bbox 2147 4773 3742 4842">
    <p class='ocr_par' dir='ltr' id='par_1_117' title="bbox 2147 4773 3742 4842">
     <span class='ocr_line' id='line_1_117' title="bbox 2147 4773 3742 4842; baseline -0.001 -14"><span class='ocrx_word' id='word_1_855' title='bbox 2147 4777 2479 4842; x_wconf 87' lang='lat' dir='ltr'><strong>perhibetur.</strong></span> <span class='ocrx_word' id='word_1_856' title='bbox 2500 4775 2652 4828; x_wconf 89' lang='lat' dir='ltr'><strong>Unde</strong></span> <span class='ocrx_word' id='word_1_857' title='bbox 2679 4787 2732 4827; x_wconf 92' lang='lat' dir='ltr'><strong>et</strong></span> <span class='ocrx_word' id='word_1_858' title='bbox 2761 4777 3030 4828; x_wconf 88' lang='lat' dir='ltr'><strong>novellum</strong></span> <span class='ocrx_word' id='word_1_859' title='bbox 3063 4773 3454 4827; x_wconf 83' lang='lat' dir='ltr'><strong>monasterium</strong></span> <span class='ocrx_word' id='word_1_860' title='bbox 3480 4774 3622 4826; x_wconf 87' lang='lat' dir='ltr'><strong>infra</strong></span> <span class='ocrx_word' id='word_1_861' title='bbox 3650 4792 3742 4842; x_wconf 88' lang='lat' dir='ltr'><strong>ap-</strong></span> 
     </span>
    </p>
   </div>
   <div class='ocr_carea' id='block_1_118' title="bbox 2147 4845 3740 4913">
    <p class='ocr_par' dir='ltr' id='par_1_118' title="bbox 2147 4845 3740 4913">
     <span class='ocr_line' id='line_1_118' title="bbox 2147 4845 3740 4913; baseline -0.003 -14"><span class='ocrx_word' id='word_1_862' title='bbox 2147 4847 2393 4913; x_wconf 90' lang='lat' dir='ltr'><strong>pellatur.</strong></span> <span class='ocrx_word' id='word_1_863' title='bbox 2416 4845 2520 4898; x_wconf 86' lang='lat' dir='ltr'><strong>Pro</strong></span> <span class='ocrx_word' id='word_1_864' title='bbox 2542 4856 2748 4911; x_wconf 74' lang='lat' dir='ltr'><strong>experte</strong></span> <span class='ocrx_word' id='word_1_865' title='bbox 2770 4846 3050 4913; x_wconf 83' lang='lat' dir='ltr'><strong>legebatur</strong></span> <span class='ocrx_word' id='word_1_866' title='bbox 3070 4847 3120 4898; x_wconf 90' lang='lat' dir='ltr'><strong>iu</strong></span> <span class='ocrx_word' id='word_1_867' title='bbox 3142 4845 3467 4913; x_wconf 85' lang='lat' dir='ltr'><strong>quibusdam</strong></span> <span class='ocrx_word' id='word_1_868' title='bbox 3491 4860 3553 4896; x_wconf 76' lang='lat' dir='ltr'><strong>ea;</strong></span> <span class='ocrx_word' id='word_1_869' title='bbox 3575 4855 3740 4911; x_wconf 65' lang='lat' dir='ltr'><strong>parte,</strong></span> 
     </span>
    </p>
   </div>
   <div class='ocr_carea' id='block_1_119' title="bbox 2146 4915 3055 4972">
    <p class='ocr_par' dir='ltr' id='par_1_119' title="bbox 2146 4915 3055 4972">
     <span class='ocr_line' id='line_1_119' title="bbox 2146 4915 3055 4972; baseline 0.002 -4"><span class='ocrx_word' id='word_1_870' title='bbox 2146 4916 2355 4968; x_wconf 83' lang='lat' dir='ltr'><strong>duabus</strong></span> <span class='ocrx_word' id='word_1_871' title='bbox 2388 4915 2596 4968; x_wconf 89' lang='lat' dir='ltr'><strong>voculis</strong></span> <span class='ocrx_word' id='word_1_872' title='bbox 2623 4925 2674 4968; x_wconf 93' lang='lat' dir='ltr'><strong>et</strong></span> <span class='ocrx_word' id='word_1_873' title='bbox 2704 4918 2851 4972; x_wconf 92' lang='lat' dir='ltr'><strong>nullo</strong></span> <span class='ocrx_word' id='word_1_874' title='bbox 2873 4931 3055 4970; x_wconf 89' lang='lat' dir='ltr'><strong>sensu.</strong></span> 
     </span>
    </p>
   </div>
   <div class='ocr_carea' id='block_1_120' title="bbox 2222 4985 3740 5058">
    <p class='ocr_par' dir='ltr' id='par_1_120' title="bbox 2222 4985 3740 5058">
     <span class='ocr_line' id='line_1_120' title="bbox 2222 4985 3740 5058; baseline 0.002 -22"><span class='ocrx_word' id='word_1_875' title='bbox 2222 4997 2242 5024; x_wconf 77' lang='grc' dir='ltr'>ε</span> <span class='ocrx_word' id='word_1_876' title='bbox 2279 4985 3020 5058; x_wconf 68' lang='lat' dir='ltr'><strong>hxhacsenteutia,aliisque</strong></span> <span class='ocrx_word' id='word_1_877' title='bbox 3043 4988 3310 5042; x_wconf 91' lang='lat' dir='ltr'><strong>similibus</strong></span> <span class='ocrx_word' id='word_1_878' title='bbox 3334 4988 3385 5040; x_wconf 92' lang='lat' dir='ltr'><strong>in</strong></span> <span class='ocrx_word' id='word_1_879' title='bbox 3419 4986 3740 5054; x_wconf 74' lang='lat' dir='ltr'><strong>prmlatione</strong></span> 
     </span>
    </p>
   </div>
   <div class='ocr_carea' id='block_1_121' title="bbox 2146 5055 3743 5128">
    <p class='ocr_par' dir='ltr' id='par_1_121' title="bbox 2146 5055 3743 5128">
     <span class='ocr_line' id='line_1_121' title="bbox 2146 5055 3743 5128; baseline 0 -20"><span class='ocrx_word' id='word_1_880' title='bbox 2146 5065 2330 5128; x_wconf 78' lang='lat' dir='ltr'><strong>nostra</strong></span> <span class='ocrx_word' id='word_1_881' title='bbox 2372 5055 2438 5109; x_wconf 90' lang='lat' dir='ltr'><strong>ad</strong></span> <span class='ocrx_word' id='word_1_882' title='bbox 2472 5057 2728 5111; x_wconf 89' lang='lat' dir='ltr'><strong>lectorem</strong></span> <span class='ocrx_word' id='word_1_883' title='bbox 2763 5055 3061 5127; x_wconf 78' lang='lat' dir='ltr'><strong>productis,</strong></span> <span class='ocrx_word' id='word_1_884' title='bbox 3090 5060 3372 5128; x_wconf 88' lang='lat' dir='ltr'><strong>perspicue</strong></span> <span class='ocrx_word' id='word_1_885' title='bbox 3403 5057 3743 5128; x_wconf 85' lang='lat' dir='ltr'><strong>ostendimus</strong></span> 
     </span>
    </p>
   </div>
   <div class='ocr_carea' id='block_1_122' title="bbox 2145 5126 3742 5199">
    <p class='ocr_par' dir='ltr' id='par_1_122' title="bbox 2145 5126 3742 5199">
     <span class='ocr_line' id='line_1_122' title="bbox 2145 5126 3742 5199; baseline 0 -19"><span class='ocrx_word' id='word_1_886' title='bbox 2145 5126 2462 5199; x_wconf 87' lang='lat' dir='ltr'><strong>Cassianum</strong></span> <span class='ocrx_word' id='word_1_887' title='bbox 2489 5144 2594 5182; x_wconf 93' lang='lat' dir='ltr'><strong>non</strong></span> <span class='ocrx_word' id='word_1_888' title='bbox 2617 5126 2812 5182; x_wconf 78' lang='lat' dir='ltr'><strong>demunt</strong></span> <span class='ocrx_word' id='word_1_889' title='bbox 2843 5126 3436 5199; x_wconf 49' lang='lat' dir='ltr'><strong>cmpisse&#39;monasticen</strong></span> <span class='ocrx_word' id='word_1_890' title='bbox 3484 5127 3742 5199; x_wconf 79' lang='lat' dir='ltr'><strong>excolere</strong></span> 
     </span>
    </p>
   </div>
   <div class='ocr_carea' id='block_1_123' title="bbox 2139 5198 3742 5268">
    <p class='ocr_par' dir='ltr' id='par_1_123' title="bbox 2139 5198 3742 5268">
     <span class='ocr_line' id='line_1_123' title="bbox 2139 5198 3742 5268; baseline 0.002 -22"><span class='ocrx_word' id='word_1_891' title='bbox 2139 5206 2232 5250; x_wconf 90' lang='lat' dir='ltr'><strong>aut</strong></span> <span class='ocrx_word' id='word_1_892' title='bbox 2253 5198 2492 5268; x_wconf 67' lang='lat' dir='ltr'><strong>profiteri</strong></span> <span class='ocrx_word' id='word_1_893' title='bbox 2510 5239 2523 5260; x_wconf 91' lang='lat'><strong>,</strong></span> <span class='ocrx_word' id='word_1_894' title='bbox 2547 5209 2826 5268; x_wconf 89' lang='lat' dir='ltr'><strong>postquam</strong></span> <span class='ocrx_word' id='word_1_895' title='bbox 2857 5198 3126 5268; x_wconf 82' lang='lat' dir='ltr'><strong>legatione</strong></span> <span class='ocrx_word' id='word_1_896' title='bbox 3149 5217 3242 5268; x_wconf 89' lang='lat' dir='ltr'><strong>pro</strong></span> <span class='ocrx_word' id='word_1_897' title='bbox 3264 5202 3473 5256; x_wconf 84' lang='lat' dir='ltr'><strong>Joanne</strong></span> <span class='ocrx_word' id='word_1_898' title='bbox 3500 5198 3742 5266; x_wconf 83' lang='lat' dir='ltr'><strong>Chryso-</strong></span> 
     </span>
    </p>
   </div>
   <div class='ocr_carea' id='block_1_124' title="bbox 2139 5267 3742 5337">
    <p class='ocr_par' dir='ltr' id='par_1_124' title="bbox 2139 5267 3742 5337">
     <span class='ocr_line' id='line_1_124' title="bbox 2139 5267 3742 5337; baseline 0.001 -18"><span class='ocrx_word' id='word_1_899' title='bbox 2139 5277 2314 5319; x_wconf 91' lang='lat' dir='ltr'><strong>stomo</strong></span> <span class='ocrx_word' id='word_1_900' title='bbox 2335 5267 2433 5322; x_wconf 89' lang='lat' dir='ltr'><strong>sibi</strong></span> <span class='ocrx_word' id='word_1_901' title='bbox 2460 5267 2634 5322; x_wconf 74' lang='lat' dir='ltr'><strong>delata</strong></span> <span class='ocrx_word' id='word_1_902' title='bbox 2655 5267 2965 5337; x_wconf 82' lang='lat' dir='ltr'><strong>perfunctus</strong></span> <span class='ocrx_word' id='word_1_903' title='bbox 2985 5267 3160 5335; x_wconf 75' lang='lat' dir='ltr'><strong>esset,</strong></span> <span class='ocrx_word' id='word_1_904' title='bbox 3179 5279 3236 5322; x_wconf 91' lang='lat' dir='ltr'><strong>ut</strong></span> <span class='ocrx_word' id='word_1_905' title='bbox 3256 5271 3472 5324; x_wconf 87' lang='lat' dir='ltr'><strong>videtur</strong></span> <span class='ocrx_word' id='word_1_906' title='bbox 3497 5268 3742 5321; x_wconf 84' lang='lat' dir='ltr'><strong>sensisse</strong></span> 
     </span>
    </p>
   </div>
   <div class='ocr_carea' id='block_1_125' title="bbox 2139 5337 3740 5409">
    <p class='ocr_par' dir='ltr' id='par_1_125' title="bbox 2139 5337 3740 5409">
     <span class='ocr_line' id='line_1_125' title="bbox 2139 5337 3740 5409; baseline 0 -19"><span class='ocrx_word' id='word_1_907' title='bbox 2139 5337 2402 5392; x_wconf 83' lang='lat' dir='ltr'><strong>Baronius</strong></span> <span class='ocrx_word' id='word_1_908' title='bbox 2447 5339 2639 5409; x_wconf 86' lang='lat' dir='ltr'><strong>(Tomo</strong></span> <span class='ocrx_word' id='word_1_909' title='bbox 2668 5340 2715 5394; x_wconf 74' lang='grc' dir='ltr'><strong>ν.</strong></span> <span class='ocrx_word' id='word_1_910' title='bbox 2755 5341 2944 5395; x_wconf 81' lang='lat' dir='ltr'><strong>Annal.</strong></span> <span class='ocrx_word' id='word_1_911' title='bbox 2979 5343 3126 5393; x_wconf 83' lang='lat' dir='ltr'><strong>Anno</strong></span> <span class='ocrx_word' id='word_1_912' title='bbox 3165 5339 3377 5394; x_wconf 88' lang='lat' dir='ltr'><strong>Domini</strong></span> <span class='ocrx_word' id='word_1_913' title='bbox 3419 5339 3525 5408; x_wconf 70' lang='grc'><strong>40)</strong></span> <span class='ocrx_word' id='word_1_914' title='bbox 3584 5355 3597 5390; x_wconf 90' lang='lat'>:</span> <span class='ocrx_word' id='word_1_915' title='bbox 3644 5339 3740 5392; x_wconf 87' lang='lat' dir='ltr'><strong>sed</strong></span> 
     </span>
    </p>
   </div>
   <div class='ocr_carea' id='block_1_126' title="bbox 2139 5409 3740 5481">
    <p class='ocr_par' dir='ltr' id='par_1_126' title="bbox 2139 5409 3740 5481">
     <span class='ocr_line' id='line_1_126' title="bbox 2139 5409 3740 5481; baseline 0 -19"><span class='ocrx_word' id='word_1_916' title='bbox 2139 5424 2256 5462; x_wconf 88' lang='lat' dir='ltr'><strong>eam</strong></span> <span class='ocrx_word' id='word_1_917' title='bbox 2286 5411 2352 5481; x_wconf 85' lang='lat' dir='ltr'><strong>ab</strong></span> <span class='ocrx_word' id='word_1_918' title='bbox 2384 5410 2603 5464; x_wconf 87' lang='lat' dir='ltr'><strong>ineunte</strong></span> <span class='ocrx_word' id='word_1_919' title='bbox 2631 5421 2790 5473; x_wconf 66' lang='lat' dir='ltr'><strong>aetate</strong></span> <span class='ocrx_word' id='word_1_920' title='bbox 2815 5421 2872 5466; x_wconf 86' lang='lat' dir='ltr'><strong>et.</strong></span> <span class='ocrx_word' id='word_1_921' title='bbox 2907 5414 3137 5481; x_wconf 89' lang='lat' dir='ltr'><strong>pueritia</strong></span> <span class='ocrx_word' id='word_1_922' title='bbox 3159 5413 3488 5470; x_wconf 83' lang='lat' dir='ltr'><strong>excoluisse.</strong></span> <span class='ocrx_word' id='word_1_923' title='bbox 3511 5421 3567 5464; x_wconf 90' lang='lat' dir='ltr'><strong>et</strong></span> <span class='ocrx_word' id='word_1_924' title='bbox 3591 5409 3740 5481; x_wconf 79' lang='lat' dir='ltr'><strong>inter</strong></span> 
     </span>
    </p>
   </div>
   <div class='ocr_carea' id='block_1_127' title="bbox 2139 5478 3739 5552">
    <p class='ocr_par' dir='ltr' id='par_1_127' title="bbox 2139 5478 3739 5552">
     <span class='ocr_line' id='line_1_127' title="bbox 2139 5478 3739 5552; baseline 0.001 -22"><span class='ocrx_word' id='word_1_925' title='bbox 2139 5480 2434 5552; x_wconf 88' lang='lat' dir='ltr'><strong>monachos</strong></span> <span class='ocrx_word' id='word_1_926' title='bbox 2462 5483 2773 5548; x_wconf 88' lang='lat' dir='ltr'><strong>educatum,</strong></span> <span class='ocrx_word' id='word_1_927' title='bbox 2801 5493 2857 5537; x_wconf 89' lang='lat' dir='ltr'><strong>et</strong></span> <span class='ocrx_word' id='word_1_928' title='bbox 2903 5478 3092 5552; x_wconf 83' lang='lat' dir='ltr'><strong>primis</strong></span> <span class='ocrx_word' id='word_1_929' title='bbox 3127 5495 3236 5534; x_wconf 90' lang='lat' dir='ltr'><strong>tum</strong></span> <span class='ocrx_word' id='word_1_930' title='bbox 3269 5483 3547 5552; x_wconf 88' lang='lat' dir='ltr'><strong>religionis</strong></span> <span class='ocrx_word' id='word_1_931' title='bbox 3578 5478 3739 5552; x_wconf 79' lang='lat' dir='ltr'><strong>Chri-</strong></span> 
     </span>
    </p>
   </div>
   <div class='ocr_carea' id='block_1_128' title="bbox 2139 5548 3737 5618">
    <p class='ocr_par' dir='ltr' id='par_1_128' title="bbox 2139 5548 3737 5618">
     <span class='ocr_line' id='line_1_128' title="bbox 2139 5548 3737 5618; baseline 0.001 -16"><span class='ocrx_word' id='word_1_932' title='bbox 2139 5551 2351 5618; x_wconf 57' lang='lat' dir='ltr'><strong>stianae,</strong></span> <span class='ocrx_word' id='word_1_933' title='bbox 2378 5561 2487 5604; x_wconf 87' lang='lat' dir='ltr'><strong>tum</strong></span> <span class='ocrx_word' id='word_1_934' title='bbox 2509 5553 2819 5606; x_wconf 75' lang='lat' dir='ltr'><strong>monastica:</strong></span> <span class='ocrx_word' id='word_1_935' title='bbox 2851 5548 3204 5606; x_wconf 80' lang='lat' dir='ltr'><strong>institutionis</strong></span> <span class='ocrx_word' id='word_1_936' title='bbox 3228 5548 3546 5606; x_wconf 84' lang='lat' dir='ltr'><strong>rudimentis</strong></span> <span class='ocrx_word' id='word_1_937' title='bbox 3578 5548 3737 5604; x_wconf 89' lang='lat' dir='ltr'><strong>insti-</strong></span> 
     </span>
    </p>
   </div>
   <div class='ocr_carea' id='block_1_129' title="bbox 2137 5622 3733 5693">
    <p class='ocr_par' dir='ltr' id='par_1_129' title="bbox 2137 5622 3733 5693">
     <span class='ocr_line' id='line_1_129' title="bbox 2137 5622 3733 5693; baseline 0.002 -20"><span class='ocrx_word' id='word_1_938' title='bbox 2137 5630 2311 5674; x_wconf 90' lang='lat' dir='ltr'><strong>tutum</strong></span> <span class='ocrx_word' id='word_1_939' title='bbox 2345 5640 2357 5674; x_wconf 88' lang='lat'><strong>:</strong></span> <span class='ocrx_word' id='word_1_940' title='bbox 2384 5623 2508 5676; x_wconf 90' lang='lat' dir='ltr'><strong>inde</strong></span> <span class='ocrx_word' id='word_1_941' title='bbox 2539 5639 2634 5691; x_wconf 93' lang='lat' dir='ltr'><strong>per</strong></span> <span class='ocrx_word' id='word_1_942' title='bbox 2664 5623 2884 5693; x_wconf 66' lang='lat' dir='ltr'><strong>ngypti</strong></span> <span class='ocrx_word' id='word_1_943' title='bbox 2912 5623 3229 5676; x_wconf 89' lang='lat' dir='ltr'><strong>solitudines</strong></span> <span class='ocrx_word' id='word_1_944' title='bbox 3264 5626 3404 5677; x_wconf 90' lang='lat' dir='ltr'><strong>inter</strong></span> <span class='ocrx_word' id='word_1_945' title='bbox 3431 5622 3733 5676; x_wconf 87' lang='lat' dir='ltr'><strong>anachore-</strong></span> 
     </span>
    </p>
   </div>
   <div class='ocr_carea' id='block_1_130' title="bbox 2138 5693 3725 5756">
    <p class='ocr_par' dir='ltr' id='par_1_130' title="bbox 2138 5693 3725 5756">
     <span class='ocr_line' id='line_1_130' title="bbox 2138 5693 3725 5756; baseline 0.002 -13"><span class='ocrx_word' id='word_1_946' title='bbox 2138 5703 2221 5744; x_wconf 86' lang='lat' dir='ltr'><strong>tas</strong></span> <span class='ocrx_word' id='word_1_947' title='bbox 2251 5693 2342 5746; x_wconf 91' lang='lat' dir='ltr'><strong>ditt</strong></span> <span class='ocrx_word' id='word_1_948' title='bbox 2372 5705 2662 5756; x_wconf 87' lang='lat' dir='ltr'><strong>versatum,</strong></span> <span class='ocrx_word' id='word_1_949' title='bbox 2688 5705 2739 5747; x_wconf 91' lang='lat' dir='ltr'><strong>et</strong></span> <span class='ocrx_word' id='word_1_950' title='bbox 2762 5710 2948 5749; x_wconf 89' lang='lat' dir='ltr'><strong>corum</strong></span> <span class='ocrx_word' id='word_1_951' title='bbox 2972 5696 3218 5749; x_wconf 89' lang='lat' dir='ltr'><strong>doctrina</strong></span> <span class='ocrx_word' id='word_1_952' title='bbox 3243 5693 3506 5747; x_wconf 89' lang='lat' dir='ltr'><strong>imbutum</strong></span> <span class='ocrx_word' id='word_1_953' title='bbox 3536 5693 3725 5756; x_wconf 84' lang='lat' dir='ltr'><strong>fuisse,</strong></span> 
     </span>
    </p>
   </div>
   <div class='ocr_carea' id='block_1_131' title="bbox 2137 5763 3729 5836">
    <p class='ocr_par' dir='ltr' id='par_1_131' title="bbox 2137 5763 3729 5836">
     <span class='ocr_line' id='line_1_131' title="bbox 2137 5763 3729 5836; baseline 0.002 -23"><span class='ocrx_word' id='word_1_954' title='bbox 2137 5778 2297 5836; x_wconf 83' lang='lat' dir='ltr'><strong>quam</strong></span> <span class='ocrx_word' id='word_1_955' title='bbox 2356 5774 2540 5834; x_wconf 89' lang='lat' dir='ltr'><strong>postea</strong></span> <span class='ocrx_word' id='word_1_956' title='bbox 2591 5765 2814 5834; x_wconf 86' lang='lat' dir='ltr'><strong>scriptis</strong></span> <span class='ocrx_word' id='word_1_957' title='bbox 2873 5765 3122 5823; x_wconf 89' lang='lat' dir='ltr'><strong>traditam</strong></span> <span class='ocrx_word' id='word_1_958' title='bbox 3195 5763 3495 5836; x_wconf 83' lang='lat' dir='ltr'><strong>posteritati</strong></span> <span class='ocrx_word' id='word_1_959' title='bbox 3553 5773 3729 5817; x_wconf 87' lang='lat' dir='ltr'><strong>trans-</strong></span> 
     </span>
    </p>
   </div>
   <div class='ocr_carea' id='block_1_132' title="bbox 2138 5833 2304 5889">
    <p class='ocr_par' dir='ltr' id='par_1_132' title="bbox 2138 5833 2304 5889">
     <span class='ocr_line' id='line_1_132' title="bbox 2138 5833 2304 5889; baseline -0.012 -2"><span class='ocrx_word' id='word_1_960' title='bbox 2138 5833 2304 5889; x_wconf 90' lang='lat' dir='ltr'><strong>misit.</strong></span> 
     </span>
    </p>
   </div>
   <div class='ocr_carea' id='block_1_133' title="bbox 2763 5917 2958 5943">
    <p class='ocr_par' dir='ltr' id='par_1_133' title="bbox 2763 5917 2958 5943">
     <span class='ocr_line' id='line_1_133' title="bbox 2763 5917 2958 5943; baseline 0 -2"><span class='ocrx_word' id='word_1_961' title='bbox 2763 5917 2958 5943; x_wconf 57' lang='lat'><strong>5(0)</strong></span> 
     </span>
    </p>
   </div>
  </div>
