4026 6334
243 409 298 465 57

1149 411 1234 466 DE
1271 409 1744 467 C(ENOBIORUM
1785 409 2164 469 lNSTlTUTlS
2201 409 2587 467 PRIEFATIO.
3423 417 3490 470 58

249 537 374 584 mum
399 521 552 588 dico,
585 521 844 594 aliosque
893 521 1210 587 nonnullos,
1241 531 1264 558 η
1293 537 1524 592 quorum
1577 523 1820 577 anterior
1845 525 1900 589 Α
1923 521 2241 576 humilitatis
2269 523 2567 591 exemplar,
2619 519 2726 576 tuis
2775 521 3026 591 precibus
3079 523 3364 588 animatus,
3407 538 3493 578 se-

252 617 657 676 sciscitantibus
705 615 966 672 fratribus
995 631 1160 685 super
1190 615 1421 670 diversis
1453 615 1712 670 institutis
1733 613 1820 669 vel

252 707 629 782 quaestionibus
659 724 772 764 non
798 708 972 763 solum
1003 703 1255 772 facundo,
1280 721 1466 760 verum
1498 707 1660 762 etiam
1686 705 1822 760 divi-

253 817 430 858 narum
463 799 878 869 Scripturarum
927 797 1252 854 testimoniis
1295 798 1518 869 copioso
1568 811 1823 853 sermone

256 891 528 964 respondit
559 909 576 948 :
625 889 658 930 δ
681 891 840 946 Alius
881 905 1016 946 vero
1045 903 1152 944 non
1183 889 1360 944 solum
1405 904 1505 944 suo
1539 889 1820 944 elucubra-

257 995 332 1040 los
349 985 576 1056 ingenio
597 983 770 1038 edidit
801 983 990 1048 libros,
1023 997 1208 1037 verum
1243 983 1404 1036 etiam
1434 981 1620 1038 Graeca
1644 981 1821 1051 lingua

253 1079 501 1148 digestos,
528 1077 584 1129 in
617 1075 872 1130 Latinum
905 1075 1068 1130 vertit
1095 1073 1372 1142 eloquium
1404 1080 1565 1141 :post
1589 1087 1823 1142 quorum

255 1183 352 1223 tam
378 1167 742 1224 exuberantia
790 1165 1116 1236 eloquentiae
1157 1165 1401 1232 ﬂumina,
1461 1178 1674 1234 possem
1715 1178 1822 1219 non

249 1259 520 1315 immerito
551 1256 994 1328 prmsumptionis
1023 1255 1230 1323 notari,
1261 1255 1306 1310 si
1329 1255 1528 1325 aliquid
1559 1253 1825 1309 stillicidii

251 1353 398 1422 hujus
428 1351 642 1406 inferre
672 1359 970 1406 tentassem
994 1365 1009 1414 ;
1034 1348 1140 1403 nisi
1161 1362 1246 1404 me
1262 1347 1328 1402 ad
1351 1347 1464 1402 hinc
1501 1345 1696 1402 fiducia
1719 1355 1824 1400 tua:

253 1445 550 1502 sanctitatis
583 1446 874 1510 animaret,
921 1451 978 1499 et
1025 1442 1272 1512 sponsio,
1303 1441 1448 1512 quod
1473 1441 1560 1496 vel
1607 1439 1704 1494 tibi
1739 1439 1825 1494 ba:

253 1553 394 1608 nugae
415 1537 604 1592 forent
640 1544 878 1606 acceptae
925 1535 1344 1606 qualescumque
1397 1533 1510 1588 sint
1544 1549 1560 1598 ;
1589 1531 1674 1586 vel
1731 1545 1826 1586 eas

251 1629 656 1701 congregationi
685 1629 914 1684 fratrum
945 1630 997 1682 in
1055 1627 1274 1683 novello
1316 1635 1524 1681 tantum
1551 1635 1828 1680 monaste-

249 1729 322 1779 rio
341 1723 806 1778 commorantium
833 1723 1147 1792 deputares.
1193 1719 1294 1786 Qui
1325 1719 1374 1774 si
1415 1719 1544 1790 quid
1583 1734 1614 1774 a
1670 1717 1826 1772 nobis

250 1819 416 1871 minus
445 1816 680 1873 forsitan
709 1827 870 1872 caute
892 1816 1156 1885 prolatum
1179 1812 1428 1878 fuerit,et
1455 1813 1539 1881 pie
1561 1812 1822 1882 relegant,

1921 612 2152 668 cundum
2184 613 2325 666 vires
2373 611 2574 682 ingenii
2605 611 2712 666 mei
2759 627 2896 682 opus
2945 613 3086 682 quod
3139 613 3373 684 injungis
3402 629 3496 684 ag-

1923 704 2157 776 grediar,
2187 713 2239 758 et
2261 719 2324 760 ea
2355 703 2812 773 quaeomnimodis
2841 705 3040 758 intacta
3065 707 3252 760 relicta
3277 715 3402 760 sunt
3423 707 3494 762 ab

1922 795 2285 852 anterioribus
2307 796 2535 864 nostris,
2567 805 2750 866 utpote
2773 797 2862 866 qui
2894 797 3076 851 audita
3111 798 3293 866 potius
3331 814 3492 867 quam
3585 831 3592 838 υ

1923 898 2144 960 experta
2174 889 2490 944 describere
2547 897 2912 953 tentaverunt,
2945 889 3094 944 velut
3140 889 3260 944 rudi
3309 905 3496 944 mona-

1923 981 2089 1038 sterio
2117 989 2171 1038 et
2195 983 2480 1036 veritatem
2507 981 2812 1037 sitientibus
2843 979 3124 1036 intimabo.
3187 981 3296 1037 Nec
3336 983 3498 1051 plane

1925 1073 2252 1128 mirabilium
2283 1073 2404 1138 Dei,
2429 1073 2818 1144 signorumque
2867 1074 3232 1128 narrationem
3265 1073 3496 1128 studebo

1924 1171 2249 1222 contexere:
2283 1179 2402 1235 quae
2429 1165 2674 1235 quamvis
2695 1165 2861 1220 multa
2890 1179 2985 1232 per
3007 1165 3250 1220 seniores
3279 1175 3500 1220 nostros

1925 1267 1980 1314 et
2007 1257 2342 1314 incredibilia
2371 1273 2478 1313 non
2506 1258 2678 1312 solum
2708 1257 3060 1323 audierimus,
3091 1273 3280 1314 verum
3329 1260 3496 1314 etiam

1926 1351 2028 1406 sub
2053 1350 2331 1407 obtutibus
2353 1351 2552 1407 nostris
2575 1351 3014 1420 perspexerimus
3045 1350 3291 1420 impleta:
3313 1359 3498 1406 tamen

1927 1443 2014 1498 his
2040 1443 2290 1500 omnibus
2339 1442 2742 1514 praetermissis,
2790 1457 2910 1512 qua:
2947 1441 3250 1510 legentibus
3307 1451 3500 1510 praeter

1927 1533 2340 1602 admirationem
2393 1533 2532 1588 nihil
2559 1534 2791 1604 amplius
2821 1533 2890 1588 ad
2921 1533 3332 1588 instructionem
3373 1547 3498 1603 per-

1927 1625 2084 1682 fecta:
2105 1627 2230 1680 vita:
2256 1625 2564 1690 conferunt,
2604 1625 2848 1680 instituta
2889 1639 3074 1679 eorum
3107 1623 3500 1690 tantummodo,

1929 1733 1993 1774 ac
2023 1717 2472 1772 monasteriorum
2495 1717 2733 1784 regulas,
2767 1715 3110 1784 maximeque
3125 1715 3500 1784 principalium

1931 1809 2203 1874 vitiorum,
2234 1823 2352 1878 qua:
2391 1817 2514 1862 octo
2539 1809 2609 1862 ab
2655 1807 2734 1861 eis
2763 1806 3144 1875 designantur,
3177 1804 3416 1874 origines
3451 1813 3504 1858 et

249 1921 294 1962 et
319 1923 442 1964 cum
469 1910 632 1963 venia
657 1908 1062 1978 indulgentiore
1081 1913 1411 1973 sustentent,
1446 1903 1606 1959 fidem
1641 1905 1826 1974 potius
1855 1905 1904 1966 Β
1931 1917 2144 1968 causas,
2173 1885 2595 1970 curationesque
2633 1899 2928 1954 secundum
2953 1897 3268 1952 traditiones
3293 1911 3503 1962 eorum,

251 2001 344 2054 mei
371 2000 676 2066 sermonis,
699 2013 860 2069 quam
883 2007 1220 2053 venustatem
1239 1995 1440 2066 eloquii
1465 1995 1821 2064 requirentes.

257 2093 608 2164 Quapropter,
641 2093 960 2150 beatissime
997 2105 1156 2162 papa,
1187 2091 1405 2146 unicum
1458 2089 1740 2158 religionis
1771 2097 1826 2144 et

1935 2005 2198 2065 quantmn
2227 1993 2457 2048 Domino
2485 1991 2774 2062 adjuvante
2803 1999 3050 2060 potuero,
3077 1989 3314 2046 ﬁdeliter
3334 1989 3506 2058 expli-

1933 2101 2058 2142 care
2098 2085 2445 2140 contendam.
2501 2083 2845 2154 Propositum
2897 2083 3164 2152 siquidem
3215 2081 3344 2136 mihi
3400 2087 3505 2146 est,

1305 2245 1564 2303 ALARDI
1604 2245 1836 2304 GAZA'II
1871 2244 2434 2304 COMMENTARIUS.

311 2371 334 2398 ι
363 2360 519 2414 Duos
548 2357 885 2412 clarissimos
911 2355 1172 2410 Ecclesia:
1215 2355 1466 2412 doctores
1509 2357 1826 2414 nominatim

248 2433 530 2499 expressit,
561 2430 824 2483 Basilium
855 2437 908 2480 et
936 2427 1342 2495 Hieronymum,
1375 2429 1488 2499 qui,
1513 2429 1674 2496 paulo
1703 2440 1828 2486 ante

242 2497 352 2569 ejus
391 2510 612 2556 atatem
643 2499 945 2554 ﬂoruerunt
973 2515 994 2569 :7
1021 2509 1074 2550 et
1103 2497 1436 2569 illequidem
1480 2497 1532 2552 in
1565 2499 1788 2556 Oriente
1811 2541 1826 2564 ,

247 2567 326 2627 hic
351 2573 402 2626 in
429 2571 754 2635 Occidente,
787 2568 1175 2622 monachorum
1201 2567 1586 2624 institutum-et
1609 2573 1828 2638 scriptis

245 2655 294 2698 et
324 2645 476 2696 l‘actis
521 2641 748 2694 miriﬁce
793 2639 1131 2692 illustrarunt
1167 2651 1222 2693 et
1257 2651 1639 2710 propagarunt.
1682 2641 1826 2708 Quo-

243 2731 376 2776 rum,
407 2714 612 2781 inquit,
640 2711 1134 2781 anterior,_sanctus
1159 2710 1410 2764 videlicet
1455 2711 1684 2764 Basilius
1717 2713 1828 2766 Ma-

247 2779 858 2852 gnus,archiepisc0pus
881 2779 1234 2852 Caesariensis
1271 2781 1324 2852 in
1355 2781 1692 2852 Cappadocia
1717 2823 1732 2846 ,
1759 2783 1824 2836 D.

255 2851 572 2922 Hieronymo
606 2851 884 2916 anterior,
936 2851 1052 2922 sive
1095 2851 1368 2922 antiquior
1403 2869 1413 2903 :
1459 2851 1558 2904 sub
1586 2851 1828 2908 Valentis

249 2927 390 2979 enim
413 2921 634 2991 imperio
660 2922 868 2986 ﬂoruit,
899 2931 952 2974 et
976 2921 1075 2976 sub
1103 2921 1361 2976 Gratiano
1401 2922 1552 2986 obiit,
1587 2932 1644 2975 ut
1667 2934 1828 2976 testa-

244 3009 330 3049 tur
351 2995 494 3050 idem
522 2995 885 3064 Hieronymus
914 2992 966 3045 in
999 2993 1111 3064 lib:
1126 2993 1194 3046 de
1219 2991 1416 3062 Script.
1448 2992 1659 3064 Eccles.
1683 2993 1828 3048 lnter

241 3068 356 3136 ejus
377 3067 640 3136 praeclara
663 3062 828 3136 opera
854 3071 1065 3136 exstant
1083 3062 1322 3136 Regulae,
1340 3079 1436 3136 seu
1459 3063 1827 3136 Institutiones

239 3133 552 3192 monasticae
569 3133 801 3202 duplicis
813 3135 1184 3204 generismam
1204 3135 1322 3187 alia:
1335 3133 1505 3188 fusius
1517 3135 1670 3204 dispu
1681 3147 1822 3200 tatm,

237 3212 354 3262 alia:
399 3207 687 3262 breviores
720 3215 773 3258 et
801 3203 1127 3272 compendio
1149 3205 1430 3272 explicatae
1457 3203 1740 3272 dicuntur;
1773 3217 1830 3262 et

185 3305 188 3307 λ
235 3279 284 3332 in
313 3280 562 3347 utrisque
591 3277 756 3330 varia:
777 3275 1124 3347 quaestiones,
1143 3274 1218 3347 Ade
1246 3276 1408 3347 rebus
1431 3275 1500 3330 ad
1521 3278 1686 3329 vitam
1711 3293 1828 3330 mo-

175 5957 202 5986 ε

231 3345 494 3406 nasticam
555 3357 612 3402 et
673 3345 970 3414 perfectam
1019 3345 1421 3412 pertinentibus
1465 3362 1494 3398 a
1544 3348 1826 3402 monachis

231 3431 640 3490 proponuntur,
655 3416 1154 3490 quibus__sigillat_im
1175 3416 1469 3490 respondet
1489 3417 1550 3474 D.
1575 3417 1823 3490 Basilius.

229 3487 302 3545 Ex
330 3487 617 3560 prioribus
649 3489 756 3542 illis
777 3487 1002 3560 collecta
1027 3487 1240 3560 videtur
1270 3488 1468 3556 Regula
1503 3491 1562 3540 D.
1589 3489 1770 3560 Basilii
1795 3503 1824 3540 a

229 3559 423 3616 Rutilio
469 3560 766 3614 Latinitate
797 3559 992 3611 donata
1018 3598 1033 3622 ,
1061 3559 1146 3610 vel
1195 3560 1376 3626 potius
1423 3559 1826 3627 paraphrastice

229 3633 499 3700 exposita,
533 3631 722 3714 multis
744 3629 999 3714 (leuitatis
1015 3631 1320 3714 'et‘mutatils
1349 3643 1507 3714 i‘qtne
1543 3629 1708 3708 _vulgo
1739 3631 1822 3682 in-
1853 3651 1900 3714 ρ

231 3697 306 3756 ter
333 3715 578 3772 quatuor
609 3701 840 3768 Regulas
869 3697 970 3772 SS_.
1011 3699 1225 3752 Patrum
1256 3699 1588 3772 arh_Ec_cleksia
1623 3697 1820 3768 appro-

229 3769 376 3828 batas
403 3775 798 3828 circumiertur
827 3787 842 3823 :
875 3769 1026 3836 cujus
1051 3779 1105 3822 et
1135 3769 1376 3822 meminit
1405 3769 1465 3822 D.
1497 3769 1823 3826 Benedictus

231 3853 475 3898 extremo
499 3858 624 3912 cap.
658 3855 769 3896 sum
799 3839 1014 3908 Regula:
1040 3857 1054 3890 :
1087 3855 1296 3912 necnon
1324 3839 1548 3912 septima
1580 3843 1822 3912 synodus

231 3922 281 3965 et
305 3909 664 3968 Innocentius
693 3911 966 3965 secundus
999 3909 1240 3978 pontifex
1273 3925 1300 3962 a
1349 3909 1622 3965 Gratiano
1647 3915 1820 3968 citati.

231 3983 336 4038 Sub
363 3985 578 4053 Regula
597 3984 728 4038 item
751 3981 932 4036 Basilii
955 3995 1146 4035 omnes
1172 3980 1368 4048 Graeci,
1398 3997 1496 4034 seu
1519 3981 1824 4038 Orientales

233 4055 488 4110 monachi
511 4055 750 4108 militare
769 4053 1040 4106 dicuntur.

299 4125 324 4162 δ
363 4126 426 4180 S.
477 4127 843 4194 Hieronymus
895 4121 1176 4194 presbyter
1226 4131 1280 4176 et
1328 4121 1586 4177 Ecclesia:
1631 4123 1824 4180 doctor

235 4199 540 4263 praecipuus
583 4193 835 4255 ﬂorebat,
865 4199 920 4246 et
943 4193 1208 4246 scribebat
1253 4207 1395 4245 anno
1422 4195 1488 4246 14
1529 4195 1824 4250 Theodosii

239 4267 452 4330 imner.,
493 4277 556 4320 ut
583 4267 814 4333 ipsemet
843 4273 1069 4316 testatur
1107 4265 1159 4317 in
1195 4263 1331 4334 libro
1371 4263 1466 4316 illo
1509 4265 1577 4318 de
1622 4265 1818 4334 Script.

239 4335 441 4392 Eccles.
472 4345 758 4390 extremo:
789 4341 844 4389 et
871 4333 1006 4386 obiit
1047 4333 1284 4388 Hortario
1317 4337 1613 4402 imperante
1634 4378 1647 4398 ,
1681 4333 1824 4390 anno

241 4405 392 4461 Dom.
427 4407 536 4460 422
581 4407 875 4460 secundum
916 4403 1166 4472 Prosperi
1197 4403 1536 4470 Clironimn,
1588 4408 1670 4460 vel
1715 4408 1824 4461 4'20

237 4479 522 4530 secundum
555 4477 1136 4530 Baroniisententiam.
1167 4475 1294 4543 Ejus
1325 4476 1526 4542 scripta
1554 4485 1665 4530 toto
1691 4479 1823 4532 orbe

235 4549 556 4614 clarissima,
593 4547 784 4614 partim
829 4545 1046 4612 proprio
1069 4547 1184 4614 ejus
1217 4546 1456 4612 ingenio,
1489 4556 1546 4599 ut
1578 4549 1663 4600 hic
1692 4549 1823 4600 dici-

236 4627 335 4686 tur,
365 4629 684 4686 exprompta
707 4627 762 4670 et
783 4615 1114 4682 elucubrata,
1133 4619 1328 4684 partim
1357 4631 1387 4668 e
1413 4617 1600 4670 Graeco
1647 4629 1822 4672 trans-

235 4685 368 4754 lata,
415 4685 915 4742 multa'continent
953 4701 1072 4754 quae
1116 4687 1184 4740 ad
1225 4685 1612 4740 monachorum
1663 4691 1821 4742 insti-

231 4760 500 4812 tutionem
541 4767 792 4826 spectant
827 4774 838 4807 :
873 4771 1098 4826 quorum
1139 4759 1466 4820 elenchum,
1508 4773 1614 4826 quo
1655 4759 1822 4812 loeto-

229 4829 306 4882 ris
355 4829 538 4882 studio
574 4839 628 4884 et
681 4827 928 4883 facilitati
966 4829 1284 4891 consulam,
1325 4827 1558 4882 breviter
1605 4829 1690 4882 hic
1740 4830 1822 4883 in-

227 4898 447 4953 dicabo.

301 4969 366 5022 In
397 4979 538 5022 tomo
567 4969 752 5036 primo.
785 4997 856 5009 -—
880 4967 1118 5037 Epistula
1148 4966 1338 5032 prima,
1363 4967 1428 5021 ad
1450 4969 1816 5034 Heliodorum,

227 5055 330 5106 qua
363 5057 490 5094 eum
521 5043 584 5092 ad
616 5041 916 5093 solitariam
948 5041 1110 5091 vitam
1145 5039 1405 5090 hortatur.

299 5112 482 5179 Epist.
533 5113 804 5176 secunda,
849 5111 912 5162 ad
944 5108 1323 5175 Nepotianum,
1357 5109 1422 5163 de
1455 5111 1558 5163 vita
1590 5111 1818 5164 clerico-

223 5197 383 5234 rum:
415 5181 507 5235 ubi
537 5183 704 5234 multa
737 5185 898 5236 etiam
939 5181 1002 5234 ad
1037 5179 1422 5232 monachorum
1456 5191 1654 5235 statum
1701 5197 1822 5250 per-

223 5253 462 5304 tinentia
493 5253 802 5306 luculenter
831 5252 1072 5320 exponit.

301 5323 478 5389 Epist.
510 5325 696 5386 tertia,
731 5323 821 5375 ubi
866 5323 1158 5378 monachos
1185 5323 1444 5392 quosdam
1490 5321 1690 5376 divitiis
1737 5323 1820 5378 in-

223 5391 448 5446 hiantes
477 5394 812 5461 perstringit.

295 5463 476 5528 Epist.
518 5474 743 5532 quarta,
773 5463 840 5516 ad
885 5463 1162 5518 Rusticum
1213 5465 1571 5528 monachum,
1617 5465 1702 5517 cui
1735 5465 1818 5517 vi-

217 5535 392 5589 vendi
425 5533 654 5588 formam
693 5535 1018 5602 praescribit,
1069 5546 1126 5588 et
1172 5535 1283 5590 veri
1331 5535 1582 5590 monachi
1623 5551 1818 5590 munus

217 5603 506 5660 describit.

295 5676 469 5744 Epist.
503 5675 808 5741 octava,ad
849 5675 1274 5740 Demetriadem,
1312 5677 1378 5730 de
1409 5675 1666 5730 servanda
1711 5677 1818 5730 vir-

215 5745 472 5814 ginitate,
502 5763 624 5816 quae
653 5747 936 5802 monachis
977 5755 1030 5800 et
1064 5747 1386 5801 monialibus
1431 5751 1656 5800 maxime
1689 5763 1818 5801 con-

211 5827 386 5887 gruit.

296 5885 472 5950 Epist.
501 5889 711 5950 decima
740 5888 928 5950 tertia,
967 5885 1030 5943 ad
1059 5887 1359 5952 Paulinum,
1392 5903 1508 5956 qua:
1537 5887 1604 5942 de
1633 5901 1818 5942 mona-

1933 2359 2016 2414 chi
2041 2359 2376 2413 institutione
2407 2359 2732 2414 inscribitur.

2003 2428 2176 2498 Epist.
2213 2431 2467 2498 vigesima
2497 2429 2756 2494 secunda,
2780 2429 2846 2482 ad
2877 2429 3220 2484 Eustochium
3249 2433 3505 2500 virginem

1931 2510 1988 2555 et
2033 2501 2516 2566 sanctimonialem,
2567 2501 2656 2554 ubi
2699 2501 3084 2554 monachorum
3127 2503 3506 2572 Egyptiurum

1933 2573 2032 2624 tria
2064 2586 2262 2638 genera
2307 2581 2588 2634 recenset,
2636 2581 2689 2624 et
2717 2587 2904 2626 eorum
2947 2587 3124 2626 mores
3170 2584 3226 2626 et
3265 2574 3506 2630 instituta

1931 2651 2168 2694 enarrat.

2005 2713 2172 2779 Epist.
2204 2712 2458 2780 vigesima
2485 2712 2731 2780 septima,
2763 2711 2828 2766 ad
2861 2713 3103 2766 eamdem
3129 2713 3504 2778 Eustochimn,

1931 2783 2020 2856 ubi
2053 2785 2219 2856 vitam,
2247 2783 2421 2856 Paulae
2461 2784 2812 2856 matrisicjus,
2843 2787 3127 2856 sanetitate
3157 2795 3208 2838 et
3247 2787 3510 2853 religione

1929 2853 2165 2920 plenam,
2191 2855 2472 2918 describit,
2493 2863 2548 2908 et
2567 2855 2732 2908 multa
2759 2851 2828 2908 de
2849 2851 3170 2908 monialibus
3187 2856 3254 2908 ab
3279 2851 3510 2910 eainsti-

1933 2925 2060 2975 tutis
2095 2924 2274 2978 tradit.

2006 2996 2176 3062 Epist.
2203 2993 2614 3062 quadragesima
2642 2995 2894 3060 septima,
2935 2993 3022 3048 ubi
3063 2995 3319 3049 nonnulla
3347 2997 3509 3051 etiam

1929 3062 1996 3118 de
2024 3073 2167 3128 voto,
2205 3075 2427 3118 tonsura
2459 3075 2513 3118 et
2543 3064 2790 3118 clausura
2832 3065 3166 3118 monialium.

2007 3133 2136 3188 Vita:
2185 3136 2532 3190 eremitarutn
2583 3135 2762 3200 Pauli,
2806 3145 2860 3188 et
2896 3135 3203 3201 Hilarionis,
3237 3145 3292 3190 et
3321 3137 3508 3192 Blalchi

1929 3205 2176 3258 monachi
2205 3205 2404 3270 captivi
2433 3205 2604 3274 plena:
2656 3215 2784 3260 sunt
2823 3206 3038 3272 optimis
3081 3205 3419 3262 documentis
3456 3217 3510 3263 et

1927 3275 2303 3330 instrumentis
2335 3277 2746 3329 monachorum.

2003 3345 2161 3400 Tanto
2207 3348 2449 3400 secundo.
2480 3376 2550 3386 —
2582 3347 2738 3400 Liber
2787 3347 2990 3413 primus
3027 3356 3218 3402 contra
3264 3349 3508 3404 Jovinia-

1929 3431 2054 3470 num
2087 3435 2098 3470 :
2131 3417 2218 3472 ubi
2249 3419 2412 3491 multa
2441 3417 2868 3491 degexcellentia
2895 3418 3158 3473 castitatis
3187 3429 3240 3472 et
3287 3423 3510 3491 virgini-

1929 3491 2052 3542 tatis
2081 3503 2190 3556 prae
2225 3489 2590 3544 matrimonio.

2001 3558 2442 3612 Libcht‘cultdus
2464 3560 2563 3612 sub
2589 3561 2745 3614 linem
2769 3559 3024 3614 nonnulla
3055 3561 3215 3617 habet
3235 3562 3303 3617 de
3332 3563 3509 3620 cilicio

1929 3629 2201 3696 monachi,
2227 3639 2280 3682 et
2310 3629 2464 3682 laude
2489 3630 2677 3684 eremi.

2005 3699 2162 3752 Tanto
2186 3702 2354 3752 tertio.
2381 3729 2452 3739 —
2479 3701 2646 3766 Epist.
2677 3700 2970 3755 centesima
3000 3703 3176 3766 tertia,
3210 3703 3298 3754 ubi
3335 3701 3510 3758 Pauli-

1929 3787 2056 3824 num
2089 3771 2142 3822 in
2188 3769 2521 3824 dimittendis
2551 3784 2604 3823 et
2647 3769 3009 3824 distrahendis
3057 3787 3154 3840 pro
3183 3771 3396 3826 Christo
3431 3775 3508 3828 fa~

1929 3841 2215 3896 Cultatibus
2249 3841 2558 3904 tardiorem,
2595 3849 2654 3894 et
2681 3842 2732 3894 in
2773 3841 2892 3894 dies
2921 3845 3422 3910 procrastinantem,
3453 3855 3511 3901 ut

1927 3911 1994 3966 ad
2025 3911 2298 3966 Christum
2327 3911 2526 3964 nudum
2559 3911 2732 3966 nudus
2759 3911 2960 3978 evolet,
2993 3913 3345 3968 vehementer
3377 3915 3507 3970 hor-

1929 3991 2092 4036 tatur.

2001 4053 2158 4106 Tomo
2203 4063 2405 4122 quarto.
2432 4081 2504 4093 —-
2533 4053 2790 4110 Videntur
2833 4053 2949 4122 ejus
2997 4055 3415 4108 commentarius
3455 4057 3506 4110 in

1927 4123 2060 4198 illud
2077 4126 2368 4198 Allieremia:
2390 4142 2404 4177 :
2428 4122 2632 4198 Bonam
2656 4135 2727 4179 est
2758 4125 2866 4198 riro
2893 4141 3004 4198 cum
3036 4126 3304 4198 portaverit
3320 4129 3509 4198 jugum

1925 4195 1990 4246 ab
2019 4195 2362 4248 adolescentia
2385 4211 2476 4247 sua
2502 4194 2718 4262 (Thren.
2751 4193 2860 4264 tn).
2895 4195 2996 4249 Ubi
3023 4193 3508 4250 conferuntnr'cm-

1927 4265 2122 4319 nobitre
2150 4281 2270 4318 eum
2294 4266 2657 4334 anachoretis,
2683 4271 2858 4321 etvita
2881 4266 3296 4334 contemplativa
3317 4269 3507 4322 activa:

1929 4337 2231 4404 priefertur.

1999 4406 2122 4460 Haec
2154 4413 2280 4459 sunt
2319 4407 2584 4476 prmcipna
2613 4407 2728 4462 loca
2758 4407 2820 4460 D.
2849 4406 3188 4478 Hieronymi,
3214 4407 3406 4476 quibus
3437 4408 3504 4462 de

1926 4478 2206 4530 monachis
2233 4486 2286 4530 et
2325 4479 2710 4531 monachorum
2755 4477 3010 4532 institutis
3048 4477 3242 4546 agitur,
3292 4479 3342 4531 in
3389 4479 3507 4548 ejus

1927 4547 2182 4614 operibus
2207 4548 2437 4616 propriis
2463 4557 2516 4600 et
2540 4549 2834 4616 germanis.

1997 4617 2052 4669 ln
2081 4619 2145 4670 iis
2167 4634 2296 4671 vero
2318 4634 2434 4686 quae
2455 4633 2484 4671 a
2513 4617 2717 4672 (ἴε-τεοῖς
2745 4617 3058 4674 auctoribus
3093 4619 3286 4685 scripta
3315 4619 3502 4674 Latine

1927 4687 2192 4752 reddidit,
2241 4703 2468 4756 quorum
2503 4701 2692 4742 auctor
2742 4691 2904 4743 etiam
2951 4689 3037 4744 hic
3089 4690 3363 4754 meminit,
3399 4705 3506 4743 non

1925 4757 2068 4810 aliud
2125 4759 2335 4824 reperio
2365 4760 2508 4826 quod
2551 4759 2618 4812 ad
2649 4761 3352 4815 monasticam.institntum
3383 4760 3504 4812 atti-

1925 4840 2084 4892 neat,
2133 4830 2232 4882 nisi
2279 4830 2438 4882 vitam
2471 4831 2527 4881 S.
2557 4829 2778 4882 Antonii
2817 4845 2848 4882 a
2888 4830 2944 4886 S.
2979 4831 3270 4885 Athanasio
3318 4831 3504 4886 Graece

1923 4902 2208 4966 scriptam,
2242 4909 2296 4952 et
2325 4915 2392 4954 ex
2433 4900 2648 4954 Baronii
2695 4902 2962 4953 sententia
2989 4899 3218 4966 (Baron.
3255 4911 3378 4954 tom.
3419 4899 3501 4953 Ill.

1925 4970 2024 5023 An.
2053 4971 2176 5025 558.
2203 4979 2248 5022 (τε
2273 4973 2322 5022 in
2353 4970 2627 5040 Murtyrol.
2655 4972 2718 5024 17
2741 4969 3029 5039 Januarii),
3057 4972 3217 5026 etiam
3246 4989 3271 5020 a
3301 4971 3358 5040 l).
3391 4971 3505 5022 Ilie-

1843 5031 1900 5089 D
1923 5056 2152 5112 ronymo
2181 5041 2368 5094 Latine
2394 5031 2706 5094 translatam
2734 5059 2746 5094 :
2780 5051 2832 5094 et
2863 5031 3118 5112 Regulam
3145 5041 3200 5094 S.
3233 5039 3503 5112 Pachumii

1925 5111 2158 5178 abbatis,
2191 5127 2346 5180 quam
2373 5113 2496 5164 huic
2524 5115 2700 5179 operi,
2729 5113 2839 5164 Deo
2863 5111 3103 5176 favente,
3129 5111 3472 5180 subjicietntts
3501 5153 3514 5174 ,

1923 5183 2142 5236 scholiis
2174 5179 2226 5236 et
2253 5187 2395 5235 notis
2424 5185 2744 5236 elucidatam
2773 5201 2786 5235 :
2819 5197 2978 5248 quam
3013 5181 3127 5250 ipse
3153 5181 3214 5231 υ.
3247 5179 3504 5250 Hierony-

1923 5268 2044 5306 mus
2082 5269 2111 5306 e
2143 5254 2333 5308 Cra-cn
2356 5253 2406 5305 in
2435 5253 2682 5306 Latinum
2715 5267 3020 5306 sermonem
3051 5265 3080 5302 a
3108 5265 3166 5302 se
3187 5263 3504 5302 conversam

1923 5331 2152 5378 testatur
2179 5327 2228 5376 in
2263 5323 2579 5392 praifatione
2601 5323 2774 5376 eidem
2811 5323 3026 5392 licgulm
3051 5319 3290 5392 praefixa.
3311 5319 3506 5392 Fertur

1921 5395 2138 5462 quidem
2169 5389 2510 5446 sub—nomine
2541 5394 2602 5446 D.
2635 5389 2944 5462 Hieronymi
2973 5389 3506 5462 llegulagmonacho-

1922 5460 2038 5517 rum
2069 5483 2080 5515 :
2109 5467 2342 5530 itemque
2369 5465 2470 5516 alia
2505 5465 2704 5531 Regula
2735 5460 3142 5531 monacharum,
3161 5460 3278 5514 sive
3299 5463 3504 5514 monia-

1926 5537 2078 5588 lium.
2143 5535 2340 5588 Verum
2375 5535 2462 5586 illa
2504 5530 2608 5587 non
2641 5538 2708 5586 ab
2757 5535 2870 5600 ipso
2912 5530 3240 5599 Hieronymo
3282 5547 3504 5598 compo-

1927 5607 2048 5672 sita,
2075 5605 2168 5659 sed
2195 5621 2256 5659 ex
2291 5605 2509 5672 scriptis
2538 5604 2778 5670 ejusdem
2802 5611 3061 5672 excerpta
3097 5614 3152 5654 et
3177 5603 3502 5670 compilata',

1925 5671 2042 5740 qum
2070 5685 2123 5728 ct
2167 5693 2194 5726 a
2241 5671 2466 5728 Martino
2495 5674 2536 5726 V
2569 5673 2756 5742 pontif.
2791 5671 2960 5742 fertur
3001 5673 3290 5738 approbata
3341 5689 3353 5724 :
3391 5671 3502 5724 hmo

1923 5741 2052 5800 vero
2081 5763 2108 5799 a
2153 5741 2587 5814 prutlentiorilms
2613 5761 2640 5796 e
2669 5741 2910 5814 catalogo
2939 5755 3158 5814 operum
3201 5743 3262 5795 D.
3309 5743 3499 5814 Hiero-

1925 5819 2068 5888 nymi
2108 5809 2404 5888 eipuncta,
2430 5825 2484 5870 et
2525 5815 2579 5870 in
2607 5812 2858 5884 angulum
2883 5809 3104 5880 reiecta,
3133 5821 3190 5866 ut
3218 5811 3398 5880 Spuria
3445 5819 3497 5866 et

1925 5885 1977 5944 ei
2005 5885 2141 5942 falso
2169 5887 2419 5954 ascripta.
