4026 6334
554 402 626 462 59
763 427 769 433 -
1165 429 1186 432 -ν
1247 448 1250 449 κ
1280 390 1338 435 ~
1375 390 1379 395 ’
1410 385 1416 395 ’
1873 407 2146 466 JOANNIS

2268 409 2490 467 .SSIANI
2855 409 2863 448 τ
2893 412 2902 430 η·
2919 367 2940 445 θ
3013 400 3015 402 ’
3747 410 3812 472 co
3848 395 3868 402 ⁷

557 535 664 577 non
693 518 758 572 de
780 517 1118 575 mirabilibus
1142 513 1258 585 Dei,
1299 516 1392 574 sed
1445 517 1514 576 de
1543 523 1883 578 correctione
1913 539 2128 580 morum
2157 529 2209 589 Α
2233 526 2494 596 potuisse,
2521 539 2678 594 quam
2702 524 2792 580 illa
2825 525 2931 581 sint
2961 523 3224 590 instituta,
3255 524 3306 578 in
3331 525 3523 596 quibus
3552 527 3620 582 ab
3648 543 3809 588 exor-

557 621 869 669 nostrorum
901 618 956 666 et
979 609 1449 666 consummatione
1474 610 1603 667 vitae
1633 613 1907 685 perfectae,
1941 629 2136 671 secun-

553 704 679 760 dum
706 719 769 762 ea
790 721 912 776 qua:
937 721 968 758 a
991 702 1300 760 senioribus
1342 705 1545 759 nostris
1572 708 1882 778 accepimus
1907 749 1924 776 ,
1964 722 2134 780 pauca

555 800 843 856 disserere.
868 800 924 855 In
941 814 1006 854 eo
1032 813 1244 868 quoque
1259 800 1546 869 praeceptis
1560 802 1666 856 tuis
1683 801 1998 859 satisfacere
2023 812 2138 858 stu-

553 892 713 960 debo,
746 892 869 946 utsi
890 889 1018 961 quid
1039 888 1184 944 forte
1207 903 1317 945 non
1338 891 1634 947 secundum
1654 901 1842 964 typum
1870 895 2136 965 majorum

557 984 938 1054 antiquissima
967 982 1360 1038 constitutione
1382 982 1687 1056 fundatum,
1740 987 1835 1042 sed
1865 1001 1965 1058 pro
1994 987 2140 1042 arbi-

557 1075 664 1131 trio
689 1075 1112 1144 uniuscujusque
1143 1073 1479 1130 instituentis
1508 1080 1921 1146 monasterium,
1951 1079 2037 1134 vel
2058 1078 2141 1134 di-

553 1167 842 1233 minutum,
861 1165 946 1220 vel
969 1165 1216 1220 additum
1243 1165 1299 1220 in
1314 1165 1432 1221 istis
1464 1167 1781 1238 regionibus
1812 1170 2141 1241 comproba-

554 1277 688 1318 vero
714 1281 730 1330 ;
755 1266 1050 1319 secundum
1076 1279 1193 1320 eam
1216 1279 1378 1335 quam
1410 1265 1644 1320 vidimus
1681 1266 2139 1320 monasteriorum

554 1357 818 1426 regulam,
855 1372 954 1427 per
999 1356 1292 1428 [Egyptum
1333 1357 1420 1413 vel
1457 1358 1803 1413 Palaestinam
1831 1359 2133 1429 antiquitus

555 1448 928 1516 fundatorum,
968 1449 1119 1505 ﬁdeli
1141 1465 1422 1518 sermone,
1451 1451 1537 1506 vel
1568 1450 1841 1521 adjiciam,
1875 1451 1964 1506 vel
2003 1452 2144 1506 reci-

554 1542 677 1598 dam
706 1541 836 1614 [Αι.
856 1541 1231 1615 rescindam}:
1262 1552 1287 1580 α
1317 1543 1667 1614 Nequaquam
1703 1543 1934 1599 credens
1969 1545 2140 1598 ratio-

563 1635 798 1690 nabilius
848 1636 1157 1706 quippiam,
1216 1635 1305 1690 vel
1349 1635 1645 1706 perfectius
1690 1636 2139 1690 constittttiOnem

555 1729 825 1784 novellam
870 1729 926 1782 in
973 1727 1213 1783 occiduis
1259 1727 1557 1784 Galliarum
1610 1729 1850 1799 partibus
1897 1729 2141 1798 reperire

2238 613 2329 673 dio
2360 617 2756 688 praedicationis
2801 618 3111 689 apostolicae
3147 632 3178 672 a
3209 616 3411 674 Sanctis
3453 633 3520 674 ac
3560 621 3811 690 spiritua-

2239 707 2381 764 libus
2405 711 2650 780 patribus
2679 709 2902 766 fundata
2933 710 3264 765 monasteria
3285 709 3353 764 ad
3376 711 3472 766 nos
3501 727 3671 784 usque
3691 729 3814 785 per-

2242 799 2465 858 durant.
2499 801 2649 858 Illam
2679 817 2809 858 sane
2839 801 3268 858 moderationem
3297 803 3558 872 opusculo
3586 801 3708 861 huic
3734 806 3815 861 in-

2243 912 2428 954 serere
2460 910 2804 966 prtesumam,
2837 902 2898 950 ut
2924 897 2988 949 ea
3021 908 3145 964 quas
3191 893 3492 950 secundum
3534 879 3837 967 Egyptiog‘

2244 1005 2364 1045 rum
2420 988 2658 1060 regulam
2684 1028 2700 1056 ,
2750 1002 2849 1042 seu
2896 1000 2995 1057 pro
3020 984 3314 1056 asperitate
3334 1000 3545 1052 aerum,
3573 991 3668 1042 seu
3712 1003 3812 1062 pro

2241 1080 2564 1136 difficultate
2592 1093 2658 1133 ac
2684 1077 3000 1133 diversitate
3027 1081 3242 1132 morum
3270 1075 3627 1147 impossibilia
3654 1079 3705 1133 in
3733 1080 3818 1135 his

2242 1171 2576 1242 regionibus,
2607 1171 2694 1225 vel
2734 1169 2868 1225 dura
2907 1169 2996 1225 vel
3040 1168 3206 1224 ardua
3250 1169 3699 1240 comprobavero,
3733 1171 3817 1226 in-

2245 1264 2453 1320 stitutis
2500 1262 2987 1328 monasteriorum,
3042 1277 3162 1332 quae
3216 1276 3315 1332 per
3344 1260 3688 1317 Palaestinam
3734 1263 3817 1318 vel

2246 1354 2687 1425 Mesopotamiam
2735 1353 3023 1421 habentur,
3077 1352 3413 1424 aliquatenus
3473 1363 3813 1424 temperem:

2246 1449 2372 1518 quia
2416 1448 2462 1501 si
2515 1447 2856 1502 rationabilis
2897 1445 3240 1518 possibilium
3281 1461 3533 1502 mensura
3565 1445 3584 1518 (
3615 1446 3816 1521 γνωμή)

2246 1531 2515 1606 servetur,
2546 1539 2734 1594 eadem
2765 1538 3126 1595 observantiae
3156 1536 3421 1610 perfectio
3444 1546 3528 1595 est
3559 1540 3723 1594 etiam
3762 1537 3818 1594 it

2247 1636 2441 1706 impari
2489 1634 2762 1690 facultate.

1616 1873 1874 1929 ALARDI
1914 1871 2153 1930 GAZEI
2189 1869 2760 1928 COMMENTARIUS.

628 1994 656 2022 ι
686 1985 851 2041 Vetus
880 1986 1042 2043 lectio
1073 2002 1086 2038 :
1118 1984 1462 2056 Nequaquam
1490 1987 1624 2040 enim
1654 1987 1856 2056 credas,
1888 1995 1993 2041 etc.

2080 2099 2086 2102 .
2550 2095 2554 2100 ι
2823 2097 2826 2100 .
2893 2097 2896 2100 .
3085 2087 3108 2098 ~I
3240 2091 3242 2096 ι
3296 2083 3370 2116 III.
3447 2083 3528 2116 l\'i
3579 2083 3682 2094 ι-ινι
3809 2092 3817 2110 ι

1077 2477 1304 2533 CAPUT
1345 2477 1630 2534 PRIMUM.

1068 2567 1148 2622 De
1169 2571 1344 2622 habitu
1369 2571 1628 2625 monac/ii.

633 2668 659 2696 ι
689 2659 761 2714 De
791 2659 1052 2714 institutis
1100 2675 1162 2714 ac
1205 2661 1403 2730 regulis
1453 2663 1906 2718 monasteriorum
1949 2662 2149 2718 dicturi

564 2753 711 2810 unde
736 2754 1164 2823 competentius,
1211 2755 1444 2810 donante
1473 2757 1608 2825 Deo,
1633 2772 1792 2827 quam
1819 2759 1886 2812 ab
1915 2759 2036 2826 ipso
2059 2757 2152 2811 ha-

564 2847 678 2903 bitu
707 2845 1092 2901 monachorum
1136 2861 1412 2902 sumemus
1450 2848 1766 2903 exordium?
1795 2849 2034 2916 Quorum
2067 2849 2152 2902 in-

565 2941 825 2997 teriorem
854 2939 1058 2995 cultum
1089 2951 1489 3011 consequenter
1516 2949 1641 2996 tunc
1664 2942 1964 3011 poterimus
1991 2955 2156 3010 expo-

1579 2223 2065 2331 LIBER
2144 2221 2796 2329 PRIMUS.

2173 2482 2219 2541 Β
2247 2491 2399 2541 nere,
2446 2487 2570 2529 cum
2611 2470 2939 2527 exteriorem
2986 2476 3236 2523 ornatum
3266 2466 3370 2522 sub
3415 2465 3713 2523 oculorum
3749 2464 3841 2522 de-

2256 2568 2594 2640 pinxerimus
2619 2564 2920 2619 obtutibus.

2888 2657 3117 2715 CAPUT
3145 2657 3210 2713 II.

2750 2749 2828 2805 De
2850 2750 3057 2822 cingulo
3089 2748 3349 2804 Monachi.

2333 2848 2516 2918 Itaque
2533 2844 2563 2884 ι’
2595 2842 2916 2900 monachum
2944 2851 3003 2897 ut
3023 2841 3248 2896 militem
3265 2838 3463 2894 Christi
3483 2837 3537 2893 in
3559 2838 3848 2908 procinctu

2267 2955 2480 3009 semper
2494 2937 2618 2993 belli
2641 2937 2898 3007 positum,
2926 2944 2949 2973 ο
2975 2932 3232 2989 accinctis
3257 2931 3451 2988 lumbis
3462 2931 3677 3003 jugiter
3702 2945 3852 3003 opor-

1635 3100 1894 3158 ALARDI
1933 3099 2164 3156 GAZA‘II
2203 3095 2771 3156 COMMENTARIUS.

635 3221 663 3249 ι
685 3212 887 3266 Horum
913 3213 1197 3268 occasione
1217 3214 1504 3269 verborum
1527 3213 1830 3269 monendus
1851 3228 1931 3275 es.
1955 3215 2146 3284 lcetor,

567 3285 749 3356 plures
792 3284 1000 3349 titulos,
1029 3285 1252 3356 vocibus
1291 3286 1506 3350 quidem
1552 3286 1797 3356 diversos
1815 3326 1837 3356 ,ν
1867 3285 1958 3338 sed
1989 3301 2152 3356 sensu

570 3355 811 3418 eosdem,
837 3364 926 3407 aut
944 3366 1088 3409 certe
1103 3357 1154 3410 in
1188 3355 1328 3411 idem
1353 3366 1677 3425 Spectantes,
1701 3355 1987 3410 duodecim
2006 3355 2153 3412 hisce

569 3425 723 3480 libris
752 3441 781 3479 a
811 3425 1041 3480 diversis
1071 3427 1384 3480 auctoribus
1413 3427 1630 3482 ascribi.

641 3496 904 3564 Quidam,
951 3495 1028 3549 De
1073 3495 1330 3551 Institutis
1359 3497 1803 3555 Renuntiantium,
1839 3511 2028 3551 omnes
2073 3498 2155 3552 in-

572 3568 837 3624 scribunt.
871 3566 944 3620 Ita
991 3567 1308 3633 Ciaconius,
1338 3571 1533 3634 credo,
1575 3584 1643 3623 ex
1673 3568 1948 3623 Vaticanis
1975 3583 2157 3624 exem-

575 3639 838 3709 plaribus,
875 3637 1048 3709 Editio
1076 3638 1471 3708 Lugdunensis,
1500 3649 1604 3694 etc.

648 3709 772 3780 Alii,
804 3707 879 3780 Die
903 3707 1556 3764 Institutis'Caenobiorum.
1582 3709 1656 3764 Ita
1699 3710 1895 3780 passim
1921 3709 1985 3762 D.
2015 3709 2160 3780 Tho-

575 3793 694 3903 mlas
735 3779 788 3832 in
837 3778 1054 3833 Summa
1097 3796 1194 3835 sua
1221 3780 1584 3850 Theologica,
1613 3778 1968 3846 Basileensis,
2016 3779 2157 3852 Cuy-

583 3867 612 3903 c
655 3864 754 3903 lllS.
788 3860 892 3903 etc.

583 3860 754 3911 CUIUS,
788 3860 892 3904 CIC.

651 3920 795 3986 Alii,
849 3922 903 3972 in
954 3922 1137 3988 plures
1187 3923 1370 3976 titulos
1425 3922 1776 3996 particulares
1833 3922 2157 3992 partiuntur,

585 4005 1057 4112 nelinfggasticarum
1085 4059 1469 4116 Institutionum
1491 4063 1577 4116 lib.
1605 4062 1632 4115 1
1651 4063 1707 4116 γ.

615 4127 738 4253 1Dies
761 4130 1065 4253 capitalibus
1112 4132 1246 4186 vitiis
1292 4133 1378 4186 lib.
1420 4132 1588 4188 VIII.
1622 4134 1976 4203 Trithcmius,
2025 4132 2166 4206 Cuy-

637 4216 692 4253 itt
745 4238 760 4253 .
790 4217 820 4253 c
847 4216 896 4253 c.
1208 4249 1211 4253 .

583 4216 760 4255 ClllllS.
790 4216 896 4255 CIC.

653 4271 757 4324 Alii
803 4286 870 4325 ex
900 4271 1175 4326 Gennadio
1222 4275 1300 4328 sic
1329 4292 1342 4326 :
1372 4273 1450 4328 De
1489 4276 1662 4329 habitu
1693 4277 2088 4338 monachorum.
2119 4286 2170 4330 et

587 4341 647 4396 de
668 4345 936 4415 ‘canonico
983 4344 1270 4415 orationum
1308 4353 1356 4398 et
1406 4348 1717 4415 psalmorum
1752 4350 1901 4402 modo
1928 4349 2016 4402 lib.
2046 4345 2168 4401 ΙΙΙ.

658 4407 1047 4466 Institutianum
1073 4413 1161 4467 lib.
1190 4412 1237 4469 1.

591 4481 968 4606 rthilpfilgine
1007 4493 1056 4539 et
1099 4487 1321 4541 remedio
1366 4499 1478 4542 octo
1522 4490 1887 4561 principalium
1930 4490 2173 4544 vitiorum

611 4570 627 4605 τ
669 4592 681 4604 .
871 4595 883 4606 .

611 4570 681 4606 ιο.
719 4570 883 4607 VIII.

653 4622 759 4677 Alii
788 4624 1019 4696 denique
1066 4627 1335 4682 duodecim
1377 4627 1762 4685 Institutionum
1794 4631 1951 4684 libros
2001 4632 2175 4685 nomi-

587 4703 739 4820 tctianlt,
773 4705 934 4820 atque
983 4699 1086 4752 hoc
1129 4699 1285 4754 titulo
1334 4697 1688 4756 Institutiones
1730 4719 1761 4754 a
1801 4701 2173 4756 Collationibus

633 4782 676 4820 ts
705 4783 904 4820 Inauun
938 4807 951 4820 .

633 4776 951 4821 istinguunt.

654 4783 757 4821 sun
801 4783 951 4821 uunt.

654 4783 828 4913 b_Et:gsi
868 4835 1381 4913 omnesﬁhristiani
1419 4843 1659 4911 generali
1690 4842 1923 4913 quadam
1963 4844 2176 4899 ratione

581 4906 784 4982 gliristi
825 4907 1046 4982 milites:
1051 4907 1318 4982 dicantur,
1352 4906 1581 4982 quorum
1607 4906 1941 4967 armaturam
1969 4915 2179 4969 descri-

582 4976 662 5030 bit
689 4978 979 5058 Apostolus
1008 4976 1207 5058 Eplies.
1236 4976 1404 5058 vrbis
1428 4985 1609 5058 verbis
1642 5002 1655 5036 :
1690 4983 1916 5058 Accipite
1945 4995 2178 5058 armatu-

579 5063 704 5127 ram_
725 5048 841 5127 Dei,
861 5056 917 5100 ut
940 5051 1146 5117 possitis
1165 5053 1398 5106 resistere
1421 5055 1475 5106 in
1501 5055 1585 5127 die
1608 5055 1766 5127 malo,
1786 5048 1837 5127 et
1867 5057 1921 5107 in
1950 5055 2179 5109 omnibus

582 5120 796 5194 perfecti
835 5127 969 5194 sfare
996 5134 1027 5194 εΔ
1062 5129 1190 5194 state
1225 5138 1343 5194 ergo
1385 5126 1628 5194 succincti
1668 5125 1866 5178 lumbos
1906 5137 2096 5180 vestros
2125 5128 2180 5178 in

579 5188 824 5253 veritate,
853 5188 1027 5264 induti
1058 5188 1554 5264 loricam'justitiaz,
1590 5205 1639 5249 et
1685 5197 1900 5249 calceati
1947 5197 2098 5264 pedes
2126 5198 2182 5248 in

582 5260 1018 5334 praeparationem
1050 5260 1323 5334 Evangelii
1360 5267 1500 5332 pacis
1528 5260 1547 5319 ἑ
1574 5266 1629 5318 in
1656 5265 1886 5320 omnibus
1926 5260 2180 5320 sumentes

579 5336 782 5407 scutum
805 5330 945 5397 ﬁdei,
968 5332 1021 5385 in
1042 5350 1142 5407 quo
1165 5330 1368 5407 possitis
1394 5337 1565 5388 omnia
1593 5335 1694 5390 tela
1720 5337 2014 5405 nequissimi
2034 5338 2184 5407 ignea

2192 4034 2238 4098 C

2258 3217 2376 3279 Dei,
2400 3216 2467 3268 ad
2495 3212 2860 3282 captivandum
2901 3215 3104 3284 omnem
3130 3212 3448 3284 intellectum
3471 3212 3525 3265 in
3553 3211 3856 3284 obsequium

2258 3287 2446 3343 Christi
2481 3284 2560 3356 (ll
2589 3284 2771 3356 Conx
2793 3285 2832 3355 ),
2858 3283 3002 3356 quod
3027 3283 3296 3356 prteci‘pue
3327 3286 3383 3336 tit
3411 3298 3508 3354 per
3529 3282 3858 3340 obedientite

2259 3370 2442 3413 votum
2475 3353 2528 3410 et
2556 3353 2894 3411 exercitium.
2942 3353 3114 3420 Quam
3149 3353 3220 3408 ob
3259 3353 3480 3408 causam
3527 3356 3787 3410 monachi
3826 3369 3857 3408 a

2259 3425 2746 3505 GraecisPatribus
2765 3423 2960 3505 (_Basil.
2995 3423 3212 3505 de__Vita
3240 3423 3385 3478 solit.
3413 3433 3462 3478 et
3479 3425 3627 3505 epist.
3650 3425 3747 3497 63)
3767 3439 3859 3479 vo-

2259 3512 2450 3553 cantur
2467 3499 2715 3559 ἀσκηταὶ,
2737 3497 2788 3550 id
2818 3506 2921 3564 est,
2953 3497 3179 3565 pugiles,
3209 3511 3307 3550 seu
3337 3497 3733 3552 exercitatores
3759 3515 3771 3550 :
3797 3509 3860 3550 eo

2264 3569 2412 3641 quod
2461 3579 2585 3641 tota,
2619 3583 2808 3622 eorum
2861 3568 3178 3623 exercitatio
3229 3576 3283 3641 ei
3320 3567 3861 3641 conversatiohvclut

2265 3635 2511 3711 quaedam
2539 3639 2802 3693 virtutum
2825 3641 3074 3711 palaestra
3099 3652 3221 3711 esse
3247 3635 3472 3700 debeat;
3500 3650 3620 3711 cum
3644 3637 3741 3692 alii
3774 3641 3862 3711 bo-

2266 3706 2442 3766 mines
2483 3706 2841 3766 exerceantur
2866 3710 2918 3763 in
2946 3709 3108 3772 bello,
3143 3709 3196 3762 in
3221 3715 3545 3772 mercatura,
3577 3706 3630 3759 in
3676 3707 3864 3762 causis

2267 3781 2596 3847 forensibus,
2629 3789 2735 3834 etc.
2769 3779 2924 3834 Unde
2954 3779 3021 3832 D.
3053 3777 3283 3832 Basilius
3320 3790 3600 3831 sermones
3627 3790 3768 3833 suos
3798 3778 3864 3832 de

2267 3856 2430 3908 rebus
2458 3851 2772 3906 monasticis
2793 3859 2949 3904 vocat
2970 3850 3262 3912 asceticos;
3286 3856 3339 3901 et
3360 3848 3690 3901 monasteria
3720 3849 3864 3917 ipsa,

2269 3923 2527 3978 asceteria
2580 3920 2876 3989 antiquitus
2923 3919 3064 3973 dicta
3123 3926 3501 3989 sunt,utpo_te
3531 3918 3866 3989 spiritalium

2270 3987 2727 4048 exercitationum
2747 3989 2980 4045 officium
3020 4005 3084 4044 ac
3109 3987 3404 4042 domicilia.
3434 3987 3494 4042 S.
3527 3988 3660 4041 item
3692 3989 3869 4044 Bene-

2269 4067 2450 4120 dictus
2475 4063 2630 4117 initio
2646 4061 2864 4130 Regula:
2896 4059 3220 4116 monachum
3242 4059 3396 4128 quasi
3424 4057 3651 4130 militem
3685 4061 3769 4114 sic
3789 4059 3871 4114 al-

2271 4135 2544 4204 loquitur:
2578 4133 2659 4187 Ad
2688 4128 2756 4196 te,
2797 4132 2999 4204 inquit,
3030 4147 3162 4204 nunc
3189 4147 3329 4204 meus
3376 4145 3542 4204 sermo
3585 4128 3867 4204 dirigitur,

2307 4199 2502 4270 uisquis
2550 4203 2915 4256 abrenuntians
2963 4201 3185 4270 propriis
3215 4200 3588 4264 voluntatibus,
3631 4199 3869 4254 Damino

2300 4277 2477 4330 Ilii-isto
2524 4291 2640 4329 vero
2687 4275 2793 4344 regi
2844 4273 3192 4337 militaturus,
3235 4271 3872 4344 obedienticejortissima
3947 4311 3950 4316 .

2273 4357 2425 4417 atque
2447 4346 2694 4417 prazclara
2723 4339 2883 4417 arma
2897 4345 3113 4417 assumis
3128 4353 3221 4417 {et
3243 4357 3366 4412 cap.
3400 4340 3429 4394 1
3459 4339 3590 4395 dicit
3613 4342 3871 4397 cmuobi—

2276 4413 2358 4473 tas
2387 4413 2488 4474 sub
2516 4415 2697 4486 regula
2728 4416 2809 4470 vel
2837 4413 3326 4486 abbatewmilitare.

2352 4501 2373 4528 ο
2414 4480 2624 4545 Similia
2653 4487 2814 4541 habet
2847 4488 2908 4540 Ι).
2937 4485 3166 4540 Basilius
3197 4486 3249 4539 in
3284 4481 3520 4552 Regillis,
3540 4480 3720 4537 fusius
3747 4481 3870 4537 dis;

2277 4561 2477 4630 putatis
2503 4573 2555 4630 ei
2577 4557 2669 4630 2'2,
2693 4558 2829 4630 etin
2851 4556 3059 4630 Regula
3072 4551 3615 4630 monachpRullino
3627 4553 3872 4618 transla-

2277 4621 2334 4688 ia
2351 4646 2475 4702 cap.
2496 4628 2588 4702 l2,
2618 4629 2710 4682 ubi
2742 4628 2895 4689 Elite,
2925 4621 3169 4702 Joannis,
3193 4624 3424 4702 Petri_et
3467 4621 3620 4702 Pauli
3669 4637 3873 4702 exerit;

2276 4704 2366 4773 pla
2387 4692 2641 4756 similiter
2665 4706 2939 4773 recenset,
2970 4706 3026 4773 e_t
3053 4697 3320 4749 rationem
3352 4693 3489 4748 hanc
3505 4692 3737 4772 insuper
3771 4693 3875 4747 ad-

2278 4761 2379 4835 dit,
2409 4787 2504 4826 cur
2554 4766 2849 4822 monachos
2897 4766 3312 4835 accinctosrseu
3356 4761 3688 4835 praecinctos
3742 4778 3874 4835 esse

2278 4833 2546 4912 oporteat.
2585 4835 2851 4912 Videmus,
2880 4836 3084 4912 inquit,
3112 4853 3144 4890 a
3169 4834 3390 4912 Domino
3419 4833 3630 4912 ’7chin
3653 4833 3784 4898 Job,
3818 4848 3875 4912 se

2279 4903 2335 4967 ul
2355 4911 2658 4984 praecingat.
2692 4907 2921 4984 Perinde
2947 4903 3091 4984 enim.
3126 4908 3272 4984 quasi
3320 4903 3419 4984 hoc
3445 4903 3614 4984 animi.
3635 4904 3871 4984 strenui,

2281 4994 2325 5037 et
2346 4973 2417 5035 ud
2438 4973 2848 5051 rem'gerendam
2872 4977 3093 5051 expediti
3119 4979 3322 5051 signum
3357 4976 3461 5051 sit:
3492 4973 3874 5051 Accinge,_ai_t,

2279 5055 2411 5108 sicut
2437 5052 2536 5118 vir,
2553 5044 2749 5105 lumbos
2777 5059 2888 5103 tuos
2910 5044 3056 5118 (Job.
3087 5044 3340 5115 xxivm).
3357 5045 3499 5101 Sane
3519 5045 3674 5097 etiam
3697 5044 3876 5118 disci-

2281 5124 2418 5196 pulis
2438 5115 2650 5196 Domini
2679 5115 2986 5196 familiarem
3030 5120 3190 5196 fuisse
3227 5134 3378 5196 aonie
3397 5133 3548 5170 usum
3571 5131 3638 5196 ex_
3671 5130 3736 5196 ep
3792 5115 3881 5196 in:

2285 5183 2556 5264 'telligitur,
2581 5183 2718 5264 quod
2740 5183 3072 5264 interdictum
3094 5191 3219 5264 ipsis
3246 5187 3400 5258 fuerit
3442 5203 3505 5240 ne
3523 5202 3593 5264 ius
3619 5183 3880 5264 haberent

2285 5208 2556 5264 teutgttur,
2581 5208 2718 5264 quoa
2740 5208 3072 5246 interdictum
3094 5209 3109 5244 ι
3148 5208 3219 5244 818
3246 5208 3398 5258 luem
3442 5208 3505 5240 ne
3524 5208 3593 5239 ws
3619 5208 3879 5238 uuuereut

2283 5267 2338 5319 in
2361 5267 2507 5320 zonis
2532 5267 2661 5319 suis.
2683 5264 2808 5318 Haec
2827 5261 3080 5317 Basilius.
3105 5208 3308 5332 auibus
3327 5257 3591 5332 exemplis
3613 5262 3883 5332 poterant

2286 5345 2342 5392 et
2372 5337 2478 5391 alia
2524 5338 2645 5403 ejus
2694 5333 2910 5405 generis
2948 5325 3165 5405 adjungi
3198 5345 3230 5385 e
3268 5328 3679 5405 Scripturismut
3712 5325 3881 5405 E_liae,

582 5395 990 5476 exstinguere,et
1011 5395 1409 5476 galeamsalutis
1423 5407 1682 5476 assumite,
1715 5417 1759 5460 et
1783 5395 2010 5476 pladium
2025 5395 2256 5475 {piri-1)
2281 5409 2368 5475 qui
2399 5395 2904 5476 prwcinctis'lumbis
2923 5395 3158 5476 currebat
3202 5410 3316 5453 ante
3368 5397 3541 5476 Achab
3588 5395 3681 5476 (11!
3739 5396 3881 5476 599-

584 5477 698 5551 ηιξ)
729 5473 871 5551 quod
907 5484 980 5527 est
1016 5473 1224 5551 uerbum
1256 5475 1372 5527 Dei.
1411 5475 1612 5531 Tamen
1667 5473 1834 5531 mulio
1865 5473 2169 5551 specialius

583 5541 825 5617 religiosi
856 5545 997 5617 hunc
1023 5547 1234 5600 titulum
1267 5555 1563 5617 merentur,
1595 5557 1781 5612 utpote
1810 5541 1983 5602 trib-us
2005 5548 2165 5616 votis,

585 5611 730 5690 velut
760 5615 955 5690 triplici
986 5625 1371 5690 sacramento,”
1391 5616 1520 5690 huic
1549 5611 1778 5672 militia:
1821 5618 2052 5686 spiritali
2079 5611 2173 5673 ad?-

586 5678 718 5756 dicti
738 5694 791 5739 et
814 5678 1022 5740 astricti
1053 5687 1241 5756 :cujus
1263 5678 1470 5742 militia:
1495 5703 1666 5756 arma,
1702 5678 1997 5743 secundum
2024 5704 2177 5744 eum-

587 5749 721 5828 dem
741 5756 1065 5828 apostolum,
1099 5749 1200 5810 nan
1225 5758 1458 5813 carnalia
1482 5769 1625 5823 sunt,
1652 5749 1743 5812 sed
1789 5762 2015 5826 potentia
2043 5761 2175 5828 Deo,

587 5823 658 5900 ad
687 5823 1464 5900 destructionemmunitionum,
1497 5832 1565 5883 ad
1596 5823 1902 5885 destruenda
1927 5823 2174 5899 consilia,

587 5896 643 5956 et
672 5907 866 5952 amnem
887 5897 1214 5956 altitudinem
1233 5896 1558 5964 extollentem
1575 5918 1631 5960 se
1649 5902 1892 5960 adversus
1917 5896 2180 5961 scientiam
2214 5972 2242 5982 ﬁ

2281 5468 2447 5546 uiti);
2497 5478 2714 5543 Elizaai,
2748 5476 2837 5546 qui
2868 5474 3227 5546 Giezi_puero
3273 5470 3546 5546 suo_dixit
3578 5486 3591 5522 :
3638 5468 3887 5546 Accinge

2279 5542 2476 5603 lumbos
2507 5560 2637 5612 tuos,
2661 5542 2709 5600 et
2743 5542 2866 5599 tblle
2895 5542 3135 5596 baculum
3164 5558 3331 5594 meum
3372 5543 3429 5595 in
3470 5556 3624 5612 manu
3654 5547 3757 5612 tua
3776 5578 3816 5612 ,_
3836 5545 3888 5590 et

2275 5618 2524 5692 vadellv
2557 5608 2688 5692 Reg.
2715 5617 2833 5686 tv);
2872 5612 3395 5692 angeliﬂaphaelis,
3425 5612 3517 5692 qui
3565 5608 3766 5663 Tobize
3793 5608 3890 5692 ju:

2283 5683 2785 5760 niori'praeciiictns
2825 5695 2880 5740 et
2917 5683 3071 5760 quasi
3110 5683 3189 5760 ad
3225 5684 3345 5760 iter_
3367 5691 3590 5753 paratus
3625 5683 3891 5760 occurrit

2282 5761 2435 5835 (Tali.
2461 5750 2514 5831 ἦ)
2546 5772 2560 5822 ;
2606 5767 2660 5812 et
2691 5750 2990 5835 salvatoris
3017 5755 3197 5835 nostri
3219 5795 3234 5819 ,
3257 5754 3349 5835 qui
3369 5750 3492 5835 cum
3516 5750 3801 5830 apostolis
3829 5750 3890 5835 in

2286 5825 2473 5885 ultima
2495 5825 2646 5885 ctena
2672 5830 2839 5898 pedes
2870 5827 3063 5898 lavare,
3092 5826 3282 5898 vellet,
3328 5825 3505 5878 tunica
3533 5825 3891 5898 praecipuas“

2286 5920 2339 5959 se
2360 5903 2544 5973 legitur
2572 5899 2625 5971 (1
2635 5888 2750 5956 can.
2779 5895 2920 5969 xui).
2953 5896 3156 5955 Eodem
3181 5888 3346 5953 etiam
3371 5888 3616 5969 spectant
3653 5888 3891 5956 similes
