4026 6334
183 401 256 464 ιι

1169 411 1256 466 DE
1295 407 1772 470 C(ENOBIOBUM
1809 409 2190 469 lNSTlTUTlS
2229 413 2432 469 LIBER
2470 411 2512 468 1.

3395 413 3466 472 62

187 515 546 578 tet'lnoedet'e
579 515 602 592 (
619 515 786 578 Luae
807 523 932 596 ιιι).
965 525 1078 582 Hoc
1105 529 1244 582 enim
1268 528 1453 582 habitu
1475 530 1634 582 etiam
1661 529 1782 582 illos
1811 529 1856 587 Α
1889 527 2014 592 Reg.
2043 529 2116 596 l).
2149 527 2414 582 Reversos
2443 527 2583 582 enim
2615 527 2680 581 ad
2707 539 2768 583 se
2797 527 3050 596 nuntios,
3080 537 3141 582 ac
3173 527 3467 584 referentes

197 615 516 688 ambulasse,
549 617 650 688 qui
679 619 740 674 in
771 620 946 676 veteri
987 621 1339 678 Testamento
1369 629 1396 660 ι
1435 619 1784 693 professioni:

195 706 350 778 huius
375 707 1016 783 fmdavereprimordia,
1039 713 1210 768 Ellam
1225 713 1428 770 scilicet
1443 713 1780 778 etEliszeum,

191 799 498 855 diuinarum
525 799 938 873 Scriptursrum
965 807 1282 862 auctoritate
1315 815 1686 862 monstratur:
1719 821 1782 862 ac

193 889 450 962 deinceps
497 893 782 964 principes
823 905 1180 968 auctoresque
1238 897 1566 952 Testamenti
1617 899 1779 962 novi,

189 979 460 1039 Joannem
496 985 794 1054 videlicet,
827 988 1048 1044 Petrum
1095 1001 1150 1046 et
1173 981 1422 1058 Paulitm,
1452 1001 1784 1062 canorosque

189 1077 436 1144 ejusdem
469 1079 680 1134 ordinis
701 1081 852 1136 viros
883 1082 1056 1138 taliter
1079 1081 1364 1138 incessisse
1385 1085 1776 1154 cognoscimus.

187 1167 432 1234 Quorum
467 1171 640 1239 prior,
673 1173 766 1242 qui
795 1171 848 1227 in
891 1173 1058 1228 veleri
1097 1171 1444 1230 Testamento
1464 1175 1782 1246 virginitatis

185 1259 288 1330 iam
321 1261 492 1316 ﬂores
515 1273 574 1318 et
599 1265 943 1322 castimoniae
977 1269 1430 1340 continentiaque
1469 1267 1781 1340 praeﬁgura-

185 1351 276 1407 bat
293 1355 574 1425 exetupla,
617 1371 744 1412 cum
772 1357 966 1414 fuisset
991 1375 1020 1413 a
1047 1359 1274 1414 Domino
1305 1363 1496 1416 missus
1520 1361 1586 1416 ad
1609 1363 1784 1418 incre-

189 1451 394 1518 pandos
445 1453 672 1507 nuntios
723 1451 978 1508 Ochozias
1021 1453 1276 1524 sacrilegi
1317 1457 1460 1526 regis
1493 1455 1677 1522 lsrael,
1714 1471 1781 1512 eo

188 1543 330 1611 quod
357 1543 688 1614 {egritudine
709 1547 1042 1616 praepeditus
1081 1563 1246 1617 super
1270 1557 1414 1602 statu
1452 1547 1640 1603 salutis
1670 1563 1782 1604 suae

186 1633 494 1692 Beelzebub
521 1637 698 1692 Deum
727 1641 972 1695 Accarou
1021 1643 1306 1698 consulere
1343 1642 1686 1708 destinasset,
1729 1652 1788 1698 et

189 1724 388 1780 idcirco
421 1728 504 1782 eis
531 1743 836 1786 occurrens
879 1731 1020 1785 idem
1067 1733 1328 1804 propheta
1363 1735 1684 1790 descensum
1713 1735 1783 1790 de

187 1813 324 1870 lecto
355 1818 482 1886 ejus
509 1817 568 1872 in
589 1835 696 1890 quo
719 1822 1052 1890 conciderat,
1073 1823 1416 1892 denegasset,
1441 1825 1781 1880 decumbenti

1885 619 1984 676 sibi
2015 621 2292 690 prophetae
2333 619 2676 688 sententiam,
2706 621 3014 676 sciscitatus
3039 627 3121 676 est
3149 620 3299 691 cujus
3323 631 3468 678 esset

1885 711 2072 784 ﬁgura:
2099 723 2154 769 et
2179 713 2394 769 habitus
2417 713 2522 782 vir,
2554 714 2643 784 qui
2671 716 2996 772 occurrisset
3036 717 3148 783 eis,
3173 726 3226 771 et
3257 701 3468 772 locutus

1889 805 2079 860 fuisset
2106 805 2482 875 hujuscemodi
2513 808 2675 862 verba
2707 825 2720 860 :
2751 807 2871 874 Vir,
2895 809 3164 880 inquiunt,
3195 811 3392 884 pilosus
3422 821 3469 866 et

1883 913 2015 952 zona
2049 897 2266 966 pellicea
2301 899 2563 952 accinctus
2595 899 2830 966 renibus;
2858 913 2925 955 ex
2972 915 3080 968 quo
3111 901 3296 956 habitu
3337 917 3469 958 con-

1882 989 2062 1046 festim
2103 1005 2200 1046 rex
2241 991 2636 1062 contemplatus
2689 993 2960 1049 hominem
2987 991 3121 1062 Dei,
3165 995 3286 1050 ait:
3321 993 3468 1048 Elius

1882 1083 2146 1138 Thesbites
2173 1095 2247 1141 est
2276 1103 2296 1140 .-
2327 1099 2478 1141 zonae
2507 1085 2758 1141 videlicet
2785 1085 2989 1142 indicio
3007 1130 3024 1156 ,
3061 1095 3117 1142 et
3141 1087 3270 1142 hirti
3297 1086 3469 1142 incul-

1879 1175 2036 1246 tique
2063 1176 2314 1246 corporis
2343 1173 2527 1246 specie
2547 1173 2722 1230 virum
2763 1175 2860 1232 Dei
2903 1175 3276 1232 indubitanter
3301 1189 3469 1247 agno-

1883 1283 2040 1326 scens
2077 1289 2090 1324 :
2121 1285 2188 1325 eo
2216 1271 2360 1338 quod
2407 1269 2550 1326 istud
2597 1271 2647 1326 ei
2677 1271 2818 1326 inter
2857 1277 2939 1326 tot
2966 1269 3244 1328 lsraelitici
3283 1271 3468 1342 populi

1883 1361 2055 1416 millia
2099 1361 2490 1430 commoranti,
2543 1363 2721 1418 cultus
2767 1365 2976 1434 proprii
3019 1363 3170 1420 velut
3197 1364 3466 1436 quoddam

1883 1453 2206 1524 impressum
2237 1453 2478 1524 speciale
2506 1457 2714 1526 signum
2748 1465 3012 1526 perpetuo
3044 1455 3360 1512 cohaereret.
3392 1455 3469 1512 De

1881 1543 2093 1602 Joanne
2113 1561 2346 1616 quoque,
2365 1545 2458 1616 qui
2481 1547 2685 1602 veteris
2715 1547 2948 1618 novique
2973 1545 3302 1602 Testamenti
3322 1547 3468 1602 velut

1881 1639 2098 1709 quidam
2147 1641 2550 1694 sacratissimus
2589 1639 2780 1706 limes,
2827 1639 2948 1694 linis
2985 1638 3304 1710 initiumque
3339 1653 3468 1709 pro-

1883 1732 2070 1796 cessit,
2103 1731 2174 1786 ita
2203 1731 2550 1802 Evangelista
2595 1741 2849 1788 narrante
2875 1729 3100 1804 (Matth.
3134 1729 3234 1802 ιιι)
3257 1744 3470 1802 ⁸(ιοςιιο-

1883 1823 2089 1878 scimus
2129 1843 2140 1876 :
2191 1823 2316 1893 Ipse
2366 1833 2547 1880 autem
2591 1823 2822 1878 Joannes
2861 1823 3078 1876 [tabi-bat
3121 1823 3468 1878 uestimentum

187 1909 292 1978 regi
335 1911 598 1980 exposita
627 1913 866 1970 vestitus
911 1915 1168 1984 qualitate
1211 1927 1522 1980 compertus
1561 1927 1643 1971 est
1669 1915 1776 1988 (Ν
1807 1909 1854 1970 Β
1881 1917 1944 1970 de
1965 1917 2084 1986 pilis
2111 1917 2453 1982 camelorum,
2485 1927 2532 1971 et
2557 1915 2588 1956 δ
2629 1931 2814 1970 sonam
2831 1915 3122 1986 {pelliceam
3157 1917 3294 1970 circa
3331 1915 3469 1971 lunt-

1253 2053 1508 2110 ALARDI
1547 2053 1782 2110 GALEI
1819 2052 2382 2110 COMMENTARIUS.

165 2179 168 2182 λ
201 2166 470 2238 sententiae
523 2165 596 2238 de
635 2165 838 2238 lumbis
868 2167 1210 2226 accineendis
1259 2176 1314 2222 et
1353 2169 1765 2238 prmcingendis,

197 2235 334 2290 Loca:
361 2255 438 2292 xu
469 2254 484 2292 :
521 2235 644 2290 Sint
667 2237 832 2290 lumbi
863 2240 1012 2291 vestri
1045 2240 1304 2302 praecincti
1317 2235 1431 2304 {ad
1459 2235 1655 2304 Ephes.
1681 2255 1766 2292 v1:

201 2305 322 2378 State
345 2309 606 2362 succincti
623 2308 820 2366 lumbos
841 2319 1030 2364 t'estros
1048 2311 1102 2364 in
1119 2313 1330 2364 ueritate
1353 2327 1370 2375 ;
1397 2321 1444 2364 el
1469 2311 1488 2364 Ι
1513 2311 1624 2364 Pet.
1647 2325 1768 2378 cap.

199 2393 238 2430 t:
261 2376 488 2448 Propter
519 2379 684 2446 quod,
713 2379 958 2450 succincti
989 2379 1186 2434 lumbos
1221 2383 1402 2434 mentis
1449 2389 1627 2434 vestra:
1656 2376 1770 2450 spe-

193 2459 288 2502 rate
313 2451 366 2502 in
393 2467 532 2512 eam,
555 2466 674 2516 qua:
697 2449 840 2522 vobis
873 2449 1108 2522 offertur,
1131 2453 1372 2522 gratiam.
1401 2451 1566 2506 Porro
1589 2449 1773 2506 accin-

189 2528 316 2578 ctos.
347 2537 444 2574 seu
469 2519 796 2588 praecinctos
825 2521 1024 2576 habere
1050 2519 1284 2586 lumbos,
1307 2523 1596 2576 secundum
1624 2523 1770 2576 litte~

189 2591 352 2644 ralem
381 2607 632 2658 sensum,
685 2591 822 2646 nihil
881 2593 1022 2646 aliud
1081 2607 1162 2648 est
1213 2609 1369 2660 (luam
1421 2605 1662 2662 paratum
1713 2605 1770 2650 et

189 2662 502 2730 expeditum
529 2678 674 2726 esse,
723 2676 776 2714 ut
811 2663 1080 2732 colligitur
1119 2681 1182 2720 ex
1225 2665 1332 2718 illis
1385 2665 1564 2718 verbis
1615 2663 1772 2720 Luca:

189 2746 260 2784 xu
289 2749 304 2784 :
337 2737 498 2786 Amen
525 2735 643 2786 dico
669 2733 830 2794 vobis,
856 2735 990 2802 quod
1023 2737 1298 2802 pra’cinget
1325 2751 1397 2794 se.
1441 2745 1492 2788 et
1518 2737 1771 2790 transiens

191 2804 498 2876 ministrabit
527 2803 656 2876 illis.
689 2804 956 2876 Solebant
996 2807 1140 2858 enim
1181 2805 1484 2860 Orientales
1517 2805 1770 2876 oblongis

195 2873 272 2924 uti
303 2875 557 2934 vestibus.
583 2874 816 2942 ideoque
844 2875 934 2946 qui
960 2876 1308 2930 tninistraturi
1345 2887 1520 2940 erant,
1553 2887 1648 2930 aut
1673 2873 1772 2932 iter

187 2947 386 3016 actori,
413 2949 694 3000 collectam
719 2955 928 3000 vestem
949 2946 1163 3016 cingulo
1191 2946 1527 3014 Stringebant
1547 2947 1612 3000 ad
1635 2950 1772 3004 lum-

183 3013 300 3078 bos,
337 3031 406 3072 ne
437 3017 828 3086 impedimento
861 3013 1122 3070 cssetht
1145 3017 1206 3070 D.
1239 3017 1527 3082 Gregorius
1565 3019 1630 3072 ad
1657 3035 1772 3074 mo-

183 3099 268 3158 res
293 3097 554 3154 Spectatus
584 3087 890 3158 praecinctis
921 3087 1118 3142 lumbis
1142 3087 1442 3142 castitatem
1493 3089 1768 3158 designari

179 3155 598 3225 interpretatur;
613 3155 838 3212 Lumbos
866 3159 1024 3224 enim,
1047 3158 1238 3228 inquit,
1259 3155 1639 3230 prtrcingimus,
1657 3177 1772 3214 cum

181 3231 342 3302 carnis
360 3231 764 3302 Luxuriantper
788 3229 1154 3282 continentiam
1178 3229 1516 3284 coarctamus.
1545 3229 1768 3302 (Homil.

181 3297 240 3374 ιβ
265 3301 318 3352 in
349 3298 594 3374 Evang.)
623 3297 922 3370 Utrumque
951 3316 1077 3374 vero
1103 3315 1320 3374 sensum
1350 3297 1614 3374 spectavit
1642 3303 1770 3356 Cas-

179 3371 382 3444 sianus,
435 3370 612 3444 utr'ex
656 3370 1120 3444 consequentibus
1167 3373 1347 3444 magis
1379 3372 1586 3440 patebit
1615 3375 1767 3444 (Cap.

177 3441 264 3512 stt.
293 3444 464 3512 hujus
495 3443 588 3496 lib.
621 3452 668 3494 ct
697 3441 793 3512 lib.
823 3457 860 3494 ιι
882 3457 928 3494 c.
960 3441 1034 3509 l).
1068 3441 1241 3512 Docet
1261 3441 1406 3496 enim
1437 3441 1672 3498 veterem
1707 3441 1772 3498 il-

177 3511 274 3566 lum
307 3511 534 3567 morem
571 3511 822 3582 gestaudi
849 3512 1052 3580 cinguli
1095 3527 1192 3566 seu
1233 3511 1390 3566 baltei
1421 3554 1436 3576 ,
1469 3523 1560 3568 aut
1587 3531 1736 3570 zona:
1757 3557 1772 3580 ,

177 3583 462 3654 monachis
505 3583 616 3637 illis
651 3583 920 3654 Algyptiis
941 3583 1236 3638 solemnem
1265 3599 1328 3636 ac
1369 3583 1486 3652 lege
1527 3587 1774 3652 praescri-

181 3661 308 3720 ptum
335 3653 526 3709 fuisse
549 3651 754 3724 duplici
773 3651 836 3706 ex
862 3667 1026 3724 causa
1043 3669 1060 3718 ;
1080 3669 1382 3723 eorumque
1404 3651 1653 3722 exemplo
1669 3673 1774 3712 eat-

181 3725 292 3778 leris
325 3725 630 3780 monachis
664 3723 1048 3778 commendare
1101 3725 1288 3778 studet
1327 3742 1340 3775 :
1371 3739 1570 3793 nempe
1599 3735 1655 3780 ut
1683 3743 1775 3784 ve-

173 3793 496 3850 rostristi
549 3795 750 3849 milites
789 3794 955 3866 armis
1013 3795 1134 3850 istis
1187 3795 1558 3862 spiritualibus
1610 3811 1773 3866 supra

175 3869 646 3930 contmemoratis,
665 3881 727 3920 ac
755 3865 1092 3934 potissimum
1116 3867 1380 3920 casdtatis
1407 3867 1638 3935 cingulo,
1659 3869 1773 3922 vel-

176 3945 222 3988 It
251 3937 442 3992 balteo
493 3935 742 3998 militari,
775 3937 1050 3990 accinctos
1089 3947 1144 3990 et
1185 3937 1476 3990 instructos
1503 3951 1560 3992 se
1588 3949 1772 3994 osten-

173 4003 380 4072 derent,
423 4017 484 4062 et
531 4017 592 4060 ut
635 4006 702 4062 ad
741 4020 902 4062 omne
941 4022 1079 4078 opus
1127 4007 1426 4075 injunctum
1474 4017 1566 4062 aut
1595 4011 1772 4078 injun-

173 4079 404 4146 gendum
439 4079 620 4146 parati
675 4087 730 4132 et
785 4077 1018 4145 expediti
1048 4093 1264 4145 semper
1301 4086 1502 4132 essent.
1537 4077 1672 4134 llinc
1701 4082 1765 4136 D.

171 4145 408 4203 Basilius
440 4145 602 4204 sonat
659 4163 814 4202 usum
845 4147 1126 4202 monachis
1169 4150 1464 4202 universim
1493 4163 1772 4206 commcn-

170 4217 260 4292 dat
288 4218 421 4288 (Ubi
444 4219 758 4292 supra)._D.
787 4217 1147 4292 ilieronymus
1171 4219 1632 4292 tnonachisetiam
1667 4223 1773 4276 'l‘a-

167 4287 552 4360 bemiensibu's
590 4287 896 4360 balteolum
929 4287 1142 4360 luteum
1191 4290 1382 4344 tribuit
1415 4287 1506 4360 (In
1532 4295 1683 4360 prrit].
1715 4294 1770 4346 in

163 4358 430 4428 Regulam
481 4357 547 4415 S.
579 4355 896 4428 Pocltomii).
929 4357 1196 4412 Palladius
1225 4375 1388 4414 zonas
1423 4355 1591 4414 'voc'at
1615 4355 1772 4428 (Pal-

163 4379 240 4414 Μ
281 4379 430 4414 utam
481 4379 547 4415 ο.
579 4379 896 4428 racnomu).
929 4379 1196 4412 rauamus
1225 4379 1388 4414 zonas
1433 4379 1591 4414 vocat
1615 4379 1770 4428 (rat-

163 4379 276 4484 aut?
299 4433 360 4484 in
415 4427 694 4484 Lausiacis
725 4447 842 4496 cap.
879 4429 956 4500 7),
987 4431 1244 4498 additque
1273 4431 1380 4486 illis
1419 4446 1451 4484 a
1481 4431 1770 4488 Pacltomio

163 4503 556 4572 tit-ascriptum
591 4501 762 4572 (quod
793 4501 1063 4570 singulare
1093 4501 1472 4572 eLthatione
1501 4503 1767 4572 dignum),

167 4583 228 4626 ut
259 4573 328 4626 ad
355 4587 574 4626 sacram
597 4571 844 4642 synaxim
872 4571 1106 4626 Sabbato
1149 4581 1206 4626 et
1247 4571 1528 4626 Dominiea
1557 4573 1666 4634 die.
1713 4571 1770 4628 ut

165 4645 341 4697 moris
375 4653 524 4705 erat,
553 4641 906 4706 accedentes,
939 4657 1102 4696 zonas
1129 4643 1432 4704 solverent,
1468 4651 1524 4698 et
1571 4643 1768 4710 pellem

163 4714 424 4781 ovillam,
459 4725 564 4766 seu
591 4715 844 4768 melotem
870 4717 1228 4782 deponerent,
1259 4723 1316 4768 et
1358 4728 1482 4768 cum
1511 4713 1626 4768 sola
1675 4730 1770 4768 cu-

163 4785 308 4837 culla
341 4782 680 4838 accederent
712 4781 840 4854 (quo
867 4781 1148 4854 majorem,
1177 4795 1234 4836 ut
1260 4785 1474 4852 opinor,
1507 4799 1570 4840 ac
1601 4801 1767 4852 pecu-

159 4854 362 4924 liarem
391 4853 762 4924 reverentiam
795 4855 1272 4922 honestioremque
1301 4855 1539 4908 habitum
1567 4871 1678 4924 pra:
1709 4871 1768 4911 sc

161 4923 432 4992 ferrent).
467 4923 622 4990 Quod
648 4935 703 4978 et
731 4923 1064 4980 Sozomenus
1110 4937 1165 4979 et
1203 4924 1542 4992 Nicephorus
1570 4923 1770 4980 contir-

161 5007 342 5050 mant.
375 4993 488 5050 Sed
511 5003 568 5048 et
585 4993 650 5048 D.
677 4993 738 5047 P.
769 4995 832 5049 N.
859 4995 1182 5050 Benedictus
1211 4997 1448 5062 priorum
1477 4997 1769 5050 monacho-

157 5081 284 5121 rum
323 5065 584 5132 vestigiis
615 5065 810 5133 ubique
852 5065 1130 5131 insistens,
1175 5065 1312 5120 hanc
1351 5065 1548 5134 cinguli
1585 5083 1772 5122 mona-

157 5137 288 5192 stici
313 5136 793 5204 praescriptionem
815 5135 1017 5190 abillis
1043 5145 1320 5204 acceptam
1367 5138 1506 5190 haud
1551 5147 1776 5204 praeter-

159 5209 334 5262 misit.
377 5207 521 5260 Cum
553 5207 705 5276 enim
728 5207 912 5260 statuit
961 5221 1084 5274 cap.
1114 5205 1184 5260 9.2
1215 5207 1454 5276 Regulae,
1509 5217 1564 5260 ut
1604 5209 1772 5262 vestiti

157 5279 436 5332 dormiant
467 5273 980 5348 monaclti,_etcincti
1001 5273 1223 5348 cingulis
1253 5273 1342 5330 aut
1368 5275 1594 5346 funibus,
1613 5277 1784 5348 idque.

159 5365 220 5402 ea
251 5361 432 5402 causa
463 5361 634 5416 quam
663 5345 844 5400 subdit
873 5363 885 5399 :
915 5357 968 5400 ut
999 5345 1166 5416 parati
1190 5349 1290 5400 sint
1319 5363 1516 5416 semper
1536 5387 1551 5412 ,
1573 5359 1618 5400 et
1641 5345 1778 5416 facta

155 5421 308 5490 signa
339 5417 546 5490 absque
571 5432 718 5490 mora
735 5419 1254 5490 surgentesjestinent
1281 5435 1334 5490 se
1351 5419 1776 5490 invicempra’ve-

107 5525 120 5558 ς
155 5485 270 5544 nire
305 5489 386 5542 ad
417 5505 553 5558 opus
583 5485 682 5540 Dei
713 5502 731 5538 :
758 5485 892 5542 satis
923 5485 1122 5544 indicat
1144 5489 1374 5542 interdiu
1399 5499 1452 5542 et
1475 5485 1666 5558 potiori
1689 5505 1776 5544 ra-

109 5557 124 5618 '.
158 5563 310 5616 tione
335 5559 561 5614 debere
588 5572 716 5612 esse
743 5561 1072 5614 succinctos.
1105 5559 1256 5614 Unde
1295 5557 1530 5614 Joannes
1581 5561 1776 5615 Diaco-

103 5647 118 5686 ἱ
159 5647 278 5696 uas,
313 5632 384 5686 in
419 5629 546 5686 Vita
573 5627 637 5682 Β.
668 5627 918 5698 Gregorii
942 5631 1134 5685 scribit
1154 5645 1278 5684 eum
1304 5632 1358 5684 iu
1385 5631 1634 5685 exilitate
1657 5631 1773 5686 bal-

101 5753 124 5867 Ξ

157 5701 272 5774 tei,
300 5715 434 5773 quae
485 5699 674 5774 unius
703 5700 913 5774 pollicis
959 5713 1282 5774 mensuram
1323 5717 1430 5774 non
1461 5703 1764 5771 excederet,
1785 5725 1806 5766 τ’

157 5769 410 5842 speciem
449 5769 725 5840 propositi
749 5771 1012 5842 regularis
1035 5773 1163 5826 olim
1194 5786 1223 5825 a
1249 5771 1306 5826 S.
1335 5773 1629 5827 Benedicto
1658 5769 1767 5826 sta-

161 5841 285 5906 tuti,
313 5843 482 5912 cujus
517 5842 637 5910 ipse
665 5842 832 5894 vitam
854 5841 1192 5914 describens,
1210 5913 1221 5914 ί
1241 5842 1502 5912 Regulam
1551 5858 1768 5914 quoque

161 5911 522 5984 laudaverat,
549 5926 826 5970 servasse.
856 5911 1060 5988 Quibus
1115 5913 1292 5972 verbis
1334 5911 1583 5972 insinuat
1627 5911 1768 5974 solo-

1875 2181 2052 2243 ntnem
2085 2167 2452 2243 Benedictinis
2483 2169 2646 2243 luisse
2676 2184 2828 2243 usum
2867 2169 3060 2236 baltei,
3099 2171 3214 2243 sive
3268 2171 3468 2243 cinguli

1874 2237 2058 2306 (quem
2081 2239 2326 2310 cthodie
2369 2240 2582 2308 plurimi
2628 2241 2966 2310 antiquarum
3003 2237 3466 2300 trsditionutn'te-

1873 2321 2040 2362 uaces
2063 2307 2346 2378 retinent),
2365 2307 2418 2364 et
2440 2327 2504 2362 ex
2523 2311 2692 2376 ipsius
2713 2307 2954 2366 exilitate
2979 2321 3035 2366 et
3057 2327 3330 2379 mensura,
3349 2315 3466 2368 vel-

1875 2388 1934 2432 ut
1965 2387 2114 2432 certo
2163 2381 2364 2432 indicio
2395 2379 2454 2436 S.
2483 2381 2800 2448 Gregorium
2824 2383 2912 2436 diu
2945 2393 3064 2448 post
3087 2383 3318 2448 obitum,
3339 2399 3466 2440 cum

1874 2447 1990 2522 ejus
2020 2463 2218 2516 corpus
2249 2451 2300 2502 in
2335 2451 2496 2506 alium
2533 2447 2706 2506 locum
2747 2447 3158 2518 transferretur,
3217 2447 3314 2522 pro
3341 2471 3467 2522 pro—

1873 2517 2082 2574 fessore
2106 2534 2204 2574 seu
2231 2523 2498 2594 monacho
2514 2523 2880 2594 institutionis
2914 2524 2974 2576 D.
3005 2517 3280 2594 Benedicti
3311 2517 3464 2594 agni-

1875 2599 1988 2663 tum
2033 2599 2086 2644 et
2132 2599 2410 2663 ostensum
2453 2591 2646 2646 fuisse:
2694 2594 2998 2662 prtesertim,
3025 2593 3322 2663 inqttitille,
3348 2591 3466 2650 cum

1875 2661 2010 2734 idem
2039 2659 2340 2734 venerabilis
2377 2663 2554 2716 doctor
2583 2659 2864 2734 Gregorius
2907 2667 2990 2718 sui
3015 2659 3318 2720 monasterii
3355 2683 3466 2720 mo-

1875 2731 2068 2804 nachos
2097 2729 2356 2786 Benedicti
2379 2737 2550 2804 utique
2571 2729 2808 2804 illeoulis
2835 2735 3159 2801 mancipatos
3209 2739 3263 2788 in
3294 2735 3466 2792 Saxo-

1875 2801 2304 2926 nliamdessinarit
2341 2803 2519 2874 (Joan.
2552 2801 2710 2860 Diac.
2752 2805 2840 2860 lib.
2865 2821 2938 2871 tv,
2999 2822 3115 2874 cap.
3171 2804 3284 2876 80).
3335 2807 3464 2862 litec

1875 2889 1890 2926 ι
1935 2889 1986 2926 e.

1873 2873 1986 2927 ille.

1947 2953 1973 2980 ει
2017 2945 2378 3000 Prolessionis
2403 2945 2614 3000 scilicet
2643 2947 2971 3002 monasticaa.
3005 2945 3124 3014 Qua
3158 2947 3372 3004 ratione
3399 2949 3460 3004 D.

1875 3013 2234 3086 Hieronymus
2258 3017 2456 3082 passim
2479 3017 2698 3086 eosdem
2713 3019 2912 3072 veteris
2931 3013 3466 3074 Testameutimona-

1875 3085 2010 3140 chos
2040 3085 2214 3161 vocat.
2249 3087 2422 3161 Epist.
2437 3091 2504 3161 IL:
2531 3085 2682 3156 Filii,
2711 3089 2904 3161 inquit,
2927 3089 3314 3161 prophetarum,
3337 3107 3466 3161 quos

1876 3159 2152 3232 monac/tos
2177 3159 2230 3210 in
2255 3159 2405 3232 ueteri
2451 3155 3034 3232 Testamento'legiinus'
3075 3159 3166 3232 (l_V
3199 3155 3462 3232 Regfw),

1875 3227 2202 3300 ardiﬁcabant
2232 3229 2328 3282 sibi
2359 3231 2561 3300 casulas
2589 3240 2798 3300 propter
2855 3227 3052 3300 ﬂuenta
3085 3227 3364 3296 dardanis,
3417 3227 3466 3286 et

1878 3297 2039 3370 turbis
2059 3299 2268 3370 urbium
2304 3297 2597 3370 derelictis,
2631 3297 2930 3368 polenta'et
2983 3301 3150 3370 herbis
3179 3301 3465 3370 agrestibus

1874 3369 2192 3441 victitabant.
2213 3370 2278 3424 Et
2300 3369 2352 3422 in
2371 3371 2596 3438 epistola
2621 3367 2686 3423 ad
2711 3371 3020 3426 Paulinum:
3039 3367 3464 3441 Noster,iuquit,

1803 3469 1848 3531 c
1881 3439 2998 3531 tritenFinieratstiriaterti
3018 3443 3308 3531 treﬁt?
3345 3439 3466 3531 ire

1877 3509 2166 3578 pltetarum.
2197 3511 2342 3566 Idem
2387 3511 2544 3565 docet
2573 3511 2812 3566 Isidorus
2844 3512 2940 3568 lib.
2965 3527 3000 3565 ιι
3032 3511 3099 3566 de
3129 3509 3353 3568 Eccles.‘
3373 3513 3465 3568 Ol-

1881 3581 1968 3632 lic.
2001 3595 2116 3648 cap.
2149 3583 2214 3636 15
2239 3625 2252 3646 ,
2283 3581 2372 3634 ubi
2407 3581 2613 3644 Ellam,
2643 3583 2926 3644 Elizmum,
2959 3583 3202 3652 aliosque
3231 3583 3464 3652 prophe¢

1881 3659 1963 3701 tas
1995 3652 2378 3722 monachorum
2403 3653 2677 3722 principes
2707 3653 2963 3722 appellat.
3015 3651 3123 3706 Sed
3171 3664 3226 3706 et
3252 3651 3463 3708 CaSsia-

1879 3735 1980 3792 nus
2011 3721 2157 3792 infra
2176 3721 2390 3792 (Collat.
2421 3725 2509 3787 18,
2541 3721 2652 3792 cap.
2687 3723 2746 3792 6)
2775 3723 2876 3776 alia
2911 3721 3198 3776 locutionis
3229 3723 3460 3778 formula

1878 3789 2009 3862 dicit
2033 3789 2250 3846 eosdem
2277 3791 2470 3846 Patres
2491 3804 2544 3846 et
2573 3789 2868 3861 prophetas
2909 3792 3222 3846 monasticae
3255 3794 3462 3862 proles-

1875 3861 2046 3932 sionis
2071 3861 2444 3930 prmligurasse
2473 3863 2662 3928 lineas,
2694 3863 2855 3916 ducta
2884 3877 2914 3915 a
2947 3861 3269 3932 pictoribus
3289 3875 3461 3918 meta-

1877 3930 2069 3998 phora,
2095 3932 2186 3998 qui
2213 3935 2450 3986 futuram
2480 3934 2770 4002 imaginem
2797 3930 2975 3988 ductis
3006 3935 3242 4002 primum
3291 3935 3460 3988 linea-

1876 4003 2076 4074 mentis
2101 4003 2544 4074 praeligurareac
2571 4004 2854 4072 designare
2908 4003 3104 4074 solent,
3137 4003 3335 4060 deinde
3361 4019 3454 4059 co-

1875 4071 2020 4127 lores
2047 4071 2356 4128 et'ornatus
2383 4073 2640 4128 inducere
2671 4071 2814 4142 {quo
2843 4073 3008 4128 modo
3055 4075 3132 4128 illi
3179 4081 3458 4144 proiihctat

1874 4153 1930 4196 et
1959 4147 2300 4216 anachoreta:
2325 4145 2380 4197 in
2425 4145 2786 4198 solitudinibus
2819 4156 3064 4216 errantes,
3109 4157 3330 4216 egentes,
3361 4163 3460 4200 an-

1911 4215 2108 4280 ustiati,
2135 4223 2265 4282 etc.,
2319 4219 2704 4269 monachorum
2735 4227 2790 4270 et
2829 4215 3282 4270 anachoretarum
3329 4217 3458 4272 novi

1921 4287 2208 4356 estantenti
2239 4285 2401 4340 vitam
2433 4285 2938 4356 professiouetnque
2965 4285 3356 4342 adumbraruttt
3403 4299 3459 4344 et

1873 4355 2306 4424 prieﬁgurarunt.

1945 4425 1970 4463 δ
2012 4427 2266 4492 Quamvis
2313 4425 2366 4482 in
2415 4425 2706 4482 Palaestina
2754 4427 2928 4482 Judaei
2977 4427 3128 4482 zonis
3173 4436 3458 4484 uterentur

1871 4495 2046 4550 laneis
2071 4497 2286 4568 (Auctor
2317 4513 2458 4569 aper.
2490 4497 2694 4566 imperi.
2724 4497 2778 4551 in
2813 4497 3006 4552 Matth.
3036 4512 3083 4550 c.
3117 4497 3198 4568 tu)
3229 4517 3240 4550 :
3291 4499 3454 4554 Joan-

1871 4579 1968 4622 nes
1999 4567 2178 4621 tameu
2209 4567 2621 4638 zona'pellicea,
2677 4569 2780 4622 hoc
2825 4577 2942 4636 est,
2991 4583 3058 4622 ex
3087 4567 3256 4623 crudo
3285 4571 3453 4636 corio,

1871 4652 1968 4692 seu
1999 4639 2188 4692 villosa
2212 4638 2352 4706 pelle
2377 4639 2452 4692 uti
2475 4641 2680 4702 maluit,
2699 4651 2810 4694 tum
2829 4639 2892 4694 ad
2919 4639 3270 4694 imitationem
3299 4641 3452 4702 Elim.

1873 4719 1986 4762 tum
2043 4708 2112 4762 ad
2169 4709 2414 4776 corporis
2471 4709 2818 4764 afﬂictionem
2896 4719 2952 4764 et
3033 4712 3452 4766 maceratiouetn

1871 4783 2036 4852 etiam
2058 4793 2125 4833 ex
2155 4795 2289 4852 zona
2329 4779 2743 4852 procurandam.
2787 4780 2940 4836 Unde
2974 4781 3047 4852 7D.
3100 4780 3454 4852 Hieronymus

1793 4841 1849 4900 D
1873 4850 1927 4920 in
1951 4850 2112 4920 epist.
2148 4851 2214 4903 ad
2245 4841 2640 4920 Demetriadem
2669 4852 2932 4920 virginem
2972 4851 3114 4904 inter
3143 4853 3278 4906 alias
3301 4841 3453 4906 'lau—

1873 4919 1969 4974 des
1993 4919 2222 4974 senioris
2245 4919 2600 4976 Demetriadis
2629 4921 2747 4975 loca
2764 4919 2966 4974 saneta
2987 4921 3254 4976 visitantis
3287 4940 3299 4973 :
3327 4923 3454 4976 Stu-

1875 4991 2044 5058 pebat,
2085 4989 2278 5060 inquit,
2309 4992 2378 5044 ad
2407 4993 2834 5044 conuersationem
2862 4991 2994 5046 Elite
3019 5003 3066 5046 et
3107 4989 3328 5044 Joannis
3351 4991 3454 5044 Ba-

1874 5062 2063 5134 ptistw,
2091 5077 2312 5134 quorum
2340 5073 2548 5134 uterque
2563 5079 2694 5115 zona
2717 5063 3216 5134 pelliceaiastrinafit,
3239 5078 3298 5134 ac
3317 5077 3454 5114 mor-

1875 5130 2088 5198 tiﬁcavit
2111 5133 2308 5186 lumbos
2329 5149 2468 5187 suos.
2501 5133 2571 5186 Et
2599 5130 2765 5201 super
2813 5133 3120 5188 Matthzeutu
3149 5131 3218 5184 de
3248 5130 3455 5186 Joanne

1875 5203 2062 5258 itidem
2091 5201 2242 5270 Bapt.
2283 5205 2566 5258 scribens:
2611 5202 2780 5268 Zona,
2821 5205 3020 5270 inquit,
3065 5203 3307 5270 pellicea,
3359 5219 3455 5271 qua

1881 5276 2078 5344 cinctus
2118 5275 2216 5344 fuit
2259 5285 2308 5328 et
2344 5273 2512 5341 Elius,
2554 5275 2978 5344 rntortiﬁcationis
3025 5271 3312 5344 symbolum
3360 5285 3452 5344 est.

1883 5343 1996 5400 Hoc
2023 5343 2270 5414 exemplo
2299 5345 2489 5399 scribit
2539 5343 2597 5400 S.
2632 5345 2945 5414 Futgentius
2988 5343 3288 5414 liuspensis
3343 5343 3454 5409 epi-

1879 5431 2076 5492 scopus
2101 5411 2459 5492 cpjsuevisse
2497 5411 2794 5492 monachos
2821 5417 2872 5470 itt
2901 5411 3344 5492 Alricaupelliceo
3377 5415 3452 5466 uti

1878 5482 2096 5554 cingulo
2126 5485 2344 5556 (Baron.
2369 5497 2492 5540 tont.
2527 5485 2598 5540 IX
2623 5488 2812 5539 Annal.
2845 5499 2978 5538 anno
3003 5482 3163 5547 958);
3197 5482 3452 5556 idemque

1876 5553 2160 5612 continuat
2189 5558 2248 5610 Β.
2279 5557 2588 5612 Dorotheus
2621 5559 2951 5610 anachoreta
2997 5555 3048 5607 in
3079 5553 3324 5608 doctrina
3357 5571 3448 5606 sua

1873 5629 2069 5697 prima,
2106 5643 2226 5698 qua:
2255 5637 2338 5682 est
2389 5627 2456 5682 de
2478 5623 2916 5698 “enuntiatione,
2943 5623 3032 5680 ubi
3060 5625 3128 5680 de
3148 5640 3234 5698 (se
3264 5625 3449 5698 suique

1875 5695 2141 5768 tamporis
2187 5699 2464 5754 monachis
2499 5698 2767 5765 loquens:
2799 5695 3096 5768 Habemus,
3146 5696 3342 5765 inquit,
3401 5705 3447 5768 et

1875 5765 2058 5824 zonam
2087 5770 2352 5838 pclliceam
2379 5771 2514 5822 circa
2545 5783 2688 5820 renes
2709 5777 2931 5840 nostros.
2949 5765 3017 5824 Id
3045 5769 3242 5840 signum
3273 5767 3445 5830 est,arl

1877 5859 2003 5913 opus
2024 5841 2254 5913 quodque
2279 5841 2495 5913 accincti
2528 5877 2542 5896 .
2591 5845 2644 5913 ut
2675 5839 3054 5913 quamprimum
3091 5839 3252 5892 simus
3277 5845 3326 5913 et
3356 5853 3438 5913 pa

1875 5907 1974 5972 rati
2005 5907 2368 5968 :‘laboraturus
2391 5910 2652 5982 enimquis
2678 5907 2841 5982 primo
2861 5910 3162 5980 accingitur,
3189 5917 3234 5964 et
3255 5907 3326 5966 sic
3356 5907 3434 5964 de.
