4026 6334
215 258 280 316 65
1166 252 1250 309 DE
1286 250 1763 312 C(ENOBIORUM
1800 251 2176 312 INSTITUTIS
2213 254 2420 312 LIBER
2457 255 2498 311 Ι.
3401 258 3472 318 66

199 379 359 425 caute
385 385 400 422 :
432 377 460 407 ι
489 367 762 426 Habentes
790 382 959 428 autem
985 374 1228 430 alimenta
1259 387 1306 428 et
1335 375 1647 446 operimenta
1666 415 1680 438 ,
1711 373 1791 428 his
1819 380 1870 439 Α
1894 389 1994 445 pus
2022 373 2379 429 fraternitatis
2408 382 2642 442 tenetur,
2676 383 2768 429 aut
2796 375 3152 444 superﬂuum,
3205 382 3299 431 aut
3347 376 3465 433 ela-

197 463 421 518 contenti
460 462 619 516 simus
659 464 714 536 (1
775 465 907 521 Tim.
957 468 1054 536 vt).
1100 467 1469 536 Operimenta,
1513 466 1785 537 inquiens,

196 569 306 612 non
336 555 690 620 vestimenta,
721 558 850 612 utin
878 559 1196 628 quibusdam
1225 559 1429 614 Latinis
1460 557 1789 629 exemplari-

198 655 296 709 bus
329 667 438 707 non
466 653 688 721 proprie
715 653 1046 718 continetur,
1077 653 1130 708 id
1157 663 1262 720 est,
1287 669 1406 724 qua:
1427 667 1624 722 corpus
1655 667 1788 721 ope-

195 746 336 798 riant
368 753 604 809 tantum,
633 759 740 798 non
787 760 912 813 quae
941 745 1171 800 amictus
1199 745 1368 816 gloria
1403 745 1787 800 blandiantur:

195 834 264 888 ita
295 835 450 898 vilia,
484 844 545 888 ut
577 835 723 889 nulla
763 835 967 891 coloris
997 836 1080 890 vel
1128 837 1341 891 habitus
1384 837 1622 892 novitate
1652 838 1790 893 inter

190 933 427 978 caeteros
454 925 616 994 hujus
668 927 932 995 propositi
980 927 1124 982 viros
1164 927 1468 983 habeantur
1515 928 1789 998 insignia:

190 1017 263 1069 ita
291 1016 557 1070 studiosis
588 1017 1032 1073 accurationibus
1063 1019 1264 1083 aliena,
1302 1028 1360 1072 ut
1389 1018 1550 1072 nullis
1576 1033 1790 1073 rursum

189 1110 296 1163 sint
319 1107 599 1164 aﬂectatis
631 1124 728 1178 per
750 1111 1016 1164 incuriam
1044 1110 1297 1166 sordibus
1321 1110 1656 1164 decolorata.
1691 1110 1795 1164 Po-

193 1211 397 1256 stremo
419 1203 504 1256 sic
526 1203 596 1256 ab
621 1203 782 1272 hujus
804 1203 987 1256 mundi
1010 1210 1330 1270 separentur
1351 1213 1567 1269 ornatu,
1592 1213 1646 1257 ut
1673 1202 1790 1257 cul-

199 1295 274 1348 tui
302 1310 596 1349 servorum
641 1296 736 1351 Dei
785 1297 839 1349 in
894 1296 1147 1351 omnibus
1194 1298 1496 1351 communia
1536 1310 1790 1366 perseve-

193 1396 332 1440 rent.
362 1385 389 1423 δ
423 1385 704 1454 Quidquid
756 1387 902 1441 enim
945 1387 1087 1442 inter
1115 1387 1348 1443 famulos
1387 1387 1478 1443 Dei
1510 1387 1787 1456 praesumi-

196 1485 281 1532 tur
301 1477 496 1533 abuno
526 1478 618 1533 vel
647 1479 861 1548 paucis,
894 1493 993 1534 nec
1023 1479 1288 1535 catholice
1321 1494 1417 1549 per
1465 1494 1626 1534 omne
1660 1493 1783 1535 cor-

1897 477 2010 520 tum
2039 473 2145 530 est,
2175 472 2231 520 et
2252 465 2322 521 ob
2348 465 2399 520 id
2429 467 2646 521 noxium
2666 466 3018 536 iudicandum
3053 475 3156 528 est,
3187 467 3471 538 magisque

1891 557 2132 629 speciem
2159 559 2414 612 vanitatis
2463 573 2622 628 quam
2663 559 2878 614 virtutis
2925 569 3229 616 ostentans.
3279 561 3347 615 Et
3392 559 3472 616 id-

1892 653 2040 706 circo
2067 651 2182 705 haic
2234 666 2352 722 quae
2384 666 2484 706 nec
2533 668 2562 705 a
2617 653 2892 708 veteribus
2936 653 3137 708 sanctis
3190 652 3281 724 qui
3311 652 3471 722 hujus

1891 741 2249 812 professionis
2286 741 2635 797 fundamenta
2658 743 2928 812 iecerunt,
2958 758 3133 814 neque
3159 759 3189 798 a
3219 744 3470 800 Patribus

1892 838 2062 891 nostri
2086 835 2369 905 temporis,
2389 834 2682 905 quieorum
2711 851 2809 906 per
2828 838 3202 893 successiones
3226 837 3470 893 instituta
3513 913 3516 916 ἢ

1893 943 2035 984 nunc
2064 944 2233 998 usque
2263 928 2596 994 custodiunt,
2623 929 2817 984 tradita
2842 930 3085 985 videmus
3112 932 3381 1002 exempla,
3412 939 3471 986 ut
3513 977 3523 1007 ._

1894 1020 2165 1091 superﬂua
2197 1029 2251 1075 et
2281 1020 2489 1076 inutilia
2519 1036 2616 1075 nos
2643 1037 2857 1091 quoque
2885 1038 3136 1078 resecare
3157 1024 3465 1080 conveniet.

1893 1110 2252 1180 Quamobrem
2303 1121 2323 1148 ο
2370 1110 2638 1164 cilicinam
2687 1121 2892 1166 vestem
2949 1113 3094 1167 velut
3139 1115 3470 1184 circnmspe-
3509 1142 3523 1191 ε

1893 1210 2036 1256 ctam
2070 1216 2099 1256 a
2125 1203 2339 1256 cunctis
2370 1211 2531 1271 atque
2561 1201 2951 1267 notabilem,et
2979 1219 3101 1273 quae
3122 1219 3188 1258 ex
3218 1203 3320 1259 hoc
3351 1206 3467 1275 ipso

1893 1310 1998 1349 non
2029 1293 2206 1348 solum
2230 1293 2375 1347 nulla
2407 1293 2615 1363 spiritui
2650 1294 2823 1361 possit
2846 1295 3208 1348 emolumenta
3254 1295 3464 1350 confer-

1892 1403 1974 1454 re,
2001 1387 2095 1441 sed
2126 1389 2289 1449 etiam
2337 1386 2584 1440 elationis
2614 1385 2904 1454 concipere
2952 1387 3269 1451 vanitatem,
3318 1400 3466 1454 qua:-

1890 1493 1997 1548 que
2026 1476 2094 1530 ad
2124 1475 2420 1532 necessarii
2453 1475 2636 1546 operis
2664 1475 3010 1543 exercitium,
3040 1477 3096 1530 in
3136 1490 3244 1545 quo
3271 1489 3458 1532 mona-

1277 1659 1532 1717 ALARDI
1569 1657 1799 1716 GAZEI
1836 1653 2397 1714 COMMENTARIUS.

257 1806 280 1836 ι
309 1795 545 1866 Vulgata
600 1796 780 1866 versio
809 1815 823 1849 :
884 1794 1144 1850 Habentes
1183 1805 1351 1849 autem
1402 1798 1652 1851 alimenta
1676 1837 1692 1862 ,
1743 1806 1792 1852 et
1822 1800 1868 1860 Β
1899 1791 2103 1848 Deinde
2132 1807 2278 1866 vero,
2311 1791 2662 1866 etprmcipue
2685 1791 2738 1866 in
2769 1793 2981 1860 signum
2998 1794 3346 1863 paenitentiae,
3368 1811 3462 1853 seu

197 1871 363 1928 quibus
395 1865 640 1938 tegantur
672 1865 714 1933 (Ι
745 1865 884 1919 Tim.
919 1867 1018 1936 vi),
1044 1867 1230 1922 Graece
1253 1870 1620 1938 σκεπάσματα,
1653 1869 1688 1922 i.
1713 1876 1791 1923 te-

195 1947 459 2009 gumenta,
496 1953 596 1992 seu
621 1938 1018 2004 integumenta;
1047 1939 1196 2009 quod
1226 1939 1388 1991 latius
1433 1949 1580 2007 patet
1622 1954 1783 2007 quam

207 2007 550 2073 vestimenta,
589 2017 647 2061 ut
690 2019 879 2063 notum
911 2020 1010 2080 est.
1038 2007 1176 2080 _Nam
1205 2010 1481 2080 σκέπασμα
1527 2011 1782 2078 generale

209 2081 514 2135 vocabulum
556 2088 642 2132 est
688 2077 1155 2146 comprehenderis
1206 2095 1310 2132 non
1356 2077 1549 2133 solum,
1579 2090 1781 2145 vestes,

204 2153 376 2220 quibus
409 2149 737 2213 induimur;
766 2149 860 2220 sed
905 2151 1064 2220 etiam
1096 2149 1443 2220 domicilium
1465 2190 1480 2213 ,
1513 2166 1619 2218 quo
1653 2153 1786 2217 tegi-

203 2219 296 2276 tnur
312 2231 367 2276 et
391 2219 925 2288 protegimur,juxta
945 2219 1074 2272 illud
1095 2219 1304 2274 Eccles.
1325 2235 1476 2285 χιιι,
1504 2220 1644 2289 quod
1663 2221 1785 2274 huic

203 2295 470 2347 sententia:
503 2291 757 2359 Apostoli
796 2290 1126 2358 respondet:
1159 2290 1374 2342 Initium
1417 2293 1533 2343 vita:
1561 2292 1782 2344 hominis

198 2380 331 2429 aqua,
358 2373 406 2414 et
437 2363 624 2429 partis,
654 2369 702 2413 et
724 2359 1093 2424 uestimentum,
1116 2369 1163 2412 et
1187 2361 1369 2413 domus
1389 2372 1654 2430 protegens
1676 2373 1784 2414 tur-

195 2435 497 2498 pitudinem.
532 2430 769 2485 Proinde
802 2434 980 2484 minus
1020 2443 1143 2498 apte
1185 2432 1252 2484 ab
1282 2431 1406 2485 aliis
1438 2431 1642 2486 Latinis
1692 2434 1775 2486 in-

194 2505 514 2572 terpretibus
543 2502 819 2555 redditum
841 2503 1018 2569 arguit
1037 2501 1327 2555 Cassianus
1357 2519 1370 2553 :
1405 2501 1656 2556 Habentes
1683 2503 1784 2556 ali-

193 2586 352 2627 menta
390 2586 441 2626 et
495 2574 825 2626 vestimenta.
855 2573 1006 2638 Quod
1043 2573 1259 2641 quidem
1291 2587 1479 2627 verum
1527 2585 1610 2627 est
1633 2614 1648 2638 ,
1681 2589 1778 2628 seu

192 2648 290 2698 vim
315 2646 462 2698 vocis
475 2646 849 2712 σκεπάσματος
872 2651 1107 2710 spectes,
1135 2658 1230 2697 seu
1254 2645 1458 2698 morale
1473 2643 1772 2698 documen-

197 2724 330 2778 tum,
361 2716 505 2784 quod
535 2714 638 2766 hoc
670 2714 911 2782 generali
936 2715 1195 2767 vocabulo
1226 2713 1292 2784 de
1316 2713 1594 2784 industria
1629 2714 1775 2770 vide-

199 2795 284 2837 tur
319 2783 393 2837 ab
426 2783 680 2851 Apostolo
723 2784 1077 2847 insinuatum;
1127 2783 1269 2852 quod
1313 2783 1399 2837 hic
1439 2785 1508 2839 ab
1543 2790 1776 2840 Auctore

195 2856 516 2916 declaratur,
547 2865 598 2908 et
627 2869 656 2906 a
683 2854 746 2906 Β.
777 2852 996 2917 Basilio,
1017 2855 1106 2907 ubi
1137 2868 1320 2922 supra.
1353 2853 1621 2908 Caeterum
1650 2869 1773 2910 cum

192 2926 298 2980 illis
329 2927 511 2980 verbis
541 2925 779 2978 voluerit
810 2924 1097 2992 Apostolus
1130 2940 1189 2977 ea
1235 2925 1548 2978 nominatim
1594 2928 1774 2994 expri-

189 3012 359 3061 mere,
391 3011 514 3065 qua:
544 2997 804 3048 omnibus
828 2996 881 3047 in
903 2995 1211 3049 universum
1239 2995 1550 3049 hominibus
1582 3012 1769 3051 neces-

189 3071 322 3121 saria
349 3075 503 3128 sunt,
534 3066 702 3134 idque
731 3065 1053 3132 simpliciter
1095 3075 1150 3119 et
1190 3065 1454 3128 absolute,
1485 3077 1540 3121 et
1570 3082 1674 3120 non
1703 3067 1770 3122 ad

188 3153 360 3192 certos
390 3141 535 3191 lines
557 3137 863 3199 duntaxat;
896 3137 946 3188 in
987 3135 1182 3204 quibus
1209 3134 1348 3189 haud
1379 3136 1540 3192 dubie
1569 3138 1772 3205 princi-

189 3224 296 3272 pem
340 3209 526 3263 locum
563 3207 810 3261 obtinent
845 3206 1096 3260 alimenta
1119 3215 1174 3260 et
1195 3206 1508 3262 indumenta
1539 3208 1778 3263 :idcirco

190 3280 245 3334 Ι).
276 3280 659 3349 Hieronymus
691 3287 746 3331 et
775 3277 864 3330 alii
891 3292 1262 3345 saepenumero
1285 3277 1358 3331 ita
1388 3279 1572 3349 legunt
1599 3288 1653 3332 et
1695 3281 1776 3333 ci-

188 3361 289 3404 tant
330 3369 344 3402 :
381 3349 661 3403 Habentes
720 3349 931 3409 uictum,
987 3357 1035 3400 et
1064 3349 1331 3411 amictum,
1377 3349 1454 3401 vel
1507 3350 1775 3416 vestitum;

188 3423 348 3491 magis
376 3421 448 3474 ad
496 3427 745 3491 mentem
778 3418 1046 3491 Apostoli,
1079 3430 1137 3491 et
1160 3433 1498 3491 communem
1519 3420 1774 3491 intellege

190 3487 488 3560 iniquam
504 3489 574 3543 ad
585 3491 697 3542 vim
712 3488 955 3560 vocabuli
969 3487 1140 3560 Gnaei
1155 3490 1493 3544 attendentes
1507 3489 1777 3560 (Epist.22

193 3556 634 3622 dEistochium,
652 3569 699 3611 et
719 3559 810 3612 lib.
835 3573 872 3611 ιι
893 3561 945 3610 in
969 3556 1233 3630 lat'inian.
1258 3567 1304 3612 et
1326 3556 1603 3630 epistﬂb')’.
1627 3560 1778 3615 Unde

195 3635 335 3686 etiam
377 3635 632 3686 manavit
661 3629 756 3683 illa
795 3629 1130 3684 consuetudo
1174 3630 1227 3683 in
1253 3631 1526 3699 plerisque
1561 3629 1778 3699 religio-

193 3705 357 3769 nibus,
378 3713 444 3756 ut
475 3701 780 3771 professuri
811 3700 1186 3768 religiosiqnid
1212 3710 1414 3771 petant,
1441 3701 1773 3771 interrogati,

193 3770 559 3842 respoodeant
590 3790 602 3822 :
633 3773 821 3824 victum
844 3815 857 3836 ,
901 3779 947 3842 et
976 3772 1216 3822 amictum
1239 3770 1543 3840 (Cassianus
1585 3770 1675 3824 lib.
1706 3787 1778 3826 vn

194 3859 232 3896 ι.
255 3841 372 3912 '29).
408 3845 515 3898 Est
549 3855 717 3912 porro
749 3841 836 3895 hic
863 3841 1024 3894 etiam
1055 3842 1448 3895 observandum
1476 3885 1492 3908 ,
1520 3843 1664 3911 quod
1708 3856 1776 3897 ex

195 3914 279 3969 hoc
317 3915 582 3968 Cassiani
627 3914 774 3975 loco,
804 3923 859 3964 et
891 3913 1011 3965 aliis
1037 3913 1355 3980 quibusdam
1381 3914 1611 3982 probant
1637 3928 1778 3967 non-

195 3986 313 4038 nulli
339 3987 448 4038 hos
473 3985 670 4045 libros,
692 3997 796 4036 non
819 3982 1028 4050 Graece,
1061 3991 1121 4035 ut
1139 3984 1351 4049 quidam
1389 3983 1596 4052 Opinati
1628 3992 1776 4050 sunt,

193 4057 278 4108 sed
297 4055 502 4110 Latine
527 4056 598 4108 ab
620 4068 684 4107 eo
709 4054 1045 4125 conscriptos
1066 4067 1187 4106 esse
1211 4052 1442 4125 (Ciacon.
1471 4056 1523 4107 in
1539 4071 1634 4107 sua
1647 4071 1780 4125 pra:-

197 4127 332 4194 {at.).
359 4126 506 4179 Dum
538 4125 683 4179 enim
707 4124 851 4176 illam
874 4125 1199 4177 sententiam
1227 4124 1469 4191 Apostoli
1498 4124 1777 4180 meliusex

196 4196 380 4250 (ἔπειτα
411 4199 467 4249 in
496 4195 746 4248 Latinutn
770 4196 840 4247 ita
862 4195 996 4247 verti
1029 4195 1282 4257 ostendit,
1306 4211 1461 4264 quam
1493 4207 1552 4248 ut
1585 4195 1636 4248 ιιι
1660 4198 1778 4264 qui-

197 4267 419 4321 busdam
446 4266 656 4320 Latinis
677 4265 1074 4331 exemplaribus
1096 4264 1347 4330 habetur,
1379 4264 1520 4320 haud
1547 4267 1778 4321 obscure

197 4339 395 4392 indicat
424 4353 488 4391 se
522 4336 708 4389 Latine
735 4336 992 4399 scribere,
1029 4351 1135 4387 non
1171 4334 1377 4389 Graace.

264 4407 291 4445 δ
325 4407 579 4462 Notanda
623 4405 911 4465 sententia,
937 4421 1094 4474 quam
1128 4406 1266 4458 inter
1295 4406 1426 4459 alias
1465 4407 1778 4462 selectiores

202 4477 300 4532 sub
324 4479 494 4533 finem
527 4478 710 4546 operis
743 4489 843 4530 suo
867 4478 1054 4530 ordine
1096 4477 1516 4531 recensebimus.
1543 4477 1638 4532 Cui
1693 4494 1779 4534 re-

1897 1866 1960 1917 ad
1995 1863 2256 1930 agendam
2297 1861 2382 1916 vel
2429 1863 2821 1930 praedicandam
2852 1861 3240 1932 painiientiam,
3270 1867 3334 1920 ad
3370 1869 3461 1924 Dei

1893 1937 2186 1989 vindictam
2220 1933 2588 1995 avertendam,
2625 1932 2690 1986 ad
2721 1949 2936 1988 carnem
2973 1935 3367 2000 macerandam,
3393 1940 3462 1993 ad

1891 2005 2077 2059 tnundi
2102 2013 2468 2074 contemptum
2492 2003 2879 2073 designandum
2906 2023 2918 2057 :
2948 2022 3053 2073 quo
3087 2006 3245 2060 modo
3271 2007 3456 2068 David.

1888 2077 2097 2148 Achab,
2128 2072 2336 2148 Joram,
2379 2072 2648 2148 Ninivitaé,
2686 2075 2923 2145 plerique
2967 2072 3269 2146 prephetae,
3301 2088 3460 2148 atque

1889 2148 1976 2199 alii
2005 2146 2214 2212 ciliciis,
2249 2147 2361 2216 site
2399 2147 2571 2216 saccis
2605 2148 2769 2199 induti
2805 2147 3075 2215 leguntur.
3115 2149 3358 2216 Denique
3378 2146 3455 2206 ad

1889 2218 2194 2290 victoriam,
2247 2215 2617 2290 liberationem
2659 2216 3062 2290 _ab__hostibus,
3113 2215 3322 2290 aliaque
3363 2223 3454 2275 Dei

1884 2286 2145 2342 beneficia
2179 2286 2528 2356 impetranda,
2564 2295 2622 2338 ut
2650 2286 2833 2340 Judith
2876 2304 2995 2357 cap.
3026 2305 3142 2356 vttt,
3173 2286 3458 2346 et'llester

1886 2372 2004 2426 cap.
2050 2374 2121 2412 tv.
2156 2357 2251 2410 Est
2295 2368 2473 2411 autem
2513 2357 2908 2412 observandum
2949 2361 3089 2428 quod
3121 2361 3223 2414 etsi
3264 2375 3452 2416 saccus

1885 2443 1981 2496 pro
2025 2428 2202 2482 cilicio
2234 2428 2285 2480 in
2317 2428 2498 2480 multis
2525 2428 2816 2496 Scriptura:
2843 2430 2973 2482 locis
3015 2438 3258 2484 sumatur
3285 2435 3452 2496 (unde

1883 2508 1937 2552 et
1974 2499 2262 2554 Cassianus
2306 2496 2406 2552 hoc
2436 2496 2554 2570 l_oco
2585 2497 2716 2552 dicit
2746 2498 3010 2553 Ninivitas
3056 2501 3216 2554 cilicii
3247 2505 3451 2570 asperi-

1885 2579 1990 2624 tate
2019 2572 2249 2634 velatos,
2283 2584 2417 2638 quos
2439 2567 2711 2640 Scriptura
2741 2570 2875 2622 dicit
2908 2572 3077 2625 saccis
3110 2567 3370 2640 indutos),
3397 2583 3453 2629 et

1885 2641 2206 2709 ubicumque
2252 2640 2302 2692 in
2340 2640 2503 2692 veteri
2531 2639 2875 2695 Testamento
2899 2640 3132 2694 cilicium
3166 2639 3333 2696 vertit
3367 2645 3450 2697 in-

1881 2718 2126 2779 terpres,
2181 2709 2440 2764 Hebraice
2484 2709 2745 2764 habeatur
2793 2729 2899 2777 sac,
2950 2712 3113 2766 dictio
3169 2712 3453 2768 Germanis

1878 2782 2040 2835 etiam
2094 2781 2289 2835 usitata
2345 2781 2508 2848 (unde
2563 2795 2592 2833 a
2640 2781 2842 2835 ϐιηθεὶς
2907 2791 2962 2836 et
3010 2783 3212 2836 Latinis
3255 2800 3448 2838 nomen

1881 2851 2086 2915 σάκκος,
2119 2867 2297 2905 saccus
2324 2849 2680 2918 mutuatum):
2705 2853 2833 2905 alibi
2863 2863 3044 2906 tamen
3063 2853 3314 2908 videntur
3338 2857 3450 2910 ha-c

1878 2938 1982 2977 non
2015 2923 2245 2977 obscure
2282 2923 2350 2974 ita
2381 2921 2663 2989 distingui,
2693 2923 2835 2992 quod
2861 2924 3094 2979 cilicium
3127 2926 3450 2981 intrinsecus

1875 3004 1928 3047 et
1979 3009 2141 3062 super
2185 2991 2384 3046 nudum
2433 2991 2780 3058 indueretur,
2828 3009 2990 3048 causa
3037 2994 3342 3050 alﬂictionis
3397 3009 3451 3051 ot

1875 3063 2262 3118 macerationis
2289 3064 2468 3117 carnis
2500 3080 2511 3115 :
2539 3077 2727 3118 saccus
2759 3078 2905 3131 vero,
2939 3073 2996 3118 ut
3017 3068 3138 3119 vilis
3169 3075 3220 3119 et
3271 3069 3446 3121 sordi-

1879 3135 1978 3188 dus
2010 3136 2244 3200 habitus,
2276 3135 2613 3188 extrinsecus
2642 3143 2944 3203 gestaretur
2973 3137 3232 3190 duntaxat
3274 3137 3450 3191 hinni-

1805 3179 1850 3240 (δ
1884 3205 2049 3278 litatis
2087 3179 2509 3278 etconfusionis
2543 3179 2720 3272 erga:
2771 3207 3067 3274 przcsertim
3089 3179 3446 3278 'amp'rincipi-

1881 3275 2003 3340 bus,
2051 3285 2106 3331 et
2147 3276 2442 3348 illustribus
2476 3277 2722 3348 personis
2753 3280 2928 3346 :quod
2972 3279 3169 3346 duplici
3200 3275 3447 3348 exemplo

1883 3348 2096 3414 probari
2133 3357 2330 3416 potest.
2362 3345 2492 3399 Nam
2521 3346 2588 3399 de
2616 3361 2740 3415 rege
2769 3345 2954 3402 Achab
2980 3345 3207 3418 IV’Reg.
3245 3365 3281 3402 tt
3312 3345 3446 3418 legi-

1886 3419 2140 3490 turrqnod
2172 3418 2369 3485 operuit
2415 3434 2620 3470 carnem
2659 3434 2804 3490 suam
2843 3420 3030 3482 cilicio,
3067 3421 3440 3490 jejunavitgue,

1882 3497 1928 3561 et
1955 3489 2194 3561 dormivit
2225 3491 2277 3539 in
2301 3503 2478 3561 sacco,
2501 3498 2549 3542 et
2581 3487 2857 3542 ambulauit
2886 3487 3104 3544 demisso
3118 3487 3312 3561 capite.
3335 3487 3442 3546 'Uhi

1881 3559 2031 3610 vides
2073 3567 2307 3629 quatuor
2342 3558 2908 3629 olliciauptnnitentite
2930 3558 3290 3629 particulatim
3336 3562 3445 3615 dis-

1884 3630 2064 3681 tincta.
2102 3629 2166 3681 Et
2195 3629 2262 3681 de
2284 3627 2463 3680 Joram
2493 3627 2556 3682 IV
2590 3628 2725 3696 Reg.
2758 3646 2807 3683 vt
2835 3647 2847 3680 :
2877 3627 3004 3683 cam
3034 3632 3265 3684 scidisset
3293 3634 3445 3685 vesti-

1882 3708 2051 3751 menta
2076 3715 2170 3750 sua
2191 3738 2206 3760 ,
2246 3699 2368 3750 t'idit
2391 3700 2551 3751 omnis
2581 3700 2799 3769 populus
2839 3701 3061 3753 cilicium
3089 3718 3191 3770 quo
3236 3703 3444 3756 restitns

1881 3779 1989 3822 erat
2029 3771 2097 3821 ad
2125 3785 2349 3833 carnem,
2381 3770 2520 3836 quod
2561 3775 2628 3823 de
2665 3785 2824 3823 sacco
2862 3786 3122 3837 nusquam
3164 3773 3440 3838 reperies;

1883 3841 1978 3893 sed
2007 3840 2088 3894 vel
2135 3839 2352 3908 operiri,
2384 3840 2468 3911 vel
2503 3839 2672 3903 indui,
2701 3842 2784 3895 vel
2825 3842 3099 3910 przecingi,
3129 3842 3355 3911 accingi,
3389 3852 3445 3898 et

1883 3911 2097 3972 similia,
2138 3926 2257 3978 qua:
2302 3923 2358 3962 ut
2400 3910 2686 3977 plurimum
2723 3913 3061 3966 extrinsecus
3102 3913 3216 3966 lieri
3247 3910 3440 3968 solent.

1885 3980 2050 4034 Porro
2079 3983 2133 4034 in
2159 3995 2296 4034 novo
2319 3981 2661 4035 Testamento
2687 3980 2924 4036 Joannes
2947 3982 3205 4052 Baptista,
3236 3982 3444 4052 primus

1885 4052 2214 4124 pmnitentia:
2236 4066 2433 4118 przeco,
2452 4053 2650 4120 primus
2669 4053 2850 4108 itidem
2864 4068 3154 4123 congruum
3178 4069 3288 4108 suae
3309 4070 3446 4124 pra:-

1883 4123 2133 4194 dicationi
2166 4125 2567 4188 vestimentum,
2595 4138 2786 4191 nempe
2815 4124 3064 4190 cilicium,
3101 4135 3156 4179 ut
3181 4123 3446 4194 paeniten-

1884 4195 1970 4246 tiae
1993 4193 2313 4263 symbolum,
2349 4194 2578 4261 prietulit
2620 4210 2634 4246 :
2674 4195 2886 4247 habebat
2918 4197 3051 4248 enim
3093 4193 3445 4250 t'eslimenlttm

1884 4265 1943 4318 de
1975 4265 2092 4334 pilis
2113 4263 2442 4329 camelorum,
2459 4263 2533 4317 ait
2559 4263 2898 4336 Evangelista
2929 4265 3144 4335 (Matth.
3169 4267 3270 4336 ιιι).
3293 4266 3446 4322 Unde

1883 4344 2093 4388 constat
2132 4348 2228 4402 pro
2271 4338 2593 4388 vestimento
2639 4335 2712 4388 illi
2746 4334 2911 4390 fuisse
2940 4334 3186 4391 'cilicium
3216 4334 3284 4391 de
3325 4340 3444 4404 pilis

1883 4404 2214 4459 camelorum
2243 4413 2590 4469 contextum;
2639 4418 2747 4458 non
2779 4416 2954 4460 autem
2988 4409 3179 4475 pellem
3225 4409 3443 4473 cameli,

1887 4488 1977 4528 aut
2008 4476 2240 4542 cujusvis
2269 4476 2550 4537 animalis;
2584 4475 2721 4529 sicut
2765 4477 3052 4544 Apostolus
3097 4478 3160 4531 ad
3191 4478 3446 4534 Hebraeos

197 4550 428 4616 spondet
455 4557 682 4602 octavus
712 4546 1031 4600 humilitatis
1071 4547 1268 4615 gradus
1307 4561 1337 4599 a
1384 4548 1446 4600 υ.
1485 4548 1776 4604 Benedicto
1804 4557 1857 4616 D
1881 4546 2286 4615 dicitquosdam
2326 4546 2655 4616 circumiisse
2696 4548 2748 4599 in
2778 4549 2996 4612 metatis,
3039 4550 3091 4602 in
3123 4548 3338 4616 pellibus
3361 4567 3445 4602 ca-

197 4621 508 4688 assignatus
541 4637 552 4670 :
595 4616 656 4672 Si
687 4617 814 4670 nihil
844 4627 961 4686 agat
1005 4617 1281 4670 monachus
1302 4659 1316 4682 ,
1356 4619 1454 4671 nisi
1479 4621 1613 4687 quod
1641 4635 1780 4672 com-

197 4692 367 4743 munis
400 4689 704 4759 monasterii
737 4688 966 4759 Begula,
1006 4689 1083 4741 vel
1136 4691 1394 4759 majorum
1451 4691 1781 4743 cohortantur

197 4762 447 4830 exempla
488 4758 637 4830 (Cap.
667 4759 698 4812 7
727 4757 909 4830 Reg.)
953 4757 1190 4827 lteutque
1214 4757 1336 4811 alia
1365 4759 1606 4825 ejusdem
1637 4760 1777 4815 hattd

195 4821 481 4884 dissimilis
495 4821 776 4884 ‘sententia
797 4821 983 4895 {Quod
1009 4821 1118 4882 sine
1137 4821 1472 4899 permissione
1491 4831 1654 4899 patris
1674 4834 1782 4898 spi-

194 4902 402 4954 ritualis
419 4901 502 4969 ﬁt,
528 4900 916 4973 praesumptioni
938 4898 1268 4970 deputabitur
1289 4939 1306 4967 ,
1335 4910 1383 4953 et
1410 4898 1552 4954 vana:
1577 4901 1780 4973 gloriw,

113 4969 148 5022 ιδ’
194 4989 299 5025 non
334 4968 563 5023 mercedi
596 4968 887 5041 (ϐορέω).

121 5082 124 5089 ι
276 5053 297 5079 ε
331 5042 584 5097 Cilicium
605 5044 654 5112 (a
674 5055 782 5110 quo
801 5039 1015 5095 cilicina
1035 5040 1228 5112 vestis)
1248 5058 1274 5095 a
1294 5039 1548 5096 Cilicibus
1574 5044 1784 5112 populis

127 5113 130 5118 ’
195 5113 452 5184 dictum,
494 5113 632 5181 apud
663 5126 799 5180 quos
829 5112 1269 5184 cilriciagprimum
1311 5113 1552 5184 confecta
1587 5113 1783 5184 (Varro

195 5185 234 5236 l.
263 5200 302 5238 ιι
325 5185 398 5237 de
420 5183 501 5237 Re
521 5185 695 5235 rustic.
715 5199 830 5246 cap.
853 5183 960 5304 H2.
979 5182 1154 5237 Vestis
1175 5194 1256 5237 est
1283 5183 1496 5237 horrida
1517 5194 1570 5238 et
1592 5182 1784 5253 aspera

199 5271 264 5304 ex
287 5256 420 5304 nilis
432 5255 787 5304 camelorum.
813 5262 904 5304 aut
933 5255 1186 5304 tircorum
1209 5254 1778 5304 tonsilibuscontexta:

169 5272 176 5278 ’
199 5271 264 5309 ex
287 5256 420 5324 pilis
432 5255 787 5317 camelorum,
813 5254 1186 5308 authircorum
1209 5254 1493 5309 tonsilibus
1507 5264 1779 5320 contexta;

197 5328 359 5395 cujus
409 5325 659 5392 frequens
714 5334 771 5378 et
811 5324 1085 5393 multiplex
1115 5340 1242 5379 usus
1285 5326 1335 5378 in
1379 5328 1546 5380 sacris
1592 5327 1784 5380 litteris

201 5406 547 5451 memoratur
591 5405 644 5450 et
693 5397 1119 5449 commendatur.
1176 5396 1412 5450 Primum
1461 5399 1513 5450 in
1555 5397 1697 5450 luctu
1730 5407 1784 5452 et

200 5467 589 5538 deploratione
615 5467 806 5520 mortis
831 5477 922 5519 aut
953 5467 1273 5538 calamitatis
1291 5467 1536 5536 alicujus.
1572 5468 1665 5522 Sic
1688 5467 1778 5522 Ja-

202 5537 306 5594 cob
332 5537 668 5607 patriarcha,
707 5538 825 5590 visa
850 5539 1039 5608 tunica
1069 5537 1267 5608 Joseph
1300 5539 1393 5593 filii
1425 5541 1505 5593 sui
1527 5579 1540 5599 ,
1576 5539 1777 5607 primus

198 5613 450 5664 omnium
508 5609 751 5682 legitur,_
766 5607 975 5662 indutus
1013 5610 1176 5682 cilicia
1202 5607 1388 5682 lugens
1432 5612 1599 5679 ﬁlium
1629 5627 1780 5664 suum

196 5682 364 5737 nullo
414 5691 664 5747 ternpore.
713 5678 1110 5751 Ge_n.__xxxv~tt.
1137 5681 1202 5735 Et
1230 5678 1393 5736 David
1435 5678 1490 5734 in
1513 5682 1783 5751 exsequiis

197 5753 407 5820 Ahucr.
437 5752 482 5812 ll
505 5752 642 5826 Reg.
674 5764 756 5808 ιιι.
774 5747 845 5808 Et
864 5749 1226 5810 Mardochaeus
1242 5753 1336 5809 lib.
1354 5753 1542 5810 Hester
1564 5747 1683 5828 cap'.
1701 5769 1780 5813 nt.

1888 4619 2072 4688 prinis.
2106 4618 2178 4688 De
2202 4616 2394 4685 quibus
2433 4615 2589 4688 intra.
2640 4617 2858 4688 Hornm_
2890 4619 3049 4687 igitur
3095 4615 3358 4688 exemplo,
3393 4629 3446 4673 et

1887 4687 2077 4742 iisdem
2113 4686 2181 4740 de
2205 4690 2382 4740 causis
2409 4687 2640 4759 cilicnum
2675 4690 2812 4741 inter
2827 4685 3186 4752 Christianos,
3217 4685 3443 4759 prteser-

1888 4760 1982 4813 tim
2032 4771 2158 4828 vero
2190 4760 2327 4811 inter
2365 4758 2656 4812 monachos
2686 4769 2738 4812 et
2769 4760 3041 4824 eremitas,
3085 4758 3276 4828 quovis
3313 4771 3444 4814 tem-

1889 4844 2020 4899 pore
2077 4827 2188 4899 fuit,
2223 4829 2646 4896 usitatissimum,
2694 4839 2749 4883 ut
2789 4839 3000 4885 constat
3034 4827 3114 4885 ex,
3147 4830 3209 4884 D.
3245 4830 3444 4884 Basilio

1889 4898 2006 4968 cap.
2049 4898 2116 4953 69
2163 4898 2400 4967 Regulae,
2445 4910 2500 4954 et
2545 4915 2612 4954 ex
2658 4900 2794 4954 Vitis
2838 4901 3174 4955 Sanctorum.
3223 4905 3291 4954 At
3337 4916 3444 4955 non

1889 4972 2028 5024 idem
2061 4969 2217 5024 cilicii
2242 4986 2372 5024 usus
2401 4971 2538 5033 apud
2569 4986 2754 5025 omnes
2781 4969 2899 5024 fuit.
2928 4973 3056 5026 Nam
3090 4973 3178 5025 alii
3207 4975 3304 5023 hac
3329 4974 3442 5024 sola

1888 5049 2037 5096 veste
2059 5042 2185 5094 tecti
2213 5053 2266 5094 et
2302 5041 2561 5106 contenti,
2593 5042 2794 5096 nullum
2823 5043 2985 5095 alium
3041 5043 3273 5095 habitum
3296 5051 3444 5094 exte-

1887 5113 1998 5166 rius
2045 5111 2404 5179 praeferebant
2433 5129 2444 5164 :
2477 5114 2616 5181 quod
2669 5115 2752 5166 hic
2777 5128 2880 5166 non
2907 5113 3097 5181 probat
3131 5112 3440 5178 Cassianus,

1887 5191 1942 5237 et
1965 5183 2240 5237 monachis
2263 5181 2532 5254 Egyptiis
2564 5200 2667 5239 non
2699 5185 2960 5252 placuisse
2986 5184 3113 5237 dicit
3134 5184 3202 5254 ob
3231 5181 3444 5254 pericu-
3519 5206 3526 5213 ι

1889 5255 1998 5307 Ιιιιιι
2029 5252 2406 5306 ostentationis
2429 5266 2481 5308 et
2512 5255 2686 5308 inanis
2710 5255 2895 5323 gloria:
2928 5272 2942 5308 :
2973 5265 3081 5306 tum
3114 5253 3235 5320 quia
3270 5252 3443 5304 homi-
3517 5261 3526 5323 ζ

1886 5341 2008 5378 nem
2041 5325 2314 5378 exercitiis
2340 5325 2672 5380 manualihus
2701 5321 2874 5379 minus
2897 5333 3075 5393 aptum
3109 5334 3444 5390 promptum-
3521 5321 3526 5330 ’

1886 5410 1990 5462 que
2011 5396 2288 5450 redderet:
2310 5395 2398 5448 alii
2426 5411 2556 5449 vero
2579 5397 2677 5449 sub
2690 5398 2807 5450 aliis
2827 5397 3061 5449 vestibus
3083 5393 3440 5459 occultabant,

1885 5478 1944 5521 ut
1971 5468 2150 5520 solent
2171 5480 2309 5520 nunc
2336 5466 2572 5535 religiosi
2600 5477 2653 5520 et
2684 5468 2751 5535 pii
2780 5465 3067 5520 Christiani
3095 5482 3106 5516 :
3141 5464 3280 5534 quod
3328 5464 3446 5517 nul-

1884 5539 2094 5592 latenus
2124 5537 2554 5604 improbandum,
2572 5538 2733 5590 immo
2748 5535 3154 5589 saluberrimum
3180 5550 3298 5590 esse
3314 5536 3446 5588 satis

1891 5609 2089 5664 indicat
2119 5612 2319 5663 Auctor
2344 5607 2443 5661 sub
2472 5610 2629 5662 tinem
2653 5606 2864 5678 capitis.
2893 5606 3028 5678 )Iide
3057 5606 3209 5678 plura
3238 5607 3307 5660 de
3330 5604 3445 5678 cili-

1887 5683 1970 5741 cio
1999 5691 2055 5752 et
2088 5689 2260 5738 strata
2283 5678 2502 5739 cilicino
2537 5679 2592 5737 in
2621 5679 2761 5737 notis
2785 5677 2854 5735 ad
2879 5675 3074 5738 Collatl
3105 5680 3160 5751 i,
3191 5691 3313 5752 cap.
3340 5675 3443 5742 ult.
