4026 6334
514 269 590 329 si
1130 232 1173 245 “
1246 237 1251 245 ’
1397 217 1440 236 ”
1496 218 1499 219 ί
1838 259 2098 323 toanuts

2202 258 2471 325 ASSIANI
2804 294 2807 299 -
3708 268 3782 327 σε

520 383 681 443 chum
710 394 922 448 semper
964 378 1252 448 impigrum
1298 375 1719 447 expeditumque
1754 386 1987 447 oportet
2012 379 2092 434 in-
2117 380 2361 447 Acilicii
2406 384 2786 447 ostentarent,
2826 390 2937 450 quo
2978 379 3193 437 cunctis
3240 393 3405 452 super
3457 380 3784 441 imminente

508 475 738 540 cedere,
758 471 1013 530 inhabilis
1032 486 1193 543 atque
1216 471 1400 541 inepta
1420 470 1514 537 sit,
1543 469 1874 526 omnimodis
1894 470 2099 527 refuta-

521 576 670 625 runt.
699 566 854 633 Quod
876 566 923 622 si
950 564 1211 637 quosdam
1242 561 1348 618 hoc
1372 561 1569 618 amictu
1609 560 1980 619 circumdatos
2005 578 2101 620 au-

516 662 756 721 divimus
783 659 1094 733 probabiles
1119 657 1414 723 exstitisse,
1436 672 1544 713 non
1570 671 1638 713 ex
1658 671 1725 713 eo
1746 657 1908 713 nobis
1924 672 2119 717 monac,

518 748 819 811 steriorum
850 760 935 809 est
963 749 1151 820 regula
1178 747 1493 814 sancienda,
1519 747 1605 804 vel
1632 748 1853 819 antiqua
1883 755 2099 803 sancto-

520 861 643 903 rum
671 844 891 903 Patrum
916 852 1049 900 sunt
1093 840 1460 912 perturbanda
1490 840 1727 907 decreta,
1767 840 1910 912 quod
1940 840 2101 911 pauci

520 947 916 1009 praesumentes
953 936 1180 992 aliarum
1209 936 1471 1001 virtutum
1498 934 1802 1005 privilegio,
1836 949 1907 990 ne
1935 934 1990 989 in
2017 924 2143 991 his"

521 1029 738 1100 quidem
749 1043 869 1100 quas
882 1042 990 1085 non
1005 1026 1305 1084 secundum
1322 1025 1645 1082 catholicam
1665 1026 1903 1096 regulam
1926 1025 1997 1082 ab
2020 1026 2100 1082 eis

524 1131 781 1194 usurpata
792 1132 940 1187 sunt,
953 1119 1282 1192 reprehendi
1302 1118 1502 1176 debere
1517 1118 2103 1197 creduntur..Generali

522 1233 757 1289 namque
775 1216 1018 1273 omnium
1045 1213 1449 1283 constitutioni,
1478 1228 1777 1284 paucorum
1811 1227 1917 1269 non
1940 1213 2104 1270 debet

522 1311 763 1381 praeponi
796 1324 896 1365 nec
927 1308 1275 1379 praejudicare
1302 1308 1593 1363 sententia.
1622 1304 1736 1363 Illis
1763 1308 1910 1363 enim
1936 1307 2103 1364 debe-

2202 477 2351 533 urbis
2376 475 2659 532 eversione
2687 474 3017 545 lugentibus,
3069 474 3375 547 eodemque
3422 478 3623 532 amictu
3678 477 3785 531 cir-

2200 569 2487 633 cumdatis,
2511 567 2692 623 nullus
2721 576 2903 637 posset
2928 581 2960 622 a
2986 581 3262 638 quoquam
3278 568 3641 624 ostentatione
3666 565 3779 639 [AL
3824 552 3832 565 ’

2201 658 2605 732 ostentationis]
2636 662 2834 716 notari.
2865 659 3001 727 Quia
3022 660 3128 717 nisi
3174 661 3413 719 insolens
3436 661 3511 718 sit
3548 661 3827 732 diversi-_‘

2200 762 2306 823 tas,
2336 769 2443 810 non
2464 752 2691 810 oﬁ'endit
2718 751 3074 821 inmqualitas.

2800 842 3029 899 CAPUT
3078 842 3168 899 IV.

2616 937 2696 991 De
2724 936 2942 991 cucullis
2967 935 3360 1010 Egyptiarum
3815 976 3830 1014 ε

2274 1031 2413 1088 Sunt
2454 1040 2715 1100 praterea
2754 1029 3003 1101 quaedam
3034 1031 3088 1085 in
3137 1032 3253 1100 ipso
3280 1029 3656 1103 Egyptiorum
3686 1029 3777 1086 ha-

2203 1123 2317 1180 bitu
2365 1138 2474 1179 non
2505 1132 2711 1179 tantum
2754 1123 2824 1178 ad
2870 1138 3054 1178 curam
3086 1125 3369 1194 corporis,
3401 1132 3662 1193 quantum
3710 1124 3785 1181 ad

2203 1228 2416 1275 morum
2447 1212 2735 1269 formulam
2760 1214 3112 1284 congruentia
3136 1257 3152 1282 ,
3186 1229 3292 1285 quo
3332 1214 3692 1283 simplicitatis
3721 1222 3786 1271 et

2206 1304 2532 1369 ijnocenlite
2560 1304 2905 1361 observantia
2925 1346 2941 1371 ,
2975 1305 3135 1360 etiam
3169 1306 3222 1360 in
3249 1306 3363 1376 ipsa
3390 1307 3616 1361 vestitus
3645 1321 3782 1377 qua-

521 1417 644 1458 mus
674 1401 941 1458 institutis
966 1416 1032 1457 ac
1056 1400 1263 1471 regulis
1290 1399 1645 1456 indubitatam
1692 1400 1874 1466 ﬁdem,
1924 1410 1983 1457 et
2022 1384 2171 1481 ing/1
2206 1397 2357 1452 litate
2392 1404 2666 1452 teneatur.
2696 1405 2723 1434 ι
2746 1394 2986 1452 Cucullis
3015 1412 3247 1467 namque
3283 1398 3563 1466 perparvis
3610 1412 3789 1468 usque

522 1495 827 1551 discussam
854 1494 1218 1550 obedientiam
1244 1509 1343 1565 per
1370 1494 1550 1548 omnia
1579 1493 1948 1559 commodare,
1995 1504 2101 1549 nan

522 1601 655 1657 quas
677 1601 970 1656 paucorum
1012 1585 1264 1640 voluntas
1292 1585 1500 1652 intulit,
1552 1585 1647 1640 sed
1676 1600 1810 1655 quas
1861 1594 2104 1642 vetustas

523 1687 794 1734 tantorum
829 1687 1155 1749 temporum,
1186 1687 1243 1733 et
1264 1677 1628 1732 numerositas
1654 1687 1962 1733 sanctorum
1997 1679 2100 1733 Pa-

2202 1489 2271 1544 ad
2295 1489 2521 1545 cervicis
2549 1488 3005 1560 humerorumque
3028 1488 3283 1545 demissis
3303 1488 3563 1556 conﬁnia,
3580 1491 3786 1561 quibus

2202 1591 2409 1636 tantum
2447 1582 2625 1651 capita
2656 1590 2965 1649 contegant,
2995 1580 3365 1635 indesinenter
3392 1580 3587 1635 diebus
3616 1591 3782 1636 utun-

2203 1682 2291 1728 tur
2321 1690 2384 1728 ac
2426 1672 2701 1738 noctibus,
2729 1674 2939 1727 scilicet
2964 1682 3025 1727 ut
3052 1672 3415 1727 innocentiam
3442 1681 3497 1727 et
3524 1672 3787 1743 simplici-

523 1779 668 1825 trum
698 1769 955 1827 concordi
1003 1768 1319 1825 deﬁnitione
1347 1769 1400 1823 in
1443 1778 1717 1839 posterum
1764 1771 2099 1840 propagavit.
2130 1770 2369 1831 Btatem
2402 1767 2749 1836 parvulorum
2775 1766 2982 1836 jugiler
3003 1766 3278 1821 custodire
3299 1768 3460 1821 etiam
3483 1767 3788 1823 imitatione

520 1859 636 1917 Nec
657 1859 763 1916 hoc
784 1875 915 1917 sane
936 1859 1293 1931 przejudicare
1318 1860 1472 1916 nobis
1499 1860 1662 1916 debet
1683 1861 1748 1915 ad
1777 1862 2105 1930 quotidianae

520 1954 949 2011 conversationis
976 1953 1284 2023 exemplum
1307 1994 1322 2019 ,
1374 1952 1523 2023 quod
1565 1953 1654 2008 vel
1684 1952 1858 2008 loram
1887 1954 2107 2009 sacrile-

519 2061 622 2117 gus
648 2061 747 2102 rex
773 2044 939 2101 lsrael
968 2046 1201 2101 catervis
1227 2044 1461 2100 hostium
1494 2044 1908 2113 circumseptus,
1938 2048 2106 2100 scissa

521 2145 696 2205 veste,
726 2135 964 2194 cilicium
998 2136 1255 2193 habuisse
1303 2135 1620 2206 perhibetur
1646 2136 1974 2192 intrinsecus
2015 2136 2104 2208 (IV

522 2227 655 2301 Reg.
686 2227 786 2301 vt),
811 2229 899 2285 vel
921 2228 1066 2299 quod
1090 2228 1341 2283 Ninivita:
1368 2227 1435 2283 ad
1478 2226 1831 2298 mitigandam
1863 2227 1960 2283 Dei
1982 2244 2108 2283 sen-

522 2319 748 2375 tentiam
777 2335 895 2390 qua:
918 2320 971 2374 in
1002 2335 1097 2376 eos
1132 2320 1239 2373 lata
1269 2312 1444 2372 fuerat
1474 2334 1569 2388 per
1613 2319 1955 2389 prophetam,
1985 2320 2103 2375 cili-

521 2409 593 2466 cii
615 2410 909 2480 asperitate
938 2411 1099 2467 velati
1129 2421 1255 2465 sunt
1304 2409 1476 2479 (Jama
1505 2410 1607 2482 in),
1648 2426 1771 2471 cum
1812 2420 1866 2467 et
1910 2412 1998 2466 ille
2025 2411 2102 2467 ita

521 2502 853 2561 intrinsecus
876 2504 1111 2559 latenter
1149 2502 1372 2558 indutus
1413 2517 1480 2558 eo
1535 2502 1700 2558 luisse
1748 2513 2101 2571 monstretur,

521 2606 580 2651 ut
607 2597 710 2652 nisi
740 2598 913 2652 scisso
942 2596 1174 2665 desuper
1212 2595 1529 2650 indumento
1557 2610 1588 2649 a
1632 2596 1847 2650 nemine
1877 2611 2103 2665 prorsus

519 2690 789 2759 patuisset
815 2690 1065 2764 intelligi,
1109 2696 1167 2745 et
1191 2688 1281 2745 isti
1310 2702 1374 2744 eo
1406 2697 1653 2759 tempore
1703 2691 2100 2759 operimentum

2207 1860 2373 1931 ipsius
2403 1859 2684 1916 velatninis
2723 1869 3186 1915 commoveantur.
3217 1858 3320 1925 Qui
3352 1859 3555 1915 reversi
3585 1860 3654 1914 ad
3695 1860 3788 1915 in-

2206 1953 2427 2007 fantiam
2466 1950 2668 2007 Christi
2695 1954 2908 2007 cunctis
2939 1952 3088 2005 horis
3115 1967 3237 2005 cum
3264 1951 3461 2007 allectis
3489 1967 3556 2006 ac
3580 1953 3790 2011 virtute

2207 2043 2499 2099 decantant
2517 2063 2529 2097 :
2549 2043 2790 2110 Domine,
2812 2060 2913 2097 nan
2945 2053 3019 2097 est
3047 2044 3330 2098 exaltatum
3361 2061 3448 2098 car
3474 2060 3662 2111 meum,
3694 2061 3787 2099 nec

2207 2157 2305 2209 que
2321 2139 2440 2194 elati
2450 2151 2564 2194 sunt
2577 2137 2714 2193 oculi
2727 2140 2848 2207 mei,
2867 2154 3030 2208 neque
3049 2138 3305 2193 ambulavi
3324 2139 3379 2193 in
3391 2139 3610 2212 magnis,
3624 2152 3787 2207 neque

2207 2234 2264 2286 in
2295 2232 2615 2285 mirabilibus
2648 2247 2802 2300 super
2832 2246 2932 2284 me.
2966 2230 3031 2286 Si
3063 2247 3170 2283 non
3194 2230 3457 2285 humiliter
3482 2230 3785 2298 sentiebam,

2208 2324 2297 2379 sed
2326 2324 2548 2377 exaltavi
2597 2324 2821 2376 animam
2849 2337 3014 2374 meam
3040 2325 3209 2376 :sicut
3234 2322 3517 2376 ablactatus
3540 2331 3612 2376 est
3629 2333 3787 2392 super

2209 2429 2370 2472 matre
2390 2433 2486 2470 sua
2515 2413 2734 2488 (Psalm.
2759 2410 2953 2481 cur).

2829 2505 3059 2561 CAPUT
3085 2506 3146 2560 V.

2633 2598 2713 2653 De
2732 2600 2940 2654 colobiis
2966 2597 3349 2671 Egyptiarum.
3462 2576 3485 2603 ⁸

2282 2690 2310 2729 ι’
2339 2689 2577 2747 Colobiis
2604 2706 2819 2762 quoque
2847 2692 3002 2746 lineis
3032 2690 3225 2758 induti,
3255 2705 3378 2761 quae
3405 2690 3498 2746 vix
3528 2691 3598 2747 ad
3626 2692 3785 2749 cubi-

1596 2826 1853 2883 ALABDI
1890 2827 2129 2884 GAZIEI
2168 2827 2731 2885 COMMENTARIUS.

591 2927 618 2956 ι
646 2917 925 2982 Cucullus,
954 2917 1045 2972 vel
1084 2916 1339 2982 cucullio,
1381 2918 1468 2973 vel
1519 2918 1694 2974 minus
1732 2920 1939 2986 Latine,
1995 2936 2090 2975 cu-

519 2990 681 3061 culla,
711 3004 883 3061 genus
932 2996 1020 3043 est
1053 2989 1389 3061 vestimenti,
1417 3004 1515 3044 seu
1556 2992 1808 3055 amicuts,
1844 3001 2005 3061 caput
2038 2999 2094 3046 et

522 3058 780 3115 humeros
808 3058 1264 3115 circumambiens
1290 3068 1346 3113 et
1376 3069 1692 3127 protegens;
1724 3062 1867 3117 unde
1902 3058 2089 3117 cucul-

519 3131 686 3195 latus,
710 3132 764 3186 id
793 3140 899 3196 est,
923 3128 1133 3202 cucullo
1155 3131 1239 3185 vel
1272 3119 1484 3202 cuculla
1506 3119 1724 3186 indutus
1749 3129 1841 3202 (Ι).
1874 3133 2091 3186 Ambro-
2119 3119 2166 3184 C

517 3204 621 3257 sius
648 3219 804 3259 serm.
842 3202 972 3267 ult.,
998 3200 1255 3271 §idonius
1279 3201 1369 3257 lib.
1395 3218 1468 3256 vu
1489 3202 1639 3271 epist.
1666 3200 1765 3266 ili,
1793 3200 1936 3258 Petr.
1970 3204 2096 3259 Clu-

517 3275 744 3328 niacens.
797 3274 835 3326 l.
884 3288 943 3326 ιιι
986 3268 1157 3341 Epist.
1206 3270 1325 3338 28).
1356 3268 1526 3327 Porro
1554 3273 1774 3327 cucullis
1806 3274 2097 3329 utebantur

518 3344 766 3413 monachi
798 3341 1063 3413 Egyptii,
1103 3357 1207 3413 non
1241 3353 1345 3397 tam
1377 3344 1443 3397 ad
1491 3343 1733 3409 corporis
1769 3359 1975 3411 curam,
2018 3347 2097 3399 ait

517 3412 832 3481 Cassianus,
881 3412 1039 3483 quam
1072 3412 1138 3466 ad
1168 3415 1479 3468 monasticae
1518 3414 1894 3479 simplicitatis,
1926 3427 1981 3468 et
2009 3415 2097 3469 in-

521 3487 788 3555 nocentiae
818 3482 1149 3555 symbolum,
1171 3484 1313 3552 quod
1356 3485 1517 3555 etiam
1552 3492 1779 3539 testatur
1815 3486 1875 3539 Β.
1924 3486 2094 3539 Doro—

518 3553 812 3610 theusloco
836 3551 1085 3621 superius
1108 3551 1273 3607 citato
1300 3571 1312 3605 :
1341 3551 1604 3617 Fcrimus,
1622 3555 1815 3619 inquit,
1842 3564 1889 3609 et
1918 3557 2095 3611 cucul-

517 3624 655 3689 lum,
689 3624 826 3696 quod
855 3623 1162 3696 innocentia
1202 3624 1406 3696 signum
1434 3635 1509 3678 est
1551 3633 1599 3677 et
1643 3626 1901 3695 puritatis.
1934 3626 2097 3682 Pueri

517 3641 655 3689 tum,
689 3641 825 3696 quoa
855 3641 1162 3678 tnnocenme
1202 3641 1245 3675 si
1284 3641 1406 3677 num
1434 3641 1509 3678 est
1551 3641 1599 3677 et
1643 3641 1901 3695 puritatis.
1934 3641 2095 3682 ruere

515 3697 650 3767 enim
678 3694 887 3767 parvuli
926 3692 1188 3767 cucullum
1233 3641 1426 3764 ferunt,
1460 3711 1560 3748 non
1589 3697 1682 3767 viri
1717 3699 1946 3767 perfecti.
1980 3697 2095 3755 Nos

514 3765 688 3847 igitur
717 3765 996 3847 cucullum.
1034 3765 1274 3833 ferimus,
1327 3774 1381 3847 ut
1452 3765 1875 3847 parvuliusimus
1940 3771 2095 3823 mali-

516 3835 620 3899 tia;
656 3835 1084 3904 quemadmodum
1115 3845 1286 3893 manet
1311 3835 1619 3904 Apostolus:
1644 3836 1822 3891 Nolite
1864 3842 2096 3896 sensibus

513 3907 717 3977 parvuli
746 3923 883 3973 esse;
920 3906 1121 3977 malitia
1159 3916 1325 3960 autem
1366 3906 1569 3976 parvuli
1611 3918 1785 3961 estote.
1835 3908 2094 3966 Sozonte-

515 3976 617 4031 nus
672 3977 764 4031 lib.
810 3992 869 4031 tu
919 3976 1121 4031 Hister.
1169 3992 1288 4046 cap.
1343 3979 1409 4032 l5
1459 3978 1525 4031 de
1572 3977 1765 4032 iisdem
1816 3981 2095 4035 monachis

514 4060 679 4117 agens
717 4066 729 4099 :
777 4046 965 4117 Caput.
1005 4046 1196 4113 inquit,
1243 4050 1613 4117 integumenta,
1650 4049 1787 4116 quod
1839 4052 2095 4105 cucullum

519 4115 854 4189 (nuxobntov)
893 4119 1156 4189 appellare
1194 4115 1379 4185 solent,
1404 4120 1709 4189 aperiebant
1737 4136 1755 4173 :
1787 4137 1885 4189 quo
1928 4133 2096 4174 osten-

513 4187 687 4241 derent
735 4206 787 4242 se
826 4187 983 4261 vitam
1014 4189 1235 4261 perinde
1253 4188 1538 4258 simplicem
1568 4198 1615 4241 et
1649 4187 1897 4244 sinceram
1919 4208 2091 4261 agere,

514 4267 665 4331 atque
703 4275 885 4326 pueras
930 4259 1059 4311 lacte
1096 4258 1339 4324 nutritas,
1383 4275 1602 4331 quorum
1647 4271 1802 4331 caput
1843 4258 2097 4329 ejusmodi

514 4329 662 4400 tiaris
688 4330 980 4400 involvunt,
1017 4336 1075 4381 ut
1114 4329 1501 4400 tegatursimul
1544 4340 1592 4383 et
1636 4329 1892 4400 foueatur.
1934 4333 2099 4386 Addit

514 4396 853 4470 Nicephorus
879 4398 1014 4470 (Lib.
1042 4414 1097 4452 lx
1125 4396 1178 4452 εξ
1204 4398 1271 4470 Μ
1290 4469 1293 4470 ν
1315 4399 1539 4467 Histor.)
1573 4396 1780 4469 tegmen
1812 4402 1967 4466 illud,
1998 4418 2096 4459 seu

513 4466 803 4524 amiculum
828 4466 1184 4524 ac'uminatum
1224 4469 1412 4524 fuisse.
1446 4466 1714 4527 Palladius
1760 4472 1814 4526 in
1860 4472 2092 4529 Historia

511 4538 777 4595 Lausinca
803 4556 920 4605 cap.
953 4541 1016 4593 57
1047 4539 1234 4593 scribit
1258 4540 1552 4595 manachos
1576 4541 1963 4597 Tahennenses
1993 4546 2090 4601 sub

512 4608 805 4682 Pachomio
832 4612 1023 4664 abbate
1053 4610 1289 4664 cucullas
1317 4610 1571 4666 habuisse
1601 4615 1778 4667 crucis
1809 4629 2089 4682 purpurea:

512 4679 679 4747 ﬁgura
719 4689 932 4735 natatas
953 4697 969 4744 ;
994 4690 1050 4734 et
1085 4695 1181 4735 eos
1213 4696 1333 4736 cum
1366 4684 1479 4736 sola
1502 4683 1712 4738 cuculla
1745 4679 1821 4737 ad
1847 4679 2092 4741 commu-

511 4752 726 4806 nionem
765 4751 1024 4807 accedere
1055 4751 1265 4815 solitos,
1298 4763 1359 4807 ut
1396 4754 1651 4820 superius
1680 4757 2003 4819 notavimus,
2035 4767 2093 4813 et

510 4837 629 4888 cap.
657 4823 723 4875 41
752 4822 888 4877 dicit
915 4822 1077 4877 etiam
1106 4822 1344 4890 virgines
1372 4827 1832 4889 sanctimoiiiales,
1862 4841 1961 4880 suo
1986 4843 2092 4882 sae-

507 4892 632 4967 culo
681 4894 1054 4967 cucullis__uti_
1088 4895 1453 4967 consuevisse.
1502 4895 1565 4948 D.
1623 4896 1987 4967 Hieronymus
2034 4899 2089 4953 in

508 4962 859 5019 Teatamento
892 4963 1183 5018 Hilarionis
1216 4964 1482 5021 cucullam
1521 4967 1782 5029 nominat,
1821 4962 1899 5023 sic
1941 4962 2085 5023 enim

508 5034 698 5111 scribit
733 5033 980 5111 EHOmnes
1008 5035 1213 5111 divitias
1251 5051 1371 5089 suas
1410 5036 1459 5090 ei
1496 5038 1812 5111 relinquens,
1852 5037 2089 5111 Evange-

508 5104 635 5179 lium
675 5105 889 5179 scilicet,
920 5113 969 5159 et
1006 5107 1230 5179 tunicam
1262 5113 1547 5179 sacceum“,
1574 5104 1851 5177 cucullam,
1886 5118 1935 5164 et
1972 5104 2088 5179 pal-

508 5174 709 5231 liolum.
742 5177 806 5230 Et
830 5176 1194 5232 communiter
1220 5178 1397 5232 solent
1420 5179 1669 5232 monachi
1692 5174 1955 5233 cucullam
1972 5174 2089 5233 "vo-

507 5246 1139 5318 care,_noncucullum;
1191 5259 1245 5300 ut
1293 5256 1349 5303 et
1388 5247 1452 5301 D.
1506 5249 1826 5304 Benedictus
1856 5265 1973 5318 cap.
2015 5249 2086 5307 55

506 5313 746 5389 Begulm,
771 5317 859 5371 ubi
883 5318 1151 5385 duplicem
1194 5319 1310 5373 sive
1344 5319 1612 5388 geminam
1642 5320 1877 5389 assignat
1897 5313 2087 5375 cucul-

507 5383 901 5457 lam,‘alleram
944 5383 1002 5442 in
1047 5389 1210 5443 hieme
1251 5383 1509 5457 villosum,
1548 5383 1777 5444 alteram'
1811 5391 1866 5443 in
1911 5401 2087 5446 testate

506 5454 795 5524 simplicem
833 5471 876 5514 et
907 5470 1130 5516 tenuem.
1174 5460 1227 5514 ln
1258 5476 1421 5530 quem
1444 5454 1621 5517 locum
1649 5464 1929 5516 annotavit
1950 5461 2087 5514 Tur-

506 5537 837 5601 recrematus
857 5533 1126 5588 cucullam
1158 5525 1528 5587 diversimode
1554 5533 1725 5601 accipi
1753 5532 2083 5601 adiversis:

505 5594 702 5669 Aliqui,
728 5599 921 5672 inquit,
948 5604 1179 5659 videlicet
1203 5602 1607 5670 Ultramantani,
1630 5594 1889 5665 cucullam
1910 5600 2088 5658 dicunt

2118 4507 2171 4567 D

2190 2921 2425 2976 habitum
2454 2922 2662 2992 longum
2701 2932 2746 2975 et
2784 2922 3035 2993 amplum,
3062 2922 3152 2976 sed
3177 2922 3411 2977 manicas
3438 2939 3542 2977 non
3564 2923 3784 2993 iltaben-

2194 3000 2327 3057 tem;
2357 2996 2493 3047 sicut
2520 2996 2723 3047 videtur
2751 2993 2981 3047 Clemens
3012 3010 3148 3061 papa
3179 2994 3409 3061 accipere
3452 2996 3504 3047 in
3545 2992 3786 3048 Clemen-

2195 3063 2301 3135 tina
2332 3065 2501 3135 prima
2540 3065 2605 3118 de
2641 3074 2780 3117 statu
2816 3065 3217 3135 monachorum;
3259 3067 3449 3134 [locum
3497 3080 3613 3118 vero
3653 3068 3785 3121 dicit

2195 3133 2441 3197 habitum,
2475 3136 2563 3203 qui
2590 3135 2770 3205 longas
2798 3133 2945 3187 habet
2974 3135 3219 3188 manicas.
3250 3133 3357 3188 Alii
3381 3152 3497 3188 uera
3523 3139 3787 3191 cucullam

2196 3206 2465 3260 nominant
2496 3221 2613 3259 eum
2639 3204 2872 3258 habitum
2907 3206 2994 3273 qui
3038 3206 3180 3275 apud
3216 3205 3348 3259 alios
3374 3206 3565 3259 dicitur
3589 3209 3783 3273 ﬂacus,

2195 3277 2427 3347 uidelicet
2457 3276 2693 3330 habitum
2721 3292 2836 3328 cum
2864 3277 3067 3344 caputia
3096 3291 3160 3347 ea:
3186 3278 3323 3347 omni
3353 3286 3499 3347 parte
3524 3276 3781 3345 clausum,

2199 3346 2470 3419 longisque
2493 3348 2707 3401 manicis
2734 3348 3066 3419 ma_nicat_um.
3103 3346 3363 3419 llmcille.

2268 3416 2619 3483 h‘Co'lobium,
2634 3417 2927 3472 secundum
2944 3416 3187 3473 Graecam
3211 3416 3626 3481 derivationem,
3648 3419 3782 3473 sim-

2196 3489 2346 3559 plici,
2387 3505 2499 3545 non
2535 3490 2773 3555 gemino,
2810 3487 3157 3544 scribendum
3189 3486 3419 3557 (Alcuin.
3453 3488 3544 3541 lib.
3574 3489 3637 3542 de
3668 3489 3781 3544 dia.

2201 3559 2346 3630 Ollio.
2379 3576 2497 3623 cap.
2531 3559 2646 3631 55).
2691 3560 2785 3613 Est
2820 3565 3005 3631 autem
3046 3559 3227 3631 tunica
3272 3560 3499 3612 manicis
3535 3558 3785 3631 defecta,

2197 3629 2541 3687 astantibus
2588 3629 2745 3685 extra
2787 3645 2905 3685 eam
2948 3629 3225 3683 brachiis:
3257 3632 3361 3685 ἀπὸ
3410 3635 3503 3684 τοῦ
3544 3630 3781 3696 κολόϐου,

2199 3702 2342 3768 quod
2379 3703 2565 3761 breve,
2590 3701 2861 3763 mutilum,
2890 3715 2982 3754 seu
3014 3715 3262 3753 mancum
3294 3700 3581 3765 sigltiltcat.
3606 3700 3783 3755 Porro

2195 3772 2440 3829 Cassiani
2479 3770 3490 3839 colobia,quibusutebanturtnonachi
3509 3770 3781 3841 Egyptii,

2195 3858 2305 3897 non
2336 3843 2557 3897 omnino
2587 3842 2810 3895 manicis
2834 3841 3119 3905 carebant;
3142 3841 3238 3895 sed
3271 3857 3333 3896 ea
3364 3842 3500 3895 intra
3532 3846 3785 3898 cubitum

2195 3912 2517 3981 desinebant
2546 3910 2830 3981 (Saphran.
2858 3912 2913 3964 in
2943 3909 3108 3965 Prata
3135 3912 3308 3979 spirit.
3331 3928 3449 3979 cap.
3473 3912 3567 3977 92,
3597 3912 3701 3966 120
3728 3920 3783 3966 ιι

2196 3980 2363 4053 124);
2419 3980 2630 4053 νεὶίιιι
2684 3983 2797 4048 ipse
2854 3982 3131 4053 loquitur,
3171 3982 3287 4037 fere
3342 3983 3414 4037 ad
3469 3983 3782 4038 cubitorum

2194 4051 2442 4108 extrema
2465 4052 2860 4122 pertingebant,
2889 4067 2996 4104 non
3027 4051 3255 4107 humero
3287 4063 3441 4106 tenus
3469 4064 3690 4117 exerta,
3716 4060 3783 4108 ut

2194 4123 2434 4193 Cuychio
2473 4124 2647 4175 visum
2698 4132 2804 4176 est.
2858 4124 2931 4175 De
2988 4122 3181 4189 quibus
3231 4124 3566 4178 Sozomenus
3615 4124 3780 4177 aliam

2196 4196 2357 4249 etiam
2415 4194 2679 4249 rationem
2744 4193 3128 4261 tropologicum
3184 4208 3282 4248 seu
3328 4194 3590 4248 moralem
3634 4193 3782 4248 assi-

2194 4281 2363 4332 gnans
2394 4266 2490 4320 lib.
2524 4279 2583 4317 ιιι
2612 4279 2731 4331 cap.
2767 4265 2835 4318 15
2857 4266 3064 4329 scribit,
3095 4262 3317 4334 Egypti
3351 4266 3645 4319 monachos
3675 4285 3783 4319 am-

2194 4343 2356 4410 ετῶςδας
2387 4334 2795 4410 ἀχειροδωτοιῦς,
2830 4334 2936 4388 hoc
2974 4345 3088 4410 est,
3132 4337 3343 4391 tunicas
3386 4335 3506 4390 sine
3535 4335 3782 4410 manicis

2198 4404 2487 4472 habuisse;
2513 4404 2570 4458 ut
2598 4423 2654 4459 ea
2679 4408 2821 4474 signa
2852 4405 3174 4460 ostenderent
3195 4423 3377 4461 manus
3410 4422 3464 4460 se
3492 4405 3556 4459 ab
3582 4406 3782 4473 injuria

2196 4486 2244 4529 et
2269 4477 2579 4531 contumelia
2616 4476 2884 4544 inferenda
2920 4475 3105 4530 habere
3149 4478 3350 4545 pcnims
3380 4478 3574 4530 alienas
3600 4474 3782 4544 (Idem

2198 4546 2260 4627 S_.
2294 4547 2580 4627 Qarotheus
2621 4547 2707 4627 ubi
2749 4550 2951 4627 supra).
2984 4547 3169 4627 Porro
3196 4547 3518 4627 hujusmodi
3546 4548 3783 4627 colobiis

2196 4620 2404 4673 similes
2428 4620 2482 4673 in
2513 4618 2754 4672 vestibus
2783 4618 2954 4671 sacris
2982 4618 3330 4683 Dalmaticas,
3357 4632 3457 4673 seu
3489 4618 3783 4674 tunicellas

2198 4690 2454 4760 videmus;
2472 4689 2740 4760 (Alcuinus
2766 4688 2851 4740 ubi
2870 4704 3029 4760 supra
3057 4704 3173 4757 cap.
3194 4689 3310 4755 '57).
3336 4690 3414 4744 De
3442 4690 3635 4755 quibus
3664 4692 3782 4743 An-

2197 4762 2398 4815 selmns
2426 4758 2765 4829 decretorum
2796 4758 3083 4823 Collector,
3112 4762 3228 4814 haec
3255 4768 3529 4829 tamquam
3563 4775 3628 4813 ex
3658 4760 3774 4813 Eu-

2196 4831 2349 4886 sebio
2382 4828 2507 4896 (sed
2549 4829 2811 4881 incertum
2840 4828 2971 4899 quo)
3006 4829 3137 4884 citat
3167 4848 3179 4881 :
3210 4830 3255 4883 Λ
3290 4828 3466 4884 sancta
3505 4829 3777 4898 Sylvestro

2194 4909 2243 4971 et
2277 4899 2582 4971 presbyteris
2619 4900 2733 4971 ejus
2773 4900 3091 4971 colobiarum
3133 4916 3256 4955 usus
3293 4903 3505 4971 sumpsit
3542 4901 3777 4970 initium,

2195 4968 2243 5022 et
2275 4968 2505 5031 Marcus,
2546 4985 2605 5021 ac
2641 4968 2835 5033 Julius,
2869 4980 2915 5023 et
2944 4970 3175 5025 Liberius
3214 4988 3278 5027 ea:
3314 4968 3494 5026 ordine
3520 4979 3638 5024 sunt
3667 4968 3773 5025 usi.

2196 5038 2325 5092 Post
2351 5040 2442 5093 has
2462 5049 2633 5093 autem
2653 5038 2853 5095 colobia
2878 5040 2931 5093 in
2965 5041 3271 5097 dalmaticas
3297 5052 3607 5098 commutata
3628 5050 3773 5095 sunt.

2195 5109 2451 5166 llazcille.
2482 5112 2685 5165 Dicitur
2706 5121 2885 5165 autem
2912 5113 3184 5167 colobium
3212 5114 3347 5167 alias
3376 5113 3780 5177 libitonarium,

2193 5182 2278 5236 vel
2318 5181 2719 5253 levitonarium,
2753 5182 2956 5236 Isidoro
2997 5194 3134 5238 teste
3177 5184 3271 5238 lib.
3321 5200 3413 5238 six
3460 5183 3775 5253 Etymolog.

2192 5266 2310 5319 cap.
2345 5252 2413 5306 22
2437 5272 2448 5305 :
2472 5251 2867 5317 Libitanarium,
2903 5254 3098 5323 inquit,
3129 5266 3202 5308 est
3241 5255 3493 5309 colobium
3515 5251 3627 5307 sine
3656 5251 3777 5307 ma~

2193 5325 2343 5385 uicis,
2394 5325 2539 5394 quali
2588 5324 2823 5377 monachi
2868 5322 3088 5394 Egypti
3138 5333 3373 5381 utuntur.
3424 5324 3667 5379 Meminit
3717 5333 3778 5381 et

2195 5394 2256 5449 D.
2305 5394 2670 5463 Hieronymus
2707 5394 3021 5460 praelatione
3058 5396 3111 5448 in
3158 5394 3415 5461 Regulam
3460 5396 3629 5449 sancti
3667 5394 3775 5450 Pa-

2187 5464 2408 5518 chumii.
2458 5465 2747 5518 Dicebatur
2791 5472 2849 5517 et
2895 5465 3137 5528 lebeton,
3179 5467 3265 5519 vel
3307 5466 3531 5522 lebitum
3574 5467 3775 5522 eodem

2189 5533 2493 5604 signiﬁcatu
2508 5552 2523 5599 ;
2552 5538 2695 5589 unde
2721 5534 2775 5588 in
2802 5534 2926 5589 Vita
2950 5535 3192 5601 eiusdem
3226 5536 3499 5593 Pacltomii
3525 5537 3639 5592 hate
3669 5539 3774 5594 ba-

2189 5601 2388 5661 béutur
2417 5623 2432 5660 :
2466 5601 2533 5658 In
2561 5614 2705 5659 tanta
2733 5620 2849 5659 vero
2879 5607 3292 5662 uestimentorum
3318 5608 3540 5681 penuria
3568 5624 3623 5664 sc
3641 5624 3770 5669 catt-

564 5712 589 5738 ‘
609 5712 736 5784 {ipsa
759 5718 1215 5784 tunicam__sa_ccgam
1230 5731 1319 5782 pro
1340 5731 1497 5784 sacco,
1510 5716 1591 5768 vel
1610 5716 1791 5784 cilicio,
1812 5716 1879 5768 de
1892 5729 1991 5784 quo
2012 5728 2100 5768 su-
2180 5721 2323 5783 epist.
2343 5718 2428 5784 28,
2451 5718 2613 5773 Tract.
2638 5719 2698 5775 21
2722 5722 2776 5772 in
2797 5717 3036 5784 Regulam
3054 5718 3121 5776 D.
3140 5722 3331 5776 Bened.‘

405 5761 414 5770 ’
508 5761 746 5831 manu;
764 5761 2089 5842 'siaaaz'nsivnastris:Eniiaciasiacias.az.
