4026 6334
172 349 176 353 .
215 254 288 328 φ
1191 256 1280 317 DE
1322 257 1797 319 C(ENOBIORUM

1901 258 2216 319 TSTlTUTIS
2254 257 2463 318 LIBER
2500 260 2545 320 Ῑ.
2908 273 2910 276 ’
3173 255 3176 258 ’
3422 261 3496 326 ’10

166 363 196 430 ᾖν
229 386 402 442 tarum
439 373 552 432 ima
577 374 931 446 perungunt,
978 373 1148 432 nudas
1191 376 1258 436 de
1292 377 1504 448 reliquo
1531 375 1816 432 circumis.
1841 378 1898 440 Α
1921 376 2004 432 nis
2055 375 2182 432 linei
2227 375 2419 432 doceat
2460 374 2831 432 indumentum
2853 416 2869 444 ,
2896 375 3228 448 audiantque
3257 391 3356 448 per
3381 376 3490 438 hoc

226 476 354 523 runt
379 481 593 534 manus,
626 477 688 523 ut
718 476 1030 539 amputatos
1052 468 1254 525 habere
1269 485 1365 526 eos
1389 481 1541 526 actus
1566 480 1622 526 et
1644 485 1808 541 opera

222 558 406 618 mundi
446 559 610 632 hujus
641 571 905 632 suggerat
933 561 1190 617 abscissio
1237 564 1570 619 manicarum
1593 604 1610 630 ,
1644 573 1699 619 et
1740 563 1809 620 ab

221 649 366 706 omni
395 651 819 718 conversatione
844 663 1058 712 terrena
1080 652 1439 710 mortiﬁcatos
1463 668 1557 710 eos
1584 653 1806 710 velami-

1915 468 2232 534 Apostolum
2259 467 2500 538 quotidie
2527 467 2792 524 dicentem
2821 467 2924 523 sibi
2959 487 2972 522 :
3000 467 3314 541 Mortiﬁcate
3334 487 3493 526 mem-

1917 560 2012 615 bra
2049 571 2249 625 uestra,
2272 575 2387 632 qua:
2413 570 2530 614 sunt
2569 577 2724 630 super
2746 569 2936 614 terram
2968 559 3193 632 (Coloss.
3227 559 3326 635 ιιι).
3362 561 3498 618 Illud

1916 667 2131 724 quoque
2169 655 2287 723 ipso
2335 652 2522 708 habitu
2560 662 2910 723 protestante,
2955 652 3153 710 Μογιαὶ
3179 655 3318 711 enim
3350 655 3496 726 estis,

1291 809 1550 864 ALARDI
1589 807 1821 866 CAZIEI
1859 809 2423 868 COMMENTARIUS.

213 926 557 990 strinxerant,
591 934 649 978 ut
687 941 951 994 nunquam
978 923 1207 979 lebetone
1237 925 1342 978 alio
1382 936 1682 992 uterentur;
1713 929 1812 983 nisi
1852 928 1865 942 '

212 1013 335 1050 cum
363 996 660 1049 indumenti
689 997 867 1050 sordes
896 997 1166 1050 necessitas
1205 997 1447 1067 coegisset
1478 997 1664 1051 eluere.
1716 999 1812 1053 Le-

213 1069 365 1122 betcn
410 1077 586 1120 autem
629 1067 765 1120 linea
794 1067 944 1120 vestis
974 1076 1080 1120 erat
1113 1067 1278 1119 instar
1314 1068 1518 1133 colobii,
1553 1084 1654 1135 qua
1695 1086 1808 1124 mo-

213 1139 371 1210 nachi
398 1148 646 1210 utuntur
688 1138 842 1194 hodie
893 1153 982 1210 per
1030 1136 1341 1210 Thebaidem
1371 1147 1444 1210 Δει
1474 1138 1808 1210 Λίρςριιιηι.

216 1209 343 1262 Htec
377 1207 475 1262 ibi.
509 1208 622 1263 Sed
663 1218 718 1263 et
759 1209 897 1264 inter
929 1207 1306 1264 lnstitutiones
1335 1207 1583 1277 ejusdem
1603 1207 1809 1265 P'acho-

215 1279 307 1332 ιιιἱὶ
358 1278 507 1345 apud
557 1277 856 1332 Palladium
906 1279 956 1332 in
1008 1277 1283 1334 Lausiacis
1325 1278 1598 1334 habetur:
1634 1278 1808 1335 Noctu

217 1350 438 1402 habeant
483 1349 731 1403 lebitones
763 1350 948 1410 lineas.
975 1350 1244 1404 succincti.
1288 1348 1396 1404 Cur
1438 1361 1617 1405 autem
1649 1351 1807 1406 lineis

219 1421 406 1488 potius
439 1419 684 1475 colobiis
726 1435 892 1490 quam
933 1421 1106 1475 laneis
1137 1429 1422 1478 uterentur
1451 1421 1525 1474 illi
1556 1422 1806 1478 monachi

220 1493 276 1545 iu
309 1492 396 1544 illa
438 1491 619 1546 eremi
659 1491 996 1556 austeritate,
1041 1506 1202 1546 causa
1254 1490 1530 1560 multiplex
1559 1502 1616 1545 et
1644 1492 1802 1550 obvia

217 1576 337 1616 esse
379 1563 583 1631 potuit,
628 1561 712 1615 vel
752 1561 897 1628 quod
941 1569 1120 1615 vestes
1174 1562 1351 1631 lineae,
1394 1572 1450 1616 ut
1483 1563 1707 1616 viliores
1751 1573 1806 1618 et

213 1632 565 1700 abiectiores,
600 1632 673 1685 ita
707 1632 868 1684 etiam
899 1631 1090 1685 calidis
1121 1631 1231 1686 illis
1270 1633 1582 1702 regionibus
1611 1633 1806 1688 fuerint

213 1705 449 1770 aptiores
495 1713 552 1756 et
591 1703 1036 1766 commodiores;
1068 1703 1154 1756 vel
1182 1704 1326 1770 quod
1365 1705 1432 1757 ab
1462 1705 1712 1772 exemplo
1749 1713 1805 1759 et

216 1773 505 1828 traditione
536 1773 852 1842 Apostolica
885 1773 938 1826 id
967 1775 1294 1840 acceperint.
1343 1773 1505 1828 Certe
1537 1773 1804 1828 Eusebius

216 1845 348 1899 lib.t
391 1845 606 1898 Histor.
651 1858 771 1912 cap.
819 1845 888 1914 2d
926 1842 1113 1914 scribit
1140 1859 1205 1898 ex
1248 1844 1516 1914 Egesippo
1542 1843 1801 1900 Jacobum

216 1915 523 1984 apostolum
576 1914 804 1967 fratrem
846 1913 1056 1967 Domini
1099 1929 1389 1980 numquam
1433 1914 1675 1969 induisse
1720 1917 1801 1968 la-

220 1983 360 2040 neam
392 1995 641 2048 vestem,
674 1984 770 2038 sed
800 1985 914 2038 sola
955 1983 1184 2039 sindone
1229 1985 1370 2039 linea
1404 2000 1580 2038 usum.
1613 1986 1801 2040 Ratio-

226 2072 328 2111 nem
383 2057 582 2121 aliam,
625 2069 857 2124 eamque
900 2055 1180 2118 moralem,
1234 2056 1435 2110 indicat
1483 2055 1798 2123 Cassianus,

223 2128 345 2198 quod
385 2125 685 2198 lineoillo
728 2125 932 2191 habitu,
964 2139 1058 2180 seu
1102 2126 1366 2181 velamine
1409 2125 1802 2194 signiﬁcaretur

221 2196 300 2253 eos
324 2200 394 2252 ab
419 2196 579 2252 omni
626 2199 1044 2252 conversatione
1087 2207 1300 2250 terrena
1343 2199 1714 2262 mortitlcatos,
1746 2207 1801 2252 et

222 2270 402 2324 mundo
457 2274 714 2322 mortuos
761 2281 922 2332 esse;
977 2267 1408 2335 quandoquidem
1467 2276 1800 2322 mortuorum

222 2353 437 2410 corpora
461 2337 655 2392 linteis
681 2337 889 2410 involvi
916 2337 1156 2410 soleant;
1182 2340 1323 2392 sicut
1349 2347 1404 2410 et
1433 2337 1680 2391 Christus
1703 2355 1802 2407 pro

219 2408 360 2463 nobis
399 2417 662 2465 niurtnus
703 2409 903 2476 legitur
942 2409 1216 2462 involutus
1262 2410 1315 2462 in
1347 2408 1576 2462 sindone
1605 2410 1800 2464 munda

218 2481 422 2552 (Matth.
458 2479 679 2552 xxv").
707 2480 786 2534 Eo
814 2479 959 2552 enim
992 2488 1236 2547 spectare
1268 2479 1482 2552 videtur
1506 2476 1800 2552 Cassianus

217 2549 278 2606 es
316 2549 912 2618 sententiis’Apostoli
954 2552 1021 2603 ab
1068 2564 1132 2604 eo
1177 2552 1377 2604 citatis.
1422 2549 1586 2618 Cujus
1637 2551 1798 2604 etiam

217 2621 627 2691 signiﬁcationis
663 2623 810 2675 ratio
839 2627 942 2684 est,
970 2619 1094 2689 quia
1125 2620 1316 2684 linum,
1347 2628 1407 2673 ut
1443 2621 1496 2674 in
1529 2621 1689 2674 telam
1716 2634 1802 2675 re-

218 2693 455 2763 digatur,
483 2692 672 2747 multis
701 2691 1004 2763 rationibus
1033 2699 1357 2763 maceratur,
1393 2691 1655 2763 tunditur,
1687 2701 1802 2763 tor-

222 2761 437 2833 quetur,
463 2777 526 2817 ac
550 2777 649 2817 suo
679 2761 846 2816 modo
887 2761 1262 2833 mortiﬁcatur.
1303 2761 1609 2833 Probabile
1631 2761 1795 2816 etiam

223 2831 466 2890 vestibus
509 2833 662 2888 lineis
715 2834 794 2886 uti
843 2831 1076 2887 voluisse
1123 2840 1345 2902 propter
1387 2831 1701 2887 munditiem
1744 2842 1800 2886 et

218 2904 534 2969 candorem,
580 2905 651 2959 ad
701 2902 1086 3027 desigandam
1131 2901 1494 2957 innocentiam
1547 2912 1604 2957 et
1649 2905 1798 2984 puri-

218 2984 402 3027 tatem.
453 2991 616 3027 auam
671 2982 820 3027 secta
897 2982 1040 3027 titur.
1085 2974 1231 3027 iuxta
1274 2973 1405 3027 illud
1457 2973 1798 3027 Ecclesrasta!

216 2984 402 3038 tatem,
453 2991 616 3045 quam
671 2973 1040 3035 sectabantur,
1081 2974 1231 3042 juxta
1274 2973 1405 3028 illud
1457 2973 1798 3028 Ecclesiastze

213 3061 326 3115 cap.
360 3062 452 3101 ιιι
490 3045 648 3099 Omni
689 3057 912 3112 tempore
939 3045 1236 3098 uestimenta
1275 3053 1364 3097 tua
1409 3045 1510 3098 sint
1552 3045 1796 3098 candida.

213 3116 480 3172 Caeterum
504 3118 576 3171 de
596 3117 785 3170 colore
804 3115 1141 3170 colobiorum
1160 3156 1175 3182 ,
1200 3124 1290 3168 aut
1312 3115 1541 3168 aliarum
1562 3119 1793 3169 vestium

213 3189 476 3243 curiosius
507 3188 784 3257 inquirere
807 3200 911 3240 non
937 3185 1149 3240 videtur
1169 3200 1348 3254 operte
1377 3186 1638 3257 pretium;
1668 3200 1788 3240 cum

1920 928 2036 984 haec
2066 929 2265 997 pullam
2290 939 2343 984 et
2367 929 2571 986 fuscam
2601 942 2808 988 vestem
2825 976 2840 997 ,
2859 944 2916 989 ut
2939 938 3213 993 monachis
3233 949 3286 995 et
3302 942 3490 998 sancti:

1915 1000 2240 1074 monialibus
2263 1001 2496 1074 maxime
2520 1007 2768 1074 usitatam
2791 1009 3170 1063 commendant
3193 1009 3398 1074 Patres,
3424 1014 3487 1069 D.

1918 1069 2276 1150 hieronymus
2292 1073 2454 1150 epist.
2474 1071 2540 1126 15
2560 1073 2624 1126 ad
2648 1075 2970 1150 Marcellam.
2997 1077 3268 1147 Tunicam,
3285 1069 3482 1150 inquit,

1916 1141 2190 1210 fusciorem
2209 1143 2395 1213 induta
2416 1159 2470 1195 se
2487 1155 2692 1213 repente
2706 1142 2925 1200 Domino
2945 1141 3273 1206 consecravit.
3297 1141 3371 1208 Et.
3383 1141 3490 1208 Au-

1914 1213 2160 1280 gustinus
2177 1212 2337 1282 epist.
2361 1211 2463 1269 199
2488 1211 2554 1268 ad
2575 1215 2814 1271 Ediciam
2839 1218 3033 1272 indicat
3056 1221 3260 1277 fuscam
3283 1236 3488 1280 vestem

1913 1297 2073 1360 quam
2104 1293 2262 1360 vocat
2293 1283 2540 1360 nigellam
2561 1325 2576 1346 ,
2607 1285 2780 1360 luisse
2805 1296 2931 1360 tunc
2958 1288 3165 1360 insigne
3196 1295 3485 1350 continen-

1913 1355 2042 1406 tiam
2076 1352 2464 1424 prolitentium.
2493 1355 2733 1424 Denique
2760 1358 2820 1412 D.
2847 1352 3149 1416 Bernartius
3176 1362 3271 1417 lib.
3304 1365 3369 1418 ad
3397 1379 3485 1419 so-

1913 1437 2132 1478 rorem:
2166 1423 2336 1494 Nigra
2364 1427 2512 1478 restis
2541 1423 2768 1480 insinuat
2799 1429 3138 1484 humilitatem
3180 1436 3381 1488 mentis.
3416 1436 3485 1491 Et

1911 1494 1978 1550 ad
2000 1495 2245 1550 eumdem
2263 1496 2591 1550 Bernardum
2609 1512 2684 1551 SCl
2699 1497 2855 1554 ibens
2869 1500 3058 1556 Petrus
3079 1500 3482 1560 Cluniacensis:

1918 1563 2096 1645 Visum
2120 1575 2216 1645 est,
2249 1565 2446 1645 inquit,
2476 1569 2672 1637 magnis
2701 1567 2945 1645 Patribus
2967 1572 3074 1645 illis
3100 1575 3302 1644 nigrum
3323 1575 3484 1645 hunc,

1911 1634 2101 1717 dequo
2130 1634 2606 1717 agitur.:colorern,
2634 1641 2796 1717 magis
2837 1634 3342 1717 humilitatifmagis
3382 1634 3485 1717 par:

1910 1707 2162 1787 nitentur,
2195 1707 2358 1787 magis
2385 1709 2560 1787 luctui
2575 1707 2863 1787 conuenire.
2907 1714 3099 1777 Quibus
3134 1707 3326 1787 studiis
3363 1707 3485 1787 quia

1911 1785 2074 1858 totani
2096 1778 2333 1858 monachi
2361 1778 2516 1830 vitam
2543 1780 2813 1858 invigilare
2843 1793 3080 1850 Oportet,
3111 1778 3438 1842 decreverunt
3463 1833 3479 1858 ,

1912 1856 1966 1928 ut
1994 1846 2137 1928 color
2162 1848 2408 1912 moribus,
2436 1846 2907 1928 ttestestjirtutibus,
2935 1869 3037 1923 qua
3059 1846 3261 1928 possent
3291 1846 3484 1928 cogna;

1906 1919 2043 1970 tione
2063 1918 2558 1991 jungerentu_r,etc.
2583 1920 2682 1991 llis
2703 1922 2905 1976 accedit
2934 1918 3074 1991 quod
3106 1941 3134 1978 a
3165 1918 3482 1986 colore've-

1905 1991 2065 2067 stium
2096 1988 2472 2067 _Benedictiui._
2497 1991 2547 2067 in
2573 1989 2701 2067 iure
2727 1988 3000 2047 Canonico
3031 2005 3083 2048 et
3111 1999 3305 2064 passim
3338 2001 3479 2067 apud

1901 2056 2225 2135 Ca_noni_stas
2264 2059 2512 2135 monachi
2551 2062 2686 2130 nigri
2729 2056 3138 2135 nuncupantur}
3173 2084 3281 2135 quo
3311 2056 3476 2125 etiam

1903 2129 2085 2183 colore
2117 2131 2167 2182 in
2203 2129 2386 2184 habitu
2420 2146 2575 2184 usum
2605 2129 2726 2186 esse
2746 2134 2808 2187 D.
2835 2129 3482 2195 Benedictum'testantur

1902 2198 2142 2273 Raphael
2169 2201 2550 2273 Vola‘terranus
2570 2202 2665 2273 lib.
2693 2220 2783 2258 xxi
2807 2206 3070 2273 AnthrOp.
3095 2220 3148 2262 et
3171 2209 3482 2266 Chronicon

1904 2271 2215 2345 cassinense
2246 2270 2339 2325 lib.
2375 2285 2430 2345 tv
2457 2272 2740 2345 cap.rll5,
2765 2270 3351 2345 idemque—conﬁrmant
3385 2282 3482 2336 Pa-

1903 2342 2462 2432 tresLCass'iiiensesLin
2484 2341 2850 2426 declaratione
2869 2341 3083 2416 Regulae
3109 2348 3258 2432 (Cap.
3277 2350 3368 2420 53)
3394 2353 3479 2406 bis

1900 2411 2084 2466 verbis
2105 2429 2118 2464 :
2144 2411 2366 2480 Propter
2387 2413 2518 2465 hanc
2538 2428 2744 2467 causam
2767 2416 2819 2467 in
2839 2411 2976 2469 statu
2999 2411 3281 2474 moriastico
3302 2411 3478 2475 varius

1898 2482 2104 2558 inolevit
2129 2497 2260 2558 mos,
2277 2490 2324 2534 et
2346 2480 2486 2558 color
2508 2487 2723 2558 vestium
2746 2501 2763 2537 :
2786 2503 2876 2538 nos
2906 2499 3075 2540 autem
3100 2493 3474 2558 assumpsimus

1902 2554 2124 2606 colorem
2152 2555 2383 2622 nigrum,
2418 2553 2620 2607 beatiss.
2651 2565 2844 2625 patrem
2876 2568 3107 2611 nostrum
3139 2553 3477 2616 Benedictum

1900 2633 2169 2696 sectantes,
2203 2625 2290 2690 qui
2319 2625 2407 2694 (ut
2433 2624 2679 2696 legimus)
2709 2627 2855 2696 nigro
2877 2644 2999 2682 usus
3026 2637 3097 2681 est
3126 2632 3316 2685 colore.
3351 2633 3480 2687 Haec

1902 2694 2122 2770 illi._Est
2141 2709 2302 2770 porro
2325 2695 2740 2770 observandum,
2761 2694 2900 2770 quod
2927 2699 2986 2750 D.
3008 2699 3236 2755 Basilius
3258 2703 3416 2770 epist.
3445 2703 3473 2757 1

1900 2764 1966 2816 ad
1989 2763 2312 2839 GregOrium
2336 2764 2731 2839 Datianzenutn
2757 2763 2810 2839 et
2837 2769 2888 2839 in
2920 2769 3135 2839 Regulis
3165 2763 3332 2827 iusius
3364 2774 3480 2830 dis-

1900 2837 2099 2910 putatis
2121 2844 2313 2910 quaest.
2330 2834 2402 2910 22
2418 2836 2598 2910 multa
2615 2837 2744 2890 dicit
2765 2838 2830 2892 de
2856 2834 3039 2894 habitu
3063 2847 3476 2910 monachorum;

1899 2914 1956 2958 at
1983 2906 2052 2959 de
2079 2907 2260 2960 colore
2298 2905 2428 2959 nihil
2457 2921 2472 2960 :
2503 2908 2604 2960 nisi
2631 2918 2685 2962 ut
2714 2913 2971 2963 concolor
2999 2921 3054 2966 et
3085 2915 3364 2968 unilormis
3407 2905 3479 2971 sit

1901 2975 2159 3055 habitus:
2200 2978 2338 3030 sicut
2363 2992 2474 3055 _nec
2512 2978 2802 3055 Cassianus
2845 2982 3096 3055 totoghoc
3137 2984 3277 3055 libro
3307 3029 3319 3048 ,
3369 3001 3478 3055 quo

1902 3045 2141 3100 habitum
2167 3047 2550 3123 monachorum
2574 3049 2848 3123 describit.
2870 3050 3020 3106 Unde
3044 3052 3107 3106 D.
3135 3045 3477 3123 Benedictus,

1899 3124 2142 3170 veterum
2197 3119 2408 3171 illorum
2467 3122 2850 3174 monachorum
2904 3132 2958 3176 et
3014 3119 3470 3182 anachoretaruui

1899 3189 2164 3263 eaempIis
2203 3189 2809 3263 et_i_u5titntis_egregie
2847 3193 3102 3263 imbutus,
3145 3210 3272 3250 suos
3299 3213 3475 3252 caeno-

214 3269 414 3313 constet
448 3251 724 3338 pauperes
753 3258 971 3338 illos,_et
1002 3251 1227 3338 summa}
1260 3251 1591 3338 paupertatis
1619 3259 1789 3310 culto-
1819 3251 1864 3314 C
1895 3257 2027 3338 bitas
2056 3251 2235 3338 monet
2269 3258 2421 3330 (Cap.
2450 3259 2520 3313 55
2549 3251 2822 3338 Βεᾷ.)ξηε
2848 3265 2911 3318 de
2936 3251 3135 3338 colore,
3169 3279 3258 3318 aut
3286 3269 3478 3338 grossi.

213 3343 291 3383 res
309 3333 644 3384 eremicolas
675 3329 728 3382 in
753 3329 844 3384 illa
867 3329 992 3381 vitae
1014 3329 1327 3382 austeritate
1350 3343 1452 3380 nou
1477 3329 1595 3381 aliis
1628 3343 1788 3395 quam

211 3400 634 3469 sitnplicissimis
662 3407 719 3455 et
747 3398 1021 3469 vilissimis
1056 3397 1386 3452 indumentis
1425 3400 1497 3451 uti
1528 3400 1786 3464 potuisse,

214 3468 442 3526 nec’uno
478 3472 788 3539 eodemque
819 3468 1002 3523 habitu
1035 3484 1221 3522 omnes
1259 3469 1552 3522 universim
1580 3483 1640 3522 ac
1672 3485 1792 3538 pcr-

214 3551 366 3610 petuo
391 3557 530 3596 usos
551 3540 761 3605 fuisse;
787 3540 881 3594 sed
911 3553 1006 3607 pro
1031 3539 1340 3594 diversitate
1364 3539 1628 3603 locorum,
1657 3550 1791 3594 tem-

216 3626 394 3680 porum
416 3655 432 3678 ,
469 3611 834 3675 facultatum,
866 3620 957 3664 aut
986 3613 1132 3663 varia
1163 3611 1449 3665 traditione
1487 3610 1750 3676 majorum
1772 3651 1788 3674 ,

215 3685 281 3737 vel
304 3685 620 3746 seniorum,
639 3681 891 3737 diversis.
917 3680 1152 3735 Primum
1173 3682 1315 3734 enim
1352 3680 1684 3750 therapeuta:
1714 3682 1790 3735 illi

213 3753 598 3816 Alexandrini,
648 3753 754 3808 hoc
791 3761 873 3806 est
907 3751 1261 3821 antiquissimi
1302 3752 1547 3804 monachi
1575 3761 1792 3820 aposto-

214 3823 374 3878 lorum
404 3824 670 3893 discipuli
710 3821 1014 3893 candidati,
1047 3823 1084 3875 i.
1114 3821 1250 3893 albis
1281 3822 1472 3893 induti,
1507 3836 1535 3873 a
1566 3821 1792 3877 Philone

213 3891 615 3949 describuntur.
651 3893 750 3949 Ubi
779 3909 914 3954 vero,
944 3892 1117 3960 inquit
1146 3891 1292 3963 (Lib.
1322 3893 1384 3945 de
1424 3891 1538 3945 Vita
1567 3895 1788 3963 suppl.),

216 3981 488 4019 convenere
515 3966 814 4030 candidati,
839 3972 885 4018 et
908 3963 1010 4017 lceti
1033 3979 1148 4015 cum
1164 3965 1656 4034 summaigravitate,
1683 3972 1789 4018 etc.

218 4035 386 4090 Testis
413 4037 586 4091 etiam
620 4035 872 4105 Clemens
899 4034 1299 4105 hlexapdrirtus
1332 4033 1468 4104 (Lib.
1504 4049 1540 4087 ιι
1573 4033 1790 4105 Predag.

217 4109 371 4171 c.10,
397 4117 448 4160 et
482 4107 576 4160 lib.
605 4120 662 4160 ιιι
685 4121 730 4158 c.
760 4103 1154 4178 li)_£gyptios
1181 4104 1318 4157 albis
1346 4105 1457 4178 fere
1487 4105 1562 4158 uti
1592 4103 1790 4169 solere,

217 4177 317 4230 ritu
338 4178 491 4246 genti
516 4176 796 4246 peculiari,
829 4175 1077 4244 idemque
1109 4184 1285 4228 vestes
1311 4175 1459 4246 albas
1488 4184 1673 4242 utpote
1700 4191 1791 4230 na-

217 4245 450 4312 turales,
485 4245 595 4301 non
634 4250 863 4312 tinctas,
897 4255 951 4300 et
988 4247 1266 4315 fullonem,
1296 4254 1354 4298 ut
1382 4245 1457 4299 ait
1489 4247 1789 4314 interpres,

217 4334 308 4370 non
339 4328 556 4385 experta
588 4317 912 4372 Christianis
939 4317 1172 4385 maxime
1197 4318 1560 4385 commendat,
1591 4331 1792 4384 easque

219 4384 462 4443 tinctnris
491 4387 745 4442 omnibus
776 4388 992 4457 praefert
1019 4384 1169 4455 (Lib.
1197 4387 1258 4440 de
1286 4384 1522 4457 Pallio).
1554 4388 1624 4441 At
1652 4403 1682 4441 e
1710 4387 1792 4441 di-

217 4472 370 4529 verso
397 4460 571 4513 ulta
601 4471 725 4513 sunt
745 4499 760 4529 ,
781 4456 910 4529 quae
940 4457 1234 4529 monachos
1261 4456 1500 4529 doceant
1519 4468 1648 4529 atris
1677 4473 1793 4513 ves-

215 4528 354 4583 tibus
392 4531 526 4583 olim
565 4544 694 4586 usos
731 4527 917 4583 fuisse.
967 4527 1099 4581 Nam
1142 4527 1408 4596 imprimis
1444 4527 1788 4583 Christianos

212 4599 557 4692 perfectioris
586 4600 710 4692 vitae
738 4602 972 4692 cultores
1003 4598 1164 4692 pallio
1192 4600 1408 4692 indutos
1438 4598 1788 4692 fuisse—inore
1816 4633 1864 4692 υ

246 4671 664 4737 hilosophorum
699 4679 942 4734 testatur,
974 4668 1186 4738 sibique
1217 4669 1318 4723 hoc
1354 4670 1573 4723 nomine
1601 4678 1787 4737 gratu-

229 4750 348 4796 atur
379 4740 749 4796 Tertullianus
780 4742 1032 4810 peculiari
1062 4741 1203 4810 libro
1231 4741 1297 4794 de
1328 4738 1428 4794 hac
1459 4740 1684 4794 reedito.
1718 4743 1788 4798 At

207 4813 437 4880 pallium
463 4809 922 4879 philoSOphiCum,
948 4822 1002 4866 et
1021 4813 1087 4864 ad
1104 4809 1440 4865 Christianos
1468 4812 1786 4866 translatum

205 4884 421 4951 nigrum
451 4882 647 4948 fuisse,
679 4883 985 4938 subindicat
1015 4881 1078 4935 D.
1109 4881 1469 4952 Hieronymus
1509 4884 1666 4949 epist.
1692 4885 1783 4950 25,

205 4953 296 5007 ubi
318 4954 390 5008 de
413 4953 738 5008 Christianis
763 4969 960 5024 agens,
989 4952 1077 5022 qui
1107 4951 1327 5024 propter
1359 4955 1598 5006 viliorem
1629 4951 1784 5007 habi-

205 5033 318 5078 tum
344 5040 377 5078 a
400 5026 713 5095 gentilibus,
741 5023 1144 5095 nonnumquam
1170 5023 1328 5095 etiam
1348 5039 1376 5075 a
1401 5024 1787 5092 pseudo-Chri-

204 5093 776 5152 stianis—riderentur:
808 5094 1160 5163 Nospinquit,
1192 5093 1312 5160 quia
1340 5101 1500 5147 serica
1526 5104 1657 5147 veste
1685 5112 1787 5148 non

203 5167 426 5232 utimur,
467 5166 706 5219 monachi
743 5181 1022 5220 vocamur:
1061 5167 1102 5218 si
1139 5166 1312 5216 tunica
1350 5181 1451 5216 non
1495 5164 1785 5231 canduerit,

203 5240 387 5308 statim
403 5237 542 5308 illud
564 5253 591 5291 e
609 5238 793 5290 trivio:
816 5237 1084 5308 impostor,
1106 5243 1155 5308 et
1179 5233 1385 5308 ercus
1406 5245 1498 5308 est.
1527 5238 1788 5308 Atgtnulto

205 5307 410 5362 clarius
453 5307 508 5362 id
546 5317 760 5362 constat
797 5323 861 5362 ex
888 5305 1076 5362 vetere
1106 5305 1324 5376 historia
1354 5305 1544 5376 (Apud
1574 5306 1785 5360 Surium

206 5387 329 5449 tam.
364 5378 432 5434 Vl
465 5394 578 5448 cap.
609 5379 704 5449 9).
755 5377 888 5432 Nam
943 5379 997 5432 in
1040 5375 1160 5449 Vita
1202 5374 1299 5430 SS.
1343 5374 1692 5449 Cal‘lactionis
1739 5387 1795 5433 et

205 5445 491 5515 Episttemi
525 5445 848 5520 martyrum,
884 5451 974 5520 qui
1004 5448 1105 5502 sub
1132 5447 1296 5520 Decio
1327 5448 1642 5520 passisunt,
1677 5449 1793 5504 hinc

205 5522 465 5588 scriptor.
509 5519 614 5574 Eos
643 5518 914 5590 ,inquit,
949 5521 1036 5590 qui
1072 5525 1192 5571 sunt
1221 5519 1368 5590 nigro
1395 5518 1557 5587 pallio
1585 5521 1787 5585 induti,

208 5589 340 5644 dixit
369 5591 565 5647 similes
590 5607 701 5663 esse
728 5591 946 5663 angelis,
964 5589 1214 5663 nimirum
1240 5589 1328 5658 qui
1357 5605 1410 5642 se
1432 5606 1464 5642 a
1494 5592 1789 5663 mundare-

208 5668 434 5732 parant,
467 5673 514 5719 et
541 5663 608 5717 ab
637 5662 720 5717 his
743 5661 861 5733 quia
886 5672 1004 5717 sunt
1029 5661 1209 5733 mundi
1227 5673 1258 5733 :_
1275 5671 1322 5713 et
1350 5669 1551 5715 seruant
1573 5661 1787 5733 uirgini-

213 5728 390 5804 tatem,
405 5728 453 5792 et
471 5728 950 5806 elegerunt'habers
966 5733 1120 5791 vitam
1137 5728 1343 5789 Christo
1358 5728 1693 5792 censimum.
1712 5731 1786 5794 At

1895 3329 2076 3384 tudine
2106 3331 2314 3406 vestium
2333 3370 2348 3392 ,
2381 3338 2469 3382 aut
2500 3329 2998 3403 rerumhujusmodi
3028 3329 3307 3391 causentur
3335 3343 3350 3406 (
3376 3340 3478 3394 hoc

1895 3409 1996 3478 est,
2023 3401 2394 3478 quernlentur,
2420 3409 2512 3454 aut
2534 3401 2926 3478 murmurent);
2951 3408 3038 3458 sed
3061 3414 3254 3476 quales,
3283 3401 3475 3478 inquit,

1893 3471 2112 3546 inveniri
2138 3480 2353 3546 possunt
2376 3473 2430 3524 in
2457 3474 2722 3546 provincia
2743 3491 2843 3543 qua
2865 3471 3088 3546 degunt,
3123 3488 3213 3530 aut
3242 3471 3380 3542 quod
3405 3471 3477 3533 vi;

1896 3540 2000 3594 lius
2040 3543 2558 3616 comparariApotest.
2599 3540 2866 3599 Caeterum
2915 3540 3041 3614 quid
3076 3540 3474 3616 posterioribus

1895 3613 2106 3687 stecults
2137 3613 2202 3665 de
2233 3612 2972 3687 vestibus(Benedictinorum
3004 3612 3298 3687 earumque
3327 3623 3476 3675 colo-

1895 3684 2048 3736 ribus
2071 3724 2084 3746 ,
2117 3693 2170 3736 et
2196 3682 2317 3736 aliis
2344 3683 2740 3737 conditionibus
2769 3696 3026 3740 statutum
3070 3688 3173 3752 sit,
3213 3682 3379 3743 latius
3419 3692 3473 3745 in

1895 3753 2096 3825 celebri
2137 3752 2534 3806 Constitutione
2574 3755 2866 3808 Clementis
2899 3757 2962 3816 V.
2993 3759 3148 3825 cujus
3193 3759 3308 3814 haec
3349 3770 3475 3816 sunt

1895 3824 2063 3898 verba
2094 3826 2381 3898 memoria;
2408 3827 2870 3898 commendanda:
2902 3826 2986 3898 Ne
3028 3824 3082 3882 in
3123 3844 3247 3898 agro
3291 3830 3473 3884 Domi-

1895 3897 2032 3968 nico,
2063 3910 2208 3947 sacra
2234 3893 2871 3968 videlicetMonachorurn
2897 3893 3180 3968 Nigroruni
3206 3901 3472 3968 religione,

1895 3966 2190 4043 indecorum
2211 3966 2408 4035 aliquid
2431 3966 2663 4043 obrepat,
2684 3979 2770 4020 aut
2794 3966 3334 4043 uitiosumquidquam
3357 3989 3474 4043 per-

1896 4037 2086 4111 niciose
2113 4036 2165 4087 in
2182 4047 2398 4111 segetem
2422 4036 2709 4111 coalescat;
2732 4039 2820 4111 sed
2845 4049 2900 4091 ut
2926 4040 2977 4091 in
3000 4036 3095 4093 illa
3125 4036 3290 4108 potius
3317 4036 3474 4111 flores

1895 4108 2103 4159 honoris
2145 4115 2188 4158 et
2221 4107 2499 4159 honestatis
2533 4107 2733 4176 fructus
2764 4109 2816 4160 in
2847 4111 3074 4165 ubertate
3101 4107 3419 4166 succrescant
3453 4129 3473 4167 :

1894 4179 1965 4230 eis
1993 4180 2043 4230 in
2073 4177 2289 4228 vestibus
2314 4178 2666 4250 inordinatum
2693 4195 2912 4241 onmem,
2937 4197 3025 4234 seu
3047 4183 3357 4250 exquisitum
3385 4200 3473 4236 or-

1893 4261 2090 4322 natum,
2122 4246 2704 4322 aut_cultum,_necnon'
2723 4251 2776 4322 in
2804 4250 2954 4313 cibis,
2976 4262 3034 4322 et
3061 4246 3288 4322 potibus,
3319 4255 3469 4319 equi-

1895 4319 2102 4382 taturis,
2139 4328 2186 4371 et
2214 4319 2532 4371 lectisterniis
2562 4321 2782 4388 quemvis
2811 4319 3086 4375 notabilem
3116 4324 3476 4379 interdicentes

1891 4405 2182 4462 excessum,
2207 4390 2497 4462 statuimus,
2522 4400 2579 4462 ut
2601 4391 2838 4462 superior
2855 4393 3004 4444 vestis
3027 4395 3254 4462 ipsorum
3277 4395 3476 4449 lurbitui

1921 4461 1953 4514 i.
1983 4460 2141 4524 ﬂoco,
2174 4461 2428 4532 cucullus,
2454 4459 2537 4532 vel
2569 4461 2865 4532 scapulari,
2903 4464 2977 4515 ait
3005 4459 3206 4532 glossa)
3236 4468 3476 4532 proxima

1920 4545 2111 4599 nempe
2129 4530 2272 4608 toga)
2296 4528 2450 4597 nigri,
2473 4529 2759 4608 bruni,‘aut
2779 4531 2886 4608 albi
2904 4528 3092 4608 coloris
3119 4528 3478 4608 existtitjuarta

1891 4617 2082 4676 morem
2103 4602 2240 4676 apud
2263 4615 2346 4651 eos
2369 4604 2561 4676 servari
2583 4602 2791 4676 solitum
2812 4604 2864 4655 in
2889 4604 3111 4672 regione,
3131 4623 3233 4675 qua
3250 4602 3478 4676 degunt:

1891 4687 1980 4725 nec
2001 4674 2053 4724 in
2074 4669 2317 4742 qualitate
2338 4671 2496 4739 panni
2517 4669 2768 4742 regularis
2791 4669 3067 4727 excedatur
3090 4669 3362 4738 modestia,
3389 4694 3478 4730 nec

1889 4753 2146 4812 qtueratur
2172 4739 2308 4811 quod
2336 4739 2628 4812 pretiosius,
2654 4754 2740 4794 aut
2768 4744 2990 4810 subtilis,
3013 4746 3104 4798 sed
3125 4749 3263 4812 quod
3285 4748 3470 4800 utilius

1891 4810 2020 4884 ualet
2046 4813 2293 4884 inueniri,
2323 4810 3010 4884 etchbiglossographns
3039 4816 3106 4868 ad
3136 4810 3224 4872 illa
3259 4818 3427 4871 verba
3452 4835 3466 4869 :

1892 4883 2070 4954 Nigri,
2088 4883 2260 4947 bruni,
2284 4891 2373 4934 aut
2398 4880 2501 4934 albi
2521 4879 2675 4954 :Hos
2697 4879 2816 4945 tres,
2835 4879 3244 4954 inquit,colores
3267 4888 3475 4954 permit-

1889 4953 2066 5016 tendo,
2095 4955 2223 5026 alios
2251 4969 2422 5026 omnes
2441 4994 2455 5018 ,
2485 4953 2560 5026 uel
2586 4954 2839 5026 misculos
2856 4953 3088 5026 prohibet
3110 4999 3124 5022 ,
3155 4953 3293 5026 quod
3320 4956 3472 5009 multi

1889 5041 1989 5077 non
2016 5025 2322 5096 ponderant.
2352 5023 2502 5096 Quod
2521 5040 2641 5096 ergo
2664 5026 2788 5078 dicit
2814 5023 3017 5096 Regula
3041 5023 3258 5096 (nempe
3283 5027 3345 5080 D.
3372 5027 3474 5080 Be-

1894 5093 2092 5151 nedicti
2123 5096 2208 5149 tibi
2237 5094 2418 5165 supra)
2450 5093 2511 5146 de
2539 5094 2710 5148 colore
2749 5112 2851 5149 non
2881 5093 3158 5150 causentur
3194 5093 3469 5162 monachi,

1894 5183 1996 5220 non
2022 5166 2238 5220 intendit
2264 5170 2401 5232 quod
2425 5166 2655 5218 omnibus
2676 5167 2934 5220 coloribus
2956 5170 3102 5221 liceat
3124 5168 3195 5220 eis
3216 5169 3289 5220 uti
3307 5184 3326 5220 :
3350 5183 3472 5222 nam

1892 5238 2044 5290 etiam
2058 5239 2290 5291 swculari
2297 5238 2387 5288 bus
2401 5235 2598 5289 clericis
2611 5247 2728 5290 sunt
2741 5239 2949 5306 quidam
2970 5238 3227 5291 interdicti
3256 5236 3356 5306 (De
3370 5240 3472 5292 vita

1892 5318 1940 5380 et
1971 5309 2168 5380 honest.
2197 5306 2383 5380 Cleric.
2412 5307 2772 5380 cap._(llerici,
2798 5308 2911 5361 Lib.
2939 5325 2992 5362 ιιι
3025 5307 3277 5380 Decretal.
3303 5310 3382 5362 tit.
3407 5307 3470 5380 ι).

1902 5379 2008 5432 Sed
2028 5379 2124 5433 hoc
2144 5378 2384 5442 intendit,
2407 5377 2545 5443 quod
2567 5394 2668 5430 non
2691 5388 2964 5431 causentur
2987 5381 3117 5430 inter
3137 5379 3335 5432 colores
3357 5377 3471 5448 per-

1901 5451 2081 5504 missos
2101 5491 2116 5516 ,
2146 5451 2281 5512 quod
2309 5449 2402 5502 iste
2427 5450 2493 5501 sit
2522 5449 2697 5516 limior,
2732 5450 3011 5516 pulchrior,
3043 5449 3120 5501 vel
3151 5452 3330 5503 melior
3354 5451 3468 5505 illo.

1899 5519 2094 5575 Subdit
2129 5521 2326 5576 deinde
2363 5519 2794 5589 glossographus
2823 5523 3119 5589 rationem,
3146 5535 3243 5574 cur
3275 5521 3349 5574 illi
3380 5537 3472 5575 eo-

1898 5590 2042 5646 lores
2066 5607 2175 5662 pra“:
2195 5593 2315 5645 aliis
2338 5587 2446 5662 sint
2470 5587 2736 5659 permissi.
2763 5587 2860 5642 Isti
2886 5588 3087 5662 colores
3108 5592 3218 5646 sine
3245 5593 3469 5647 tinctura

1893 5676 1958 5735 ea:
1988 5660 2108 5716 lana
2138 5669 2347 5735 possunt
2372 5660 2582 5727 haberi,
2614 5672 2661 5714 et
2686 5661 2799 5735 ideo
2832 5661 2993 5730 magis
3021 5663 3310 5735 approbati.
3334 5662 3468 5735 Haec

1894 5733 2000 5804 ibi,
2021 5731 2147 5806 quae
2162 5737 2247 5792 hic
2267 5751 2333 5792 ex
2351 5735 2632 5791 occasione
2650 5731 2855 5787 referre
2873 5731 3061 5802 operae
3069 5731 3298 5804 pretium
3316 5731 3473 5808 duxit.
