4026 6334
1320 216 1333 246 1

589 198 599 217 ὅ
998 224 1061 239 ρο.
1146 212 1161 223 ³
1322 216 1333 239 ι
1466 224 1475 231 ι

1057 235 1061 239 .
1110 246 1124 260 ι.
1220 258 1223 261 Δ
1318 231 1331 259 γι
1376 247 1408 272 ἢ
1438 248 1446 255 ι
1507 233 1518 257 '
1587 231 1600 243 ο

1219 266 1231 281 α
1359 264 1367 275 ί
1485 276 1491 281 .

514 252 579 315 γι
1110 252 1124 260 ·”

1810 245 2078 310 JOANNIS

2184 242 2437 310 ASStANt
2818 238 2823 239 ⁷
3689 240 3764 307 οη

514 374 677 432 etvita
693 384 858 431 vestra
874 371 1171 429 abscondita
1186 378 1258 429 est
1278 354 1394 427 cum
1410 369 1612 428 Christo
1632 372 1688 426 in
1710 370 1817 427 Deo
1834 370 2083 444 (ColJtl).
2113 377 2166 437 Α
2190 371 2435 441 Apostoli
2484 375 2808 440 praeceptum
2858 363 3137 424 studentes
3178 363 3329 423 omni
3360 364 3561 423 virtute
3607 380 3763 422 com-
3814 347 3849 405 ’λ

517 469 580 523 Ει
604 470 794 524 iterum
829 486 843 521 :
891 466 1021 522 Vivo
1051 478 1218 522 autem
1236 469 1353 538 jam
1370 482 1470 519 non
1490 482 1606 536 ego,
1640 464 1758 518 vivit
1786 479 1904 518 vero
1930 465 1985 517 in
2008 479 2089 519 me

513 561 765 617 Christus.
799 560 933 616 Mihi
974 560 1178 632 quidem
1208 558 1429 614 mundus
1455 558 1734 628 cruciﬁxus
1763 566 1836 613 est
1862 600 1878 627 ,
1909 566 1958 613 et
1993 572 2084 628 ego

512 651 703 708 mundo
729 650 925 725 (Galat.
958 649 1041 722 ιι).

1121 740 1351 801 CAPUT
1389 745 1475 801 VI.

1017 838 1097 894 De
1123 838 1560 895 rebrachiatoriis.

579 941 607 971 ι
636 932 862 989 Gestant
888 931 1049 987 etiam
1078 930 1366 986 resticulas
1392 928 1669 1000 duplices,
1700 928 1859 985 laneo
1890 927 2080 999 plean

507 1023 846 1095 subtegmine
866 1066 881 1092 ,
913 1037 1047 1093 quas
1071 1021 1245 1078 Graeci
1275 1023 1550 1090 ἀναϐολὰς,
1582 1036 1681 1078 nos
1708 1037 1838 1078 vero
1864 1022 2080 1077 succin-

506 1117 707 1183 ctoria,
746 1132 843 1172 seu
886 1114 1234 1179 redimicula,
1279 1116 1362 1170 vel
1402 1115 1618 1185 proprie
1658 1113 2080 1170 rebrachiatoria

505 1223 793 1279 possumus
822 1208 1121 1278 appellare.
1163 1208 1295 1275 Quae
1333 1206 1716 1261 descendentia
1746 1221 1842 1275 per
1870 1217 2078 1260 summa

503 1304 731 1359 cervicis
760 1310 815 1358 et
842 1318 873 1357 e
902 1302 1165 1358 lateribus
1192 1300 1320 1355 colli
1350 1299 1521 1355 divisa
1539 1344 1554 1369 ,
1584 1310 1938 1370 utrarumque
1965 1300 2080 1356 ala-

460 1414 464 1418 ‘
501 1413 620 1453 rum
652 1397 804 1451 sinus
829 1396 1107 1463 ambiunt,
1137 1403 1299 1465 atque
1329 1394 1455 1449 hinc
1482 1393 1608 1449 inde
1637 1394 1992 1463 succingunt,
2025 1402 2084 1450 ut

500 1488 923 1557 constringentia
948 1485 1291 1542 latitudinem
1314 1484 1624 1540 vestimenti
1646 1483 1713 1540 ad
1735 1499 1932 1555 corpus
1952 1499 2083 1540 con-

500 1582 718 1636 trahant
742 1589 904 1650 atque
934 1579 1260 1649 coniungant
1281 1618 1294 1641 ,
1324 1587 1379 1632 et
1410 1577 1481 1631 ita
1507 1577 1821 1633 constrictis
1844 1577 2082 1634 brachiis

501 1670 717 1743 impigri
761 1671 830 1726 ad
869 1685 1032 1726 omne
1057 1684 1194 1740 opus
1223 1667 1574 1740 expeditique
1603 1668 1919 1737 reddantur,
1949 1669 2080 1725 illud

2188 464 2359 535 plere.
2397 465 2533 530 Quia
2560 480 2663 517 non
2689 463 2856 518 solum
2884 463 3032 527 mihi,
3061 462 3151 517 sed
3178 463 3331 517 etiam
3353 463 3432 517 his
3453 464 3538 530 qui
3562 477 3764 516 mecum

2186 566 2344 624 sunt,
2373 557 2789 611 ministraverunt
2818 573 3000 610 manus
3029 557 3142 611 ista:
3165 596 3181 624 ,
3212 571 3373 627 neque
3398 556 3556 627 gratis
3581 570 3767 628 panem

2186 652 2249 708 ab
2277 653 2451 723 aliquo
2490 650 2937 716 manducavimus,
2968 651 3060 707 sed
3086 652 3141 705 in
3167 650 3342 706 labore
3368 659 3417 706 et
3457 652 3736 723 {atigation

2185 754 2330 802 nocte
2357 761 2418 800 ac
2443 746 2526 801 die
2555 754 2825 817 aperantes
2845 788 2860 810 ,
2890 761 2952 799 ne
2978 761 3127 815 quem
3164 753 3388 800 uestrum
3423 762 3733 816 grauaremu

2184 842 2382 914 (Actor.
2399 842 2527 912 xx).
2560 842 2724 909 Et,Si
2750 842 2864 913 quis
2890 858 2992 896 non
3009 842 3114 896 uult
3139 842 3364 913 operari,
3385 842 3740 897 uecmanduce

2185 934 2265 1008 (II
2290 933 2530 991 Thessal.
2562 932 2665 1006 ιιι).

2340 1054 2343 1057 λ
2783 1025 3009 1082 CAPUT
3049 1025 3159 1080 VII.

2643 1119 2723 1174 De
2758 1119 3062 1189 mafortibus
3101 1134 3302 1172 eorum.

2254 1213 2383 1269 Post
2410 1214 2525 1268 haec
2564 1221 2795 1283 angusto
2821 1212 3045 1281 palliolo
3077 1219 3184 1266 tam
3225 1210 3453 1266 amictus
3477 1208 3762 1263 humilita-

2184 1315 2295 1361 tem
2306 1321 2470 1377 quam
2483 1302 2747 1361 vilitatem
2765 1304 2946 1373 pretii,
2961 1303 3451 1374 compendiumque
3467 1311 3764 1367 sectantes,

2184 1397 2321 1453 colla
2354 1397 2560 1466 pariter
2589 1404 2749 1467 atque
2773 1396 3026 1452 humeros
3054 1406 3263 1467 tegunt,
3297 1411 3419 1466 qua:
3440 1396 3469 1433 δ
3499 1393 3766 1449 mafortes

2184 1499 2290 1544 tam
2324 1496 2510 1545 nostro
2553 1504 2713 1560 quam
2751 1490 2995 1560 ipsorum
3026 1497 3409 1558 nuncupantur
3437 1486 3675 1557 eloquio,
3707 1494 3766 1541 et

2182 1580 2256 1634 ita
2286 1588 2312 1620 ο
2340 1580 2726 1650 planeticarum
2759 1591 2920 1649 atque
2943 1579 3219 1635 birrorum
3247 1576 3420 1649 pretia
3442 1578 3624 1648 simul,
3647 1590 3765 1631 am-

2183 1671 2553 1743 bitionemque
2577 1671 2870 1728 declinant.

1560 1830 1819 1886 AL‘ARDI
1853 1829 2085 1887 GAZEI
2121 1829 2689 1889 COMMENTARIUS.

571 1955 600 1984 ι
617 1944 794 2000 Locus
811 1943 1203 2011 subobscurus,
1222 1951 1278 2015 et
1296 1942 1691 2015 voculisnimis
1707 1941 1920 2015 multis,
1931 1941 2088 2015 _quasi
2117 1945 2166 2006 B
2193 1940 2422 1995 Habitus
2450 1951 2644 2015 noster,
2675 1940 2884 2015 inquit,
2910 1957 2956 1995 ts
2985 1949 3079 2006 est,
3098 1942 3274 2015 tunica
3299 1943 3491 2015 absque
3516 1945 3765 2011 manicis,

500 2016 843 2089 synonymis,
874 2015 952 2089 ad
971 2030 1085 2069 rem
1117 2013 1365 2089 eamdem
1395 2013 1768 2079 explicandam
1800 2012 2077 2089 adhibitis,

499 2082 822 2144 obscuratae
844 2086 1044 2152 potius,
1069 2101 1225 2152 quam
1249 2084 1582 2138 illustratus:
1606 2098 1831 2149 quarum
1856 2082 2080 2152 singula:

499 2156 725 2231 proinde
746 2151 1125 2231 exp_l_icand:c’(
1138 2154 1266 2231 Vide
1288 2152 1572 2231 Nicephor.
1594 2153 1680 2231 tib.
1699 2151 1950 2231 xx_c.15).
1972 2152 2080 2207 Re-

500 2222 720 2286 sticulas
735 2222 981 2296 duplices
1000 2222 1157 2281 laneo
1174 2227 1358 2295 plexas
1385 2222 1731 2296 subtegmine
1749 2222 2079 2296 interpretor

499 2299 784 2360 funiculos,
803 2293 898 2352 seu
924 2293 1285 2351 fasciolas—(ilo
1303 2296 1462 2350 laneo
1481 2304 1659 2349 textas
1682 2294 1808 2348 hinc
1830 2293 1955 2347 inde
1977 2294 2078 2349 sub

502 2369 681 2425 axillis
708 2366 1106 2437 dependentes,
1137 2368 1332 2434 quibus
1353 2366 1433 2420 illi
1456 2367 1704 2420 monachi
1732 2374 1910 2419 vestes
1929 2362 2079 2437 _inie—

500 2443 675 2496 riores
703 2449 757 2495 et
782 2435 1025 2494 laxiores
1053 2442 1198 2493 circa
1232 2448 1419 2505 pectus
1445 2446 1502 2490 et
1541 2437 1755 2491 lumbos
1795 2435 2079 2504 succinge-

499 2511 634 2566 bant
682 2520 735 2565 et
773 2509 1246 2578 constringebant,
1272 2515 1331 2561 ut
1358 2507 1648 2562 Cassianus
1674 2507 1790 2573 ipse
1819 2505 2074 2575 exponit,

501 2582 644 2650 quod
675 2581 814 2635 Galli
854 2577 1076 2644 dicunt,
1112 2589 1338 2650 trousser
1366 2577 1769 2650 les_vestemens,
1803 2585 1863 2630 ut
1899 2578 2099 2650 solent

501 2648 845 2707 Franciscani
872 2661 1052 2705 vestes
1072 2649 1290 2719 cingulo
1320 2658 1411 2701 aut
1433 2648 1485 2702 lu
1495 2664 1564 2703 ne
1584 2662 1863 2719 coercege,
1889 2662 1956 2701 ne
1977 2648 2077 2719 im-

500 2723 815 2791 pedimento
845 2721 955 2773 sint
990 2734 1126 2787 opus
1169 2717 1267 2774 aut
1304 2718 1409 2773 iter
1441 2717 1749 2791 agentibus.
1782 2717 1881 2771 Est
1929 2717 2076 2772 enim

502 2787 756 2848 resticula
786 2791 1164 2845 diminutivum
1194 2806 1224 2844 a
1254 2798 1398 2843 reste
1418 2833 1432 2857 ,
1467 2789 1521 2844 id
1548 2798 1664 2853 est,
1692 2787 1857 2853 fune,
1891 2797 1949 2842 ut
1973 2802 2074 2842 no-

502 2873 614 2918 tum
641 2871 742 2919 est.
761 2862 1117 2932 Subtegmen,
1134 2861 1242 2932 vel,
1270 2869 1328 2932 ut
1349 2860 1508 2932 Iunio
1527 2858 1928 2932 Nomenclatnri
1947 2859 2076 2932 _pla-

502 2944 624 2997 cet,
656 2929 972 3000 subtemen,
1003 2931 1148 3002 quod
1174 2930 1392 3002 stamini
1423 2929 1647 2993 subeat,
1676 2929 1823 3002 tilum
1855 2929 2073 3002 dicitur,

502 3004 645 3074 quod
685 3005 827 3058 inter
862 3000 1091 3057 stamina
1131 3001 1422 3074 discurrit,
1454 3000 1711 3074 velquod
1740 3000 1961 3055 stamini
1990 3000 2073 3053 in-

503 3071 736 3129 texitur:
770 3074 911 3129 unde
940 3082 997 3129 et
1023 3084 1194 3127 trama
1223 3073 1438 3142 dicitur,
1470 3072 1595 3139 quia
1625 3071 1786 3125 telam
1815 3079 2073 3142 trameat:

501 3145 671 3200 Gallis
699 3155 882 3213 trame,
905 3159 973 3200 ou
1002 3146 1183 3198 traime
1211 3143 1282 3196 du
1311 3141 1584 3197 tisserand.
1612 3141 2038 3213 Succinctorium
2058 3180 2073 3202 .

503 3216 647 3271 idem
674 3216 816 3286 quod
845 3211 1220 3283 succingulum
1239 3253 1255 3277 ,
1283 3228 1399 3286 quo
1420 3221 1603 3286 vestes
1652 3211 1982 3286 colligebant
2003 3220 2076 3286 _et

502 3281 911 3355 succingebant,
935 3294 993 3340 ut
1012 3281 1215 3340 dictum
1240 3283 1763 3355 est.gRgedimiculum
1788 3285 1963 3355 poetis
1986 3281 2075 3355 di-

503 3359 649 3412 citur
677 3352 903 3412 fasciola
931 3371 962 3410 a
994 3357 1153 3410 mitra
1183 3353 1471 3423 muliebri,
1503 3367 1598 3407 seu
1630 3353 1960 3423 sacerdotali
1985 3352 2081 3408 de-

504 3429 781 3497 pendens;
811 3427 984 3483 Grmci
1012 3429 1208 3483 ταινίαν
1238 3434 1453 3480 vocant.
1483 3423 1676 3493 Virgil.
1706 3438 1762 3478 ix
1789 3422 2044 3481 IEneida

597 3538 660 3590 Et
681 3539 859 3589 tunicae
877 3539 1107 3600 manicas,
1134 3541 1187 3588 et
1203 3536 1391 3585 habent
1407 3534 1696 3586 redimicula
1712 3536 1888 3585 mitte.

506 3623 575 3678 Et
592 3621 746 3678 Ovid.
774 3638 810 3677 x
832 3623 1048 3677 Metam.
1074 3641 1086 3675 :

744 3712 1048 3763 Redimicula
1071 3719 1272 3776 pectore
1298 3713 1537 3777 pendent.

507 3838 614 3893 Sed
646 3837 816 3908 magis
846 3838 1093 3908 apposite
1123 3836 1190 3890 ad
1222 3838 1365 3893 hunc
1393 3839 1568 3892 locum
1594 3837 1817 3906 exponit
1845 3834 2084 3891 Isidorus

508 3911 560 3963 in
589 3911 731 3962 hunc
746 3906 971 3961 modum
995 3922 1010 3961 :
1036 3906 1423 3961 Redimiculum
1442 3917 1515 3961 est
1532 3910 1667 3977 quod
1689 3908 2085 3961 succinctorium

505 3995 593 4033 seu
616 3978 806 4031 bracile
828 3993 1206 4045 nuncupamus,
1228 3979 1365 4047 quod
1386 3979 1693 4032 descendens
1716 3994 1803 4045 per
1822 3980 2080 4041 ceruicem,

504 4060 552 4102 et
575 4065 607 4099 α
636 4048 879 4102 lateribus
907 4048 1027 4118 colli
1048 4048 1312 4102 dimissum
1335 4060 1664 4118 utrarumque
1688 4048 1893 4101 alarum
1916 4047 2085 4118 sinum

505 4119 696 4191 ambit,
727 4129 877 4188 atque
902 4116 1024 4171 hinc
1054 4121 1174 4171 inde
1203 4120 1471 4191 succingit,
1499 4128 1555 4171 ut
1579 4116 1934 4187 constringens
1964 4116 2085 4170 lati-

505 4190 733 4259 tudinem
759 4192 947 4259 uestiat
966 4203 1177 4259 corpus,
1211 4197 1363 4258 atque
1384 4190 1751 4259 conjungendo
1783 4197 2082 4257 componat;

506 4259 602 4313 hoc
617 4257 997 4330 vulgogbracile,
1016 4257 1165 4330 quasi
1181 4257 1463 4327 brachiale,
1479 4257 1682 4330 uocant,
1700 4261 1935 4330 quamvis
1949 4274 2085 4330 nunc

505 4346 609 4383 non
639 4327 996 4400 bruchioruni,
1030 4327 1117 4383 sed
1141 4346 1321 4383 renum
1351 4330 1415 4383 sit
1445 4327 1725 4400 cingulum;
1758 4329 1884 4383 Haec
1914 4327 2087 4382 Isido-

505 4416 598 4455 rus
629 4400 781 4471 (Lib.
810 4416 903 4455 xnx
927 4398 1159 4471 Etgmol.
1184 4416 1233 4454 c.
1264 4398 1631 4470 penult.)._Ex
1660 4400 1856 4471 quibus
1878 4400 2082 4471 colligo

505 4468 926 4526 rebrachiatoria
940 4468 1202 4526 Cassiano
1225 4471 1364 4525 idem
1386 4468 1692 4541 significare
1712 4469 1853 4540 quod
1875 4468 2084 4524 Isidoro

506 4542 733 4606 bracile,
754 4558 851 4597 seu
872 4542 1184 4601 brachiale;
1211 4540 1531 4611 quamquam
1552 4542 1847 4611 brachialia
1866 4540 2083 4611 proprie

396 4617 412 4626 ‘
508 4612 762 4667 dicuntur
779 4615 1123 4669 brachiorum
1145 4608 1485 4681 ornamenta,
1504 4613 1645 4666 sicut
1662 4608 1913 4665 irOntalia
1932 4608 2083 4663 fron-

2190 2022 2236 2066 et
2260 2028 2390 2065 zona
2415 2013 2659 2083 pellicea,
2692 2011 2942 2067 analabus
2973 2014 3308 2083 et_cucullus.
3354 2011 3493 2081 Quid
3523 2030 3653 2070 vero
3691 2016 3769 2070 sit

2182 2081 2452 2147 ana/obus,
2486 2083 2602 2137 sive
2642 2083 2925 2144 anabalus,
2967 2081 3103 2136 infra
3131 2085 3373 2152 exponit.
3418 2085 3679 2139 Analabus
3706 2087 3769 2140 in

2184 2154 2348 2206 crucis
2396 2154 2606 2206 modum
2640 2153 2869 2224 ponitur.
2898 2151 3067 2224 Super
3096 2151 3333 2208 humeros
3362 2165 3532 2208 autem
3561 2170 3768 2210 nostros

2182 2226 2347 2276 crucis
2398 2226 2598 2294 signum
2633 2224 2933 2293 deferimus,
2976 2239 3041 2277 ea:
3056 2240 3139 2295 _eo
3173 2225 3309 2295 quod
3342 2226 3577 2279 dicitur:
3614 2226 3765 2280 Tolle

2182 2309 2381 2347 crucem
2411 2292 2577 2359 tuam,
2607 2304 2654 2348 et
2673 2292 2883 2365 sequere
2923 2310 3023 2347 me.
3055 2292 3261 2348 Rursus
3291 2295 3426 2350 infra
3452 2315 3465 2348 :
3498 2296 3764 2351 Habemus

2182 2373 2232 2416 et
2280 2365 2579 2439 analabum,
2623 2365 2679 2417 id
2723 2372 2820 2433 est,
2854 2365 3129 2435 scapulare
3156 2367 3220 2419 ab
3260 2365 3484 2422 humeris
3511 2368 3761 2439 pendens,

2179 2435 2320 2499 quod
2352 2445 2426 2488 est
2452 2451 2601 2487 crux.

2252 2504 2282 2543 δ
2314 2506 2368 2559 In
2392 2504 2616 2574 plurali;
2640 2504 2868 2569 mafors,
2887 2505 2972 2560 vel
2996 2521 3212 2561 mavors
3233 2508 3286 2562 in
3308 2508 3601 2574 singulari:
3623 2511 3762 2572 alias

2183 2575 2434 2650 maforte,
2458 2577 2543 2630 vel
2567 2587 2830 2650 mavorte.
2853 2577 2930 2630 De
2949 2591 3051 2650 qua
3071 2577 3312 2633 Isidorus
3335 2596 3347 2650 ς
3374 2578 3542 2648 Stola,
3563 2580 3761 2650 inquit,

2180 2645 2357 2718 Greece
2376 2656 2609 2712 vocatur,
2627 2648 2765 2718 quod
2782 2649 3176 2715 supermittatur
3199 2665 3218 2707 :
3247 2649 3422 2703 eadem
3447 2659 3493 2703 et
3517 2645 3760 2708 riciniuni

2178 2715 2371 2771 Latino
2400 2719 2604 2793 nomine
2630 2715 2942 2793 appellatur,
2974 2734 3031 2772 eo
3055 2719 3194 2787 quod
3219 2720 3439 2793 dimidia
3475 2721 3589 2793 ejus
3626 2740 3755 2793 pars

2179 2796 2317 2860 retro
2345 2789 2598 2860 rejicitur,
2622 2788 2761 2860 quod
2789 2789 2941 2860 vulgo
2968 2798 3247 2842 mavortem
3276 2789 3473 2843 dicunt.
3498 2788 3643 2846 illac
3668 2795 3766 2851 ille

2206 2857 2318 2912 Lib.
2346 2857 2434 2912 xix
2456 2857 2686 2930 Etgmol.
2712 2874 2826 2930 gap.
2849 2858 2965 2929 25).
2991 2859 3278 2930 Snzomeni
3306 2861 3576 2930 interpres
3600 2878 3765 2920 vocat

2216 2928 2677 3001 umerale(Lib._m
2698 2928 2840 3001 Hist.
2862 2928 2976 3001 cap.
3002 2929 3116 3001 15).
3142 2929 3384 2984 Meminit
3407 2928 3463 2986 et
3488 2934 3549 2985 D.
3574 2933 3766 2989 Hiero-

2179 3014 2375 3073 nymus
2400 3001 2559 3073 epist.
2583 2999 2674 3067 22,
2706 2999 2776 3053 ad
2807 2999 3187 3065 Eustochium,
3219 3002 3308 3056 ubi
3337 3003 3572 3071 virgines
3597 3020 3767 3073 quas-

2178 3070 2301 3141 tym
2331 3070 2537 3141 laxiore
2569 3078 2782 3125 utentes
2811 3080 3054 3141 mavorte
3082 3073 3395 3141 perstringit
3425 3070 3509 3127 his
3533 3070 3721 3130 verbis
3748 3095 3763 3129 :

2179 3138 2249 3192 Et
2264 3155 2353 3210 per
2368 3139 2611 3194 humeros
2632 3139 2963 3211 hyacinthina
2985 3139 3122 3194 lazna
3145 3138 3370 3196 mavortc
3394 3144 3632 3197 volitans.
3656 3146 3764 3199 lla-

2178 3211 2277 3265 bcs
2317 3212 2481 3264 etiam
2525 3212 2853 3280 appellatam
2892 3213 3266 3281 maphortetu,
3298 3227 3394 3267 seu
3422 3225 3764 3279 mavortem,

2181 3281 2237 3335 in
2260 3281 2408 3336 Actis
2431 3281 2674 3352 martyrii
2700 3281 2758 3337 S.
2778 3281 2928 3352 Pau_li
2951 3283 3207 3350 apostoli,
3230 3298 3351 3352 qua:
3371 3283 3615 3339 feruntur
3637 3286 3765 3341 Lini

2186 3352 2427 3416 nomine,
2452 3350 2770 3423 cum'agitur
2788 3351 2856 3407 de
2875 3350 3142 3423 Plautillae
3166 3350 3453 3419 velamine,
3479 3356 3767 3423 maphorte

2186 3423 2364 3489 dicto,
2408 3423 2573 3477 Paulo
2609 3421 2872 3480 exhibito.
2909 3422 2967 3477 In
3006 3423 3159 3478 Actis
3195 3424 3415 3491 insuper
3443 3421 3763 3483 sanctorum

2186 3492 2483 3565 maltyrum
2518 3492 2750 3565 Faustae
2773 3502 2827 3547 et
2856 3493 3109 3565 Evilasii,
3142 3509 3368 3565 quorum
3398 3494 3763 3565 fragmentum

2186 3562 2377 3619 recitat
2423 3562 2580 3634 Beda_
2606 3562 3083 3634 inrMartyrologio
3124 3564 3195 3618 ‘20
3224 3562 3505 3634 Septemb:
3533 3567 3649 3621 haec
3688 3570 3761 3623 de

2185 3634 2472 3703 mapborte
2496 3650 2513 3687 :
2544 3631 2709 3687 Iussit
2739 3630 3213 3688 Faustam'nudam
3232 3676 3245 3696 ,
3274 3630 3324 3690 et
3352 3637 3462 3689 sine
3488 3636 3765 3704 maphorte

2186 3704 2531 3777 ﬂagellatam,
2559 3705 2961 3777 incarceratam,
2991 3714 3146 3772 caput
3176 3706 3454 3770 terebrari,
3484 3717 3590 3761 etc.
3619 3709 3763 3772 Quid

2188 3774 2363 3848 autem
2399 3776 2473 3829 sit
2508 3774 2739 3839 mafors,
2787 3776 2871 3829 vel
2909 3789 3128 3848 mavors
3165 3777 3296 3848 satis
3335 3777 3483 3832 clare
3518 3777 3766 3848 depingit

2185 3844 2511 3917 Cassianus,
2540 3855 2825 3917 angustum
2857 3845 3064 3917 scilicet
3095 3847 3346 3914 pallium,
3377 3863 3484 3917 quo
3510 3842 3646 3902 colla
3676 3842 3764 3903 si;

2186 3931 2290 3981 que
2320 3916 2574 3970 humeros
2607 3916 2893 3983 tegebant;
2922 3916 3067 3984 quod
3107 3929 3213 3969 non
3252 3917 3500 3971 absimile
3540 3918 3761 3973 videtur

2186 3985 2359 4057 fuisse
2401 3987 2469 4057 ab
2494 3986 2834 4057 geogpalliolo,
2860 3987 3003 4057 quod
3030 4000 3172 4040 nunc
3194 3987 3415 4041 abbates
3444 3998 3501 4042 et
3524 3988 3615 4043 alii
3644 3992 3764 4057 qui-

2185 4055 2309 4109 dam
2350 4056 2589 4125 religiosi
2623 4065 2834 4124 gestare
2863 4056 3076 4120 solent,
3108 4058 3252 4125 quod
3280 4068 3336 4112 et
3366 4057 3489 4113 Itali
3520 4055 3762 4115 maiore—

2186 4135 2295 4180 tam
2325 4135 2547 4191 vocant,
2580 4126 2728 4180 allini
2759 4138 2906 4181 certe
2935 4129 3360 4182 nomenclatura.

2262 4208 2283 4234 ε
2329 4198 2577 4268 Planetas
2615 4199 2737 4261 alii,
2777 4197 3067 4265 Dionysius
3104 4196 3340 4268 planicas
3377 4200 3621 4267 exponit.
3657 4200 3760 4254 Vi-

2186 4265 2345 4339 detur
2371 4268 2498 4321 mihi
2534 4267 2791 4339 planetica
2817 4265 3190 4339 diminutivum
3219 4284 3248 4321 a
3279 4265 3518 4339 planetu,
3551 4286 3670 4339 qua:
3704 4273 3762 4326 in

2186 4338 2426 4392 vestibus
2472 4337 2642 4409 sacris
2684 4339 2791 4392 alio
2839 4337 3057 4394 nomine
3098 4337 3296 4394 casula
3330 4337 3761 4409 dicitur,_quasi

2186 4423 2350 4476 parva
2378 4423 2524 4471 casa,
2554 4408 2676 4476 quia
2706 4418 2875 4464 totum
2905 4409 3201 4477 hominem,
3231 4410 3403 4465 instar
3427 4425 3586 4475 casm,
3616 4408 3765 4464 anti-

2186 4480 2367 4547 quitus
2397 4479 2613 4547 tegebat
2643 4480 2985 4549 (cuiusmodi
3013 4481 3309 4535 etiamnum
3340 4482 3394 4535 in
3426 4480 3762 4547 quibusdam

2185 4552 2536 4604 monasteriis
2579 4560 2792 4605 exstant
2833 4551 3089 4618 planetae,
3118 4565 3217 4604 seu
3259 4552 3458 4606 casulae
3500 4552 3646 4606 onmi
3688 4569 3761 4607 ex

2185 4631 2337 4689 parte
2362 4621 2593 4683 clausae,
2625 4630 2680 4675 et
2708 4622 2953 4674 rotundas
2975 4622 3016 4689 ).
3047 4621 3212 4688 Hujus
3241 4638 3371 4691 ergo
3404 4622 3762 4679 similitudine

506 4684 607 4749 tis,
640 4694 695 4739 et
726 4684 927 4762 tibialia
949 4684 1230 4762 tibiarum.
1265 4684 1435 4762 Porro
1474 4682 1765 4762 nequellis
1792 4681 2073 4762 vocabulis
2100 4701 2153 4760 D
2179 4681 2441 4761 planetica
2464 4681 2821 4756 sive‘planica,
2842 4681 3479 4762 dicebattirvestisamplii
3502 4702 3555 4747 et
3576 4694 3764 4762 splen-

505 4764 791 4809 contentus
811 4754 1100 4809 Cassianus
1121 4756 1284 4809 etiam
1307 4753 1552 4810 Grmcmn
1576 4752 1783 4807 addidit
1802 4752 2072 4818 ἀναϐολάς,

508 4841 606 4893 pro
631 4841 738 4894 quo
768 4826 821 4879 in
854 4824 1122 4894 plerisque
1151 4827 1539 4894 vetustioribus
1565 4823 1969 4892 exemplaribus
2000 4826 2078 4878 le-

506 4892 956 4965 giturranalaboys
988 4892 1322 4966 :_Dionysius
1349 4911 1476 4949 vero
1497 4892 1887 4949 Carthusianus
1915 4894 2078 4966 habet

505 4963 764 5033 unabore;
793 4963 1081 5032 utrumq’ue
1111 4963 1425 5020 mendosum
1473 4980 1536 5021 ac
1586 4966 1875 5019 barbarum
1923 4963 2074 5033 (Vid.

508 5040 663 5095 Suid.
720 5039 855 5092 verb.
891 5035 1156 5107 ἀναϐολή).
1186 5037 1278 5091 Est
1303 5046 1483 5092 autem
1513 5037 1735 5095 ἀναϐολή
1766 5038 1910 5107 ἱόεηι
1931 5035 2077 5104 quod

508 5125 719 5165 remora
741 5152 756 5174 ,
790 5119 883 5165 aut
918 5106 1227 5179 suspensio,
1262 5117 1321 5179 ut
1358 5119 1541 5163 nutum
1582 5118 1692 5165 est.
1729 5122 1832 5179 qua
1868 5106 2076 5179 signiti-

506 5182 718 5237 catione
746 5197 869 5237 cum
898 5176 1357 5250 illisisynnnymis
1392 5178 1818 5250 apte_congruit.
1855 5176 1962 5250 Alii
1993 5177 2073 5232 le-

508 5264 637 5320 gunt
668 5254 939 5308 ἁναϐόλαια
966 5250 1051 5305 vel
1074 5246 1628 5320 3tuu661a't3ta,eadem
1660 5248 1997 5320 derivatione
2018 5258 2073 5320 et

508 5315 807 5391 signiﬁcatu
843 5340 856 5374 :
889 5323 989 5377 etsi
1023 5323 1383 5375 anubotadium
1419 5319 1656 5391 Isidorus
1697 5315 1842 5388 (Ubi
1872 5318 2072 5391 supra)
2106 5382 2110 5386 _

507 5388 725 5458 exponit
766 5393 1089 5446 amictorium
1128 5393 1318 5445 lineum
1361 5390 1698 5458 feminarum,
1735 5404 1837 5458 quo
1876 5388 2074 5442 humeri

509 5463 838 5533 operiuntur,
881 5465 1018 5533 quod
1060 5461 1227 5517 (ἓνωεί
1266 5469 1312 5514 et
1351 5459 1538 5533 Latini
1569 5459 1830 5511 sindonem
1870 5469 2072 5533 vocant.

554 5548 681 5587 orrn
722 5533 805 5587 his
828 5528 991 5588 aliine
1022 5533 1336 5588 vocabulum
1362 5528 1615 5583 analabus
1642 5537 1819 5583 exstat
1846 5528 1984 5596 apud
2009 5530 2070 5584 Β.

505 5603 837 5660 Dorotheum
859 5607 911 5658 in
931 5604 1173 5659 doctrina
1196 5604 1400 5671 prima;
1426 5611 1479 5654 at
1500 5600 1893 5671 signiﬁcatione
1915 5601 2071 5671 longe

507 5674 577 5729 ab
608 5674 692 5729 his
717 5676 950 5731 diversa.
974 5675 1025 5729 Is
1048 5670 1392 5729 enim’vestes
1419 5670 1807 5725 monachorum
1833 5670 2074 5729 comme-

510 5759 750 5818 morans,
774 5746 1355 5824 earumqueggatioues
1379 5752 1437 5801 et
1464 5744 1720 5813 mysteria
1747 5756 2024 5815 exponens
2055 5762 2076 5817 ς

2176 4762 2322 4827 dida,
2356 4762 2421 4815 ad
2444 4774 2693 4829 pompam
2729 4771 2783 4814 et
2807 4762 3225 4816 ostentationem
3253 4762 3586 4832 composita,
3619 4776 3671 4817 et
3702 4767 3760 4819 in

2176 4833 2396 4887 modum
2425 4832 2655 4899 planetas
2677 4846 2772 4886 seu
2797 4831 2994 4886 casulzn
3022 4839 3196 4886 totum
3227 4831 3499 4888 hominem
3530 4834 3765 4888 circnm-

2176 4906 2313 4957 dans
2331 4941 2346 4964 ,
2375 4915 2535 4969 quam
2563 4909 2750 4970 putant
2781 4902 3026 4956 nonnulli
3051 4905 3347 4958 derivatam
3371 4920 3401 4958 a
3423 4903 3593 4959 verbo
3621 4906 3764 4960 πλα-

2178 4976 2391 5043 adaucta,
2421 4971 2562 5041 quod
2592 4981 2677 5026 est
2704 4988 2888 5043 vagor,
2920 4987 3014 5028 seu
3041 4989 3200 5040 erro;
3244 4990 3310 5029 eo
3339 4975 3482 5044 quod
3508 4989 3603 5028 sua
3630 4990 3768 5042 pru-

2178 5046 2386 5116 lixnate
2426 5052 2482 5096 et
2499 5043 2877 5116 _amplitndine
2916 5043 3151 5116 undique
3186 5043 3493 5116 difﬂueret,
3522 5054 3576 5116 et
3610 5046 3771 5102 velut

2180 5114 2476 5168 oberraret.
2499 5112 2655 5169 Unde
2678 5114 2917 5169 Isidorus
2940 5133 2952 5166 :
2977 5111 3213 5178 Casulas,
3238 5118 3432 5185 inquit,
3455 5111 3622 5171 Οτιέεί
3643 5117 3770 5185 pla-

2177 5194 2317 5256 netas
2335 5184 2499 5239 dictas
2516 5188 2713 5248 volunt,
2733 5188 2855 5251 quia
2876 5187 2980 5239 oris
3000 5188 3283 5240 errantibus
3307 5184 3606 5256 evagantur,
3626 5184 3769 5242 sicut

2177 5253 2368 5326 stellaz,
2407 5256 2657 5326 planetw,
2702 5258 2756 5309 id
2790 5267 2895 5318 est,
2933 5272 3104 5326 vagae,
3138 5274 3232 5310 suo
3272 5253 3477 5322 errore,
3519 5268 3769 5326 motuque

2179 5323 2476 5378 discurrunt
2508 5324 2668 5397 (Lib.
2694 5343 2781 5380 xix
2803 5342 2920 5396 cap.
2949 5323 3019 5379 24
3120 5328 3397 5381 Plant-tam
3430 5328 3610 5397 itaque
3640 5323 3766 5382 me-

2180 5397 2284 5451 rito
2323 5398 2550 5465 opponit
2573 5395 2867 5451 Cassianus
2912 5395 3177 5463 mavurti,
3211 5407 3397 5465 utpote
3443 5395 3671 5463 simplici
3707 5410 3768 5455 et

2180 5477 2411 5535 angusto
2443 5467 2683 5536 palliolo.
2721 5470 2785 5522 Et
2814 5468 3049 5522 Isidorus
3081 5470 3131 5520 in
3164 5468 3371 5537 Regula
3409 5470 3652 5537 planetas
3683 5472 3768 5523 si-

2182 5539 2383 5591 militer
2425 5547 2480 5591 et
2506 5539 2682 5593 birros
2711 5541 2821 5595 suis
2858 5539 3137 5592 monachis
3169 5539 3484 5603 interdixit,
3512 5549 3573 5591 ut
3602 5549 3762 5593 nota-

2175 5609 2257 5662 vit
2291 5607 2601 5664 Ciacouius.
2652 5610 2821 5664 Porro
2876 5609 3054 5665 birrus
3093 5618 3147 5663 et
3195 5609 3398 5665 birrum
3456 5610 3765 5666 masculino

2179 5686 2461 5750 etueutrog
2495 5695 2695 5749 genere
2725 5680 3276 5750 dictum_reperitur;
3316 5682 3382 5736 de
3412 5694 3521 5750 quo
3549 5678 3763 5736 Coelius

2180 5747 2361 5808 Rhod.
2389 5751 2410 5822 (
2437 5747 2554 5808 Lib.
2588 5767 2679 5810 va
2706 5769 2822 5823 cap.
2856 5748 2965 5821 10)
2998 5747 3053 5811 in
3085 5754 3325 5819 antiquis
3364 5747 3715 5810 Lectionibus
3739 5766 3766 5817 ς
