4026 6334
553 369 624 427 75
1883 363 2166 422 JOANNIS
2202 362 2516 422 CASSIANI
3758 375 3831 433 70

551 510 668 564 cap.
697 489 774 560 2).
804 490 878 547 De
899 489 1098 562 quibus
1117 486 1414 557 Apestolus
1438 503 1450 539 :
1477 482 1854 540 Circumierunt
1879 487 1898 559 (
1924 487 2131 561 inquit)
2162 491 2214 552 Α
2239 507 2372 560 pone
2400 506 2517 544 eum
2550 505 2705 561 super
2732 491 2916 562 faciem
2941 494 3087 564 pueri
3109 534 3124 559 ,
3163 502 3220 548 ut
3247 495 3382 550 uiuat
3421 494 3514 567 (IV
3551 497 3678 569 Reg.
3729 499 3826 569 Iv).

549 585 601 640 in
631 587 832 640 metatis
858 598 906 640 et
935 587 990 638 in
1022 584 1240 656 pellibus
1267 581 1496 647 caprinis
1536 589 1736 653 egentes
1755 623 1770 647 ,
1813 582 2097 651 angustiati
2117 623 2134 648 ,

549 679 746 749 aﬁlicti,
768 677 951 748 quibus
967 677 1154 748 dignus
1171 690 1275 727 non
1301 682 1409 727 erat
1434 674 1676 737 mundus,
1694 674 1748 726 in
1772 673 2137 728 solitudinibus

550 779 816 834 errantes,,
833 777 879 823 et
902 770 956 822 in
977 767 1258 831 montibus,
1283 774 1330 819 et
1360 766 1413 818 in
1443 763 1722 835 speluncis,
1753 774 1802 820 et
1825 766 1878 822 in
1905 749 2138 822 cavernis

549 871 701 916 teme
728 859 913 928 (Hebr.
945 859 1048 928 xi.)
1071 859 1175 926 Qui
1215 867 1394 912 tamen
1432 856 1651 910 habitus
1702 855 1858 926 pellis
1903 857 2138 926 caprina:

552 952 824 1021 signiﬁcat
851 950 1171 1008 mortiﬁcata
1196 951 1343 1006 omni
1377 949 1668 1020 petulantia
1690 947 1987 1006 carnalium
2011 964 2137 1022 pas-

547 1048 762 1106 sionum
817 1047 1013 1106 debere
1063 1059 1161 1102 eos
1210 1045 1261 1100 in
1307 1059 1517 1100 summa
1568 1044 1829 1100 virtutum
1863 1045 2133 1113 gravitate

549 1141 876 1210 consistere,
908 1156 1008 1199 nec
1037 1140 1328 1214 quidquam
1373 1139 1643 1209 petulcum
1670 1138 1756 1194 vel
1785 1137 2014 1193 calidum
2048 1136 2137 1206 ju-

547 1235 791 1292 ventutis
825 1249 890 1294 ac
934 1233 1246 1296 mobilitatis
1275 1231 1514 1304 antiquae
1558 1231 1616 1288 in
1660 1245 1848 1290 eorum
1899 1244 2134 1303 corpore

543 1327 805 1386 residere.

1153 1439 1382 1501 CAPUT
1421 1437 1514 1498 IX.

1187 1532 1268 1588 De
1288 1531 1490 1588 baculo.

613 1625 744 1682 Nam
776 1632 834 1682 et
854 1633 884 1666 ι
911 1625 1168 1686 baculum
1220 1635 1468 1696 gestasse
1495 1623 1713 1680 eosdem
1751 1623 1921 1689 viros,
1966 1623 2131 1679 etiam

542 1719 774 1778 Elisaaus
799 1771 813 1792 ,
845 1720 936 1793 qui
985 1735 1121 1778 unus
1150 1734 1220 1776 ex
1245 1718 1378 1790 ipsis
1405 1727 1510 1783 est,
1542 1717 1724 1786 docet,
1751 1731 1875 1773 cum
1906 1714 2038 1770 dicit
2060 1715 2132 1776 ad

541 1810 694 1869 Giezi
721 1826 951 1882 puerum
971 1826 1152 1878 suum,
1174 1810 1396 1868 mittens
1425 1825 1548 1868 eum
1577 1809 1646 1868 ad
1675 1807 2046 1868 suscitandum
2067 1807 2132 1864 li-

2243 581 2413 650 Quem
2444 583 2631 652 utique
2677 597 2782 639 non
2827 584 3073 642 dedisset
3098 587 3147 642 ei
3178 587 3438 657 propheta
3461 590 3784 660 gestandum
3808 634 3823 658 ,

2239 676 2346 731 nisi
2367 691 2493 731 etim
2522 691 2683 733 manu
2707 691 2807 733 sua
2836 680 3028 736 solitus
3055 690 3206 737 esset
3231 682 3429 752 jugiter
3449 683 3828 740 circumferre.
3881 703 3901 747 ι

2241 765 2409 838 Cujus
2435 769 2672 844 gestatio
2691 770 3053 842 spiritualiter
3074 783 3278 840 monet,
3309 790 3601 854 numquam
3625 776 3829 832 debere

2239 873 2334 916 eos
2363 860 2502 915 inter
2535 868 2612 915 tot
2634 861 2968 917 oblatrantes
2991 862 3244 919 vitiorum
3273 880 3460 934 canes,
3487 877 3541 922 et
3582 867 3828 923 invisibi-

2239 953 2319 1016 les
2348 954 2708 1024 nequitiarum
2737 955 3096 1028 spiritualium
3141 958 3365 1028 bestias,
3395 962 3634 1022 inermes
3675 963 3828 1024 ince-

2237 1044 2369 1106 dere
2396 1046 2491 1117 (de
2524 1047 2724 1114 quibus
2746 1047 2940 1108 beatus
2972 1049 3138 1108 David
3177 1051 3397 1112 liberari
3426 1055 3714 1123 postulans
3741 1054 3826 1116 di-

2236 1137 2344 1201 cit:
2380 1135 2463 1190 Ne
2485 1137 2663 1191 tradas
2684 1180 2700 1205 ,
2744 1137 2964 1193 Domine
2985 1181 3001 1206 ,
3044 1139 3216 1196 bestiis
3244 1143 3470 1198 animam
3498 1145 3827 1212 conﬁtentem

2237 1227 2328 1282 tibi
2349 1226 2522 1299 (Psal.
2551 1230 2756 1298 Lxsm),
2779 1229 2875 1286 sed
2902 1231 3170 1288 irruentes
3205 1248 3298 1292 eas
3327 1235 3617 1294 retundere
3645 1239 3826 1298 crucis

2234 1319 2535 1392 signaculo,
2562 1335 2626 1376 ac
2650 1320 2867 1392 longius
2897 1324 3256 1394 propulsare,
3287 1335 3451 1398 atque
3474 1371 3490 1398 ,
3533 1327 3823 1388 adversum

2234 1427 2293 1469 se
2323 1411 2630 1480 saevientes,
2658 1412 2773 1484 iugi
2796 1416 3056 1470 memoria
3086 1415 3383 1473 Dominicse
3429 1418 3733 1487 passionis,
3766 1428 3822 1476 et

2233 1504 2540 1562 imitatione
2565 1505 2713 1561 illius
2741 1505 3185 1564 mortiﬁcationis
3209 1509 3572 1586 exstinguere.

2848 1621 3078 1681 CAPUT
3116 1623 3185 1684 Χ.

2671 1715 2749 1771 De
2785 1714 3144 1771 calceamentis
3180 1733 3378 1772 eorum.

2301 1806 2677 1870 Calceamenta
2699 1822 2828 1870 vero
2842 1809 2985 1868 velut
3004 1808 3288 1869 interdicta
3307 1809 3621 1884 evangelica
3633 1809 3662 1850 δ
3677 1825 3818 1882 pm.

540 1900 673 1961 lium
701 1904 978 1962 mulieris:
1013 1903 1158 1960 Tolle
1195 1905 1438 1959 baculum
1454 1919 1652 1972 meum,
1679 1914 1727 1958 et
1751 1918 1966 1958 currens
1981 1900 2130 1968 vade,
2163 1893 2213 1956 B
2236 1910 2396 1972 cepto
2461 1909 2817 1970 recusantes,
2885 1915 3013 1962 cum
3077 1899 3368 1964 inﬁrmitas
3387 1903 3634 1973 corporis
3659 1944 3674 1970 ,
3731 1903 3818 1960 vel

1612 2063 1869 2122 ALABDI
1905 2059 2139 2120 GAZE!
2175 2055 2744 2118 COMMENTARIUS.

540 2221 662 2264 rum
711 2213 806 2264 aut
833 2205 1210 2269 librariorum;
1251 2202 1580 2275 acproindc
1618 2201 1916 2275 legendum
1951 2214 2073 2275 csse
2104 2215 2120 2253 :

540 2221 662 2264 rum
711 2218 806 2264 aut
835 2218 1210 2269 librariorum;
1251 2218 1317 2260 ac
1350 2218 1580 2275 promuc
1618 2218 1907 2328 tegendum
1951 2218 2073 2284 esse
2104 2218 2120 2253 :

540 2279 749 2350 melotes
767 2319 782 2343 ,
810 2293 928 2347 qua:
949 2279 1139 2350 penula
1168 2274 1464 2350 appellatur
1485 2274 1634 2350 (Cap.
1697 2274 1778 2343 ti).
1818 2273 1950 2339 Quis
1975 2285 2122 2350 enim

540 2296 749 2333 metam
767 2319 782 2343 ,
810 2296 928 2347 qua:
949 2296 1139 2400 penula
1168 2296 1462 2350 αρρειιαιαν
1485 2296 1634 2346 μίαν.
1665 2296 1778 2343 ιυ).
1818 2296 1950 2339 quis
1975 2296 2121 2328 enim

539 2349 725 2404 credat
752 2363 946 2406 monac
969 2364 1046 2402 ιος
1079 2348 1200 2402 illos
1233 2358 1338 2401 tam
1367 2347 1622 2415 religiose
1663 2354 1756 2404 aut
1801 2343 2121 2415 scrupulose

539 2433 570 2472 a
597 2419 982 2474 calceamentis
1003 2419 1350 2480 abstinuisse,
1383 2414 1525 2488 quod
1549 2427 1798 2488 putarent
1823 2415 1908 2469 illa
1934 2414 2121 2468 Domi-

538 2490 661 2544 nico
682 2498 956 2560 prmeepto
983 2489 1148 2543 luisse
1170 2485 1478 2551 interdicta,
1511 2485 1570 2540 ut
1594 2485 1730 2540 infra
1755 2486 1997 2540 dicetur:
2027 2499 2122 2606 pe.

538 2575 653 2606 ram
693 2575 824 2606 vero
866 2575 963 2606 nm
1004 2560 1200 2606 malum
1255 2570 1311 2606 et
1357 2557 1612 2606 fattliliari
1663 2557 1979 2606 indumento
2063 2570 2122 2606 a-

536 2575 653 2614 ram
684 2557 824 2615 varo
866 2557 963 2628 pro
1004 2560 1200 2615 melote
1255 2570 1311 2614 et
1357 2557 1612 2614 familiari
1663 2557 2122 2628 indumentum-

533 2628 748 2697 buisse;
797 2626 918 2688 cuin
950 2632 1140 2686 iisdem
1171 2630 1306 2698 locis
1348 2644 1412 2683 ac
1457 2628 1738 2683 sententiis
1781 2626 2120 2698 Evangelicis

535 2714 669 2769 pera
692 2696 849 2756 simul
883 2717 1004 2756 cum
1032 2696 1414 2756 calceamentis
1431 2699 1778 2769 prohibeatur
1803 2696 2012 2766 (Matth
2060 2711 2116 2764 ι,

535 2781 583 2826 et
613 2769 765 2828 Luca
795 2772 888 2842 tt)?
913 2771 1220 2828 Praesertim
1245 2787 1367 2826 cum
1404 2769 1831 2842 apudprobizitos
1871 2777 2120 2842 auctores

536 2850 651 2896 tum
678 2839 886 2904 sacros.
910 2849 1023 2898 tum
1055 2842 1311 2912 profanos
1341 2856 1467 2911 pera
1513 2839 1645 2912 nihil
1675 2839 1823 2893 aliud
1853 2839 2122 2910 signiticet

535 2927 694 2982 quam
745 2913 981 2968 loculum
1013 2910 1106 2968 aut
1149 2910 1460 2974 sacculum,
1511 2910 1568 2965 in
1599 2925 1705 2981 quo
1736 2920 1978 2980 pastores
2029 2918 2121 2964 aut

533 2986 769 3039 viatores
799 2983 979 3040 cibum
1017 2985 1268 3041 diurnum
1299 2998 1393 3042 seu
1415 2983 1664 3042 uiaticum
1707 2983 2002 3036 recondere
2031 2994 2120 3035 so-

532 3053 677 3124 lent:
701 3070 805 3124 quo
817 3055 979 3108 etiam
1001 3055 1161 3110 modo
1181 3054 1446 3121 accipitur
1468 3053 1522 3106 in
1553 3053 1844 3124 Evangelia
1866 3051 2024 3108 Luca:
2051 3067 2118 3112 ις

533 3122 941 3198 Ιγοιὶιέρονιατε
967 3129 1247 3192 sacculum,
1274 3140 1434 3198 neque
1463 3140 1658 3198 peram.
1701 3125 1770 3198 Et
1782 3122 1950 3198 Luca}
1971 3137 2118 3178 xxtt:

534 3195 753 3265 Quando
773 3197 891 3252 misi
916 3212 1002 3252 vos
1031 3198 1142 3250 sine
1171 3213 1294 3266 pera
1330 3205 1380 3252 et
1414 3196 1616 3260 baculo,
1646 3205 1701 3250 et
1725 3195 1872 3254 alibi.
1919 3195 1994 3250 De
2022 3209 2118 3266 pe-

531 3268 658 3322 nula
693 3281 818 3322 vero
850 3269 966 3323 hec
995 3267 1159 3324 habet
1195 3267 1310 3322 Nic.
1344 3267 1616 3333 Perouus,
1649 3278 1702 3324 et
1732 3282 1795 3322 ex
1827 3282 1894 3322 eo
1926 3265 2114 3321 Ambr.

529 3335 839 3404 Calepinus,
872 3353 990 3406 quae
1013 3341 1148 3394 satis
1175 3339 1467 3393 ostendunt
1489 3338 1740 3406 penulam
1764 3352 1887 3393 cum
1916 3337 2115 3392 inclute

530 3410 824 3464 convenire
850 3430 862 3466 :
890 3408 1114 3476 Penula,
1145 3410 1352 3479 inquit,
1387 3410 1536 3464 restis
1561 3410 1719 3464 densa
1759 3425 1818 3461 ac
1846 3408 1980 3470 vilis,
2001 3423 2119 3476 qua!

531 3479 869 3569 nebulos'oftc
892 3481 1122 3569 pluvioso
1145 3490 1372 3569 t'emiiore
1392 3497 1550 3552 supra
1573 3481 1801 3569 tunicam
1837 3480 2118 3569 assumitur
2145 3503 2192 3569 ο

531 3549 643 3624 loco
666 3551 853 3624 pallii,
881 3553 948 3606 ad
983 3553 1234 3606 arcendas
1252 3549 1288 3605 a
1315 3549 1808 3624 corpore_pluoias_:
1846 3551 2119 3624 hercisi‘ea:

530 3621 749 3690 pellibus
782 3634 919 3690 erat,
949 3631 1152 3680 scortea
1191 3620 1488 3683 vocabatur.
1522 3620 1599 3676 De
1615 3638 1714 3696 qua
1737 3620 2001 3679 Martialis
2027 3620 2118 3676 lib.

530 3708 622 3751 ιιν
645 3710 660 3746 Ξ

655 3784 945 3850 Ingrediare
969 3788 1093 3839 viam
1110 3785 1237 3838 coelo
1253 3787 1374 3838 licet
1396 3799 1554 3850 usque
1580 3798 1788 3850 sermo;

713 3849 792 3901 Ad
811 3850 997 3900 subitas
1015 3863 1278 3912 numquam
1299 3848 1490 3900 scortea
1505 3848 1636 3900 desit
1657 3848 1824 3912 aquas.

532 3971 766 4041 l-lmc,iet
794 3971 895 4026 alia
924 3972 1065 4038 apud
1093 3973 1260 4041 ipsos,
1292 3981 1345 4026 et
1367 3971 1500 4025 alios
1532 3979 1807 4025 auctores.

608 4051 634 4079 α
654 4040 944 4098 Monachus
963 4040 1258 4096 Thebaidis
1287 4042 1534 4097 baculum
1564 4041 1777 4099 itineris
1804 4041 2010 4096 socium
2025 4041 2119 4097 ba-

531 4113 715 4168 buisse
745 4123 973 4184 testatur
996 4113 1061 4184 D.
1103 4113 1462 4184 Hieronymus
1503 4112 1814 4184 prtelatione
1847 4114 1900 4184 in
1932 4111 2114 4182 Begu-

529 4185 639 4239 iam
683 4184 743 4238 S.
789 4182 1066 4256 i’achomii
1096 4181 1186 4252 (In
1227 4181 1347 4236 Vita
1378 4183 1720 4256 Hilarionis).
1763 4184 1831 4238 Et
1855 4183 1915 4240 S.
1948 4181 2115 4237 Auto-

530 4256 677 4324 nius,
709 4253 900 4308 eodem
930 4255 1259 4325 Hieranymo
1289 4264 1459 4322 teste,
1495 4253 1744 4325 baculum
1776 4267 1990 4325 gestare
2025 4269 2114 4310 so-

529 4325 691 4381 litus:
722 4325 867 4380 unde
888 4335 943 4378 et
973 4324 1170 4396 baculo
1197 4325 1494 4379 instructus
1520 4324 1660 4396 pingi
1693 4324 1852 4380 solet.
1881 4325 2033 4396 Quod
2063 4326 2112 4380 si

529 4397 754 4452 moralia
776 4397 1001 4467 requirit
1019 4395 1208 4456 lector.
1243 4397 1404 4450 multa
1439 4394 1768 4466 hujusmodi.
1787 4407 1845 4450 et
1867 4394 2112 4467 Cassiani

526 4467 689 4524 dictis
731 4466 1017 4524 admodum
1057 4481 1296 4521 cotisoua
1347 4479 1533 4534 petere
1591 4476 1788 4536 poterit
1831 4483 1898 4520 ex
1949 4466 2111 4523 Petro

526 4538 845 4606 Bercborio,
871 4537 962 4604 qui
992 4537 1341 4606 multiplicem
1375 4539 1550 4594 baculi
1599 4539 1818 4592 moralis
1867 4538 2110 4604 speciem

524 4624 593 4668 ex
640 4609 866 4666 diversis
900 4607 1192 4680 scriptura:
1226 4608 1356 4663 locis
1409 4612 1540 4667 satis
1581 4611 1841 4680 apposite
1873 4619 1927 4664 et
1959 4609 2110 4675 iuge-

526 4683 701 4748 niose,
725 4679 844 4734 rudi
877 4679 1001 4733 licet
1025 4677 1189 4750 istylo,
1219 4681 1425 4750 colligit
1451 4692 1505 4735 et
1535 4677 1758 4750 exponit
1788 4677 1877 4746 (In
1910 4679 2110 4734 Dictio-

525 4756 696 4819 nario,
719 4751 867 4805 uerbo
892 4750 1166 4819 Baculus).
1213 4750 1330 4804 Alia
1361 4753 1545 4806 itidem
1585 4753 1714 4805 satis
1741 4763 2106 4807 comentanea

2226 2204 2283 2253 ct
2308 2202 2701 2266 praceptorum
2731 2193 3081 2266 distinctione
3103 2193 3428 2265 cogitantes.
3460 2196 3658 2254 Verum
3690 2202 3814 2258 aliis

2224 2264 2906 2338 prudentioribus__parum
2946 2264 3119 2338 solida
3172 2264 3224 2319 et
3253 2267 3548 2336 probabilis
3585 2271 3698 2326 visa
3726 2281 3814 2328 est

2224 2335 2328 2394 ista
2355 2335 2799 2393 sententia.‘Nam
2825 2346 2882 2390 ut
2904 2351 3031 2391 vero
3056 2335 3331 2391 diceretur
3360 2339 3460 2393 hoc
3479 2353 3810 2408 pra-ceptum

2222 2409 2483 2478 apostolis
2525 2424 2623 2474 pro
2649 2417 2915 2477 tempore,
2947 2408 3051 2462 hoc
3079 2417 3187 2473 est,
3221 2408 3376 2463 initio
3407 2411 3812 2478 praedicationis

2223 2482 2390 2534 nuisse
2411 2479 2758 2552 impositum.
2787 2494 2897 2534 non
2927 2487 3108 2552 tamen
3138 2489 3456 2552 sequeretur
3484 2479 3649 2538 luisse
3686 2500 3811 2552 per.

2223 2562 2474 2620 pctuum;
2507 2548 2746 2604 maxime
2769 2565 2891 2604 cum
2919 2565 2948 2602 a
2979 2548 3199 2623 Christo
3230 2550 3478 2623 videatur
3505 2548 3700 2623 postea
3723 2572 3810 2612 rc—

2224 2633 2473 2677 vocatutn
2507 2623 2562 2675 in
2594 2630 2751 2675 nocte
2777 2634 2980 2686 canae;
3009 2621 3226 2689 quando
3253 2621 3398 2678 dixit
3426 2621 3542 2680 eis:
3588 2625 3810 2692 Quando

2221 2693 2463 2820 ἰέἱίτῖιέἒὶ
2618 2691 3810 2836 ῗὲἵῗγῖἒεῖἷῗιῗκιξῖἶιίῑεο⁸ῗ’ίιέ⁶ἔῗ›ὶεῗ¹¹¹ἐιί

2224 2834 2630 2903 Pbilippenses:
2664 2834 2834 2889 multo
2863 2834 3042 2888 minus
3068 2834 3135 2890 ad
3167 2835 3303 2907 alios
3332 2837 3550 2892 extendi
3578 2838 3807 2907 debere,

2221 2914 2496 2975 tamquam
2525 2907 2832 2976 universale
2867 2915 3218 2975 promptum.
3251 2905 3439 2976 Neque
3466 2924 3594 2964 vero
3619 2905 3806 2964 credi?-

2223 2977 2334 3032 bile
2353 2987 2434 3031 est
2465 2987 2559 3029 aut
2575 2975 2850 3030 Christum
2875 2979 3046 3045 ipsum
3067 2988 3157 3032 aut
3189 2975 3467 3044 apostolos
3495 2978 3658 3034 nudis
3686 2997 3809 3036 om-

2222 3049 2354 3102 nino
2377 3047 2600 3114 pcdibus
2619 3048 2938 3101 incessisse:
2961 3062 3083 3102 cum
3109 3049 3177 3102 de
3191 3048 3413 3103 Christo
3424 3049 3622 3106 dixerit
3637 3050 3808 3108 Joan-

2223 3134 2322 3174 nes
2350 3119 2590 3187 Baptista
2639 3118 2828 3176 Matth.
2860 3134 2919 3172 ιιι
2948 3136 2961 3170 :
2995 3116 3209 3172 Fortior
3241 3135 3322 3174 me
3348 3130 3460 3185 est;
3507 3123 3658 3182 cuius
3706 3139 3810 3178 nan

2222 3206 2338 3244 sunt
2364 3191 2551 3261 dignus
2575 3189 2922 3314 meatorum
2955 3187 3151 3244 solvere
3166 3191 3442 3260 corrigiam
3486 3194 3808 3250 calceamen-

2223 3270 2394 3314 torum
2416 3262 2550 3314 eius.
2597 3261 2610 3275 ‘
2713 3269 2768 3314 et
2794 3260 3032 3314 Marcus.
3087 3261 3252 3314 veluti
3279 3277 3586 3314 nrmcavere
3616 3265 3808 3314 volens

2223 3270 2394 3314 torum
2416 3260 2550 3330 ejus.
2575 3260 2683 3314 Sed
2713 3269 2768 3314 et
2794 3260 3032 3327 Marcus,
3087 3261 3252 3315 veluti
3279 3277 3586 3330 praecavere
3616 3265 3808 3322 volens

2223 3347 2291 3387 nc
2315 3331 2464 3405 quod
2492 3331 3130 3405 Mattheus__scripserat,
3167 3347 3446 3405 perperam
3477 3335 3807 3405 intelligere-

2221 3411 2331 3470 tur,
2363 3403 2581 3469 scripsit
2609 3401 2846 3456 sandalia
2876 3404 3137 3472 apostolis
3165 3401 3335 3458 fuisse
3376 3401 3674 3461 conmissa:
3694 3407 3806 3466 Sed

2223 3474 2498 3536 calceatus,
2543 3475 2638 3536 ait,
2671 3473 2940 3528 sandaliis.
2965 3472 3174 3540 Quibus
3202 3475 3382 3530 verbis
3419 3477 3622 3532 indicat
3644 3477 3807 3534 Chri-

2220 3556 2365 3602 stum
2391 3545 2652 3608 voluisse,
2691 3555 2782 3616 aut
2809 3557 2956 3616 certe
2977 3545 3294 3615 permisisse
3317 3548 3575 3616 apostolis
3596 3549 3806 3604 calcea-

2221 3625 2307 3672 tos
2335 3632 2458 3673 esse
2485 3615 2758 3670 sandaliis.
2807 3615 2963 3672 Unde
2985 3628 3040 3670 et
3082 3615 3245 3671 Petro
3265 3615 3510 3685 apostolo
3540 3618 3678 3673 dixit
3705 3635 3806 3675 an-

2219 3689 2376 3758 gelus
2397 3689 2520 3743 Act.
2546 3703 2649 3742 ut:
2677 3685 2861 3741 Calcea
2881 3697 2928 3741 te
2949 3688 3141 3758 caligas
3155 3685 3290 3751 tuas,
3311 3688 3400 3742 ubi
3423 3688 3610 3745 Graece
3639 3690 3806 3746 habe-

2217 3769 2309 3814 tur
2333 3759 2600 3818 σανδάλια.
2627 3759 2760 3812 Hinc
2783 3758 2849 3811 Ι).
2873 3761 3206 3827 Augustinus
3233 3758 3329 3813 ιιι».
3360 3775 3397 3814 st
3423 3761 3494 3814 de
3516 3760 3804 3817 Consensu

2219 3830 2476 3899 Evangel.
2493 3845 2613 3900 cap.
2630 3830 2703 3886 50
2733 3838 2788 3882 et
2815 3830 2904 3883 alii
2929 3842 3154 3885 censent
3177 3829 3262 3884 illa
3287 3830 3661 3887 tantummodo
3688 3833 3804 3888 cal-

2217 3911 2499 3972 ceamenta
2525 3900 2787 3970 apostolis
2813 3901 2978 3955 fuisse
3007 3901 3277 3969 prohibita
3301 3942 3316 3964 ,
3343 3918 3462 3970 quae
3493 3910 3664 3958 totum
3707 3919 3805 3972 pc-

2218 3970 2341 4026 dem
2360 3980 2628 4041 tegerent,
2655 3986 2882 4041 quaeque
2913 3972 3130 4046 proprie
3171 3972 3510 4046 ὑποδήματα,
3541 3970 3803 4046 sivecal-

2216 4053 2497 4099 ceamcnta
2522 4051 2882 4098 vocarentur:
2922 4042 3164 4096 sandalia
3193 4042 3442 4112 veropro
3471 4059 3622 4100 more
3649 4045 3802 4102 illius

2215 4116 2454 4180 regionis
2478 4115 2584 4168 illis
2609 4114 2777 4168 fuisse
2793 4127 3074 4176 concessa,
3089 4113 3283 4184 quibus
3305 4116 3417 4169 sola
3446 4117 3595 4183 pedis
3611 4115 3800 4182 planta

2213 4186 2529 4256 tegebatur,
2574 4185 2852 4252 superiore
2881 4193 3032 4256 parte
3083 4185 3222 4243 nuda
3253 4194 3306 4240 ct
3335 4185 3567 4241 detecta.
3600 4185 3804 4256 Hujus-

2215 4254 2357 4308 modi
2403 4256 2546 4310 enim
2598 4255 2954 4309 calceamenti
3003 4270 3172 4323 genus
3221 4256 3400 4310 vocari
3449 4254 3694 4312 Sandalia‘
3743 4269 3804 4315 et

2213 4327 2650 4398 soleasuindicat
2695 4325 3048 4398 Augustinus.
3098 4325 3234 4392 Quia
3285 4342 3414 4398 ergo
3468 4327 3715 4384 Christus
3739 4339 3803 4385 ct

2215 4396 2472 4470 apostoli,
2517 4406 2580 4452 ut
2625 4404 2712 4451 est
2737 4397 3055 4470 verisimile,
3089 4415 3191 4467 pro
3227 4396 3382 4470 more
3425 4400 3571 4455 illius
3620 4403 3803 4470 gentis

2213 4467 2447 4540 maxime
2471 4483 2498 4520 a
2531 4469 2856 4538 pauperibus
2885 4480 3107 4537 recepto
3129 4511 3146 4538 ,
3181 4469 3472 4526 utebantur
3501 4467 3797 4540 subd—aliis,

2215 4539 2386 4594 noluit
2424 4540 2684 4595 Dominus
2733 4555 2862 4594 suos
2915 4539 3208 4608 discipulos
3256 4542 3308 4594 in
3357 4541 3798 4608 pradicatiouem

2215 4611 2383 4665 ituros
2414 4625 2625 4666 mutare
2649 4611 2894 4664 sandalio
2918 4654 2946 4682 ,γ
2966 4610 3149 4682 ιιιιῑίόιξ
3175 4611 3384 4682 calceis
3411 4613 3800 4682 comparandis

2213 4696 2334 4738 esse
2356 4683 2643 4746 sollicitos;
2667 4694 2727 4734 ut
2747 4684 2851 4752 hoc
2875 4681 3038 4735 etiam
3063 4679 3248 4736 ὴηὶιὶιιι
3267 4679 3652 4748 humilitstetn,
3680 4699 3801 4752 pm-

2209 4754 2516 4824 nitentiam,
2547 4763 2601 4824 et
2631 4767 2811 4824 rerum
2842 4751 3199 4806 humanarum
3237 4763 3606 4824 contemptum
3637 4751 3801 4810 exhi-

524 4823 592 4895 de
612 4823 814 4895 baculo
841 4821 1066 4895 ejusque
1105 4823 1585 4895 signiﬁcationibus
1629 4821 1793 4877 habet
1835 4821 2107 4895 Pagninus
2136 4883 2182 4895 _
2209 4823 2418 4895 tierent.
2443 4824 2557 4876 Hoc
2580 4822 2743 4895 igitu_r
2769 4824 3022 4895 exemplo
3043 4831 3101 4876 et
3125 4825 3334 4882 ratione
3361 4821 3580 4880 adducti
3601 4841 3796 4879 mona-

523 4893 827 4964 in‘lsagoge
858 4893 952 4947 lib.
981 4891 996 4946 t
1023 4908 1141 4962 cap.
1163 4891 1261 4948 ⁷18.

593 4962 622 5003 δ
663 4962 1038 5020 Ιιῖιιήἱιηιιίιῐη
1063 5005 1078 5026 ,
1109 4965 1255 5034 quod
1307 4963 1444 5034 apud
1473 4963 1783 5018 Matthaaum
1817 4975 1874 5018 ct
1904 4963 2106 5024 Lucam

521 5035 844 5105 exprimitur
863 5035 945 5089 his
963 5035 1174 5089 verbis:
1204 5033 1382 5088 Nolite
1405 5045 1613 5101 portare
1640 5038 1924 5101 sacculum,
1949 5053 2110 5105 neque

522 5123 716 5189 peram,
749 5106 1287 5189 neque‘calcgamcnta
1331 5105 1610 5189 (Δξαςιιι.)
1629 5146 1644 5172 ,
1672 5105 1816 5189 μισ..
1846 5107 2108 5189 αγριιω

522 5179 687 5233 verba
735 5175 982 5234 [nottachi
1010 5175 1087 5230 illi
1133 5177 1213 5229 sic
1248 5175 1602 5243 accipiebant,
1645 5187 1700 5230 ut
1730 5176 1852 5231 inde
1884 5178 2108 5248 collige-

521 5258 647 5302 rent
671 5249 1159 5308 calceamentorum
1179 5261 1333 5300 usum
1352 5249 1612 5316 apostolis
1635 5255 1692 5300 et
1715 5261 1904 5304 eorum
1930 5257 2108 5302 secta-

523 5319 734 5374 toribus
755 5361 769 5383 .
804 5317 855 5376 id
878 5325 994 5384 est,
1028 5317 1306 5372 monachis
1336 5328 1390 5371 et
1421 5318 1759 5386 perfectioris
1787 5317 1910 5371 vitae
1937 5321 2109 5376 culto-

522 5389 672 5444 ribus
695 5389 856 5460 tuisse
887 5387 1268 5460 interdictum;
1300 5395 1355 5443 et
1375 5389 1603 5460 proinde
1636 5389 1796 5443 nudis
1823 5398 1878 5443 et
1909 5389 2104 5443 discal-

523 5460 693 5516 ceatis
715 5459 946 5530 pedibus
977 5458 1331 5530 incedendum
1375 5458 1516 5516 esse.
1569 5461 1645 5517 ita
1678 5461 1752 5513 illi
1789 5475 1891 5518 suo
1917 5476 2097 5528 more,

523 5538 579 5584 et
597 5544 698 5600 pro
720 5529 818 5586 Suo
840 5539 1020 5600 captu,
1044 5540 1097 5588 et
1120 5529 1464 5601 simplicitate
1493 5535 1656 5586 verba
1687 5531 1985 5598 Scriptura:
2017 5531 2101 5592 ni-

525 5601 630 5658 mis
650 5602 819 5670 rigide
855 5611 913 5659 ct
955 5603 1254 5658 secundum
1280 5602 1522 5671 litteram
1559 5646 1572 5668 ,
1620 5612 1678 5656 ut
1726 5603 1955 5667 dicitur,
2005 5618 2104 5658 seu

517 5672 820 5744 verborum
837 5686 1029 5730 sonum
1049 5673 1391 5744 interpretari
1421 5675 1595 5730 soliti:
1629 5689 1781 5732 more
1809 5677 1966 5728 etiam
1995 5675 2104 5742 pri-

517 5759 732 5818 morum
781 5739 1249 5818 Christianorum,
1283 5747 1374 5818 qui
1414 5744 1670 5818 quidquid
1694 5759 1767 5800 ex
1810 5739 2104 5814 Evangelia

519 5813 888 5880 audirent,vel
910 5829 979 5876 ex
1005 5813 1241 5886 fervore,
1269 5813 1350 5872 vel
1370 5813 1441 5874 εἰ
1464 5813 1812 5886 simplicitate
1833 5813 2103 5886 tamquam

517 5894 848 5956 praeceptum
897 5885 1392 5957 amplectebantur,
1445 5885 1583 5946 nihil
1632 5886 1701 5946 de
1753 5887 2105 5948 consiliorum

2133 4883 2187 4944 D
2211 4894 2295 4947 chi
2331 4893 2427 4955 illi,
2457 4908 2577 4946 cum
2599 4883 2663 4946 in
2687 4883 2982 4963 Evangelia
3013 4891 3249 4961 legerent
3271 4898 3636 4951 calceamenta
3660 4911 3800 4963 apo-

2209 4963 2363 5017 stolis
2397 4963 2560 5018 l’uisse
2593 4962 2884 5030 prohibita.
2908 4963 3151 5018 sandalia
3178 4981 3310 5021 vero
3340 4967 3581 5031 tuinime,
3614 4962 3799 5024 verbis

2205 5033 2503 5104 Scriptum
2533 5031 2852 5108 simpliciter
2880 5033 3236 5108 inhrerentcs,
3287 5047 3346 5092 et
3391 5037 3593 5108 aliquid
3621 5037 3799 5093 etiam

2209 5107 2515 5176 spiritualc,
2549 5121 2644 5160 seu
2670 5104 2897 5168 morale,
2926 5107 3066 5175 quod
3109 5106 3195 5161 hic
3225 5104 3497 5176 tangitur;
3514 5108 3570 5163 in
3601 5122 3682 5163 eis
3706 5120 3798 5164 at-

2208 5175 2514 5249 tendentes,
2547 5192 2576 5230 a
2606 5177 2990 5249 calceamentis
3015 5177 3171 5249 velut
3213 5175 3510 5233 interdictis
3539 5180 3798 5249 Evange-

2209 5245 2315 5301 lico
2342 5256 2633 5316 praecepto,
2661 5247 2915 5315 religiose
2944 5246 3290 5306 abstinebant
3310 5289 3324 5311 ,
3373 5258 3427 5302 et
3463 5264 3658 5304 eorum
3693 5245 3798 5306 usu

2206 5318 2489 5387 repudiato
2507 5319 2765 5372 sandaliis
2792 5319 3103 5381 utebantur,
3118 5319 3286 5377 vel,ut
3299 5317 3595 5375 Cassianus
3617 5323 3799 5387 loqui-

2202 5396 2317 5456 tur,
2371 5389 2552 5460 coligis
2580 5405 2698 5443 suos
2721 5389 3018 5460 mmilebant
3049 5389 3233 5457 pedes;
3261 5389 3458 5456 quibus
3503 5391 3682 5450 verbis
3733 5401 3800 5452 et

2209 5459 2558 5540 _sequeutibus
2596 5467 2783 5540 aperte
2832 5459 3040 5540 indicat
3061 5475 3117 5538 se
3145 5460 3346 5529 caligas
3369 5475 3472 5540 pro
3500 5462 3796 5540 sandaliis,

2207 5531 2313 5585 hoc
2339 5541 2444 5598 est,
2478 5547 2575 5602 pro
2597 5531 2811 5602 pedum.
2843 5546 2947 5602 non
2980 5529 3236 5602 tibiarum
3263 5529 3605 5602 tegimentis,
3637 5529 3797 5590 acci’.

2207 5617 2340 5674 perc
2365 5600 2514 5674 juxta
2540 5601 2850 5674 praedictum
2873 5600 3181 5674 ﬁeriptura:
3205 5600 3567 5674 locumli’idc
3587 5603 3795 5662 Barou.
3856 5611 3888 5657 ε

2209 5670 2246 5727 t.
2278 5673 2295 5727 Ι
2328 5673 2519 5744 Annal.
2541 5670 2635 5727 an.
2669 5673 2760 5739 57,
2789 5684 2836 5744 et
2863 5670 3132 5726 Molestum
3154 5674 3246 5730 lib.
3275 5676 3342 5729 de
3368 5670 3505 5728 Pist.
3535 5683 3581 5727 et
3608 5691 3794 5744 sm.

2210 5762 2256 5798 c.
2287 5743 2401 5815 82).
2425 5744 2625 5798 Eadem
2644 5758 2774 5815 vero
2798 5742 3103 5799 imitatione
3128 5745 3474 5801 comoeviue
3499 5742 3796 5815 plerosque

2210 5814 2502 5871 monachos
2528 5815 2657 5872 olim
2687 5814 2806 5871 sine
2833 5815 3030 5871 calceis
3058 5859 3071 5886 ,
3097 5831 3200 5872 seu
3225 5816 3384 5874 nudis
3409 5814 3664 5886 pedibus.
3695 5816 3794 5874 vel

2211 5896 2418 5943 tantum
2443 5887 2608 5946 soleis
2629 5887 2896 5944 incedere.
2917 5896 3147 5944 testatur
3158 5887 3531 5954 D.Greqorius
3549 5885 3793 5944 Naxia»
