4026 6334
543 406 612 465 79
1414 367 1418 372 ’
1839 401 2106 461 tonum:

2210 399 2489 461 iASSIANl
3727 404 3798 464 80

542 524 799 596 Nonaque
829 521 883 580 id
909 538 1084 579 visum
1107 530 1210 589 est,
1237 531 1296 577 ut
1326 531 1352 560 ι
1379 520 1673 577 secundum
1714 521 1972 576 horarum
2004 535 2121 575 mo-
2145 525 2198 586 Α
2222 540 2348 580 num
2382 521 2598 577 modum
2630 521 2682 576 in
2709 521 3032 591 vespertinis
3058 519 3420 578 conventibus
3447 535 3544 579 seu
3573 532 3797 578 noctur-

541 620 668 674 dum
709 618 765 674 in
806 618 1000 690 quibus
1041 617 1155 672 haec
1202 616 1428 672 Domino
1470 616 1770 672 redduntur
1815 615 2074 684 obsequia
2101 655 2116 678 ,

542 715 875 785 psalmorum
920 713 1081 769 etiam
1111 721 1164 766 et
1199 711 1506 765 orationum
1542 719 1796 779 putarent
1833 725 2118 765 numerum

540 808 925 879 comquandum
961 824 975 862 :
1000 805 1274 861 nonnullis
1305 805 1503 874 placuit
1531 807 1803 861 senarium
1833 819 2117 860 numerum

540 901 770 972 singulis
807 900 917 956 diei
943 899 1297 955 conventibus
1337 898 1606 968 deputari.
1641 899 1982 967 QuaprOpter
2021 913 2119 953 ne-

543 995 842 1050 cessarium
891 1007 1014 1048 reor
1042 992 1478 1062 antiquissimam
1529 1001 1740 1062 patrum
1773 989 2017 1058 proferre
2063 990 2117 1044 in

545 1089 782 1142 medium
810 1085 1274 1153 constitutionem,
1310 1101 1430 1156 quae
1456 1101 1601 1141 nunc
1620 1099 1791 1155 usque
1820 1098 1915 1153 per
1945 1092 2113 1138 totam

540 1177 835 1249 Egyptum
866 1194 894 1231 a
926 1177 1018 1231 Dei
1067 1176 1287 1232 famulis
1333 1177 1654 1244 custoditur,
1709 1191 1817 1248 quo
1861 1174 1890 1214 δ
1921 1175 2117 1231 novelli

539 1267 849 1324 monasterii
877 1267 931 1322 in
952 1265 1172 1324 Christo
1194 1267 1343 1323 rudis
1369 1267 1592 1323 infantia
1617 1267 2114 1337 antiquissimorum

539 1362 720 1432 p0tius
751 1372 962 1432 patrum
997 1361 1384 1418 vetuStissimis
1433 1362 1864 1418 institutionibus
1908 1361 2117 1418 imbua-

542 1462 650 1511 tur.

1137 1564 1364 1623 CAPUT
1403 1564 1492 1622 Ill.

539 1699 620 1756 De
635 1700 920 1773 uniformis
946 1700 1139 1772 regula:
1166 1717 1258 1773 per
1287 1699 1765 1773 totameggptum
1787 1701 2040 1771 custodia,
2065 1709 2114 1756 et

608 1772 671 1827 de
695 1772 938 1828 electione
967 1771 1141 1827 eorum
1168 1771 1262 1842 'qui
1299 1771 1969 1844 fratribus‘prwponuntur.

2222 617 2304 670 nis
2348 615 2546 686 vigiliis
2591 613 2824 670 vidimus
2852 617 3127 671 retentari.
3171 614 3286 670 Non
3337 613 3482 670 enim
3511 612 3797 687 quisquam

2217 707 2602 767 conventiculo
2628 706 2876 775 fratrum,
2908 707 3004 762 sed
3034 722 3102 764 ne
3137 707 3240 763 sibi
3267 706 3485 778 quidem
3518 706 3620 776 ipsi
3649 720 3788 776 pra:-

2218 815 2341 857 esse
2386 799 2724 869 conceditur,
2777 800 3090 869 priusquam
3136 815 3244 856 non
3293 800 3473 855 solum
3525 799 3795 856 universis

2218 893 2564 949 facultatibus
2586 894 2701 949 suis
2727 892 2984 949 reddatur
3010 904 3287 960 externus,
3337 894 3435 950 sed
3463 909 3531 950 ne
3559 895 3643 949 sui
3679 895 3800 965 qui-

2217 986 2340 1041 dem
2373 985 2541 1057 ipsius
2566 1000 2626 1041 se
2645 1000 2769 1042 esse
2795 985 3098 1054 dominum,
3127 987 3213 1041 vel
3244 994 3564 1057 potestatem
3592 985 3798 1042 habere

2218 1086 2528 1146 cognoscat.
2580 1077 2654 1132 lta
2693 1093 2928 1147 namque
2977 1078 3373 1134 rcnuntiantem
3420 1078 3544 1134 huic
3592 1078 3797 1135 mundo

2217 1170 2544 1240 quibuslibet
2571 1170 2910 1226 facultatibus
2930 1185 2994 1226 ac
3015 1171 3220 1226 divitiis
3249 1171 3545 1242 przeditum
3572 1188 3799 1229 necesse

2221 1270 2303 1316 est
2331 1262 2565 1316 cmnobii
2597 1263 3078 1319 commorationem
3120 1277 3404 1334 expetere,
3455 1275 3516 1321 ut
3553 1264 3607 1320 in
3647 1266 3800 1322 nullo

2216 1353 2320 1408 sibi
2365 1369 2436 1409 ex
2479 1353 2563 1409 his
2593 1369 2713 1425 quae
2757 1355 2998 1426 reliquit,
3049 1365 3144 1411 aut
3193 1357 3377 1413 intulit
3423 1359 3795 1425 monasterio,

2217 1445 2523 1502 blandiatur
2553 1465 2566 1500 :
2591 1447 2672 1502 sic
2701 1446 2926 1503 obedire
2953 1449 3185 1516 cunctis,
3217 1460 3277 1505 ut
3313 1450 3647 1506 redeundum
3690 1451 3799 1508 sibi

2216 1536 2514 1592 secundum
2565 1539 2890 1593 sententiam
2936 1539 3149 1595 Domini
3176 1539 3392 1613 (Matth.
3433 1543 3593 1614 xvm)
3614 1542 3681 1598 ad
3713 1544 3800 1599 in-

2214 1627 2439 1684 fantiam
2496 1629 2783 1700 pristinam
2835 1633 3088 1700 noverit,
3151 1633 3286 1689 nihil
3332 1633 3435 1690 sibi
3484 1635 3796 1692 considera-

2214 1719 2360 1776 tione
2399 1721 2499 1776 aevi
2526 1722 2612 1776 vel
2659 1737 2926 1778 annorum
2973 1725 3369 1782 numerositate
3417 1742 3796 1799 praesumens,

2213 1830 2378 1886 quam
2427 1815 2482 1870 in
2525 1817 2726 1873 saeculo
2770 1817 3008 1874 inaniter
3055 1829 3432 1890 consumptam
3483 1835 3544 1878 se
3579 1831 3799 1890 reputat

605 1904 792 1974 Itaque
819 1920 918 1976 per
939 1905 1250 1961 universam
1295 1916 1316 1945 ε
1345 1906 1642 1978 Egyptum
1673 1916 1727 1963 et
1752 1907 2109 1975 Thebaidem,
2141 1911 2190 1972 B
2215 1908 2546 1977 perdidisse;
2575 1909 2670 1966 sed
2694 1924 2794 1981 pro
2819 1911 3250 1967 rudimentorum
3283 1912 3480 1968 merito
3508 1923 3561 1970 et
3591 1916 3794 1987 tyroci-

535 1999 627 2057 ubi
661 2001 984 2056 monasteria
1017 2015 1126 2055 non
1171 2013 1267 2070 pro
1298 2001 1720 2070 uniuscujusque
1751 1999 2111 2056 renuntiantis

535 2092 891 2148 instituuntur
919 2091 1164 2159 arbitrio,
1195 2091 1291 2148 sed
1327 2107 1423 2162 per
1446 2092 1822 2150 successiones
1847 2107 1912 2148 ac
1938 2092 2112 2147 tradi-

535 2185 714 2240 tiones
742 2184 1027 2254 majorum,
1059 2200 1228 2256 usque
1255 2185 1309 2239 in
1345 2185 1668 2240 hodiernum
1709 2185 1851 2240 diem
1881 2184 1966 2239 vel
1992 2199 2113 2252 per-

534 2287 755 2335 manent
794 2278 877 2335 vel
908 2293 1162 2335 mansura
1206 2275 1523 2345 fundantur,
1556 2261 1854 2349 legitimum
1905 2279 2109 2334 oratio-

2215 2001 2290 2056 nii
2321 2001 2586 2070 novitate,
2615 2017 2776 2072 quam
2804 2017 2863 2058 se
2890 2018 3080 2074 gerere
3103 2005 3156 2059 in
3187 2003 3390 2063 Christi
3422 2007 3611 2062 militia
3639 2023 3797 2064 reco—

2213 2094 2448 2166 gnoscit,
2491 2094 2727 2152 subdere
2749 2110 2810 2152 se
2839 2097 3003 2152 etiam
3039 2097 3347 2168 junioribus
3378 2114 3484 2155 non
3528 2112 3793 2158 moretur.

2215 2186 2413 2252 Operis
2464 2201 2678 2259 quoque
2721 2195 2780 2245 et
2804 2187 3020 2244 sudoris
3060 2191 3460 2248 assuetudinem
3503 2193 3576 2248 ita
3608 2193 3794 2250 subire

2215 2277 2584 2348 compellitur,
2611 2285 2676 2335 ut
2702 2274 2733 2320 ἀ
2757 2280 2994 2350 propriis
3037 2281 3318 2352 manibus,
3362 2282 3517 2354 juxta
3544 2285 3794 2356 Apostoli

1588 2436 1846 2493 ALABDI
1881 2435 2114 2494 GAZIEI
2150 2435 2716 2496 COMMENTARIUS.

531 2578 917 2650 supputatione
945 2574 1297 2650 respondent_.
1343 2573 1497 2640 Quod
1525 2572 1694 2650 _nullo
1723 2571 1942 2642 negotio
1972 2571 2096 2637 fiet,

529 2652 576 2707 si
605 2644 725 2719 quis
751 2649 996 2705 advertat
1025 2644 1078 2702 in
1107 2663 1239 2719 quas
1271 2647 1434 2719 horas
1459 2644 1592 2719 solis
1633 2652 1810 2719 ortus,
1839 2654 1894 2696 et
1927 2657 2099 2719 occa-

530 2712 648 2784 sus',
672 2728 728 2775 et
747 2719 999 2774 meridies
1025 2718 1279 2772 incidant.
1306 2716 1437 2770 Nam
1462 2715 1594 2770 hora
1622 2723 1770 2768 sexta
1800 2712 2098 2782 inaequalis,

529 2807 651 2862 qua:
673 2801 753 2843 est
774 2791 915 2862 hora
947 2789 1209 2862 orationis
1235 2795 1409 2862 sexta,
1437 2800 1651 2854 semper
1674 2785 1867 2862 incidit
1889 2786 1944 2862 in
1972 2799 2097 2862 _me-_

531 2853 748 2918 ridiem.
772 2860 910 2915 Hora
936 2860 1092 2913 tertia
1116 2857 1397 2914 inzeoualis
1424 2853 1640 2922 semper
1673 2855 1857 2909 incidit
1889 2856 1940 2910 in
1971 2853 2102 2908 illud

529 2941 761 3001 tempus,
781 2930 928 3001 quod
957 2942 1037 2985 est
1064 2928 1300 3001 medium
1324 2927 1473 3001 inter
1489 2928 1620 3001 solis
1641 2936 1826 3001 ortum
1859 2936 1914 2980 et
1938 2925 2102 3001 meri:

528 2995 694 3058 diem.
744 2995 885 3056 Hora
917 3016 1060 3055 noua
1108 2998 1388 3067 inaequalis
1432 2996 1486 3050 in
1527 2997 1656 3051 illud
1703 3005 1931 3065 tempus,
1963 2995 2102 3065 quod

527 3082 616 3130 est
642 3073 878 3127 medium
913 3074 1051 3127 inter
1093 3069 1373 3125 meridiem
1419 3079 1468 3122 et
1503 3069 1634 3123 solis
1681 3082 1956 3132 occasum,
1999 3067 2102 3121 hoc

530 3145 689 3199 estin
730 3143 915 3196 horam
941 3144 1152 3197 tertiam
1202 3139 1652 3209 pomeritlianam.
1709 3139 1918 3193 Dicitur
1969 3153 2102 3208 ergo

527 3213 662 3270 hora
694 3214 901 3280 Tertia,
932 3213 1044 3269 sive
1070 3212 1311 3267 officium
1345 3211 1561 3276 Tertiae,
1594 3209 1717 3279 quia
1762 3210 1895 3264 hora
1939 3212 2099 3265 tertia

528 3286 599 3340 ab
627 3294 749 3340 ortu
780 3286 941 3350 solis;
985 3296 1040 3340 et
1079 3283 1314 3338 ofﬁcium
1345 3280 1547 3344 Sextar,
1580 3280 1703 3350 quia
1736 3281 1867 3335 hora
1897 3280 2098 3344 Sexta;

527 3357 766 3411 officium
794 3355 984 3422 Nonas,
1008 3356 1128 3422 quia
1155 3357 1284 3406 liora
1309 3367 1449 3406 nona
1473 3352 1739 3406 celebrari
1767 3352 1946 3405 debet.
1976 3351 2101 3406 Ter-

531 3429 668 3482 tium
698 3427 1107 3494 documentum,
1132 3434 1345 3492 tempus
1376 3425 1696 3477 canonicum
1722 3430 1777 3477 et
1803 3422 2098 3491 legitimum

528 3497 872 3568 persolvendi
891 3494 1065 3551 ofﬁcia
1095 3497 1284 3550 harum
1309 3494 1561 3548 horarum
1589 3509 1692 3547 non
1717 3509 1862 3568 esse2
1887 3504 2104 3562 postea-

527 3563 690 3639 quam
721 3569 848 3639 ipsa:
875 3572 1020 3621 horae
1049 3568 1214 3620 [initae
1241 3574 1390 3639 sunt.
1420 3575 1474 3618 et
1503 3575 1740 3639 exactae;
1771 3563 1863 3639 sed
1893 3577 2104 3630 postea-

529 3635 692 3709 quam
739 3635 843 3692 labi
889 3649 1190 3706 cmperunt,
1223 3645 1278 3690 et
1307 3635 1480 3709 adhuc
1510 3635 1802 3709 labuntur;
1835 3635 1938 3689 hoc
1960 3644 2061 3709 _est
2086 3679 2100 3702 ,

529 3706 638 3765 non
679 3724 801 3765 esse
829 3709 881 3763 in
915 3711 1165 3772 termino,
1202 3721 1296 3762 seu
1325 3706 1450 3771 ﬁne,
1483 3707 1582 3759 sed
1615 3708 1665 3758 in
1696 3715 1809 3759 toto
1838 3707 2012 3774 spatio
2053 3715 2107 3760 et

528 3779 706 3849 lapsu,
730 3781 845 3834 sive
866 3779 1091 3833 decursu
1115 3778 1463 3849 earumdem.
1478 3775 1632 3849 Quod
1654 3791 1720 3830 ex
1736 3791 1800 3829 eo
1817 3777 2100 3846 probatur,

529 3851 654 3921 quia
681 3847 898 3905 Constat
923 3849 1156 3921 ofﬁcium
1182 3847 1422 3921 Laudum
1451 3847 1830 3921 Matutinarum
1855 3863 1959 3921 non
1983 3861 2106 3921 esse

531 3917 919 3976 celebrandum
972 3919 1101 3974 hora
1147 3921 1324 3972 noctis
1366 3919 1684 3972 duodecima
1728 3917 2018 3985 completa,
2065 3918 2102 3971 i.

529 4001 651 4047 orto
673 3991 781 4060 jam
803 3992 937 4053 sole,
968 3991 1060 4044 sed
1085 3991 1218 4043 hora
1246 3988 1560 4043 duodecima
1595 3997 1649 4060 et
1662 3997 1953 4060 postrema
1982 4003 2109 4042 cur-

530 4057 730 4117 rente:
761 4077 821 4116 ac
865 4076 958 4130 per
1003 4061 1106 4115 hoc
1148 4061 1200 4114 in
1230 4073 1420 4130 aurora
1444 4073 1467 4130 ;_
1494 4067 1561 4111 ut-
1592 4057 1736 4130 intra
1771 4058 2103 4130 docebimus.

528 4130 655 4188 Pari
701 4147 830 4202 ergo
859 4127 1075 4187 ratione
1104 4131 1339 4185 officium
1385 4127 1575 4202 Primre
1605 4128 1986 4202 celebrandum
2019 4139 2107 4202 est

529 4217 643 4257 non
671 4199 802 4257 hora
853 4203 1022 4272 prima
1050 4211 1262 4264 exacta,
1308 4199 1402 4253 sed
1449 4200 1699 4272 labente,_
1730 4199 1780 4252 id
1811 4211 1916 4272 est,
1947 4201 2108 4272 paulo

532 4283 658 4341 post
687 4268 867 4326 ortum
893 4271 1022 4328 solis
1050 4290 1064 4326 :
1093 4281 1146 4325 et
1172 4287 1238 4325 ex
1265 4271 1616 4341 consequenti
1643 4268 1792 4341 idem
1818 4270 2106 4325 dicendum

531 4340 604 4398 de
629 4343 824 4399 ofﬁciis
845 4343 1060 4405 Tertiae,
1083 4343 1283 4406 Sextia,
1307 4340 1494 4407 Nonae,
1516 4340 1768 4395 videlicet
1785 4341 2107 4396 celebranda

532 4427 657 4469 esse
685 4415 833 4469 horis
862 4414 970 4468 illis
1000 4413 1330 4476 labentibus,
1367 4411 1597 4466 necdum
1643 4411 1946 4478 completis.
1981 4413 2108 4468 Haec

531 4483 650 4540 fere
673 4484 1048 4540 Bellarminus.
1077 4480 1186 4538 Cur
1213 4497 1390 4537 autem
1414 4483 1561 4536 horae
1589 4481 1705 4535 istm
1737 4481 1917 4551 potius
1947 4498 2109 4551 quam

531 4553 676 4621 aliae,
705 4557 901 4609 divinis
924 4554 1116 4609 officiis
1141 4554 1252 4609 sint
1283 4552 1576 4623 deputatae,
1607 4552 1819 4608 dicetur
1848 4552 1984 4608 infra
2007 4568 2110 4610 suo

534 4626 658 4682 loco
681 4626 832 4696 (Lib.
861 4641 920 4680 ιιι
947 4643 993 4679 c.
1025 4625 1119 4694 2).

605 4707 633 4735 ει
671 4694 727 4751 Ιό
755 4708 862 4761 est,
895 4706 954 4751 ut
980 4698 1136 4750 tertia
1175 4709 1386 4764 quaque
1415 4694 1545 4750 liora
1583 4695 1650 4749 ab
1681 4704 1803 4749 ortu
1831 4695 1964 4750 solis
1995 4705 2107 4751 tres

2125 3388 2172 3454 C

2204 2571 2420 2628 videtur
2449 2582 2638 2629 auctor
2665 2571 2880 2644 )Egypti
2912 2572 3132 2629 nomine
3159 2571 3476 2643 designare,
3511 2589 3631 2629 cum
3667 2589 3788 2630 eam

2206 2659 2236 2699 a
2277 2645 2554 2717 Thebaide
2593 2643 2904 2715 distinguat,
2936 2643 3354 2717 quaagsuperior
3395 2644 3661 2717 Egyptus
3707 2662 3797 2717 ap-

2205 2717 2455 2785 pellatur.
2488 2715 2658 2798 Diirro
2680 2717 2752 2798 _de
2782 2715 3121 2797 monasteriis
3149 2725 3204 2798 et
3227 2717 3505 2798 nionacuis
3524 2715 3787 2798 AEgypti,

2207 2802 2439 2856 quorum
2479 2787 2616 2841 ritus
2644 2787 3157 2856 observationesqne
3181 2787 3233 2840 in
3257 2787 3455 2840 divinis
3483 2786 3702 2856 officiis,
3733 2800 3792 2843 et

2208 2855 2484 2911 canonicis
2502 2859 2834 2912 orationibus
2851 2855 3120 2926 expooere
3141 2857 3452 2926 aggreditur
3471 2855 3787 2928 CaSsianus,

2207 2928 2488 2982 sciendum
2518 2939 2600 2984 est
2636 2937 2879 2982 sanctum
2913 2929 3201 2982 Antonium
3246 2937 3491 2994 tempore
3524 2931 3794 2986 Constan-

2207 2999 2306 3053 tini
2349 2999 2522 3065 Magni
2554 2999 2927 3066 imperatoris,
2958 3011 3010 3052 et
3042 2999 3194 3052 initio
3219 2999 3395 3068 quarti
3428 2999 3644 3065 saeculi,
3676 3015 3795 3056 mo-

2205 3071 2469 3124 nasticam
2500 3070 2840 3139 disciplinam
2871 3072 2924 3123 in
2969 3069 3182 3138 [Egypti
3219 3070 3461 3136 partibus
3491 3071 3721 3139 primum
3752 3087 3785 3127 a

2203 3151 2393 3196 sancto
2444 3141 2622 3195 Marco
2667 3141 2994 3209 evangelista
3045 3139 3323 3193 fundatam
3351 3151 3405 3195 et
3442 3142 3741 3197 institutam
3770 3184 3788 3209 ,

2202 3212 2297 3266 sed
2331 3222 2512 3279 postea
2537 3213 2876 3277 gravioribus
2900 3212 3332 3278 persecutionum
3355 3212 3612 3281 procellis
3637 3228 3790 3268 exor-

2205 3282 2276 3336 tis
2306 3283 2681 3339 labefactatam
2729 3298 2790 3336 ac
2823 3297 2960 3347 pene
2989 3283 3305 3337 exstinctam
3325 3323 3341 3347 ,
3391 3283 3696 3337 restituisse
3726 3299 3792 3340 ac

2202 3365 2560 3417 restauraSse,
2591 3364 2750 3423 atque
2775 3354 2909 3408 adeo
2941 3353 3272 3407 coenobiticae
3302 3354 3423 3407 vitae
3454 3355 3621 3422 prima
3655 3370 3790 3422 quo-

2201 3424 2710 3492 dammodojecisse
2752 3424 3130 3488 fundamenta;
3158 3433 3468 3493 tantamque
3493 3425 3790 3481 monacho-

2203 3510 2321 3548 rum
2371 3495 2764 3550 multitudinem
2798 3495 2946 3550 brevi
2979 3505 3221 3563 tempore
3271 3510 3613 3564 aggregasse,
3646 3505 3703 3550 ut
3729 3507 3784 3550 et

2206 3565 2498 3620 Thebaidis
2551 3576 2606 3621 et
2655 3568 2820 3622 totius
2854 3566 3085 3638 ,Egypti
3145 3565 3371 3638 deserta
3442 3568 3788 3638 monasteriis

2204 3637 2623 3706 complerentur.
2661 3638 2735 3692 De
2773 3637 2970 3703 quibus
3019 3640 3133 3692 haec
3164 3637 3304 3690 inter
3329 3637 3430 3691 alia
3479 3638 3666 3693 scribit
3714 3637 3781 3692 D.

2204 3707 2534 3762 Athanasius
2559 3727 2571 3759 :
2596 3707 2762 3762 Erant
2789 3711 2841 3762 in
2869 3718 3036 3762 mente
3057 3709 3387 3769 monasteria,
3420 3719 3676 3776 tamquam
3702 3719 3784 3761 ta-

2207 3779 2486 3833 bernacula
2508 3777 2662 3850 plena
2686 3780 2873 3832 divinis
2901 3779 3072 3831 choris
3100 3779 3456 3850 psallentium.
3487 3780 3784 3848 legentium,

2207 3850 2489 3912 orantium,
2509 3847 2817 3922 'tanlumque
2845 3847 3128 3922 jejunandi
3154 3865 3217 3922 ac
3235 3849 3524 3922 vigiliarum
3546 3847 3789 3922 ardorem

2207 3930 2511 3974 cunctorum
2537 3921 2792 3974 mentibus
2833 3918 3000 3976 sermo
3041 3922 3156 3990 ejus
3187 3918 3746 3990 (Antonino/ﬂaverat
3769 3961 3784 3984 ,

2207 4002 2264 4043 ut
2299 3995 2494 4058 futura!
2517 3992 2625 4058 spei
2652 3992 2894 4045 aviditate
2914 3990 2983 4043 ad
3013 4002 3240 4042 mutua-ii
3263 3992 3585 4055 charitatem,
3613 4001 3660 4045 et
3684 3994 3787 4044 mi—

2206 4062 2542 4116 sericordiam
2569 4062 2912 4132 indigentibus
2938 4060 3271 4114 exhibendam
3297 4061 3407 4132 iugi
3435 4064 3604 4114 studio
3645 4062 3788 4114 laba-

2207 4141 2405 4199 rarent,
2435 4148 2537 4198 quo
2563 4130 2822 4200 inﬁnitam
2866 4136 3121 4201 regionem
3149 4147 3181 4182 a
3224 4130 3488 4183 mundana
3515 4148 3787 4186 conversa-

2209 4203 2344 4274 tione
2373 4205 2912 4274 sejunctampplenam
2939 4202 3144 4271 pietatis
3170 4211 3214 4254 et
3242 4203 3461 4274 justitia:
3481 4203 3788 4256 videbantur

2207 4273 2427 4326 incolere
2451 4316 2468 4337 ,
2519 4281 2624 4326 etc.
2673 4273 2801 4340 Quae
2829 4273 2987 4339 plane
3029 4281 3332 4326 consonant
3359 4273 3422 4324 iis
3451 4289 3568 4341 quae
3599 4290 3650 4327 in
3685 4279 3788 4330 hoc

2207 4344 2384 4412 capite
2413 4344 2479 4399 de
2519 4344 2773 4416 operibus
2812 4353 2866 4416 et
2895 4343 3177 4416 exercitiis
3197 4342 3582 4416 monachorum
3613 4343 3786 4416 Egy-

2208 4417 2443 4484 ptiorum
2475 4431 2504 4468 a
2535 4414 2796 4472 Cassiano
2825 4415 3096 4470 dicuntur.
3149 4415 3318 4480 Quam
3348 4429 3477 4469 vero
3509 4414 3780 4469 illustraia

2208 4494 2356 4558 esset
2398 4485 2614 4558 Egypti
2661 4502 2876 4542 eremus
2925 4487 3030 4540 illis
3057 4497 3364 4558 sanctorum
3394 4487 3786 4558 monachorum

2208 4556 2440 4612 ctetibus
2465 4554 2979 4626 DZChrysostomus
3008 4557 3175 4610 refert
3203 4554 3286 4608 his
3316 4557 3491 4610 verbis
3523 4574 3536 4610 :
3569 4557 3628 4612 Si
3672 4559 3790 4627 quis

2209 4643 2346 4680 nunc
2373 4630 2442 4682 ad
2488 4629 2706 4700 Egypti
2750 4627 3270 4700 veniat_solitudines,
3319 4628 3564 4691 paradiso
3607 4630 3790 4697 quouis

2210 4714 2411 4752 omnem
2443 4696 2587 4752 illam
2601 4696 2828 4753 eremum
2855 4698 3040 4749 videbit
3070 4696 3380 4766 digniorem,
3422 4709 3466 4750 et
3497 4696 3793 4751 innumera-

530 4767 721 4840 itidem
767 4768 1002 4838 psalmos
1030 4768 1083 4821 in
1129 4766 1358 4832 singulis
1387 4766 1581 4840 ofﬁciis
1623 4766 1832 4820 diurnis
1880 4767 2109 4840 Domino
2137 4769 2188 4832 ι)
2214 4767 2338 4822 biles
2367 4768 2676 4840 Angeloruin
2709 4777 2864 4821 coetus
2899 4768 2950 4820 in
2990 4767 3290 4840 corporibus
3321 4767 3518 4840 fulgere
3541 4769 3786 4821 mortali-

533 4837 815 4903 oﬁ‘errent,
835 4843 1020 4908 sicque
1039 4852 1320 4892 numerum
1349 4837 1677 4905 psalmorum
1708 4853 1934 4892 numero
1954 4839 2110 4892 hora-

531 4925 654 4966 rum
693 4921 1074 4979 exaequarent:
1107 4908 1216 4977 vel,
1246 4915 1306 4961 ut
1333 4909 1623 4962 secundum
1662 4923 1969 4973 numerum,
2011 4923 2109 4965 seu

470 5018 490 5046 ._.
533 4990 881 5050 augmentum
925 4981 1201 5038 horarum.
1243 4993 1523 5050 numerum
1561 4979 1757 5050 itidem,
1778 4980 2107 5046 psalmorum

533 5049 816 5121 augerent,
850 5050 953 5107 hoc
981 5061 1086 5110 est.
1121 5050 1249 5104 hora
1281 5049 1466 5104 Tertia
1501 5060 1608 5105 tres
1647 5049 1906 5121 psalmos.
1943 5050 2107 5105 Sexta

531 5120 653 5188 sei,
686 5121 834 5178 Nona
885 5135 1080 5176 novem
1125 5121 1516 5188 persolverent,
1569 5120 1708 5189 quod
1767 5122 1983 5190 proprie
2025 5129 2109 5176 est

532 5192 792 5249 horarum
833 5203 886 5247 et
927 5193 1255 5261 psalmorum
1287 5205 1568 5245 numerum
1600 5205 1909 5261 exaequare.

606 5263 634 5303 δ
674 5259 962 5319 Novellum
1008 5261 1390 5316 monasterium
1452 5271 1610 5314 vocat
1657 5259 1786 5314 illud
1834 5270 2108 5317 monaste-

533 5335 697 5400 rium,
721 5335 862 5405 quod
888 5335 1080 5389 Castor
1103 5333 1389 5405 episcopus
1412 5332 1432 5404 (
1453 5334 1538 5386 cui
1567 5335 1662 5385 hos
1685 5332 1855 5405 libros
1885 5332 2105 5405 dicavit)

535 5402 754 5467 recens,
782 5421 846 5459 ac
874 5405 1108 5474 primum
1138 5402 1457 5458 fundaverat
1483 5405 1534 5456 in
1562 5417 1656 5456 sua
1673 5403 1962 5474 Apr0viucia
2004 5418 2101 5458 an-

534 5487 635 5600 }ea.
655 5470 997 5530 monasteriis
1022 5483 1079 5531 et
1105 5475 1372 5529 ctenohiis
1405 5487 1606 5539 vacua,
1654 5470 1724 5526 de
1752 5487 1858 5542 quo
1885 5473 1938 5527 in
1967 5487 2108 5542 prae-

564 5557 765 5600 auone.

564 5557 765 5600 attone.

613 5627 642 5688 εξ
662 5614 926 5688 Egyptus
955 5615 1175 5680 Africae,
1199 5615 1304 5682 vel,
1333 5623 1390 5688 ut
1416 5613 1539 5688 aliis
1564 5612 1773 5688 placet,_
1794 5613 1934 5688 Aisize
1962 5614 2110 5684 regio

535 5689 592 5746 in
621 5683 916 5755 Scrip'turis
957 5689 1255 5752 notissima,
1287 5685 1354 5741 ad
1386 5685 1717 5740 occidentem
1747 5683 1946 5740 Judzea:
1984 5683 2107 5753 sita,

537 5759 796 5814 dividitur
835 5760 886 5812 in
920 5758 1055 5812 duas
1109 5767 1333 5824 partes:
1363 5759 1529 5811 altera
1583 5756 1823 5820 inferior,
1891 5772 2012 5825 qua:
2054 5767 2109 5812 et

537 5828 689 5884 Delta
721 5845 749 5882 a
779 5829 948 5901 ﬁgura
977 5829 1308 5901 triangulari,
1342 5844 1503 5901 quam
1545 5828 1691 5883 Nilus
1717 5828 1907 5883 dextra
1950 5828 2110 5901 larva-

529 5916 643 5975 que
682 5899 885 5958 divisus
931 5915 1030 5957 suo
1076 5899 1276 5955 ambitu
1323 5900 1510 5970 efficit,
1563 5909 1925 5972 nuncupatur.
1961 5899 2107 5956 Hanc

2216 4841 2328 4912 bus.
2363 4837 2480 4912 Non
2511 4841 2584 4892 ita
2616 4840 2771 4912 variis
2799 4847 3054 4912 astrorum
3081 4837 3248 4912 choris
3267 4837 3446 4892 calum
3469 4841 3710 4912 refulget,
3735 4850 3794 4894 ut

2217 4908 2436 4979 (Egypli
2484 4926 2682 4964 eremus
2718 4911 2999 4963 innumeris
3041 4907 3408 4962 monachorum
3449 4907 3794 4979 ac‘virginum

2214 4978 2548 5050 distinguitur
2577 4991 2728 5051 atque
2758 4979 3049 5051 illustratur
3075 4979 3436 5051 tabernaculis.
3471 4982 3590 5033 Haec
3616 4978 3794 5051 Chry-

2214 5047 2484 5104 sostomus
2515 5047 2746 5123 (Hoinil.
2768 5051 2877 5123 §in
2910 5047 3150 5123 Matth).
3183 5049 3451 5123 Caeterum
3478 5047 3794 5123 huusmoili

2214 5120 2601 5176 monachorum
2645 5121 2697 5177 in
2744 5121 2980 5192 Egypto
3011 5121 3316 5191 degentium
3367 5139 3470 5177 non
3513 5123 3652 5176 idem
3687 5120 3795 5176 fuit

2212 5205 2385 5260 genus
2414 5195 2675 5259 omnium,
2704 5202 2760 5248 et
2784 5193 3076 5254 institutio,
3109 5206 3210 5246 nec
3241 5196 3425 5247 eadem
3458 5194 3580 5247 vitae
3608 5192 3792 5260 perfe-

2210 5263 2340 5316 ctio.
2371 5263 2502 5318 Nam
2535 5264 2777 5319 nonnulli
2809 5263 3145 5318 declinantes
3186 5263 3253 5315 ab
3281 5263 3498 5318 Antooii
3532 5265 3796 5319 inStitutis

2209 5333 2372 5388 aliam
2402 5336 2642 5390 inierunt
2671 5337 2796 5388 vitae
2824 5335 3108 5404 rationem.
3140 5331 3295 5404 Unde
3325 5334 3386 5386 D.
3429 5334 3796 5404 Hieronymus

2211 5405 2280 5458 de
2311 5408 2396 5459 his
2424 5420 2590 5476 agens
2632 5405 2683 5459 in
2727 5403 3003 5476 epist._ad
3057 5402 3402 5458 Eustochium
3456 5402 3648 5460 scribit
3689 5420 3797 5462 suo

2213 5473 2583 5542 tempore'tria
2608 5476 2772 5530 fuisse
2795 5477 2846 5529 io
2870 5473 3104 5542 Egypto
3129 5488 3326 5542 genera
3355 5485 3743 5532 monachorum
3778 5496 3793 5531 :

2209 5546 2444 5614 primum
2477 5547 2890 5606 cmnobitarum.
2942 5544 2992 5600 id
3024 5556 3128 5608 est,
3179 5544 3233 5598 in
3281 5550 3552 5601 communi
3604 5549 3798 5600 viven-

2214 5617 2349 5670 tium
2375 5632 2392 5680 ;
2423 5616 2718 5672 secundum
2744 5617 3229 5680 anachoretarum;
3259 5622 3495 5683 tertium,
3523 5619 3664 5683 quod
3699 5634 3798 5674 vo-

2217 5695 2304 5742 cat
2335 5687 2713 5752 deterrimum,
2745 5687 2886 5742 haud
2917 5687 3164 5741 absimile
3195 5687 3292 5754 illi,
3347 5689 3487 5756 quod
3521 5689 3582 5742 D.
3618 5689 3796 5746 Bene-

2215 5758 2389 5813 dictus
2413 5760 2658 5829 nominat
2688 5758 3110 5813 Sarabaitarum.
3147 5758 3351 5829 Sedde
3384 5761 3465 5814 his
3494 5767 3644 5829 plura
3679 5763 3794 5819 alio

2214 5829 2336 5885 loco
2362 5836 2378 5891 (
2409 5828 2534 5883 Vide
2555 5827 2748 5884 Collat.
2779 5830 2842 5884 18
2867 5847 2983 5895 cap.
3011 5829 3045 5882 4
3067 5839 3115 5883 et
3141 5845 3244 5896 seq.
3264 5828 3303 5894 ).

2285 5899 2312 5939 (ί
2353 5901 2476 5956 Fuit
2501 5901 2618 5958 haec
2647 5902 2912 5960 institutio
2941 5909 2995 5957 et
3028 5900 3361 5957 consuetudo
3390 5899 3504 5958 fere
3547 5902 3793 5968 omnium
