4026 6334
307 266 373 324 85
799 261 887 320 DE
923 259 1400 320 C(ENOBIORUM
1437 258 1682 318 INSTIT.
1722 258 1858 317 LIB.
1898 256 1964 316 11.
1994 287 2065 300 -
2093 257 2180 314 DE
2217 254 2610 314 NOCTURNIS
2644 254 3130 315 ORATIONIBUS.
3514 259 3586 312 86

307 395 424 437 mus
460 378 851 436 Alexandrinae
889 377 1014 434 urbi
1056 377 1298 450 pontifex
1349 377 1596 445 praefuit,
1647 388 1893 431 normam
1920 389 1972 454 Α
1997 373 2208 444 aliaque
2237 373 2324 428 his
2353 371 2523 427 multo
2551 371 2867 428 sublimiora
2897 372 3240 441 perﬁcerent.
3279 370 3358 428 De
3385 370 3584 441 quibus

307 489 597 546 suscepere
625 469 880 538 vivendi,
909 487 1022 528 non
1047 469 1224 527 solum
1257 471 1346 526 illa
1377 470 1660 542 magniﬁca
1690 469 1892 524 retine-

307 567 458 634 bant,
488 584 615 640 quae
643 568 893 640 primitus
922 565 1222 623 Ecclesiam
1250 566 1331 621 vel
1357 561 1690 621 credentium
1713 563 1898 619 turbas

308 663 362 720 in
387 663 612 719 Actibus
641 659 1020 732 Apostolorum
1053 656 1206 733 (Cap.
1237 659 1312 731 tv)
1339 655 1569 730 legimus
1591 656 1897 714 celebrasse

309 754 695 828 (Multitudinis
739 754 932 809 scilicet
971 753 1292 808 credentium
1335 761 1443 807 erat
1487 768 1575 806 cor
1611 768 1804 816 unum,
1849 758 1900 805 et

308 849 483 922 anima
510 863 618 901 una
641 861 661 900 :
693 862 788 901 nec
814 848 1088 918 quisquam
1112 861 1290 900 eorum
1316 860 1432 916 qua
1457 843 1769 916 possidebat,
1800 842 1901 896 ali-

307 940 432 1010 quid
460 955 616 994 suum
644 955 756 994 esse
781 939 1015 1005 dicebat,
1043 938 1136 992 sed
1164 949 1308 992 erant
1332 937 1439 991 illis
1467 937 1640 990 omnia
1665 951 1898 989 commu-

310 1034 435 1098 nio;
460 1041 711 1103 quotquot
739 1033 874 1088 enim
899 1047 1215 1102 possessores
1242 1047 1489 1102 agrorum
1509 1038 1603 1083 aut
1627 1029 1898 1084 domorum

307 1136 492 1194 erant,
530 1123 804 1180 uendentes
839 1123 1120 1193 aﬂ‘erebant
1158 1123 1328 1194 pretia
1358 1138 1534 1178 eorum
1573 1139 1689 1193 qua
1716 1121 1901 1176 vende-

306 1217 470 1284 bant,
502 1228 551 1273 et
584 1216 844 1291 ponebant
869 1226 988 1271 ante
1014 1215 1170 1289 pedes
1205 1213 1557 1287 apostolorum
1586 1231 1606 1269 :
1636 1213 1901 1269 divideba-

307 1319 398 1366 tur
413 1321 586 1366 autem
605 1307 825 1384 singulis
843 1319 992 1382 prout
1009 1310 1194 1378 cuique
1210 1325 1339 1382 opus
1353 1306 1514 1380 erat);
1534 1323 1720 1364 verum
1735 1310 1904 1368 etiam

308 1403 398 1460 bis
442 1404 616 1458 multo
657 1401 972 1457 sublimiora
1011 1400 1438 1457 cumulaverant.
1487 1397 1699 1457 Etenim
1744 1415 1897 1457 sece-

308 1498 505 1553 dentes
536 1497 590 1550 in
621 1497 918 1552 secretiora
951 1495 1334 1550 suburbiorum
1366 1495 1484 1550 loca
1504 1536 1519 1560 ,
1564 1493 1799 1567 agebant
1822 1493 1903 1549 vi-

309 1599 421 1644 tam
447 1596 599 1644 tanto
618 1587 962 1643 abstinentiae
983 1586 1162 1657 rigore
1182 1587 1511 1652 districtam,
1537 1595 1598 1642 ut
1625 1586 1784 1642 etiam
1817 1585 1902 1646 bis

309 1682 402 1752 qui
429 1692 589 1736 erant
617 1677 898 1750 religionis
921 1689 1185 1747 externae,
1215 1679 1426 1748 stupori
1465 1689 1615 1736 esset
1658 1691 1766 1738 tam
1807 1696 1902 1737 ar-

2004 467 2168 524 etiam
2190 466 2237 522 is
2257 465 2348 536 qui
2379 465 2558 522 minus
2585 464 2962 536 indigenarum
3004 465 3270 521 relatione
3291 464 3546 536 cognovit
3564 504 3586 532 ,

2003 561 2366 618 ecclesiastica
2417 559 2641 616 historia
2692 567 2720 597 ι
2773 557 2974 629 poterit
3003 559 3243 614 edoceri.
3299 557 3379 614 Ea
3426 559 3588 629 igitur

2006 662 2328 726 tempestate
2359 669 2484 711 cum
2516 651 2776 710 Ecclesia:
2810 652 2953 710 illius
2982 651 3269 722 primitivte
3323 651 3589 724 perfectio

2002 765 2172 822 penes
2198 763 2549 806 successores
2560 762 2688 803 suos
2704 746 2880 802 adhuc
2891 747 3100 802 recenti
3119 747 3387 804 memoria
3414 745 3589 802 invio-

2003 844 2110 900 lata
2137 839 2361 899 duraret
2378 883 2394 908 ,
2422 841 2749 912 fervensque
2778 853 3080 911 paucorum
3116 838 3250 895 ﬁdes
3276 839 3504 896 necdum
3529 839 3591 896 in

2002 937 2406 994 multitudinem
2440 935 2688 1006 dispersa
2717 933 2980 1004 tepuisset
3002 948 3022 998 ;
3048 931 3387 989 venerabiles
3405 944 3591 1001 patres

2006 1029 2257 1104 pervigili
2295 1045 2424 1087 cura
2466 1029 2705 1101 posteris
2738 1027 3120 1094 consulentes,
3149 1028 3368 1098 quinam
3396 1025 3592 1082 modus

2006 1125 2327 1198 quotidiano
2352 1125 2523 1180 cultui
2548 1138 2645 1194 per
2673 1123 2990 1177 universum
3020 1119 3376 1176 fraternitatis
3404 1117 3594 1184 blcor-

2006 1232 2108 1288 pus
2130 1214 2349 1272 decerni
2376 1215 2622 1281 deberet,
2647 1213 2928 1269 tractaturi
2952 1212 3308 1279 conveniunt,
3336 1223 3392 1266 ut
3419 1211 3594 1266 haere-

2005 1311 2231 1368 ditatem
2274 1309 2495 1380 pietatis
2539 1323 2604 1364 ac
2638 1307 2787 1377 pacis
2817 1307 2983 1361 etiam
3022 1305 3431 1361 successoribus
3477 1303 3594 1359 suis

2005 1403 2306 1458 absolutam
2336 1399 2406 1456 ab
2428 1399 2576 1455 omni
2605 1397 2968 1454 dissensionis
2997 1398 3090 1452 lite
3119 1395 3547 1452 transmitterem
3573 1412 3590 1449 :

2004 1503 2256 1552 verentes
2300 1494 2514 1550 scilicet
2552 1508 2620 1549 ne
2645 1506 2754 1564 qua
2780 1493 2833 1546 in
2865 1489 3198 1563 quotidianis
3222 1488 3592 1546 solemnitati-

2009 1590 2111 1645 bus
2139 1589 2282 1645 inter
2305 1588 2451 1643 viros
2479 1585 2723 1658 ejusdem
2750 1585 2976 1640 cultum
3000 1593 3286 1639 consortes
3310 1581 3594 1638 dissonan-

2009 1684 2107 1750 tia,
2139 1685 2226 1740 vel
2252 1681 2488 1738 varietas
2511 1688 2732 1747 exorta,
2756 1679 3083 1750 quandoque
3113 1679 3166 1733 in
3198 1685 3474 1748 posterum
3501 1691 3595 1732 er-

308 1774 417 1827 dua
437 1772 876 1829 conversationis
897 1787 1084 1827 eorum
1109 1772 1401 1843 professio.
1427 1773 1504 1829 Eo
1520 1775 1664 1830 enim
1687 1774 1904 1834 fervore
1931 1789 1981 1851 Β
2005 1777 2148 1831 roris
2167 1818 2182 1843 ,
2212 1775 2300 1829 vel
2328 1772 2718 1836 aemulationis,
2749 1785 2848 1826 seu
2873 1769 3182 1825 scbismatis
3211 1768 3430 1824 noxium
3463 1781 3593 1838 ger-

310 1864 721 1935 Scripturarum
751 1865 1056 1920 divinarum
1086 1863 1436 1933 lectionibus,
1469 1867 1808 1941 orationique
1849 1877 1906 1926 et

308 1958 462 2028 operi
488 1971 744 2012 manuum
773 1955 972 2014 diebus
993 1973 1055 2012 ac
1078 1956 1328 2015 noctibus
1346 1957 1700 2030 incubabant,
1727 1972 1784 2018 ut
1803 1977 1906 2021 nec

310 2066 563 2107 escarum
619 2051 838 2121 quidem
885 2052 1157 2120 appetitus
1190 2052 1280 2107 vel
1317 2054 1610 2120 memoria,
1651 2056 1758 2111 nisi
1797 2056 1905 2113 alio

309 2147 548 2201 tertiove
575 2144 666 2200 die
694 2145 940 2210 corporis
971 2145 1345 2216 interpellaret
1377 2146 1648 2216 inediam,
1696 2149 1904 2205 cibum-

307 2255 416 2312 que
445 2253 512 2295 ac
543 2248 729 2310 potum
762 2253 869 2296 non
899 2245 1009 2294 tam
1032 2239 1399 2297 desideratum
1454 2258 1617 2315 quam
1646 2260 1903 2303 necessa-

307 2333 452 2388 rium
485 2341 796 2398 sumerent,
825 2338 880 2387 et
911 2347 978 2388 ne
1004 2332 1149 2389 hunc
1177 2334 1395 2404 quidem
1426 2346 1551 2392 ante
1578 2338 1715 2393 solis
1745 2353 1906 2394 occs-

309 2438 458 2487 sum,
487 2433 550 2478 ut
569 2432 784 2493 tempus
807 2423 942 2478 lucis
961 2436 1084 2478 cum
1107 2425 1467 2492 spiritualium
1494 2429 1906 2486 meditationum

311 2515 541 2583 studiis,
575 2529 762 2572 curam
801 2530 933 2572 vero
967 2517 1213 2586 corporis
1252 2530 1372 2574 cum
1415 2528 1581 2577 nocte
1603 2521 1904 2592 sociarent,

2008 1884 2132 1926 men
2153 1869 2449 1924 emitteret.
2470 1866 2715 1936 Cumque
2740 1879 2837 1935 pro
2861 1877 2960 1919 suo
2985 1862 3356 1933 unusquisque
3378 1859 3598 1916 fervore

2008 1960 2342 2020 infirmitatis
2365 1963 2651 2016 immemor
2681 1959 2879 2015 alienae
2907 1956 2959 2012 id
2989 1955 3153 2011 statui
3181 1953 3384 2010 debere
3409 1965 3598 2008 cense-

2005 2066 2114 2124 ret,
2143 2056 2287 2128 quod
2315 2053 2771 2125 contemplatione
2797 2052 2923 2108 ﬁdei
2954 2065 3018 2107 ac
3041 2047 3259 2106 roboris
3288 2048 3374 2103 sui
3404 2045 3600 2102 facilli-

2008 2167 2155 2208 mum
2183 2150 2460 2220 judicabat
2483 2194 2499 2219 ,
2532 2162 2723 2218 parum
2763 2145 3064 2202 discutiens
3102 2142 3232 2214 quid
3277 2140 3600 2213 generaliter

2009 2241 2341 2318 plenitudini
2379 2241 2606 2298 fratrum
2648 2239 2909 2311 possibile
2947 2245 3126 2302 esset,
3159 2236 3212 2291 in
3235 2249 3342 2306 qua
3373 2245 3600 2290 necesse

2012 2347 2096 2394 est
2136 2336 2478 2392 inﬁrmorum
2519 2348 2734 2405 quoque
2773 2342 2982 2404 partem
3027 2329 3316 2386 maximam
3345 2325 3600 2397 reperiri,

2011 2429 2340 2498 diversoque
2384 2426 2548 2482 modo
2594 2440 2874 2481 enormem
2928 2423 3255 2494 psalmorum
3311 2431 3598 2474 numerum

2014 2522 2304 2582 instituere
2341 2538 2440 2596 pro
2480 2521 2648 2578 animi
2685 2517 2768 2576 sui
2799 2519 3002 2576 virtute
3027 2523 3306 2575 certarent
3335 2525 3393 2586 ο,
3419 2522 3476 2572 et
3503 2509 3600 2572 alii

1403 2680 1663 2737 ΑΙ,ΔῆΒί
1700 2681 1934 2742 GAZEI
1971 2682 2535 2742 COMMENTARIUS.

323 2793 524 2846 laudem
547 2788 716 2863 gentis
739 2803 850 2863 sui:
870 2828 904 2863 ,_
919 2788 1110 2843 librum
1135 2805 1290 2861 super
1309 2808 1499 2863 eorum
1522 2797 1907 2850 conuersatione

322 2859 837 2935 scripsitfllgecibi:
877 2859 955 2935 Ac
987 2873 1178 2935 rursus
1201 2859 1273 2917 'de
1303 2862 1530 2935 Philone
1557 2875 1742 2935 postea
1791 2867 1906 2924 hinc

313 2929 523 2990 addidit
558 2950 572 2988 :
606 2933 767 3009 Philo
795 2929 1016 3009 ludceus
1050 2929 1680 3009 nationeAlexandr'inus
1719 2938 1782 2992 de
1819 2957 1907 3009 ge-

311 3023 436 3060 nere
455 3005 788 3060 sacerdotum
814 3004 1008 3056 idcirco
1034 3019 1067 3056 a
1089 3003 1236 3057 nobis
1266 3005 1400 3058 inter
1438 3009 1714 3064 scriptores
1748 3003 1908 3064 eccle-

308 3080 550 3153 siasticos
581 3076 821 3153 ponitur,
850 3075 970 3153 quia
1002 3075 1192 3153 librum
1213 3075 1275 3127 de
1299 3078 1464 3153 ρεὶγηᾳ
1494 3075 1660 3153 Ματρί
1687 3096 1906 3153 ειναηθε-

311 3151 450 3203 lista:
472 3148 618 3217 apud
658 3145 1027 3199 Alexandriam
1071 3146 1296 3199 scribens
1329 3147 1590 3214 Ecclesia,
1623 3151 1674 3203 in
1702 3145 1907 3206 uestro-

308 3235 428 3274 rum
444 3218 604 3273 laude
627 3225 856 3272 versatus
877 3225 991 3280 est;
1022 3233 1125 3269 non
1154 3219 1322 3270 solum
1345 3234 1432 3272 eos
1456 3221 1544 3286 ibi,
1579 3221 1670 3274 sed
1697 3223 1750 3276 in
1774 3224 1908 3278 mul-

309 3294 378 3345 ιῑε
404 3306 611 3364 quoque
641 3288 1062 3364 provinciisesse
1075 3302 1388 3355 memorans,
1418 3301 1466 3343 et
1493 3292 1792 3346 habitacula
1821 3311 1913 3348 eo-

307 3357 427 3416 runi
452 3357 631 3416 dicens
660 3359 990 3433 monasteria.
1016 3357 1224 3433 Ex_quo
1250 3371 1468 3427 apparet
1495 3364 1652 3415 talem
1682 3366 1911 3433 primum

309 3433 522 3488 Christo
545 3432 864 3486 credentium
894 3429 1053 3498 fuisse
1085 3427 1375 3502 Ecclesium
1396 3474 1409 3498 ,
1434 3435 1614 3502 quales
1636 3427 1770 3488 nunc
1802 3454 1912 3490 mo-

307 3508 616 3578 machiesse
661 3505 920 3578 nituntur,
950 3508 994 3578 et
1039 3500 1254 3570 cupiunt
1273 3513 1389 3578 ;‘_ut
1430 3500 1579 3578 nihil
1604 3508 1911 3578 cujusquam

305 3577 593 3648 proprium
625 3575 734 3635 sit,
768 3569 947 3648 nullus
970 3569 1113 3648 inter?
1147 3587 1233 3625 eos
1271 3574 1433 3636 dives,
1465 3575 1642 3632 nullus
1662 3569 1869 3648 pauper
1887 3595 1909 3644 ,-

305 3642 629 3718 patrimonia
658 3644 921 3718 egentibus
965 3642 1303 3708 dividantur;
1347 3648 1571 3700 orationi
1596 3642 1821 3714 staretur,
1860 3642 1910 3703 et

305 3714 568 3786 psalmis;
597 3714 848 3787 doctrinae
888 3728 1118 3787 quoque,
1156 3721 1204 3766 et
1240 3718 1620 3787 continentur,
1654 3723 1832 3787 quales
1863 3730 1912 3775 et

307 3781 482 3844 lucus
527 3789 692 3858 refert
730 3786 954 3858 primum
1000 3781 1380 3858 Hierosolyma!
1415 3790 1575 3858 fuisse
1606 3781 1902 3846 credentes.

305 3855 599 3915 Hactenus
625 3857 688 3912 Ι).
727 3855 1104 3923 Hiemnymus.
1142 3855 1199 3908 In
1224 3855 1467 3911 eamdem
1492 3863 1814 3915 sententiam
1843 3863 1903 3916 D.

306 3930 661 4000 Epiphanius
681 3926 882 3982 Haeresi
901 3924 1059 4000 29_de
1088 3927 1190 4000 hoc
1205 3927 1358 4000 libro
1373 3930 1615 3986 Philonis
1636 3931 1903 4000 loquens:

307 3947 661 4000 Epiphanius
681 3947 882 3982 ntere-st
902 3947 971 3980 zu
991 3947 1059 3980 ue
1088 3947 1190 3980 nuc
1220 3947 1358 3982 ituro
1374 3947 1615 3986 rnttonts
1636 3947 1684 3986 In
1731 3947 1903 3987 "ens:

307 4003 644 4057 Aleuasteria
670 4002 904 4069 ipsorum
929 4038 942 4061 ,
974 3996 1168 4066 inquit,
1193 3999 1245 4069 in
1287 4001 1476 4056 vicinia
1501 4004 1639 4056 circa
1671 3947 1907 4057 ﬂaream

305 4072 563 4140 paludem
605 4067 874 4143 recgnsens
895 4108 938 4143 ,_
953 4083 1054 4143 non
1085 4069 1148 4120 de
1185 4067 1306 4143 aliis
1337 4075 1568 4143 narrauit
1593 4118 1607 4142 ,
1645 4090 1799 4143 quam
1841 4075 1908 4129 de

304 4146 650 4199 Christianis.
682 4139 789 4213 Sed
820 4148 876 4192 et
905 4140 1190 4213 Cassianus
1221 4140 1322 4213 hoc
1351 4142 1470 4196 loco
1503 4139 1733 4213 idipsum
1762 4143 1906 4201 haud

304 4217 550 4272 obscure
577 4212 892 4285 conﬁrmat,
925 4209 1054 4262 dum
1086 4212 1475 4285 monachorum
1500 4209 1740 4278 illorum,
1769 4231 1906 4285 quos

302 4304 340 4340 a
364 4289 422 4342 '5.
451 4288 639 4342 Marco
666 4282 946 4339 institutos
970 4278 1167 4333 asserit
1193 4325 1207 4349 ,
1240 4286 1614 4340 austeritatem
1649 4278 1908 4342 sanctita-

304 4360 1020 4431 temqueeotnmemorat,
1062 4354 1738 4431 et__ex_t(_tllit._[lndeenim
1789 4357 1906 4413 haec

306 4421 490 4497 potuit
523 4427 780 4498 didicisse
811 4463 825 4486 ,
857 4421 960 4476 nisi
990 4434 1060 4474 ex
1094 4421 1351 4498 illo_libro
1378 4425 1618 4498 Philonis
1643 4469 1660 4495 ,
1688 4442 1753 4482 ex
1796 4444 1905 4498 quo

304 4492 620 4560 Eusebius,
658 4497 1053 4564 Hieronymus,
1079 4504 1131 4546 et
1158 4492 1248 4546 alii
1296 4497 1484 4550 eadem
1520 4492 1904 4562 desc'ripsere?

1937 3254 1984 3318 C

2014 2795 2139 2852 inde
2168 2797 2336 2866 accipi
2386 2797 2520 2852 satis
2552 2805 2739 2852 notum
2771 2805 2853 2852 est
2873 2836 2891 2863 ,
2932 2794 3214 2866 frequens,
3245 2809 3312 2851 ac
3338 2791 3604 2866 familiare

2015 2864 2354 2924 Tertulliano
2394 2871 2446 2923 in
2471 2867 2823 2938 Apologetico
2860 2884 2974 2934 cap.
3006 2864 3114 2938 739,
3145 2875 3202 2922 et
3230 2866 3327 2922 lib.
3357 2864 3424 2920 de
3459 2864 3606 2920 Prai-

2014 2941 2181 3008 scrip.
2235 2937 2736 2995 adversus’liaer’et.
2785 2955 2834 2994 c.
2893 2939 2946 2994 3.
2993 2937 3102 2993 Nec
3132 2938 3328 2992 mirum
3383 2951 3506 2992 cum
3549 2942 3606 3008 et

2016 3007 2310 3080 Apostolus
2355 3011 2498 3066 dicat
2533 3030 2545 3063 :
2579 3009 2734 3064 Multi
2771 3027 2932 3064 unum
2963 3025 3151 3080 corpus
3189 3025 3364 3063 umus
3395 3048 3410 3073 ,
3456 3016 3505 3080 et
3549 3007 3607 3062 its

2018 3077 2179 3137 unum
2208 3100 2394 3156 corpus
2423 3081 2666 3156 baptizati
2685 3097 2908 3156 sumus:
2934 3079 3226 3156 iCorinsx
3257 3090 3432 3156 etut.
3464 3077 3607 3134 Cor-

2021 3171 2117 3220 pus
2148 3152 2671 3226 ergo'lraternitatis
2723 3153 2808 3226 hic
2852 3152 3460 3226 dicitur_universitas_,_
3510 3164 3606 3207 seu

2020 3221 2309 3281 universus
2359 3235 2532 3280 cretus
2571 3224 2962 3278 monachorum
2987 3265 3003 3289 ,
3057 3222 3367 3277 fraternitas
3413 3221 3556 3277 dicta
3584 3259 3606 3288 ,

2022 3297 2163 3363 quod
2203 3313 2261 3350 se
2295 3307 2484 3350 mutuo
2531 3295 2732 3350 fratres
2754 3304 3013 3351 vocarent
3033 3336 3051 3359 ,
3079 3302 3134 3347 et
3158 3294 3393 3348 fraterna
3424 3291 3606 3348 chari-

2016 3377 2128 3491 }ate
2167 3367 2474 3438 diligerent.
2507 3366 2656 3422 Hanc
2685 3366 2848 3436 paulo
2874 3377 2999 3438 post
3024 3374 3182 3420 vocat
3206 3365 3605 3433 plenitudinem

2039 3449 2266 3491 ratrum.

2039 3449 2266 3493 ratrum.

2089 3519 2112 3548 ε
2152 3508 2510 3566 ιῖείιΙιιιοὰἰθιιι
2537 3550 2553 3576 ,
2601 3523 2697 3564 seu
2729 3507 3064 3577 psalmorum
3096 3513 3313 3563 cantum
3363 3506 3433 3562 ab
3484 3507 3605 3577 ipso

2017 3583 2296 3635 nascentis
2340 3581 2597 3634 Ecclesia:
2625 3580 2861 3634 exordio
2885 3623 2901 3646 ,
2950 3580 3003 3634 in
3033 3577 3394 3641 conventibus
3431 3579 3605 3634 eccle-

2015 3651 2251 3706 siasticis
2281 3655 2484 3719 primas
2537 3661 2719 3716 partes
2750 3651 3054 3704 obtinuisse
3077 3649 3348 3719 colligitur
3374 3649 3605 3714 primum

2014 3737 2081 3776 ex
2119 3717 2424 3793 Scriptura,
2469 3717 2489 3775 l
2522 3719 2708 3793 Corin.
2744 3737 2832 3793 χιιι
2882 3739 2895 3793 _:
2939 3719 3068 3793 Cum
3097 3717 3605 3793 convenitis,_unus-

2048 3794 2223 3861 uisque
2242 3789 2469 3846 vestrum
2515 3790 2771 3861 psalmum
2805 3791 2968 3846 habet.
3011 3791 3078 3846 Et
3115 3791 3180 3843 ad
3215 3789 3495 3861 Ephesios
3524 3806 3552 3844 v
3589 3809 3604 3846 :

2048 3809 2223 3861 uisque
2252 3808 2469 3846 vestrum
2515 3808 2771 3861 psalmum
2805 3808 2968 3846 habet.
3011 3808 3078 3846 bl
3115 3808 3180 3843 au
3228 3808 3495 3857 npnestos
3524 3808 3552 3844 v
3589 3809 3604 3846 :

2012 3808 2313 3930 gmplemini
2360 3863 2561 3933 Spiritu
2599 3869 2814 3928 sancto,
2860 3863 3124 3931 loquentes
3141 3859 3512 3933 nobismetipsis
3550 3862 3606 3918 in

2013 3934 2248 4004 psalmis,
2277 3932 2504 4004 hymnis,
2537 3943 2582 4004 et
2611 3933 2840 3988 canticis.
2869 3935 3024 4000 Quod
3057 3934 3278 4004 totidem
3313 3932 3497 4004 verbis
3517 3949 3606 3988 re-

2015 4003 2150 4074 petit
2177 4003 2469 4074 Apostolus
2497 4003 2565 4059 ad
2604 4005 2814 4060 CoIOss.
2846 4019 2925 4059 ιιι.
2959 4005 3017 4059 In
3049 4003 3246 4072 quibus
3272 4003 3455 4058 verbis
3501 4006 3602 4058 ob-

2013 4090 2166 4130 serva
2211 4077 2310 4129 tria
2340 4075 2632 4141 contineri,
2661 4091 2782 4143 qua:
2826 4075 3162 4144 potissimum
3194 4074 3248 4130 in
3295 4075 3476 4130 ofﬁcio
3513 4075 3600 4129 di-

2010 4150 2137 4201 vino
2186 4149 2569 4208 continentur;
2622 4147 2874 4201 videlicet
2918 4147 3182 4214 psalmos,
3230 4145 3515 4211 lectiones,
3548 4154 3604 4201 et

2010 4228 2200 4272 cantus
2225 4259 2240 4282 ,
2272 4226 2330 4272 ut
2359 4233 2423 4271 ex
2453 4216 2776 4288 quibusdqu
2803 4215 3055 4288 dirtisiB.
3091 4216 3402 4288 Hieronymi
3437 4217 3604 4272 tradit

2012 4289 2314 4343 Amalarius
2341 4287 2409 4342 de
2438 4287 2646 4343 Olficiis
2690 4287 2897 4343 Eccles.
2935 4287 3028 4342 lib.
3062 4303 3112 4343 tv
3143 4305 3157 4342 :
3190 4287 3257 4342 In
3299 4287 3603 4342 lectionibus

2009 4361 2144 4413 enim
2169 4367 2272 4432 tam
2300 4359 2601 4432 maioribus,
2630 4375 2744 4432 qua:
2767 4359 2818 4412 in
2839 4359 3031 4432 vigiliis
3059 4360 3320 4432 nocturnis
3340 4360 3603 4432 leguntur,

2008 4446 2162 4498 quam
2191 4430 2492 4493 minoribus,
2526 4446 2639 4497 qua:
2662 4430 2904 4483 dicuntur
2929 4431 2995 4483 ad
3021 4431 3152 4484 alias
3183 4430 3357 4496 horas,
3385 4430 3433 4485 et
3455 4431 3602 4500 capi-

2010 4501 2121 4572 tula
2142 4501 2491 4572 appellantur,
2518 4500 2720 4554 laudem
2743 4499 2842 4553 Dei
2863 4503 3086 4571 agimus,
3104 4511 3151 4572 et
3182 4499 3597 4568 pronuntiamus.

301 4571 463 4637 Quod
496 4578 679 4645 autem
707 4561 1082 4645 lfhiln'ittil‘lis
1105 4565 1341 4645 ascetis(_
1369 4583 1507 4645 quos
1535 4570 1639 4645 sub
1669 4572 1903 4645 Esseno—
1928 4635 1974 4645 _
2012 4561 2193 4645 Omnis
2223 4580 2395 4624 autem
2436 4561 2552 4625 laus
2591 4571 2688 4624 Dei
2712 4574 2854 4644 largo
2894 4561 3098 4626 nomine
3130 4561 3352 4642 hgmnus
3386 4571 3598 4645 dicitur.

300 4633 430 4696 Fam
465 4642 688 4696 nomine
712 4635 974 4714 describit
1001 4633 1021 4702 )
1048 4635 1208 4714 etiarn
1238 4633 1343 4714 diei
1389 4633 1603 4714 sabbati
1637 4643 1899 4697 observa-
1927 4635 1982 4698 Ῑ)
2006 4643 2314 4711 Antiphonti:
2344 4650 2535 4705 autem,
2563 4633 2911 4710 responso'ria,
2936 4653 2984 4697 et
3003 4633 3197 4697 metrici
3227 4645 3403 4714 hymni
3431 4644 3601 4696 muni-

299 4715 512 4768 tionem
549 4707 940 4779 commendet,
968 4706 1391 4779 nonmirabitur
1423 4711 1612 4779 lector,
1643 4714 1688 4767 si
1719 4723 1896 4768 atten-

297 4786 400 4837 dat
442 4782 603 4856 initio
648 4773 1227 4856 nascentisﬂcclesiae
1265 4779 1460 4856 multas
1489 4773 1899 4842 observationes

295 4857 558 4910 Judaicas
579 4855 723 4908 inter
753 4847 1122 4924 Chri~tianos,_
1133 4847 1314 4924 immo
1331 4851 1497 4924 inter
1514 4857 1812 4924 apostolos,
1845 4865 1902 4913 ut

295 4942 494 4981 eorum
547 4928 678 4979 Acta
732 4916 1404 4988 testantur,_aliquamdiu
1451 4916 1808 4988 obtinuisse.
1839 4941 1904 4983 ac

293 4995 678 5066 perdurasso(
702 4989 967 5066 Iosephus
1119 4987 1244 5066 rrde
1269 4989 1416 5066 Bello
1450 4991 1577 5048 Jud.
1621 5011 1736 5066 cap.
1767 4986 1825 5062 7,
1855 5007 1905 5052 et

292 5056 386 5123 lib.
417 5083 511 5122 vm
537 5056 790 5130 Antiimit.
826 5056 942 5127 cap.
987 5058 1024 5111 2
1133 5059 1303 5137 Quam
1337 5064 1415 5137 o_b_
1435 5079 1651 5137 causam
1684 5056 1904 5137 provide

292 5144 519 5208 scripsit
555 5139 638 5212 Ι),
669 5129 1037 5212 Hieronymus
1079 5145 1093 5181 :
1137 5129 1503 5212 Vidensl’hilo
1546 5129 1768 5212 primam
1798 5135 1904 5212 Ec-

292 5203 508 5266 clesiam
549 5211 722 5282 adhuc
738 5203 1100 5282 jqdajqqptem
1127 5241 1141 5263 ,
1187 5211 1300 5282 etc:
1332 5203 1598 5282 Caeterum
1641 5225 1707 5264 an
1737 5211 1902 5266 iidem

291 5289 405 5336 sint
439 5281 632 5338 Esseni
661 5271 803 5348 apud
862 5271 1568 5348 Philonem_et_‘Josephum
1596 5322 1610 5342 ,
1661 5297 1766 5333 non
1817 5290 1903 5337 est

295 5354 462 5422 hujus
486 5354 593 5422 loci
622 5338 936 5418 disquirere
967 5341 986 5407 (
1003 5338 1129 5393 Vide
1146 5340 1344 5399 Bellar.
1373 5338 1461 5400 lib.
1492 5364 1528 5404 ιι
1555 5338 1617 5404 de
1653 5349 1898 5407 Monach.

295 5442 399 5480 can
446 5426 525 5480 5i.

329 5442 399 5532 αξ
424 5421 631 5562 nginpe
662 5485 884 5548 Eusebii
920 5481 1287 5562 Casarieusis
1303 5487 1395 5562 lib.
1420 5503 1461 5562 ιι
1484 5505 1604 5559 cap.
1638 5489 1704 5545 15
1727 5501 1780 5544 et
1804 5493 1894 5557 16,

290 5551 585 5624 Sozomeni
617 5563 716 5635 lib,
749 5570 925 5635 resp.
950 5551 1028 5635 Β
1048 5555 1215 5635 e_t_|_3,
1248 5556 1474 5635 Palladii
1502 5551 1740 5635 llismria
1760 5551 1900 5618 Laul

289 5642 462 5704 siaca,
489 5623 808 5695 Cassiodari
839 5623 1312 5705 Historﬂlzripart.
1347 5629 1439 5684 lib.
1476 5647 1534 5705 ιιι
1567 5646 1688 5704 cap.
1721 5633 1774 5700 1,
1801 5635 1896 5691 Νί-

291 5694 518 5778 αριιάτῖ
545 5711 642 5767 lib.
678 5720 700 5761 ι
729 5697 976 5779 cap.__i6,
1026 5704 1079 5748 et
1112 5694 1206 5749 lib.
1239 5714 1290 5753 lx
1318 5714 1436 5771 cap.
1463 5703 1556 5779 is.

364 5771 392 5822 ii
417 5783 624 5853 corpus
649 5789 760 5851 pro
785 5771 1044 5840 collegio,
1079 5779 1245 5836 creta,
1267 5786 1364 5827 seu
1386 5774 1734 5833 universitate
1761 5776 1893 5834 sub-

2003 4716 2130 4787 feste
2157 4716 2366 4787 cantica
2381 4725 2498 4787 sunt
2531 4729 2549 4766 :
2579 4718 2703 4787 quia
2722 4713 2896 4787 altiori
2924 4730 3042 4787 voce
3069 4731 3160 4787 per
3188 4713 3392 4787 notulas
3431 4715 3601 4767 diuer-

2003 4783 2292 4853 siﬁcantur.
2329 4784 2391 4839 Si
2426 4783 2586 4855 igitur
2616 4785 2668 4856 in
2711 4784 2860 4837 dictis
2902 4785 3063 4838 verbis
3099 4785 3332 4855 Apostolt'
3372 4801 3462 4855 per
3505 4789 3601 4856 Ity-

2005 4871 2171 4912 mnos.
2189 4857 2428 4908 lectiones
2451 4863 2497 4908 et
2517 4855 2765 4921 capitula,
2781 4863 2934 4922 atque
2951 4858 3241 4922 orationes;
3270 4872 3356 4923 per
3371 4856 3596 4923 cantica,

2006 4925 2340 4994 antiphonas,
2368 4927 2726 4993 responsoria,
2760 4935 2806 4980 et
2833 4925 3012 4980 laudes
3055 4923 3151 4980 Dei
3182 4928 3434 4983 metricae.
3469 4941 3598 4995 quas

2006 4998 2288 5068 uulgariter
2330 4998 2561 5068 hymnos
2581 4995 2908 5068 appellamus
2929 5037 2944 5059 ,
2999 4998 3553 5068 intelligere_vol_umus
3577 5039 3596 5066 ,

2010 5065 2190 5138 omnia
2208 5065 2506 5138 divinarum
2544 5065 2762 5138 laudum
2791 5067 2956 5138 (iniria
2992 5065 3256 5121 habemus.
3287 5065 3362 5119 Ita
3396 5065 3597 5122 [indui-4

2010 5137 2149 5206 phus
2178 5137 2536 5208 Tungrensis.
2567 5136 2816 5192 Secundo
2835 5136 3022 5191 multis
3043 5138 3308 5205 exetuplis
3330 5149 3385 5190 et
3408 5150 3598 5194 aucto-

2008 5209 2262 5263 ritatibus
2292 5211 2508 5263 Patrum
2545 5209 2761 5277 probari
2792 5217 2970 5277 potest
2996 5209 3324 5276 psalmorum
3357 5213 3597 5265 recitan-

2010 5280 2202 5334 dorum
2235 5289 2292 5335 et
2321 5279 2689 5351 canendorum
2718 5294 2875 5351 nsum
2908 5281 2960 5333 itt
2996 5277 3238 5351 Ecclesia
3272 5291 3637 5351 perpetuast”

2008 5352 2172 5406 fuisse
2205 5370 2219 5405 :
2251 5366 2281 5406 e
2306 5350 2500 5421 quibus
2545 5365 2712 5418 pauca
2735 5350 3004 5405 delibasse
3052 5346 3346 5403 suﬂ'et'erit.
3379 5347 3596 5421 Tenui.
3619 5346 3635 5373 ⁵

2006 5423 2181 5477 lienus
2220 5420 2414 5476 lib.’de
2447 5421 2702 5475 Veiandis
2729 5421 3038 5491 Virginibus
3076 5429 3321 5491 extremo
3356 5439 3369 5475 :
3413 5420 3596 5485 Quan.

2006 5504 2136 5557 tam,
2162 5493 2356 5562 inquit,
2387 5489 3128 5563 castigationem,merebuntur
3154 5489 3292 5554 ille,
3316 5508 3429 5560 quae
3457 5497 3592 5554 inter

2003 5563 2230 5634 psalmos
2262 5573 2308 5617 et
2334 5565 2387 5616 in
2413 5562 2730 5635 quacumque
2760 5562 2860 5635 per“
2889 5562 3145 5616 mentione
3178 5572 3382 5635 retecta;
3417 5579 3593 5632 perse.

2000 5631 2215 5689 irerant!
2265 5631 2533 5688 Eusebius
2565 5631 2657 5687 lib.
2691 5649 2728 5687 ιι
2758 5632 2960 5686 Histor.
2993 5648 3115 5702 cap.
3151 5631 3217 5688 1⁸1
3246 5648 3315 5688 ει
3355 5631 3588 5688 Philone

1999 5706 2159 5761 docet
2215 5707 2417 5775 primos
2483 5705 2607 5758 illos
2664 5705 3004 5775 monachos,
3082 5720 3178 5760 seu
3234 5705 3581 5775 therapeutas

1998 5772 2429 5844 Alexandrinos,
2488 5774 2732 5844 quosxS.
2790 5772 3002 5833 Marcus
3047 5772 3406 5847 evangelista
3436 5772 3588 5848 apud
