4026 6334
408 243 478 300 8⁷
889 225 897 232 ’
957 224 1005 229 ”
1071 223 1076 228 ’
1180 225 1184 230 δ
1285 223 1292 230 ’
1718 262 1999 322 JOANNIS

2112 266 2346 325 tSSIANl
3597 261 3666 321 88

404 364 834 440 quinquagenos,
858 370 949 426 alii
973 379 1278 443 sexagenos
1302 375 1562 442 psalmos,
1587 380 1834 434 nonnulli
1854 394 1985 436 vero
2011 388 2062 451 Α
2087 383 2239 438 sibus
2270 382 2427 453 parili
2471 383 2909 453 pronuntiatione
2949 389 3218 438 cantasset
3239 424 3254 450 ,
3286 379 3668 436 duodecimum

401 472 477 514 ne
501 458 604 514 hoc
645 462 861 530 quidem
893 479 1120 521 numero
1150 469 1393 524 contenti
1421 471 1610 526 excedi
1639 486 1762 528 eum
1794 474 1994 531 debere

355 604 367 617 ,
400 563 727 626 censerent,
759 567 1012 629 essetque
1051 560 1193 614 inter
1232 575 1329 617 eos
1373 576 1472 632 pro
1499 564 1776 636 religionis
1806 567 1992 638 regula

400 647 508 717 piae
551 637 922 706 contentionis
966 637 1149 708 sancta
1193 652 1519 726 diversitas,
1567 657 1640 712 ita
1679 668 1741 714 ut
1778 637 1991 731 tempus

399 740 1106 814 solemnitatisvespertinaa
1123 749 1507 804 sacratissime
1522 751 1839 806 succederet
1855 766 1993 821 qua:-

399 834 596 901 stioni,
623 836 965 906 quotidianos
997 829 1304 894 orationum
1332 842 1475 897 ritus
1495 841 1806 898 volentibus
1835 844 1982 900 cele-

398 925 587 993 brare,
615 937 640 964 ι
669 943 809 984 unus
843 929 895 982 in
936 929 1174 985 medium
1218 933 1454 1000 psalmos
1484 935 1711 990 Domino
1739 946 1987 992 cantatu-

397 1031 496 1075 rus
524 1021 780 1090 exsurgit.
805 1018 1052 1093 Cumque
1073 1023 1388 1081 sedentibus
1415 1021 1628 1083 cunctis
1657 1027 1738 1096 (ut
1773 1038 1990 1084 estmo-

395 1109 478 1164 ris
503 1126 648 1166 nunc
677 1127 847 1183 usque
890 1114 943 1167 in
972 1113 1189 1187 Aigypti
1221 1117 1485 1187 partibus)
1531 1128 1585 1175 et
1617 1119 1670 1174 iit
1704 1120 1987 1190 psallentis

398 1204 564 1258 verba
591 1204 738 1260 omni
768 1206 950 1263 cordis
977 1207 1280 1265 intentione
1310 1210 1536 1278 deﬁxis,
1566 1213 1815 1269 undecim
1842 1215 1984 1285 psal-

397 1312 522 1354 mos
541 1302 846 1356 orationum
870 1302 1246 1372 interjectione
1267 1305 1552 1363 distinctos
1572 1310 1840 1378 contiguis
1861 1325 1985 1365 ver-

2098 473 2201 531 sub
2224 474 2450 529 Alleluia
2480 475 2834 545 responsione
2857 488 3262 542 consummatis,
3292 473 3358 528 ab
3383 474 3672 529 universo-

2097 583 2216 623 rum
2245 569 2416 623 ocuiis
2445 577 2668 638 repente
2694 568 3023 635 subtractus,
3053 565 3336 640 quastioni
3362 566 3590 637 pariter,
3616 575 3674 625 et

2094 660 2432 718 cieremoniis
2466 659 2628 717 tinem
2657 660 2933 731 imposuit.

2694 795 2826 851 CAP
2837 794 2926 852 UT
2983 793 3074 850 Vl.

2324 911 2402 967 De
2425 909 2786 968 comuetudine
2814 908 3087 964 duodecim
3112 905 3438 962 Orationum.

2164 1027 2245 1083 Ex
2270 1025 2400 1081 hinc
2416 1024 2745 1082 venerabilis
2767 1033 2978 1094 patrum
2992 1030 3215 1078 senatus
3241 1019 3548 1090 intelligens
3574 1033 3672 1083 an-

2090 1119 2197 1192 geli
2230 1119 2541 1189 magisterio
2567 1115 3080 1186 congregationibus
3108 1115 3332 1169 fratrum
3365 1113 3674 1184 generalem

2092 1228 2356 1270 canonem
2379 1227 2487 1267 non
2511 1212 2628 1266 sine
2649 1209 3054 1282 diSpeusatione
3072 1209 3285 1264 Domini
3300 1210 3672 1277 constitutum,

2090 1305 2121 1346 ι’
2149 1305 2391 1362 decrevit
2425 1305 2568 1359 hunc
2597 1318 2882 1360 numerum
2905 1311 3014 1358 tam
3041 1303 3098 1358 in
3119 1300 3440 1372 vespertinis
3467 1341 3486 1371 ,
3514 1314 3677 1372 quam

1471 1421 1730 1478 ALARDI
1769 1422 2006 1481 GAZIEI
2043 1417 2608 1479 COMMENTARIUS.

399 1506 784 1584 {alexandriam
814 1508 1145 1578 instituerat,
1167 1512 1221 1568 in
1247 1514 1504 1569 canendis
1533 1515 1641 1571 Deo
1667 1516 1893 1584 psalmis
1923 1525 1980 1571 et

401 1577 630 1661 hymnis
659 1579 746 1661 die
797 1590 1072 1661 noctuque
1095 1598 1154 1638 se
1182 1587 1516 1661 exercuisse.
1561 1577 1979 1661 S._Ath_auasius

407 1651 463 1732 in
499 1651 755 1732 apologia
778 1652 846 1732 de
884 1655 1002 1732 fuga
1042 1669 1136 1708 sua
1184 1660 1283 1710 sui)
1332 1659 1492 1711 tinem
1525 1657 1876 1732 psalmodiam
1924 1659 1977 1712 in

401 1718 644 1800 Ecclesia
679 1718 979 1800 'celebrar'i
1036 1718 1699 1800 consuetamg,matiifeste
1755 1729 1978 1784 indicat.

401 1789 851 1868 Enarrans_eni_m
880 1798 1152 1865 quomodo
1185 1789 1483 1868 irruptione
1513 1798 1840 1854 Arianorum
1882 1801 1981 1853 ini-

401 1861 558 1938 litum
594 1865 645 1916 in
688 1861 987 1938 Ecclesiam
1017 1869 1154 1921 facta
1184 1909 1199 1932 ,
1232 1861 1624 1938 ut'caperetur,
1653 1886 1844 1924 manus
1876 1871 1983 1924 ini-

401 1935 666 1989 micorum
705 1934 982 2005 effugisset
1014 1956 1026 1990 :
1065 1939 1338 1994 Manebant
1367 1934 1398 2003 ,_
1446 1941 1521 1995 ait
1549 1982 1562 2001 .
1594 1941 1649 1994 in
1692 1941 1939 1995 catliedra
1966 1959 1986 1995 :

402 2005 621 2058 diacono
642 2008 912 2085 jusso,_ut
940 2011 1195 2085 psalmum
1220 2012 1482 2085 recitaret,
1513 2021 1704 2085 etpost
1729 2013 1986 2066 recitatio—

401 2093 519 2154 nem
548 2079 779 2154 finisque
821 2079 1028 2154 domum
1068 2081 1227 2154 abiret
1253 2124 1268 2148 ,
1299 2079 1410 2154 etc.
1442 2083 1498 2139 S.
1530 2081 1949 2154 Clnysostomus
1971 2123 1987 2147 ,

403 2147 603 2201 Homil.
635 2146 667 2200 6
695 2147 761 2223 de
811 2151 1124 2217 poenitentia
1165 2146 1358 2220 quaerit
1404 2162 1459 2209 et
1498 2146 1794 2208 admiratur
1822 2169 1990 2223 quare

405 2232 521 2294 prae
574 2219 785 2294 carperis
817 2219 1388 2294 veteriilnstruiuenti
1432 2224 1664 2294 novique
1695 2219 1990 2294 Scripturis

405 2286 604 2343 librum
632 2288 968 2345 Psalmorutn
1005 2292 1171 2348 David
1198 2336 1210 2353 .
1245 2293 1542 2350 Christiani
1574 2286 1763 2350 omnes
1790 2286 1869 2351 sic
1890 2295 1992 2350 ad-

405 2370 685 2429 amaram,
719 2374 882 2429 atque
908 2364 1051 2416 hunc
1100 2365 1274 2418 ευιιιιιι
1307 2382 1402 2421 ore
1430 2367 1635 2421 versari
1661 2369 1991 2422 voluerunt:

407 2427 682 2508 Ecclesiis,
705 2427 901 2502 inquit,
933 2437 1348 2508 pernoctantibus
1380 2446 1427 2491 et
1453 2439 1670 2508 primus,
1691 2449 1737 2491 ct
1768 2438 2017 2500 medius,.

409 2509 463 2555 et
493 2504 802 2579 novissimus
838 2515 911 2558 est
935 2504 1135 2579 David.
1180 2505 1423 2561 Diluculo
1443 2504 1748 2576 quieruntur
1777 2508 1996 2579 hymno-

409 2575 926 2648 rum_mogdulationes
945 2577 970 2628 ?
995 2589 1037 2630 et
1061 2579 1283 2648 primus,
1308 2588 1356 2634 et
1385 2575 1604 2643 medius,
1623 2589 1669 2632 et
1695 2575 1998 2632 novissimus

410 2653 487 2698 est
511 2642 698 2702 David.
730 2648 789 2720 Si
821 2663 1020 2718 pompa:
1048 2642 1100 2701 in
1129 2642 1453 2720 funeralibus
1479 2642 1858 2720 defunctorum,
1889 2651 1998 2718 pri-

413 2731 531 2768 mus
560 2727 607 2768 et
635 2718 859 2772 medius.
886 2730 933 2772 et
959 2720 1262 2774 novissimus
1294 2733 1388 2775 est.
1435 2719 1502 2774 In
1527 2718 1852 2776 monasteriis
1872 2736 1996 2774 san-

413 2788 530 2849 ctis,
561 2785 728 2862 eburis
754 2791 1106 2862 angelicarum
1129 2793 1372 2849 acierum.
1391 2802 1440 2846 et
1457 2793 1673 2862 primus,
1705 2803 1750 2845 et
1778 2792 1998 2862 medius,

415 2866 464 2936 ct
493 2858 1028 2936 nwisiimustavid.
1053 2859 1118 2936 In
1148 2863 1388 2918 coenobiis
1422 2858 1678 2934 virginum
1702 2879 1852 2936 grege
1878 2861 2002 2936 ΔΜα-

415 2929 552 2981 riam
600 2931 917 2984 imitantium
948 2941 993 2984 et
1022 2935 1245 2999 primus,
1272 2943 1320 2986 et
1349 2929 1547 2988 medius
1568 2973 1584 2998 ,
1623 2942 1668 2987 et
1701 2929 2003 2987 novissimus

417 3011 521 3074 est,
553 3009 658 3055 etc.
688 3003 745 3058 S.
776 3003 1138 3074 llicrooymus
1165 3004 1215 3056 in
1240 3003 1529 3073 Epitaphio
1560 3005 1740 3059 Paulae
1773 3022 1786 3056 :
1822 3003 2001 3066 Mane,

418 3068 552 3146 hora
580 3074 760 3146 tertia,
779 3083 948 3136 sexta,
973 3068 1129 3132 nona.
1149 3068 1370 3146 uespere,
1403 3068 1565 3130 noctis
1592 3076 1781 3141 medio,
1810 3091 1900 3146 per
1922 3090 2007 3128 or-

424 3141 601 3215 dinem
648 3143 951 3214 psalterium
990 3141 1284 3198 cantabant.
1333 3146 1390 3200 S.
1441 3148 1774 3215 Augustinus
1810 3141 1918 3200 'lib.
1951 3159 2006 3199 lx

2157 1522 2184 1550 ι
2217 1512 2465 1566 Psalmos
2492 1510 2784 1565 Davidicos
2815 1510 2868 1565 in
2892 1509 3088 1566 ofﬁciis
3115 1510 3314 1565 divinis
3339 1552 3356 1574 ,
3385 1522 3484 1564 seu
3528 1507 3678 1564 boris

2085 1583 2363 1640 canonicis
2412 1596 2517 1635 non
2567 1581 2849 1646 sedendo,
2894 1591 2952 1636 ut
3005 1581 3248 1648 plerique
3296 1581 3519 1644 solent;
3578 1579 3677 1634 sed

2087 1656 2282 1709 stando
2309 1651 2585 1707 decantari
2614 1653 2741 1706 olim
2792 1652 2972 1706 solere
3000 1652 3262 1706 discimus
3297 1661 3411 1706 tum
3457 1667 3527 1704 ex
3575 1651 3678 1704 hoc

2089 1726 2214 1781 loco
2237 1765 2252 1787 ,
2285 1734 2397 1779 tum
2428 1739 2493 1777 ex
2534 1723 2654 1776 aliis
2681 1739 2842 1791 quam
2871 1724 3118 1792 plurimis
3149 1722 3488 1792 antiquitatis
3525 1723 3679 1776 testi-

2089 1796 2288 1851 moniis
2311 1835 2326 1860 ,
2371 1804 2426 1849 et
2469 1794 2565 1850 SS.
2596 1795 2820 1850 Patrum
2865 1804 2920 1848 et
2950 1795 3340 1850 monachorum
3370 1793 3637 1862 exemplis
3661 1833 3677 1858 ,

2089 1882 2320 1939 quorum
2347 1866 2598 1939 u_onnul_la
2625 1868 2722 1939 hic_
2742 1865 3057 1939 inmedium
3083 1865 3281 1921 ail‘erre
3304 1874 3674 1939 opportunum

2091 1935 2325 1993 videtur.
2373 1936 2430 1990 lu
2481 1935 2666 2006 primis
2696 1936 2857 1992 Philo
2903 1937 2972 1991 de
3015 1937 3348 2004 therapeutis
3381 1937 3530 2000 illis,
3577 1949 3676 1988 seu

2093 2009 2373 2064 monachis
2403 2008 2782 2062 Alexandrinis
2812 2023 2841 2061 a
2874 2008 2926 2062 S.
2951 2008 3130 2062 Marco
3157 2007 3420 2063 institutis
3451 2006 3677 2070 loquens

2095 2079 2232 2151 (Lib.
2259 2080 2323 2132 de
2351 2077 2471 2132 Vita
2491 2078 2769 2151 contemp.)
2793 2096 2807 2134 :
2841 2077 3087 2144 Exstant,
3123 2081 3312 2151 inquit,
3342 2077 3517 2148 hymni
3546 2078 3680 2151 inter

2092 2148 2239 2206 sacra
2265 2151 2479 2204 canendi
2500 2148 2819 2204 astantibus.
2852 2151 2914 2202 Et
2946 2154 3138 2205 iterum
3174 2148 3390 2203 {Nocte
3431 2149 3680 2202 canebant

2094 2222 2312 2293 hymnos
2341 2221 2408 2273 ad
2447 2237 2689 2293 auroram
2734 2230 2957 2293 stantes;
3004 2222 3093 2275 ubi
3125 2220 3683 2293 psalmosvoc:it_hy-

2098 2287 2278 2356 Innos,
2313 2301 2370 2346 ut
2399 2304 2452 2345 et
2480 2292 2767 2345 Cassianus
2794 2291 2952 2356 intra,
2980 2287 3309 2346 Athanasius
3341 2292 3432 2345 lib.
3462 2290 3530 2344 de
3558 2287 3684 2342 vrr-

2098 2364 2324 2433 ginitate
2350 2379 2363 2414 :
2392 2360 2566 2414 Media
2597 2371 2743 2433 ngcte
2765 2363 2960 2432 surgite
2981 2372 3031 2416 et
3060 2365 3284 2431 psalmos
3305 2362 3481 2433 dicito,
3514 2377 3683 2431 quan-

2100 2432 2209 2487 tum
2245 2443 2430 2504 potes,“
2437 2442 2596 2488 stans.
2633 2432 2695 2486 D.
2731 2433 2967 2487 Basilius
3008 2438 3059 2487 in
3099 2436 3258 2499 epist.
3286 2433 3352 2486 ad
3396 2432 3682 2486 Neocaesa-

2099 2501 2311 2559 rieus'es
2343 2501 2574 2566 :Facta,
2607 2505 2809 2570 inquit,
2837 2505 2907 2557 ad
2941 2504 3101 2557 Deum
3131 2505 3450 2573 confessione
3475 2504 3686 2556 tandem

2099 2593 2131 2629 a
2169 2574 2598 2646 contemplatione
2627 2583 2894 2646 surgentes
2919 2592 2951 2628 a
2975 2578 2992 2646 ζ
3026 2576 3369 2646 psalmodiam
3401 2574 3685 2646 instguun-

2103 2660 2206 2700 tnr.
2251 2643 2672 2714 Chrjfsostomus
2712 2643 2900 2700 liontil.
2935 2645 3000 2700 M
3028 2643 3085 2700 in
3118 2647 3344 2714 primam
3389 2649 3456 2700 ad
3503 2643 3688 2698 Timo-

2102 2717 2292 2772 theum
2321 2735 2334 2769 :
2359 2716 2488 2770 Cum
2529 2727 2648 2769 ante
2674 2716 2838 2770 lucem
2876 2719 3049 2787 gallus
3077 2718 3254 2771 emittit
3276 2732 3468 2782 vocem,
3512 2731 3690 2787 omnes

2105 2804 2219 2841 cum
2245 2789 2554 2853 reverentia,
2589 2789 2823 2842 discusso
2851 2785 3037 2858 sopore
3060 2799 3379 2858 consurgunt
3403 2806 3434 2842 a
3467 2785 3690 2855 prwsule

2105 2859 2319 2913 excitati
2347 2875 2441 2912 suo
2458 2876 2486 2931 ;A
2519 2868 2787 2930 astantque
2823 2875 2973 2913 sacro
3018 2861 3175 2914 choro
3196 2901 3212 2926 ,
3240 2860 3690 2931 protinusquew—

2105 2931 2284 3002 pansis
2326 2929 2562 2984 manibus
2586 2941 2804 3002 _sauctos
2851 2931 3125 3002 concinunt
3153 2929 3393 3001 hymnos.
3428 2929 3689 3002 Loquitur

2107 2999 2176 3055 de
2197 2999 2368 3072 Syriae
2388 2999 2703 3072 monachis,
2743 3003 2834 3069 qui
2863 3017 2970 3058 non
3001 3001 3160 3057 modo
3187 2999 3394 3056 stantes
3415 3012 3470 3056 et
3498 3000 3686 3072 erecti,

2109 3072 2206 3142 sed
2239 3070 2486 3126 manibus
2514 3073 2679 3126 etiam
2712 3075 2967 3140 expansis
2995 3073 3299 3142 psallebant
3327 3114 3341 3136 ,
3370 3073 3508 3142 quod
3539 3079 3594 3125 et
3622 3070 3690 3142 de

2111 3138 2680 3215 Egyptiismonachis
2702 3138 2929 3198 testatur
2948 3138 3238 3198 Cassianus
3264 3138 3401 3198 infra
3426 3141 3581 3215 (Cap.
3607 3140 3686 3215 7)_.

422 3211 672 3284 Confess.
723 3230 843 3283 cap.
890 3217 921 3269 7
979 3215 1166 3269 scribit
1221 3219 1287 3270 ab
1351 3211 1640 3271 Ambrosio
1707 3217 2007 3270 institutum
2035 3218 2082 3281 C
2117 3211 2360 3281 Denique
2385 3213 2528 3268 hunc
2557 3214 2729 3284 ipsum
2757 3215 2936 3269 standi
2959 3217 3117 3269 ritum
3143 3216 3401 3279 servavit,
3429 3211 3481 3267 et
3509 3213 3692 3267 docuit

421 3282 610 3351 fuisse,
636 3296 717 3352 ut,
742 3282 894 3356 juxta
923 3302 1128 3341 morem
1159 3286 1515 3342 Orientaliqu
1548 3288 1787 3350 Patrum,
1817 3289 2008 3355 psalmi

423 3365 590 3424 atque.
622 3357 802 3428 hymni
848 3361 898 3410 in
938 3358 1180 3413 Ecclesia
1218 3359 1606 3414 illedioianensi
1635 3368 1960 3414 canerentur
1994 3376 2009 3412 :

425 3438 592 3495 atque
619 3427 761 3482 hunc
791 3443 947 3483 usuin
982 3429 1106 3484 inde
1133 3428 1198 3483 ad
1239 3430 1374 3484 alias
1399 3430 1706 3485 Occidentis
1740 3430 2011 3484 Ecclesias

424 3497 761 3553 dimanasse.
813 3500 966 3566 Quod
998 3517 1106 3556 non
1157 3501 1235 3554 sic
1265 3502 1634 3566 accipiendum
1663 3503 1820 3556 docet
1858 3500 2007 3554 card.

426 3567 788 3642 Bellarminus
819 3571 837 3642 (
864 3571 977 3625 Lib.
1011 3588 1030 3626 ι
1058 3570 1121 3625 de
1161 3570 1296 3625 Bon.
1345 3573 1502 3642 Oper.
1545 3588 1666 3640 cap.
1701 3571 1766 3626 l6
1793 3573 1831 3638 ),
1855 3571 2014 3638 quasi

428 3639 730 3704 psalmodia
777 3639 870 3697 aut
921 3655 1112 3697 cautus
1150 3639 1552 3699 ecclesiasticus
1580 3639 1706 3699 ante
1735 3643 2013 3698 Ambrosii

426 3719 671 3780 tempora
709 3715 926 3780 ignotus
961 3714 1142 3768 fuerit.
1185 3711 1526 3769 Contrarium
1557 3715 1701 3770 enim
1745 3723 2014 3768 testantur

425 3779 618 3856 Patres
647 3779 770 3836 ante
795 3788 943 3838 citati
981 3804 994 3838 :
1022 3785 1127 3839 Sed
1154 3789 1397 3855 fortasse,
1429 3788 1618 3856 inquit,
1644 3787 1872 3853 loquitur
1901 3785 2013 3837 Au-

429 3855 700 3922 gustinus,
747 3871 850 3908 non
879 3856 942 3908 de
970 3866 1123 3908 cantu
1168 3857 1429 3919 absolute,
1461 3855 1550 3910 sed
1578 3857 1642 3910 de
1670 3867 1824 3910 cantu
1859 3857 2014 3910 totius

431 3925 633 3994 populi.
663 3925 823 3977 Antea
868 3928 1122 3995 siquidem
1157 3924 1427 3980 Psalmutn
1457 3927 1696 3979 cantabat
1737 3943 1869 3979 unus
1902 3937 2016 3979 tan~

435 4003 569 4065 tum,
604 3996 926 4065 audientibus
949 3998 1088 4060 aliis,
1117 4007 1171 4048 ut
1203 4009 1340 4065 patet
1361 4013 1424 4051 ea:
1449 3996 1718 4051 Cassiano.
1756 3996 1905 4051 Unde
1942 4006 2016 4051 est

431 4062 571 4117 illud
599 4064 900 4136 Hieronymi
929 4067 983 4120 in
1000 4068 1151 4135 epist.
1175 4062 1242 4120 ad
1268 4067 1535 4120 Rusticum
1558 4069 1897 4121 monachum:
1924 4067 2018 4120 Di-

435 4152 524 4187 cas
549 4139 804 4202 psalmum
831 4139 882 4191 in
905 4137 1087 4191 ordine
1108 4147 1212 4190 tuo.
1246 4137 1495 4192 Fortasse
1513 4140 1663 4192 etiam
1692 4140 1790 4192 soli
1816 4139 2014 4203 clerici,

430 4213 490 4257 ut
519 4223 654 4258 nunc
682 4207 794 4275 ﬁeri
823 4209 1067 4272 ridemus,
1095 4210 1388 4262 cantabant.
1437 4211 1734 4264 Ambrosius
1761 4220 1930 4262 autem
1950 4208 2018 4262 ad

433 4277 728 4350 leniendum
768 4295 1029 4334 maerorem
1067 4280 1246 4348 papuli
1289 4281 1342 4334 in
1384 4283 1732 4350 persecutione
1759 4280 2013 4344 Justince,

432 4347 660 4420 instituit
699 4358 756 4402 ut
788 4359 922 4404 totus
964 4353 1188 4420 papulas
1237 4347 1457 4405 caneret.
1512 4352 1662 4415 Quod
1704 4354 1858 4404 etiam
1897 4353 2019 4420 fecit

434 4415 828 4492 Chrysostbmus
858 4422 915 4492 in
940 4415 1098 4474 simili
1137 4423 1401 4475 occasione
1423 4422 1562 4490 apud
1587 4415 2019 4492 Constantinopo—

435 4487 561 4562 lim,
584 4502 642 4562 (ut
673 4487 1110 4560 refert...Socrates
1151 4493 1241 4544 tib.
1276 4508 1323 4546 vr
1363 4487 1505 4547 Hist.
1539 4509 1654 4562 cap.
1689 4497 1742 4548 8.
1777 4487 2019 4560 Denique

436 4556 741 4632 Cassianus
764 4563 863 4615 hoc
887 4564 1026 4632 logo,
1059 4572 1113 4616 et
1139 4562 1249 4618 fere
1272 4572 1384 4617 toto
1409 4567 1510 4618 hoc
1534 4556 1674 4619 libro
1695 4575 1750 4619 et
1772 4556 2015 4632 sequenti

435 4631 731 4704 permulta
763 4625 996 4699 capitﬂa
1015 4625 1189 4689 docet
1216 4636 1468 4704 antiquos
1497 4635 1688 4690 Patres
1722 4625 2016 4690 moriente

431 4701 677 4768 .psaltnos
739 4704 1078 4770 pctissimum
1149 4705 1204 4759 in
1259 4701 1454 4760 oiiiciis
1510 4706 1711 4761 divinis
1768 4709 2017 4774 frequen-

438 4781 606 4847 μεμε,
634 4784 689 4828 et
718 4787 925 4828 certum
956 4791 1236 4847 numerum
1267 4777 1320 4830 in
1347 4777 1573 4847 singulis
1595 4777 1788 4832 ofiiciis
1815 4779 2018 4846 persol-

438 4844 608 4917 visse,
640 4853 696 4898 et
723 4847 859 4917 alios
885 4845 1098 4915 quidem
1126 4848 1321 4915 plures,
1346 4844 1481 4900 alios
1509 4844 1825 4917 pauciores,
1846 4848 2019 4904 donec

437 4915 658 4970 cmlitus
679 4916 863 4992 angeli
894 4919 1206 4992 magisterio
1236 4915 1527 4992 nuinerus‘
1547 4919 1913 4992 duodenarius
1945 4920 2018 4992 in

439 4989 724 5040 nocturnis
773 4997 829 5042 et
860 4989 1188 5054 vespertinis
1229 4988 1423 5043 oliiciis
1467 4990 1914 5056 prmscriberetur
1946 4988 2019 5046 ab

407 5045 1109 5129 ’gmniitusgobservaudus.
1141 5059 1293 5127 Quod
1319 5045 1498 5115 autem
1528 5061 1693 5129 aliqui
1724 5045 2018 5115 scribunta

441 5125 676 5202 Damaso
693 5127 1008 5202 institutum
1035 5169 1051 5196 ,
1110 5125 1380 5199 ut'psaimi
1411 5131 1500 5185 die
1529 5125 1815 5202 (noctuque
1856 5147 2019 5186 cane-

425 5194 650 5270 !entur,
688 5201 946 5255 Baronius
978 5194 1170 5254 falsum
1194 5194 1342 5256 'esse
1371 5201 1565 5256 asserit
1600 5203 1618 5270 (
1650 5194 1846 5256 Baron.
1893 5213 2014 5256 tom.

442 5265 514 5342 l_V
546 5286 670 5341 pag.
699 5270 859 5342 429);
891 5286 1012 5326 eum
1053 5278 1266 5326 constet
1295 5275 1361 5324 ab
1385 5271 1542 5326 initio
1572 5265 1804 5342 viguisse
1835 5273 1886 5326 in
1919 5273 2017 5327 Ec-

439 5339 774 5412 cle‘sia'cum
806 5339 977 5397 cantu
1025 5342 1271 5396 diurnam
1315 5339 1744 5412 nocturnani’que
1787 5342 2021 5412 psalmo-

439 5409 586 5464 diam
622 5427 636 5462 :
666 5412 760 5465 sed
788 5413 1017 5468 fortasse
1046 5413 1278 5482 aliquam
1307 5411 1535 5468 formam
1565 5430 1591 5466 a
1625 5409 1852 5468 Damaso
1885 5429 2022 5482 prae-

440 5482 729 5556 scriptam;
759 5483 844 5537 vel
889 5485 1237 5556 emendatum
1279 5500 1305 5535 a
1338 5483 1407 5556 ,S.
1450 5484 1778 5556 Hieronymo
1813 5484 2020 5541 Psalte-

441 5551 591 5625 riunt
613 5552 864 5625 Septuag.
897 5554 1255 5625 littcrpretum
1279 5571 1308 5610 a
1336 5555 1560 5609 Damaso
1589 5551 1887 5610 canendum
1920 5556 2021 5612 Ec-

441 5621 625 5676 clesiis
654 5621 1088 5680 Occidentalibus
1115 5629 1390 5681 traditum.
1421 5629 1494 5681 De
1525 5627 1841 5682 utiLtatibus
1874 5627 2017 5691 psal~

441 5693 640 5747 modia:
671 5694 728 5768 in
758 5693 1003 5768 Ecclesia
1037 5698 1328 5764 institutae,
1354 5697 1474 5753 vide
1500 5696 1844 5768 Radulpltum
1874 5698 2019 5755 Tuu-

441 5775 597 5830 gren.
621 5774 677 5823 et
695 5764 1081 5824 Bellarminum
1113 5769 1248 5827 locis
1272 5784 1433 5841 supra
1461 5770 1680 5830 notatis.

2046 4606 2098 4666 D

2113 3286 2338 3354 angelus
2368 3285 2478 3349 ille,
2503 3285 2571 3339 de
2595 3299 2702 3353 quo
2727 3286 2812 3339 bic
2841 3289 3036 3349 agitur,
3060 3286 3152 3353 qui
3183 3285 3446 3354 psallendi
3473 3285 3689 3337 modum

2114 3371 2214 3427 suo
2261 3356 2510 3422 exemplo
2553 3354 2800 3427 Patribus
2847 3357 2956 3411 illis
3005 3355 3275 3427 Egyptiis
3315 3354 3689 3427 praescripsit,

2113 3426 2241 3480 dum
2285 3427 2339 3498 in
2371 3427 2548 3481 medio
2573 3424 2793 3481 fratrum
2823 3469 2836 3492 ,
2867 3424 3187 3498 quibuscum
3215 3424 3519 3498 residebat,
3552 3426 3691 3498 psal-

2114 3512 2232 3552 mos
2276 3497 2663 3552 decantaturus
2702 3497 3026 3554 exsurrexit.
3060 3498 3212 3565 Quod
3243 3499 3289 3552 si
3327 3499 3445 3566 quis
3475 3497 3694 3565 objiciat

2114 3583 2186 3624 ex
2218 3571 2321 3623 hoc
2370 3569 2561 3622 eodem
2599 3569 2718 3623 loco
2748 3579 2803 3624 et
2829 3585 2954 3638 cap.
2982 3571 3044 3626 ll
3079 3571 3371 3625 monachos
3415 3568 3538 3622 illos
3589 3582 3695 3622 non

2115 3649 2324 3695 stantes
2351 3685 2365 3708 ,
2398 3640 2494 3694 sed
2524 3640 2777 3695 sedentes
2813 3642 3170 3711 psalmodiam
3199 3641 3509 3711 celebrasse
3535 3655 3550 3703 ;
3601 3652 3694 3691 re-

2115 3713 2340 3778 sponsio
2366 3726 2434 3765 ex
2459 3713 2649 3783 eodem
2680 3711 2734 3764 in
2763 3709 3012 3783 promptu
3045 3721 3171 3783 est,
3203 3711 3403 3783 Patres
3436 3709 3558 3764 illos
3590 3724 3695 3762 non

2115 3784 2375 3837 recitasse
2415 3782 2629 3850 quidem
2677 3781 2952 3848 psalmos,
2984 3782 3079 3837 sed
3105 3781 3446 3837 solummodo
3475 3784 3694 3834 uitii-uin

2116 3853 2437 3922 psallentem
2470 3855 2826 3915 auscultasse,
2856 3863 2930 3917 et,
2966 3863 3024 3908 ut
3060 3855 3147 3907 hic
3177 3853 3426 3917 habetur,
3474 3853 3528 3904 in
3555 3851 3697 3922 psal-

2118 3925 2268 3976 lentis
2310 3924 2462 3977 verba
2508 3924 2647 3976 onmi
2691 3925 2864 3976 cordis
2906 3925 3190 3978 intentione
3231 3925 3430 3992 deﬁxos
3481 3923 3698 3976 tacuisse

2119 3992 2272 4064 (Cap.
2318 3994 2380 4048 11
2413 4005 2462 4046 et
2489 3993 2598 4063 12).
2632 3993 2708 4047 lta
2733 4009 2796 4048 ex
2827 3993 2930 4049 hoc
2963 3997 3082 4051 loco
3109 4009 3397 4064 utrumque
3425 3993 3655 4048 habetur
3675 4033 3693 4058 ,

2118 4075 2173 4136 et
2205 4065 2519 4132 psallentem
2552 4064 2790 4132 stetisse,
2816 4077 2872 4120 et
2900 4083 3005 4122 non
3039 4068 3328 4136 psallentes
3355 4066 3694 4120 consedisse.

2118 4134 2274 4190 Unde
2301 4144 2419 4190 orta
2441 4136 2820 4208 consuetudo,
2851 4153 2972 4208 quae
3022 4134 3314 4192 etiamnum
3347 4137 3694 4208 observatur,

2121 4220 2176 4261 ιιι
2221 4207 2310 4274 qui
2341 4208 2470 4278 legit
2518 4222 2728 4262 sacram
2772 4206 3104 4278 Scripturam
3133 4251 3148 4274 ,
3179 4219 3487 4262 sanctorum
3507 4206 3650 4278 vitas
3677 4246 3693 4270 ,

2120 4277 2562 4346 martyrologium
2587 4323 2600 4344 ,
2625 4280 2856 4346 capitula
2882 4275 2974 4334 aut
3004 4280 3263 4334 lectiones
3297 4287 3351 4332 et
3380 4280 3482 4332 alia
3507 4275 3696 4345 hujus-

2121 4345 2288 4414 tnodi,
2317 4345 2435 4420 ipse
2460 4350 2677 4417 quidem
2696 4345 2874 4403 fleetor
2905 4353 3096 4405 stando
3129 4352 3269 4420 legat
3297 4366 3312 4403 :
3341 4348 3534 4420 reliqui
3577 4362 3696 4420 oin-

2120 4419 2496 4495 nes‘sedeutes
2525 4420 2824 4475 auscultent
2857 4441 2868 4473 :
2910 4426 3049 4495 unde
3079 4423 3364 4495 μεσοχοροί
3389 4419 3538 4495 dicti,
3575 4419 3612 4471 i.
3642 4419 3694 4472 in

2121 4489 2300 4544 medio
2325 4490 2492 4545 choro
2524 4502 2726 4545 stantes
2749 4533 2762 4553 ,
2811 4493 2952 4560 apud
2995 4489 3294 4548 Sidonium"
3323 4491 3691 4558 Apollinarem

2123 4561 2311 4635 (Libat
2337 4562 2490 4629 epist.
2536 4560 2629 4635 2)._
2655 4563 2728 4617 Ex
2765 4563 2845 4617 llis
2875 4563 3234 4635 intelligimus
3265 4563 3514 4635 angelum
3547 4560 3696 4635 illum

2123 4630 2230 4688 duo
2257 4633 2583 4688 documenta
2617 4632 2721 4687 hoc
2767 4649 2865 4687 suo
2908 4630 3322 4687 facto‘Patribus
3368 4630 3697 4700 reliquisse:

2127 4708 2358 4775 primum
2393 4715 2450 4757 ut
2491 4703 2774 4758 duodecim
2830 4705 3065 4775 psalmos
3107 4713 3214 4757 tam
3263 4706 3334 4775 in
3371 4703 3700 4775 vespertinis

2124 4771 2283 4842 quam
2318 4776 2370 4828 in
2401 4776 2678 4828 nocturnis
2697 4771 2892 4828 ot'liciis
2908 4773 3279 4836 decantarent,
3307 4774 3377 4828 de
3406 4789 3511 4844 quo
3535 4771 3697 4844 infra.

2126 4845 2460 4908 Secundum,
2490 4855 2549 4897 ut
2577 4854 2802 4910 stantes,
2835 4854 2890 4900 et
2917 4844 3085 4899 erecti
3113 4843 3444 4914 psallerent,
3475 4853 3529 4898 et
3556 4843 3701 4913 psal-

2128 4918 2305 4971 lentes
2352 4926 2560 4969 stareut
2607 4932 2622 4972 :
2672 4933 2831 4984 quem
2879 4931 3084 4970 morem
3116 4913 3184 4970 iet
3236 4918 3398 4972 ritum
3448 4913 3699 4969 monachi

2129 4987 2386 5055 deinceps
2433 4987 2773 5042 retinendum
2810 4994 2867 5042 et
2895 4987 3289 5042 observandum
3315 4986 3697 5042 decreverunt.
3769 5003 3777 5006 ·

2199 5055 2226 5094 ι’
2249 5056 2647 5112 Duodenarium
2679 5073 2960 5112 numerum
2989 5057 3318 5127 psalmorum
3345 5061 3396 5110 in
3420 5057 3700 5111 nocmrnis

2129 5128 2326 5198 vigiliis
2353 5169 2367 5193 ,
2399 5145 2557 5198 quem
2591 5130 2666 5183 illi
2697 5129 2797 5186 SS.
2836 5130 3024 5184 Patres
3063 5133 3130 5183 ab
3155 5128 3348 5198 angelo
3379 5127 3558 5182 edocti
3582 5167 3598 5190 ,
3643 5137 3701 5181 et

2129 5200 2326 5266 insigni
2355 5200 2648 5265 miraculo,
2685 5199 2829 5270 quod
2856 5200 3106 5268 superius
3138 5203 3365 5255 relatum
3397 5207 3482 5270 est
3505 5239 3517 5262 ,
3549 5213 3700 5252 com-

2130 5274 2318 5326 moniti
2348 5269 2713 5339 receperunt,
2735 5269 3003 5325 D.'etiam
3029 5270 3356 5325 Benedictus
3407 5269 3473 5324 ad
3521 5271 3700 5338 quoti-

2128 5342 2317 5422 dianae
2338 5342 2764 5422 noctis.vigilias,
2787 5341 2906 5422 give
2928 5355 3250 5422 nocturnum
3273 5341 3532 5422 ofﬁcium,
3551 5340 3698 5421 quod

2128 5415 2351 5469 abusive
2376 5414 2696 5467 matutinum
2726 5412 2979 5466 vocamus
3003 5454 3018 5476 ,
3064 5412 3256 5482 quovis
3292 5420 3539 5482 tempore
3569 5412 3701 5482 reti-

2129 5483 2364 5539 nendum
2391 5525 2406 5547 ,
2456 5493 2511 5538 et
2537 5499 2566 5536 a
2599 5485 2712 5539 suis
2737 5483 3024 5540 cmnobitis
3067 5483 3456 5539 decantandum
3486 5481 3699 5536 censuit

2127 5556 2372 5682 (quibus
2391 5563 2568 5610 tamen
2590 5559 2796 5610 cantica
2834 5570 2930 5624 pro
2959 5553 3119 5608 tertio
3144 5567 3410 5610 nocturno
3435 5553 3699 5620 superad-

2168 5626 2267 5681 idit
2294 5626 2487 5682 diebus
2510 5626 2806 5682 Dominicis
2833 5638 2886 5681 et
2907 5624 3161 5682 festivisl.
3187 5636 3246 5681 ut
3267 5627 3452 5680 videre
3471 5635 3553 5677 est
3574 5640 3693 5682 can.

2168 5626 2267 5681 idit
2294 5626 2487 5682 diebus
2510 5626 2886 5697 Dominicisiet
2907 5624 3161 5697 festivis),
3187 5636 3246 5681 ut
3267 5627 3452 5680 videre
3471 5635 3693 5697 estcap.

2129 5701 2194 5753 18
2225 5698 2468 5769 Regulae,
2501 5697 2595 5752 ubi
2627 5696 2886 5769 disposito
2912 5696 3099 5752 ordine
3119 5695 3691 5768 'psaiinodiae‘diurnte,

2125 5767 2336 5839 statuit,
2368 5767 2437 5825 Ut
2462 5770 2648 5841 reliqui
2669 5767 2840 5826 omnes
2863 5769 3071 5840 psalmi,
3097 5767 3185 5839 qui
3210 5776 3502 5840 supersunt,
3523 5781 3696 5825 atauu-
