4026 6334
1901 300 1986 312 κ

203 358 268 416 89
679 359 772 416 DE
807 357 1294 418 C(ENOBIORUM
1331 357 1576 417 lNSTlT.
1617 357 1748 414 LIB.
1787 356 1851 413 ll.
1875 386 1945 400 —-
1974 353 2064 410 DE
2102 352 2493 411 NOCTUBNIS
2537 349 3013 411 ORATIONIBUS.
3411 348 3490 414 90

205 480 259 535 in
302 485 600 537 nocturnis
657 479 1054 535 conventiculis
1095 478 1358 534 custodiri
1387 521 1406 547 ,
1438 489 1465 516 οι
1495 479 1689 550 quibus
1726 476 1806 532 le-
1830 484 1880 546 Α
1906 475 2120 530 sabbati
2149 475 2233 530 vel
2260 473 2540 529 Dominico
2583 481 2838 543 utrasque
2859 472 2926 528 de
2955 485 3098 527 novo
3127 469 3358 526 recitant
3383 466 3493 526 Te-

209 570 404 627 ctiones
428 571 690 641 geminas
711 572 1092 642 adjungentes,
1124 571 1176 628 id
1200 579 1286 628 est
1306 613 1322 638 ,
1367 587 1528 627 unam
1557 571 1759 626 veteris
1783 611 1800 636 ,

209 672 260 721 et
275 664 436 719 aliam
461 666 600 720 novi
621 666 983 734 Testamenti,
1009 675 1283 737 tamquam
1311 681 1340 720 s
1372 681 1435 721 se
1461 679 1555 721 eas
1577 664 1802 720 traditas

210 768 260 814 et
285 759 434 814 velut
463 759 940 816 extraordinarias
971 801 989 828 ,
1020 760 1333 816 volentibus
1363 769 1594 827 tantum,
1629 774 1691 814 ac
1720 759 1804 813 di-

213 851 454 906 vinarum
496 850 912 922 Scripturarum
939 853 1252 906 memoriam
1284 851 1567 920 possidere
1591 850 1802 905 assidua

214 943 567 1001 meditatione
603 943 954 1001 studentibus
997 943 1343 1000 addiderunt.
1375 942 1404 982 δ
1432 943 1491 998 ln
1543 942 1630 998 die
1675 955 1804 997 vero

1909 576 2177 623 stamento
2201 608 2218 635 ,
2250 566 2306 622 id
2351 574 2475 632 est,
2521 581 2681 621 unam
2726 565 2794 620 de
2841 563 3125 635 Apostolo,
3154 563 3238 618 vel
3267 560 3490 618 Actibus

1908 662 2279 733 apostolorum
2305 703 2321 728 ,
2372 669 2427 728 et
2473 659 2632 714 aliam
2676 658 2746 714 de
2775 657 3098 728 Evangeliis.
3130 655 3286 724 Quod
3323 655 3486 711 etiam

1911 755 2039 810 totis
2072 763 2094 792 α
2125 752 2600 832 Quinquagesimte
2627 750 2821 807 diebus
2853 749 3058 806 faciunt
3091 750 3144 804 hi
3182 748 3375 818 quibus
3405 747 3488 805 le-

1910 847 2017 902 ctio
2045 859 2189 901 curae
2217 853 2338 911 est,
2369 859 2469 901 seu
2494 844 2756 901 memoria
2785 842 3204 913 Scripturarum.

1281 1077 1537 1134 ALABDI
1577 1077 1815 1134 GAZIEI
1853 1076 2420 1136 COMMENTARIUS.

215 1195 324 1268 liter
345 1193 661 1268 diuiduntur
681 1195 739 1268 in,
755 1203 946 1268 septem
981 1195 1204 1268 noctium
1231 1195 1435 1268 vigilias
1457 1195 1677 1266 (nempe
1705 1204 1790 1250 to-

213 1266 313 1318 tius
351 1264 750 1334 hebdomadze)
795 1267 1061 1333 partiendo
1103 1264 1312 1332 omnes,
1357 1268 1444 1334 qui
1468 1264 1794 1334 prolixiores

210 1347 323 1390 sunt
357 1336 484 1408 (uti
532 1337 676 1404 apud
708 1351 808 1390 nos
838 1338 952 1409 lieri
984 1337 1196 1409 solet),
1228 1348 1275 1390 et
1312 1337 1582 1390 duodecim
1608 1338 1796 1408 psalmi

211 1423 297 1473 per
326 1422 748 1478 unamquamque
769 1407 1149 1460 constituantur
1175 1417 1403 1472 noctem;
1433 1418 1586 1477 atque
1612 1407 1793 1462 omni-

211 1478 300 1530 bus
324 1477 510 1532 modis,
543 1480 598 1530 id
622 1479 946 1544 attendatur,
987 1489 1043 1531 ut
1084 1481 1223 1533 omni
1252 1477 1576 1532 ltcbdomada
1605 1480 1796 1549 psalte-

211 1550 338 1602 rium
369 1565 435 1601 at
461 1549 665 1617 integro
706 1566 917 1602 numero
939 1558 1140 1602 centum
1164 1550 1536 1619 quinquaginta
1568 1551 1796 1617 psalmo-

213 1637 320 1673 rum
347 1621 613 1691 psallatur
629 1636 648 1684 ;
674 1630 720 1672 et
746 1619 1018 1672 Dominico
1058 1621 1142 1674 die
1180 1637 1440 1688 semper-a
1463 1623 1628 1686 capite
1656 1637 1798 1691 repe-

213 1700 344 1744 tatur
371 1691 442 1744 ad
473 1692 718 1761 vigilias;
745 1692 890 1759 quia.
925 1691 1099 1756 inquit
1125 1733 1139 1751 ,
1168 1693 1319 1744 nimis
1350 1693 1487 1744 iners
1516 1692 1797 1745 devotionis

211 1779 311 1816 sine
328 1763 602 1814 seruitium
633 1762 906 1815 ostendunt
938 1761 1173 1815 monachi
1196 1803 1211 1824 ,
1244 1766 1329 1827 qui
1355 1762 1524 1815 minus
1547 1763 1798 1831 psalterio

211 1850 320 1886 cum
344 1834 570 1886 canticis
601 1832 1068 1886 consuetudinariis
1097 1847 1187 1903 per
1212 1837 1512 1903 septimana!
1544 1833 1796 1886 circulum

213 1903 470 1971 psallunt;
517 1919 633 1955 cum
656 1903 884 1972 legamus
911 1902 1115 1956 sanctos
1145 1902 1328 1956 Patres
1360 1915 1563 1957 nostros
1587 1919 1691 1956 uno
1715 1905 1798 1955 die

211 1985 413 2028 strenue
440 1975 734 2042 implevisse
753 2015 768 2032 .
800 1975 936 2044 quod
968 1990 1059 2027 nos
1087 1976 1244 2044 tepidi
1279 1976 1478 2027 utinam
1507 1977 1798 2040 septimana

211 2046 405 2114 integra
435 2046 813 2116 persolramus.
848 2044 1052 2112 Quibus
1080 2047 1262 2099 verbis
1304 2045 1793 2116 sanctosillosiPa-

211 2125 314 2168 tres
344 2124 402 2169 et
433 2114 734 2169 monachos
776 2118 1004 2170 innuere
1035 2116 1246 2170 videtur
1268 2157 1283 2179 ,
1325 2115 1392 2170 de
1432 2114 1625 2185 quibus
1663 2115 1796 2168 Cas-

210 2188 388 2240 siauns
410 2187 606 2239 scribit
642 2201 762 2254 cap.
792 2189 826 2239 i
855 2188 1010 2249 hujus
1038 2187 1183 2252 libri,
1212 2203 1294 2240 eos
1325 2188 1388 2239 de
1417 2201 1628 2240 numero
1656 2185 1796 2254 psal-

212 2274 406 2309 morum
435 2259 488 2308 in
530 2258 845 2327 quotidianis
883 2258 1072 2327 ofﬁciis
1093 2301 1109 2323 ,
1141 2260 1242 2313 sive
1272 2257 1712 2322 solemnitatibus,
1741 2265 1796 2309 ut

210 2340 367 2393 vocat,
404 2329 726 2381 instituendo
769 2331 856 2400 pia
885 2331 1204 2384 contentione
1244 2340 1461 2382 certasse
1483 2368 1499 2390 ,
1534 2328 1674 2400 dum!
1703 2328 1798 2400 alii

211 2401 598 2468 quinquagenos
625 2442 641 2462 ,
672 2397 780 2452 alii
794 2415 1094 2469 sexagenos,
1120 2401 1212 2453 alii
1237 2417 1351 2454 vero
1384 2416 1445 2454 ne
1473 2401 1568 2452 hoc
1588 2397 1796 2465 quidem

212 2487 422 2523 numero
445 2470 678 2523 contenti
705 2472 877 2523 excedi
913 2487 1028 2523 eum
1057 2470 1236 2524 debere
1277 2480 1562 2525 censerent.
1596 2469 1794 2523 Verum

211 2542 362 2594 aliam
395 2551 669 2594 rationem
701 2542 1092 2610 tr0po|ogicatn
1126 2542 1282 2596 istius
1325 2541 1683 2596 institutionis
1729 2539 1792 2592 D.

212 2611 512 2675 Benedicti,
539 2612 609 2666 de
637 2628 861 2666 numero
885 2615 1092 2667 scilicet
1114 2616 1438 2682 psalmorum
1461 2613 1796 2667 duodenario

214 2684 263 2734 in
297 2686 581 2736 nocturnis
624 2681 1002 2745 decantando.
1036 2681 1168 2738 scite
1199 2685 1465 2752 expreSsit
1515 2682 1796 2736 Durandus

212 2753 542 2807 Mimatensis
582 2755 668 2806 bis
696 2757 878 2808 verbis
912 2773 922 2806 :
957 2752 1146 2808 Beatus
1171 2756 1473 2808 Benedictus
1499 2755 1651 2808 aliter
1677 2753 1798 2822 of/i-

215 2825 350 2876 cium
381 2826 543 2877 noctis
590 2823 890 2890 ordinavit;
931 2842 1031 2878 non
1062 2834 1233 2879 tamen
1271 2827 1576 2879 dissentiens
1603 2842 1633 2876 tt
1668 2841 1800 2892 prte-

217 2898 371 2947 missa
399 2892 647 2948 Ecclesia
674 2897 995 2949 ordinatione
1015 2939 1029 2960 ,
1057 2895 1132 2949 vel
1161 2899 1242 2951 illi
1262 2898 1315 2949 in
1338 2896 1513 2966 aliquo
1536 2896 1798 2948 contradi-

214 2982 366 3036 cens;
410 2968 498 3018 sed
535 2967 707 3020 ordini
753 2984 844 3020 suo
880 2967 1121 3036 quiddam
1163 2970 1420 3036 peculiare
1457 2968 1792 3020 constituens.

214 3034 331 3105 Ipse
350 3053 577 3110 namque
597 3039 824 3110 ins_tituit
856 3034 1011 3092 semel
1035 3034 1174 3093 dici}
1204 3039 1365 3099 Deus.
1389 3040 1443 3091 in
1473 3037 1798 3110 adjutorium

214 3125 374 3162 meum
398 3108 626 3162 intende.
655 3107 718 3162 Et
743 3119 814 3161 ter
840 3125 856 3162 :
883 3110 1118 3170 Domine,
1139 3111 1280 3163 labia
1303 3127 1413 3163 mea
1435 3107 1654 3178 aperies,
1684 3123 1798 3178 pro-

215 3190 323 3248 pter
366 3181 707 3234 reverentiam
742 3179 969 3235 Unitatis
1015 3190 1064 3233 et
1096 3179 1382 3234 Trinitatis.
1419 3181 1611 3233 Deinde
1640 3179 1796 3231 Psal-

215 3267 347 3302 mum
371 3266 389 3302 :
424 3251 677 3316 Domine,
726 3253 850 3322 quid
890 3253 1247 3322 multiplicati,
1299 3268 1359 3305 eo
1387 3255 1521 3321 quod
1553 3268 1583 3302 a
1621 3264 1798 3304 somno

217 3338 426 3392 surgens
455 3323 581 3374 dicit
607 3323 660 3392 in
689 3338 778 3375 eo:
804 3320 913 3392 Ego
939 3320 1178 3388 dormivi,
1199 3333 1246 3377 et
1273 3320 1510 3376 somnum
1538 3323 1647 3392 cepi
1689 3333 1794 3375 etc.

1905 1196 2269 1268 testimoniis.
2299 1195 2544 1268 Justinus
2590 1193 2794 1268 Martyr
2843 1194 2895 1250 in
2944 1194 3209 1268 Apologia
3251 1194 3486 1268 secunda

1899 1267 2004 1321 Sub
2035 1268 2192 1322 linem
2221 1266 2352 1338 dicit
2383 1286 2396 1320 :
2431 1265 2699 1321 Lectiones
2729 1265 2807 1338 fex
2849 1265 3197 1338 apostolis,“
3226 1265 3486 1338 prapltetis

1899 1337 1954 1390 in
1984 1349 2232 1391 conventu
2259 1336 2628 1410 ﬁdelium__legi
2659 1336 2859 1391 solitas.
2883 1336 3196 1410 Concilium
3228 1336 3488 1410 Laudice-

1902 1424 2030 1462 num
2059 1419 2184 1462 ante
2210 1423 2384 1462 annos
2417 1408 2870 1463 mille'ducentos
2901 1409 3234 1463 celebratum
3268 1408 3482 1472 statuit,

1899 1479 2199 1551 utpsalmis
2249 1479 2492 1551 lectiones
2525 1480 3002 1551 interponerentur.
3048 1478 3108 1534 S.
3149 1479 3484 1551 A_ugtistinus

1901 1550 2058 1604 initio
2105 1550 2459 1620 expositionis
2522 1549 2574 1603 in
2618 1549 2846 1619 primam
2891 1549 3114 1604 luannis
3165 1549 3482 1620 Epistulam,

1902 1623 2154 1675 meminit
2182 1619 2495 1675 lectionum
2549 1636 2669 1689 qua:
2715 1621 2765 1674 in
2816 1620 3042 1675 ecclesia
3092 1620 3254 1676 certis
3293 1619 3485 1674 diebus

1901 1693 2121 1746 recitari
2165 1693 2418 1746 solebant
2448 1709 2462 1742 :
2497 1691 2644 1759 Quis,
2681 1693 2872 1762 inquit,
2920 1692 2993 1744 ita
3030 1702 3148 1746 sunt
3188 1706 3395 1762 annuas,
3427 1699 3486 1744 ut

1900 1764 2020 1816 alite
2049 1779 2160 1817 esse
2186 1780 2286 1816 non
2327 1763 2539 1830 possint.
2589 1761 2767 1816 Porro
2814 1764 2865 1816 in
2900 1772 3164 1818 nocturno
3195 1761 3375 1817 ofﬁcio
3407 1763 3484 1816 le-

1901 1845 2108 1899 guntur
2161 1834 2422 1888 lectiones
2468 1833 2552 1888 vel
2600 1849 2666 1888 ex
2714 1833 2882 1887 sacris
2927 1833 3083 1887 libris
3124 1836 3346 1898 veteris,
3391 1841 3485 1888 aut

1903 1903 2027 1957 novi
2059 1904 2413 1967 Tt'Slallletlli,
2449 1912 2507 1957 ut
2554 1903 2639 1957 hic
2685 1905 2952 1958 habetur:
2996 1904 3082 1958 vel
3132 1921 3200 1958 ex
3233 1903 3473 1958 homiliis

1903 1974 2146 2036 Patrum,
2185 1975 2268 2029 vel
2297 1991 2363 2028 ex
2397 1973 2536 2029 Vitis
2579 1987 2634 2028 et
2669 1976 2835 2043 gestis
2867 1985 3197 2030 sanctorum.
3232 1974 3386 2030 Unde
3425 1973 3482 2030 iu

1900 2045 2136 2100 COlIClliO
2179 2046 2592 2112 Carthagincnsi
2637 2045 2700 2100 ιιι
2753 2047 3176 2112 ιιιωεοτίῠυιιιιιι·
3221 2045 3482 2101 lectiones

1901 2131 2007 2170 non
2041 2125 2246 2171 tantum
2279 2132 2346 2182 ex
2381 2117 2699 2185 Scripturis,
2731 2119 2825 2171 sed
2857 2133 2922 2171 ex
2949 2119 3095 2172 Actis
3121 2125 3176 2171 et
3206 2117 3476 2171 Passioni-

1898 2187 1997 2242 bus
2022 2200 2342 2258 martyrum,
2371 2204 2492 2241 cum
2538 2187 2894 2242 anniversarii
2943 2187 3062 2242 dies
3102 2202 3287 2243 eorum
3335 2187 3484 2242 cele-

1849 2279 1854 2288 ι
1901 2258 2146 2313 brantur.
2181 2259 2259 2313 De
2289 2259 2620 2313 lectionibus
2665 2273 2798 2313 vero
2841 2275 2905 2314 ex
2953 2259 3188 2314 homiliis
3236 2258 3476 2322 Patrum,

1899 2338 2125 2383 testatur
2148 2329 2210 2382 D.
2230 2330 2590 2400 Hieronymus
2614 2332 2665 2384 in
2691 2331 2828 2384 libro
2856 2332 2922 2383 tle
2943 2330 3209 2398 Scriptor.
3235 2330 3472 2394 Eccles.,

1899 2400 1991 2453 ubi
2023 2401 2154 2454 dicit
2194 2415 2476 2454 sermones
2510 2399 2568 2453 Β.
2608 2400 2836 2469 Ephrem
2872 2400 2974 2470 legi
3021 2400 3372 2456 causuevisse
3421 2401 3474 2453 in

1900 2474 2134 2525 ecclesia
2163 2482 2284 2541 post
2317 2472 2579 2526 lectiones
2599 2472 2962 2534 apostolorum
2987 2479 3043 2526 et
3069 2469 3472 2539 prOpbetarum.

1903 2542 1968 2595 Et
1995 2544 2053 2598 D.
2089 2543 2412 2596 Benedictus
2454 2558 2572 2610 cap.
2618 2545 2650 2598 9
2679 2543 2898 2608 Regula:
2933 2560 2944 2594 :
2985 2542 3232 2604 Codices,
3274 2542 3470 2606 inquit,

1900 2613 2136 2682 legantur
2157 2614 2208 2665 in
2236 2615 2426 2681 vigiliis
2443 2653 2458 2677 ,
2483 2623 2587 2666 tam
2616 2615 2793 2667 ceteris
2817 2612 3124 2666 Testamenti
3146 2628 3299 2679 quam
3325 2612 3440 2664 novi
3458 2651 3474 2673 ,

1900 2685 2093 2737 divina:
2120 2685 2444 2738 auctoritatis
2476 2700 2494 2737 :
2519 2685 2609 2737 sed
2635 2697 2680 2737 et
2704 2685 3046 2754 expositiones
3075 2699 3270 2746 earum,
3303 2698 3421 2754 quae
3442 2699 3478 2754 Va

1901 2756 2325 2809 nominatissimis
2391 2755 2692 2809 doctoribus
2744 2752 3042 2808 ortltodoxis
3111 2764 3159 2808 et
3208 2752 3478 2807 catholicis

1905 2825 2146 2880 Patribus
2178 2826 2315 2896 facta
2334 2837 2474 2880 sunt.
2500 2826 2574 2880 De
2604 2829 2796 2879 ordine
2827 2841 2976 2890 vero,
3015 2841 3239 2879 numero
3261 2833 3315 2896 et
3340 2835 3482 2896 tem-

1902 2910 2034 2964 pore
2080 2893 2372 2951 lectionum
2423 2899 2572 2966 plura
2621 2895 2869 2952 Gelasius
2899 2898 3136 2964 pontilex
3167 2893 3308 2966 apud
3342 2893 3480 2950 Gra-

1903 2976 2127 3033 tianum,
2161 2967 2287 3022 dist.
2322 2967 2409 3033 15,
2440 2983 2564 3023 can.
2591 2967 2783 3023 Sancta
2811 2967 3072 3034 Romana,
3103 2981 3152 3021 et
3181 2965 3478 3035 Gregorius

1902 3043 2164 3106 septimus
2195 3041 2246 3091 in
2279 3040 2514 3092 concilio
2545 3040 2804 3104 generali.
2839 3037 2988 3094 Untle
3019 3047 3197 3092 exstat
3225 3052 3396 3092 canon
3428 3037 3482 3092 in

1903 3107 2019 3164 lucc
2048 3110 2208 3164 verba
2244 3128 2256 3162 :
2287 3109 2353 3163 In
2383 3111 2466 3163 die
2495 3109 2902 3164 Resurrectionis
2931 3125 3091 3172 usque
3117 3110 3184 3163 ad
3214 3109 3482 3162 sabbatum

1900 3181 1956 3233 in
2004 3179 2169 3246 Albis,
2217 3192 2262 3234 et
2307 3185 2359 3234 in
2413 3183 2494 3234 die
2543 3180 2863 3234 Pentecostes
2898 3197 3055 3252 usque
3109 3182 3160 3234 in
3215 3179 3482 3233 sabbatum

1901 3252 2157 3322 eiusdem,
2191 3263 2293 3306 tres
2327 3253 2552 3318 psalmos
2591 3261 2789 3305 tantum
2832 3255 2897 3305 ad
2944 3262 3242 3313 nocturnos,
3285 3261 3482 3322 tresque

1902 3319 2144 3377 lectiones
2169 3324 2376 3388 antiquo
2409 3339 2547 3376 more
2575 3338 2840 3376 cantamus
2879 3333 2926 3376 et
2967 3324 3199 3392 legimus.
3231 3319 3482 3376 Omnibus

217 3391 435 3464 (Psalm.
474 3392 581 3466 ut).
614 3391 812 3446 Deinde
833 3391 884 3446 in
913 3395 1076 3466 primo
1106 3406 1355 3447 nocturno
1381 3410 1471 3448 sea:
1505 3391 1728 3462 psalmos
1755 3402 1800 3444 et
1829 3402 1874 3466 ο
1906 3394 2082 3446 diebus
2111 3395 2228 3448 aliis
2257 3410 2346 3466 per
2369 3404 2530 3447 totum
2569 3411 2783 3456 annum,
2815 3395 2858 3466 si
2884 3391 3130 3463 festiuitas
3169 3403 3266 3458 est,
3307 3409 3483 3466 novem

215 3473 435 3537 quatuor
464 3463 705 3537 lectiones
731 3481 845 3517 cum
881 3465 1088 3516 totidem
1118 3466 1455 3537 responsoriis
1491 3465 1691 3518 cantari
1717 3467 1804 3518 in-

216 3536 376 3607 stituit
409 3551 427 3587 :
451 3535 739 3607 ettotidem
773 3537 826 3588 in
850 3536 1074 3588 secundo
1099 3552 1134 3607 ;7
1163 3535 1251 3607 per
1281 3536 1375 3589 hoc
1398 3537 1550 3589 vitam
1578 3547 1803 3590 contem.

216 3605 461 3673 plativum
498 3606 741 3669 innuens,
773 3616 818 3659 et
838 3610 1076 3659 activam.
1107 3605 1361 3662 senarius
1400 3609 1536 3660 enim
1578 3612 1804 3675 psalmo-

216 3692 327 3727 rum
360 3693 606 3749 nutrieras
632 3678 786 3728 vitam
815 3677 1048 3746 designat
1078 3679 1317 3744 activam,
1343 3679 1395 3731 in
1424 3696 1524 3746 qua
1545 3695 1634 3731 sex
1649 3696 1805 3749 Opera

218 3748 587 3800 misericordia:
613 3749 844 3800 convenit
876 3750 1096 3801 exerceri
1123 3791 1138 3816 ,
1167 3749 1209 3801 si
1235 3752 1348 3817 quis
1391 3749 1459 3802 ad
1489 3748 1807 3817 contempla-

218 3822 328 3868 time
360 3820 478 3892 tiin
504 3818 871 3892 perfectionem
893 3820 1104 3873 voluerit
1133 3822 1412 3891 pervenire,
1432 3838 1547 3890 qua:
1567 3838 1656 3889 per
1675 3841 1807 3892 qua-

220 3898 332 3940 tuor
369 3887 663 3960 Evangelia
707 3889 1008 3959 designatur
1035 3931 1051 3954 ,
1096 3887 1144 3944 et
1192 3908 1279 3961 per
1313 3887 1532 3959 quatuor
1566 3887 1806 3949 lectiones

218 3961 451 4032 similiter
476 3961 754 4032 ﬁguratur.
783 3961 1148 4027 Quaternarius
1175 3964 1378 4032 quidem
1405 3979 1638 4017 numerus
1668 3968 1808 4032 apud

223 4029 497 4083 monachos
519 4029 848 4096 'quadratam
876 4029 1240 4097 stabilitatem,
1271 4045 1317 4087 et
1348 4029 1712 4103 Erangelicant
1756 4039 1809 4092 in

219 4104 405 4154 sanctis
427 4104 668 4172 exprimit
706 4120 724 4170 ;
753 4119 840 4175 seu
863 4105 1250 4175 quadruplicem
1275 4121 1478 4158 sensum
1511 4105 1810 4173 Scriptura-

217 4189 355 4236 ram,
384 4187 595 4243 propter
622 4174 899 4245 quadrigas
931 4174 1212 4228 Aminadab
1230 4216 1245 4239 ,
1277 4175 1330 4228 id
1351 4185 1422 4228 est
1453 4178 1766 4230 historialem
1791 4220 1807 4244 ,

219 4245 556 4312 allegoricum
578 4285 592 4307 ,
623 4247 996 4318 tropologicum
1022 4287 1038 4311 ,
1074 4256 1120 4300 et
1150 4248 1514 4318 anagogicum.
1559 4247 1625 4300 In
1664 4251 1810 4302 tertio

219 4330 339 4367 vero
362 4323 612 4368 nocturno
640 4316 740 4368 tria
767 4315 979 4370 Cantica
1018 4320 1216 4370 cantari
1241 4315 1460 4370 instituit
1485 4359 1499 4378 ,
1529 4319 1580 4370 in
1607 4318 1810 4373 laudem

220 4383 519 4447 Trinitatis,
544 4404 576 4438 a
597 4403 700 4456 qua
722 4387 866 4440 nobis
885 4390 999 4441 vita:
1020 4388 1383 4458 perfectionem
1405 4389 1523 4442 dari
1547 4406 1660 4442 cum
1683 4391 1809 4444 cha-

219 4459 379 4530 ritate
413 4457 670 4510 credimus
713 4470 761 4530 et
804 4475 1088 4528 speramus,
1113 4457 1236 4514 ietc.
1281 4459 1443 4530 (Lib.
1474 4475 1504 4513 v
1543 4461 1807 4515 Rational.

220 4545 344 4602 cap.
367 4529 422 4602 ξ),
456 4539 502 4581 et
532 4545 597 4602 ea:
625 4545 682 4582 eo
703 4525 862 4583 Joan.
896 4529 1140 4586 Seletltus
1171 4533 1220 4583 in
1248 4525 1435 4602 eaplic.
1489 4531 1645 4602 Ofﬁc.
1689 4549 1806 4600 cap.

221 4599 342 4668 23).
379 4600 503 4653 Haec
533 4600 642 4654 ille.
675 4601 844 4667 Quem
873 4612 928 4655 et
957 4603 1074 4670 ejus
1103 4599 1448 4655 abbreviator
1477 4599 1630 4656 toan.
1663 4599 1814 4656 Sele-

221 4673 354 4724 thus
387 4682 610 4724 secutus
639 4684 742 4725 est.
769 4671 942 4726 Porro
972 4688 1070 4726 cur
1110 4674 1161 4724 in
1195 4671 1466 4740 Vesperis,
1498 4687 1592 4726 seu
1621 4673 1812 4728 Ollicio

223 4742 538 4807 vestiertino
571 4758 674 4814 non
699 4742 986 4798 duodecim
1022 4743 1235 4814 psalmi,
1270 4743 1518 4798 similiter
1546 4752 1604 4798 ut
1635 4746 1686 4796 in
1714 4762 1810 4796 no—

221 4821 418 4866 cturno
445 4852 461 4872 ,
497 4813 592 4866 sed
633 4813 921 4882 pauciores
965 4829 994 4867 a
1038 4815 1100 4868 D.
1142 4815 1436 4868 Benedicto
1461 4856 1476 4876 ,
1509 4825 1562 4869 et
1592 4816 1660 4868 ab
1688 4815 1808 4870 aliis

223 4885 532 4952 pr:e~cripti
582 4883 695 4938 sint
719 4927 736 4947 ,
765 4900 926 4940 causa
957 4885 1125 4940 fuisse
1155 4886 1389 4949 videtur,
1422 4886 1561 4951 quod
1589 4887 1805 4942 illorum

221 4958 350 5026 loco
380 4954 802 5026 Completorium
849 4967 971 5023 post
1001 4955 1263 5026 Vesperas
1301 4957 1601 5010 institutum
1643 4968 1698 5012 et
1731 4961 1811 5011 in-

222 5025 537 5097 troductum
562 5025 740 5080 fuerit.
769 5027 902 5081 Nam
929 5025 1162 5080 ofliciutn
1185 5026 1534 5097 Completorii
1559 5044 1662 5081 non
1687 5043 1808 5084 esse

221 5110 382 5165 aeque
412 5096 689 5164 antiquum
721 5143 735 5164 ,
777 5113 841 5151 ac
879 5097 1108 5152 aliarum
1138 5096 1393 5152 horarum
1425 5098 1598 5153 ol‘llcia
1621 5143 1634 5166 ,
1664 5109 1808 5155 recte

220 5167 541 5222 observavit
591 5167 904 5236 Radulphus
936 5169 1265 5233 Tungrensis
1296 5170 1344 5222 in
1381 5170 1516 5223 libro
1538 5170 1603 5222 de
1633 5169 1809 5224 Cano-

222 5254 359 5311 num
382 5240 759 5311 observatione
782 5254 996 5307 propos.
1015 5241 1038 5293 l
1056 5245 1101 5292 ι.
1132 5240 1336 5294 lndicat
1357 5240 1570 5309 quidem
1597 5251 1807 5311 tempus

221 5309 580 5377 Completorii
631 5311 968 5364 subobscure
1012 5311 1069 5362 S.
1119 5311 1439 5364 Ambrosius
1485 5311 1582 5365 lib.
1635 5309 1810 5368 niue

221 5379 565 5450 Virginibus.
605 5381 711 5436 Sed
742 5396 998 5448 expre-sa
1046 5384 1244 5435 mentio
1287 5382 1553 5436 invenitur
1579 5385 1808 5450 primum

221 5447 381 5522 apud
404 5447 625 5522 Gra:_cos
662 5455 714 5505 in
743 5447 961 5521 Be’gulis
1005 5451 1064 5505 D.
1101 5452 1280 5506 Basilii
1314 5454 1481 5506 fusius
1521 5447 1810 5522 disputatis

219 5513 278 5592 (ιζ
311 5520 416 5594 37.
457 5513 612 5592 Ap'nd
663 5513 885 5594 Latinos
927 5534 1106 5578 autem
1157 5534 1211 5577 et
1259 5539 1452 5579 nomen
1500 5535 1553 5578 et
1601 5513 1812 5594 tempus

223 5592 585 5666 Bonipletorii
615 5593 852 5662 primum
891 5594 1161 5650 invenitur
1189 5596 1243 5648 itt
1273 5595 1478 5666 Regula
1528 5596 1588 5650 Ι).
1642 5592 1813 5651 Bene-

221 5663 359 5717 dicti
388 5679 510 5732 cap.
544 5665 632 5719 16.

299 5743 328 5769 ⁸
364 5733 838 5791 Usumlectionum
861 5737 1288 5806 antiquissimum
1312 5754 1431 5794 esse
1457 5739 1506 5792 in
1525 5737 1701 5793 ol'licio
1723 5752 1813 5794 ec-

224 5807 565 5880 clesiastico,
587 5808 895 5878 prtrsertim
923 5820 1208 5873 nocturno,
1229 5812 1571 5880 perspicuum
1595 5819 1676 5864 est
1704 5826 1808 5865 non

224 5893 300 5935 ex
333 5877 437 5935 hec
469 5889 677 5935 tantum
703 5881 847 5946 loco,
879 5880 972 5935 sed
997 5895 1062 5936 ex
1089 5877 1274 5939 multis
1315 5877 1436 5938 aliis
1468 5881 1807 5951 :mliQuitatiS

1907 3468 2131 3535 psalmos
2155 3476 2201 3518 et
2243 3464 2419 3518 novem
2459 3466 2698 3519 lectiones
2724 3465 2960 3518 dicimus.
2991 3465 3119 3519 Aliis
3149 3481 3263 3518 vero
3279 3464 3483 3535 _die_bus

1907 3532 2180 3589 duodecim
2208 3535 2436 3606 psalmos
2459 3545 2507 3589 et
2537 3548 2636 3589 tres
2664 3539 2903 3589 lectiones
2934 3540 3224 3589 recitamus.
3269 3533 3335 3606 In
3374 3532 3484 3606 Do-

1907 3608 2106 3679 minjcss
2135 3604 2311 3660 diebus
2336 3607 2610 3660 octodecim
2639 3607 2862 3679 psalmos
2900 3607 3140 3679 (excepto
3162 3604 3484 3679 diePascltte

1907 3688 1957 3731 et
1991 3676 2332 3746 Pentecostes)
2357 3688 2405 3731 et
2440 3693 2616 3730 novem
2639 3674 2893 3731 lectiones
2909 3674 3157 3731 'dicin'tus.
3190 3674 3281 3728 Illi
3311 3687 3482 3728 autem

1906 3749 1994 3816 qui
2031 3750 2083 3800 in
2111 3751 2423 3815 quotidianis
2462 3749 2643 3801 diebus
2669 3758 2769 3800 tres
2811 3757 3012 3801 tantum
3040 3750 3264 3818 psalmos
3301 3757 3347 3798 et
3379 3756 3481 3798 tres

1909 3820 2151 3889 lectiones
2193 3819 2446 3872 celebrare
2482 3818 2686 3885 uolunt,
2724 3834 2827 3871 non
2857 3833 2919 3872 ea:
2967 3821 3144 3889 regula
3171 3827 3483 3889 sanctorum

1909 3887 2160 3961 Patrum,
2193 3891 2280 3943 sed
2316 3907 2379 3944 ex
2403 3890 2612 3961 fastidio
2639 3899 2685 3943 et
2715 3887 3038 3960 negligentia
3064 3888 3343 3961 probantur
3388 3887 3482 3940 hoc

1907 3960 2094 4029 facere.
2122 3960 2244 4014 Haec
2275 3962 2371 4016 ibi.
2407 3960 2410 3961 ⁷
2947 3993 2951 4000 ~

1980 4031 2008 4069 δ
2032 4032 2303 4100 Suspicari
2334 4033 2454 4103 quis
2482 4039 2666 4102 posset
2710 4031 2851 4099 diem
2884 4032 3092 4087 sabbati
3128 4045 3223 4103 pro
3263 4027 3479 4103 eodem,

1913 4118 2110 4175 nempe
2131 4099 2219 4157 die
2246 4099 2526 4175 Dominico
2551 4118 2884 4175 synonymos
2909 4104 2996 4156 hic
3031 4102 3231 4175 accipi,
3251 4099 3323 4154 ob
3353 4114 3484 4153 con-

1908 4173 2245 4240 iunctionem
2279 4174 2412 4246 (vel)
2438 4191 2539 4245 qua
2571 4173 2798 4229 alterum
2826 4173 2896 4226 ab
2938 4175 3123 4246 altero
3148 4173 3359 4226 videtur
3381 4185 3484 4246 clt—

1911 4247 2060 4313 poni.
2097 4247 2159 4298 Et
2189 4242 2312 4314 quia
2341 4242 2622 4300 sabbatum
2654 4245 2963 4300 Iudaeorum
3001 4248 3052 4298 in
3078 4245 3217 4298 diem
3248 4242 3482 4295 domini-

1911 4330 2033 4369 cum
2064 4317 2202 4382 apud
2232 4315 2570 4370 Christianos
2595 4324 2857 4370 mutatum
2890 4318 2977 4368 sit.
3023 4320 3089 4368 At
3122 4331 3226 4368 non
3259 4319 3329 4367 ita
3357 4325 3478 4365 esse

1912 4389 2042 4441 satis
2064 4399 2246 4456 aperte
2275 4388 2544 4458 colligitur
2565 4403 2629 4441 ex
2650 4387 2772 4441 aliis
2800 4385 3041 4442 Cassiani
3072 4385 3205 4458 locis
3225 4400 3350 4458 cum
3379 4385 3481 4458 hoc

1913 4454 2156 4520 eollatis,
2209 4454 2428 4526 quibus'
2456 4458 2735 4512 sabbatum
2785 4473 2908 4512 cum
2955 4459 3041 4511 die
3087 4455 3364 4526 Dominico
3413 4454 3479 4505 ita

1913 4525 2293 4597 conjungitur,
2345 4539 2400 4582 ut
2450 4541 2626 4582 tamen
2673 4530 2806 4582 duos
2865 4527 3112 4581 diversos
3153 4525 3480 4597 rdies,'non

1917 4593 2099 4661 unum.
2122 4593 2295 4654 luisse
2323 4601 2662 4669 signiﬁcetur
2693 4618 2705 4651 :
2739 4609 2793 4653 et
2830 4612 3118 4665 utrumque
3151 4593 3294 4651 diem
3339 4594 3482 4669 apud

1915 4669 2199 4740 {Egyptius
2227 4668 2519 4725 monachos
2560 4671 2612 4724 in
2642 4674 2754 4740 pari
2785 4671 2990 4725 honore
3031 4668 3481 4740 wveneratione

1919 4739 2158 4795 habitum
2216 4752 2272 4795 et
2328 4742 2443 4797 fere
2499 4739 2701 4795 eisdem
2755 4741 3092 4796 caeremoniis
3138 4739 3482 4792 observatum
3577 4800 3585 4810 .

1838 4783 1890 4842 D
1914 4811 2081 4866 fuisse
2112 4828 2126 4867 :
2153 4823 2380 4880 utroque
2405 4817 2546 4867 enim
2577 4813 2837 4866 lectiones
2868 4828 2934 4865 ex
2962 4826 3103 4865 novo
3133 4810 3480 4880 Testamento

1913 4883 2234 4945 recitabant,
2266 4876 2521 4938 videlicet
2565 4885 2614 4936 in
2663 4888 2875 4951 signum
2925 4883 3256 4951 Evangelicte
3287 4876 3485 4948 pradi-
3567 4880 3578 4889 ‘

1909 4955 2167 5018 cationis,
2192 4965 2246 5006 ut
2277 4954 2363 5008 hic
2398 4956 2656 5008 habetur:
2687 4964 2911 5022 utroque
2935 4954 3142 5022 jejunia
3177 4951 3480 5022 solvebant.

1912 5025 2031 5078 Lib.
2062 5041 2119 5079 ιιι
2164 5040 2282 5094 cap.
2327 5026 2382 5080 9.
2421 5026 2656 5093 Utroque
2695 5021 2942 5079 similiter
2987 5021 3054 5078 ad
3100 5021 3479 5094 refectionem,

1910 5097 2026 5150 sine
2067 5089 2365 5165 psalniodia
2405 5089 2754 5150 accedebant.
2788 5097 2902 5150 Lib.
2936 5111 2993 5149 Ill
3025 5111 3148 5165 cap.
3179 5094 3273 5165 ult.
3310 5089 3474 5165 Utrof

1911 5181 2018 5235 que
2068 5160 2391 5220 solemniter
2445 5168 2511 5220 ad
2571 5168 2855 5220 ecclesiam
2927 5160 3360 5235 conveniebant,
3416 5160 3483 5213 ad

1917 5232 2204 5303 orandum,
2238 5237 2684 5303 sacriﬁcandum,
2719 5237 3241 5293 connnunicandum.
3273 5232 3393 5286 Lib.
3428 5247 3485 5286 ιιι

1909 5323 2030 5363 can.
2063 5310 2117 5361 2.

2018 5350 2030 5362 .
2063 5323 2117 5361 z.

1977 5323 2009 5417 ἓ
2055 5379 2564 5451 Quinquagesimatn
2589 5379 2675 5433 hic
2699 5390 2854 5435 vocat
2886 5389 3092 5451 auctor,
3125 5389 3284 5451 quam
3310 5372 3492 5430 Graici

1915 5446 2568 5519 Pentecosténfspatiutn
2615 5451 2745 5505 illud
2788 5448 3172 5520 quinquaginta
3207 5446 3420 5520 dierum
3453 5461 3482 5498 a

1914 5523 2318 5578 resurrecﬁone
2345 5518 2591 5584 Domini,
2627 5518 2895 5590 usqne'ad
2931 5521 3220 5590 adventum
3248 5518 3487 5590 Spiritus

1915 5595 2117 5657 sancti;
2151 5595 2425 5663 utiturque
2451 5594 2550 5646 hac
2580 5588 2722 5663 vocet
2741 5605 2956 5663 rursus,
2992 5599 3047 5644 et
3077 5588 3268 5663 eodem
3313 5589 3483 5663 signi-

1918 5665 2076 5719 ﬁcatu
2110 5665 2201 5718 lib.
2238 5681 2272 5718 ιι
2301 5659 2421 5734 cap.
2457 5664 2540 5728 18,
2576 5676 2627 5717 et
2662 5660 2857 5734 Collat.
2884 5663 2948 5715 '21
2986 5676 3105 5722 cznp.
3142 5661 3194 5715 8.
3235 5659 3486 5734 Rabanus

1920 5736 2058 5789 hanc
2090 5745 2246 5790 vocat
2272 5731 2779 5804 Qut'ttqttagesimam
2817 5731 3157 5795 Pascltaletn,
3185 5734 3249 5784 ad
3295 5731 3485 5804 distin-

1918 5807 2156 5862 ctionem
2188 5801 2408 5860 alterius
2434 5801 2930 5873 Quitiqttagesitttzc,
2959 5822 3076 5872 qua:
3095 5815 3178 5858 est
3201 5815 3323 5873 ante
3345 5801 3483 5867 Qua-

1917 5878 2271 5948 dragesimam
2310 5897 2318 5929 :
2355 5887 2405 5932 et
2438 5877 2507 5930 de
2533 5872 2759 5945 utraque
2796 5874 2914 5933 lucc
2941 5880 3050 5933 alio
3079 5877 3201 5932 loco
3224 5872 3483 5929 subnata—
