4026 6334
1107 413 1336 475 (ἈΡΗΤ
1376 411 1485 472 νη.

990 545 1068 604 De
1092 544 1369 618 disciplina
1397 547 1605 606 orandi:

580 681 690 744 llas
731 682 894 756 igitur
939 684 1231 754 praedictas
1272 685 1553 744 orationes
1595 683 1698 744 hoc
1745 685 1910 743 modo
1952 683 2090 744 inci-

507 786 688 848 piunt,
748 788 910 850 atque
955 787 1358 846 consummant,
1404 789 1469 838 ut
1507 778 1658 836 ﬁnito
1703 781 1928 851 psalmo,
1976 797 2086 842 non

505 871 686 925 statim
717 870 784 925 ad
810 871 1236 926 incurvationem
1258 886 1494 941 genuum
1521 881 1801 939 corruant,
1826 873 2085 942 quemad-

507 965 724 1020 modum
753 965 981 1020 facimus
1004 965 1056 1020 in
1081 965 1180 1022 bac
1201 967 1420 1038 regione
1447 968 1712 1037 nonnulli,
1736 969 1827 1038 qui
1850 968 2079 1025 necdum

505 1058 648 1114 bene
683 1059 835 1114 ﬁnito
865 1059 1095 1130 psalmo,
1128 1061 1179 1116 in
1213 1063 1513 1118 orationem
1543 1061 1902 1131 procumbere
1929 1062 2084 1119 testi-

505 1166 697 1206 namus
741 1152 808 1206 ad
844 1160 871 1192 ι
908 1152 1246 1209 celeritatem
1295 1156 1476 1211 missas
1519 1156 1844 1225 quantocius
1885 1171 2086 1230 prope.

505 1250 708 1300 rantes.
736 1242 903 1316 Cujus
945 1245 1074 1303 dum
1119 1246 1369 1305 volumus
1411 1249 1678 1305 excedere
1721 1249 1941 1306 modum
1985 1251 2080 1324 qui

1818 302 1933 363 JOA
1945 300 2100 362 NNIS
2136 301 2450 364 CASSIANI
3677 303 3760 366 9!

2115 418 2167 482 Α
2191 417 2488 486 antiquitus
2507 431 2538 472 a
2568 417 2864 490 majoribus
2891 423 3128 477 statutus
3149 427 3254 488 est,
3286 428 3644 491 supputaates
3672 435 3763 476 re-

2194 509 2484 570 siduorum
2509 513 2843 582 psalmorum
2867 529 3178 579 numerum,
3221 512 3290 570 ad
3334 513 3495 571 ﬁnem
3544 513 3768 574 tendere

2193 617 2568 676 perurgemus,
2599 603 2668 662 de
2695 604 2993 664 refectione
3029 606 3210 676 potius
3234 605 3363 664 lassi
3401 608 3645 676 corporis
3669 621 3764 663 co-

2187 697 2452 767 gitantes,
2481 711 2643 769 quam
2674 698 2940 755 orationis
2969 699 3261 754 utilitatem
3291 708 3347 754 et
3368 697 3653 756 commoda
3676 715 3764 756 re-

2185 787 2492 860 quirentes.
2534 789 2690 859 Apud
2737 790 2862 846 illos
2905 805 3035 860 ergo
3063 804 3171 847 non
3202 791 3274 847 ita
3317 801 3423 859 est,
3468 791 3564 848 sed
3608 803 3763 848 ante-

2181 897 2344 952 quam
2375 880 2598 938 ﬂectant
2620 897 2815 953 genus,
2847 883 3123 954 paulisper
3161 890 3340 952 orant,
3372 892 3429 940 et
3466 894 3670 941 stantes
3700 885 3758 942 in

2140 1043 2144 1048 δ
2180 973 2579 1046 supplicatione
2609 977 2870 1045 majorem
2895 976 3160 1045 temporis
3182 985 3388 1046 partem
3420 977 3755 1048 expendunt.

2180 1065 2368 1138 Itaque
2425 1077 2548 1135 post
2596 1067 2715 1125 haec
2784 1078 2988 1138 puncto
3042 1069 3367 1126 brevissimo
3416 1071 3760 1140 procldentes

2183 1161 2359 1228 buml,
2386 1161 2539 1217 velut.
2557 1161 2852 1217 adorantes
2875 1169 3084 1216 tantum
3111 1161 3347 1217 divinam
3378 1162 3756 1228 clementiam,

2185 1265 2394 1307 summa
2443 1252 2732 1310 velocitate
2779 1261 3133 1327 consurgunt,
3177 1267 3240 1310 ac
3283 1251 3313 1293 δ
3355 1269 3547 1310 rursus
3588 1253 3760 1311 erecti

1558 1405 1821 1467 ALARDI
1859 1405 2092 1466 GAZEI
2127 1406 2703 1468 COMMENTARIUS.

501 1541 577 1600 vit
592 1543 917 1621 o_tandunt
930 1546 1066 1621 quod
1078 1563 1110 1602 a
1128 1545 1560 1621 Quinquagesima
1569 1547 2071 1621 jejuniumincipere

501 1617 642 1684 apud
671 1616 930 1690 Romanos
959 1615 1301 1690 Telesphorus
1355 1615 1490 1687 papa
1542 1615 1842 1681 constituit.
1886 1615 2073 1690 ut’per

500 1699 694 1760 septem
731 1687 1075 1760 hebdomadas
1101 1687 1216 1744 ante
1247 1688 1451 1760 Pascha
1477 1706 1662 1758 corpus
1680 1689 1897 1760 jejuniis
1921 1687 2075 1742 casti-

499 1757 715 1833 gemus;
745 1770 790 1833 _et
817 1757 946 1833 alias
988 1769 1175 1833 septem
1195 1772 1314 1833 post
1346 1759 1522 1816 Pacha
1549 1757 1706 1833 usque
1730 1757 1793 1814 in
1826 1757 2075 1814 Penteco-

499 1840 610 1914 slt‘en
653 1830 705 1884 in
741 1829 922 1914 laetitia
960 1847 993 1885 a
1024 1829 1246 1914 jejuniis
1278 1833 1508 1914 relaxari
1554 1829 1740 1895 uoluit,
1770 1844 1825 1884 ut
1854 1833 2075 1900 priorem

505 1899 991 1983 Qeinquagesimam
1019 1899 1070 1957 in
1085 1899 1758 1983 'pcenitudinepeecatorum
1786 1899 2075 1983 nostrorum

2177 1545 2724 1632 generalisconuentus
2768 1547 3014 1632 celebrari
3037 1549 3314 1632 δορα...ᾳαί
3343 1567 3432 1632 per
3460 1551 3762 1632 hujusmodi

2179 1617 2610 1700 denuntiationem
2641 1619 2898 1700 licentiam
2926 1617 3480 1700 disced_endi:accipere
3500 1617 3760 1700 solet.__Ad

2179 1688 2479 1778 quotidiana
2508 1698 2680 1778 autem
2706 1687 2985 1778 Missurum
3029 1692 3280 1775 solemnia
3319 1687 3760 1778 notrge‘neraliter

2179 1758 2240 1812 ab
2279 1759 2531 1823 omnibus,
2563 1762 2651 1814 sed
2677 1777 2710 1814 a
2733 1763 2984 1834 religiosis
3011 1765 3327 1831 convenitur,
3357 1758 3585 1833 qui'plus
3608 1767 3762 1835 spiri-

2182 1830 2400 1885 tualibus
2421 1831 2634 1903 negotiis
2650 1847 2805 1902 quam
2823 1833 3156 1887 saecularibus
3175 1834 3460 1906 invigilant,
3528 1837 3579 1888 ui
3605 1847 3649 1889 et
3680 1853 3762 1890 re-

2183 1900 2342 1959 liqua.
2371 1900 2494 1954 dum
2517 1901 2654 1959 licet.
2678 1902 2839 1959 oﬂ‘icia
2863 1904 3089 1959 auotidie
3113 1906 3449 1959 freauentant.
3474 1854 3614 1959 ἓν·σο
3639 1923 3762 1959 con-

2183 1900 2342 1977 liqua,
2371 1900 2839 1977 dunt_licet,'oﬂ‘t:eia
2863 1904 3089 1973 quotidie
3111 1900 3456 1977 frequentant.
3474 1900 3614 1975 Ergo
3639 1923 3764 1961 con-

500 1971 786 2044 exigainus,
814 1973 886 2044 ad
921 1971 1310 2040 promerendam
1356 1973 1792 2044 misericordiam;
1823 1983 1866 2026 et
1895 1974 1949 2026 in
1991 1990 2073 2027 se-
2105 1971 2154 2032 Ι
2180 1973 2436 2044 uenienter
2462 1973 2565 2026 illis
2591 1971 2968 2044 post'ruissam,
3002 1985 3057 2028 ut
3092 1971 3211 2028 non'
3235 1977 3408 2031 statim
3455 1971 3758 2041 discedant,

504 2042 673 2095 cunda
695 2041 933 2116 laudibus
955 2053 1004 2098 et
1026 2046 1341 2116 orationibus
1360 2062 1566 2116 operam
1584 2043 1763 2099 dantes
1783 2044 2080 2116 studeamus

501 2113 763 2236 ﬁervenire
786 2117 852 2170 ad
897 2117 1200 2184 promissam
1241 2113 1466 2189 Spiriius
1491 2117 1653 2171 sancti
1678 2115 1917 2188 gratiam.
1955 2115 2090 2170 Haec'

502 2198 516 2236 ι
564 2199 614 2236 e.

502 2198 614 2238 Ille.

573 2263 600 2291 ⁸
627 2252 743 2311 Hoc
764 2265 866 2322 est,
893 2255 960 2312 ad
990 2255 1148 2312 ﬁnem
1169 2299 1184 2323 ,
1211 2272 1306 2312 seu
1335 2255 1778 2314 accelerationem
1809 2251 1975 2312 olﬁcii
1999 2255 2082 2311 di-

502 2322 610 2380 vini
642 2325 974 2392 festinantes,
1007 2339 1099 2382 aut
1131 2322 1430 2393 tendentes,
1460 2339 1518 2383 ut
1548 2329 1681 2382 intra
1710 2329 1818 2389 ait;
1854 2343 1982 2390 non,
2013 2323 2078 2382 ad

501 2397 868 2472 celebritatem
895 2401 1092 2462 missae,
1137 2409 1199 2454 ut
1241 2400 1397 2472 habet
1429 2399 1729 2472 Dionysius.
1757 2397 1888 2453 Nam
1919 2398 2079 2472 missa

503 2467 606 2522 boc
654 2465 773 2523 loco
820 2481 874 2525 et
906 2472 1101 2540 passim
1150 2471 1287 2539 apud
1315 2465 1629 2540 Cassianum
1675 2469 2082 2540 nonaccipitur

502 2538 1203 2611 pmsacrﬂicio'liturgico,
1235 2541 1376 2611 quod
1407 2539 1725 2596 sacrilicium
1765 2538 1940 2598 Missa!
1982 2555 2078 2611 ap-

501 2609 762 2732 pellatur;
793 2611 888 2667 sed
917 2628 1013 2678 pro
1045 2609 1320 2681 missione,
1351 2627 1447 2668 seu
1469 2612 1806 2677 dimissione,
1837 2625 1955 2680 quin
1987 2610 2081 2664 ﬁe-

541 2690 596 2732 at
627 2694 847 2732 ueraeto
891 2683 1070 2732 ofﬁcio
1100 2683 1301 2732 divino.
1337 2683 1627 2732 nsalmodia
1647 2723 1663 2732 .
1698 2681 1787 2732 vel
1815 2680 2080 2732 oratione.

541 2690 596 2750 at
627 2694 847 2749 peracto
891 2683 1070 2736 ofﬁcio
1100 2680 1313 2744 divino,
1337 2683 1627 2750 psalmodia
1647 2723 1663 2749 ,
1698 2681 1787 2736 vel
1815 2680 2080 2747 oratione,

503 2749 570 2803 ad
598 2767 754 2815 quam
797 2753 1041 2808 monachi
1088 2749 1488 2819 convenerant,
1513 2753 1631 2809 sive
1677 2750 1938 2816 interdiu,
1967 2751 2084 2807 sive

505 2831 709 2892 noctu:
753 2824 1200 2892 quemadmodum
1245 2825 1527 2879 collectam
1575 2822 1708 2878 dixit
1758 2820 1945 2877 Cicero
1985 2837 2084 2891 pro

505 2891 825 2966 collectione
855 2894 1036 2964 stipis;
1069 2895 1346 2950 remissam
1371 2894 1428 2966 S.
1455 2894 1752 2966 Cyprianus
1771 2907 1870 2960 pro
1897 2896 2086 2966 remis:-

507 2959 661 3017 sione
689 2959 1061 3035 peccatorum;
1093 2967 1312 3032 probam
1338 2965 1428 3020 alii
1458 2959 1554 3035 pro
1585 2959 1917 3034 probatione,
1949 2963 2084 3035 etid

507 3048 673 3102 genus
702 3033 826 3090 alia.
859 3034 964 3092 Sed
995 3045 1050 3090 et
1071 3037 1307 3100 mittere,
1336 3045 1392 3091 et
1417 3033 1638 3091 missum
1665 3036 1840 3090 facere
1872 3050 1966 3102 pro
1998 3033 2082 3088 di-

509 3108 724 3177 mittere
751 3105 879 3162 satis
901 3105 1169 3177 vulgatum
1201 3117 1302 3162 est.
1331 3106 1515 3176 Itaque
1537 3106 1693 3160 missa
1723 3112 1992 3173 nocturna,
2018 3105 2087 3177 de

506 3191 610 3247 qua
652 3175 704 3230 in
730 3175 1048 3247 argumenio
1069 3178 1257 3247 capitis
1284 3178 1371 3242 1'5,
1400 3175 1508 3232 non
1531 3177 1677 3232 aliud
1710 3188 1792 3232 est
1819 3191 1976 3245 quam
2001 3175 2084 3231 di-

508 3246 695 3318 missio
718 3246 838 3318 illa,
878 3264 1000 3318 quae
1029 3246 1188 3304 nociu
1235 3263 1451 3318 peracta
1481 3251 1727 3304 oratione
1758 3249 1966 3316 publica
1994 3247 2088 3302 ﬁe-

507 3315 619 3390 bat,
643 3315 856 3389 quando
885 3315 1111 3390 quisque
1135 3315 1523 3375 monachorum
1549 3319 1674 3374 dato
1708 3315 1953 3390 signoad
1979 3317 2088 3390 cel-

508 3387 672 3443 lulam
700 3403 850 3444 suam
876 3387 935 3445 se
957 3387 1269 3461 recipiebat.
1297 3391 1358 3448 Et
1385 3392 1436 3446 in
1462 3393 1638 3453 titulo,
1661 3387 1780 3461 cap.
1812 3387 1900 3461 15,
1925 3388 2087 3444 missa

506 3461 814 3518 oraliOsium
864 3471 949 3517 est
994 3457 1106 3527 ipsa
1163 3460 1408 3517 dimissio
1451 3463 1518 3516 ab
1565 3457 1832 3516 oratione.
1860 3457 2086 3524 Rursus,

507 3528 603 3602 lib.
635 3545 694 3588 tu
722 3547 843 3602 cap.
876 3531 930 3599 7,
953 3531 997 3587 is
1017 3532 1115 3602 oui
1145 3533 1471 3588 tardiuscule
1499 3533 1564 3587 ad
1595 3533 1887 3586 oratorium
1927 3545 2087 3586 acce-

505 3601 584 3655 dit
601 3644 613 3666 ,
630 3601 986 3678 iubetur_pro
1006 3601 1396 3678 foribus_totius
1426 3603 1841 3678 congregationis
1873 3604 2088 3678 missam

506 3673 816 3746 prterstolari.
843 3672 910 3730 Et
937 3689 1055 3744 cap.
1089 3675 1122 3730 8
1156 3693 1168 3726 :
1201 3672 1437 3746 Contenti
1464 3672 1642 3729 somno
1665 3674 1752 3746 qui
1774 3745 1778 3746 ί
1797 3673 1940 3746 nobis
1972 3683 2088 3741 post

506 3745 793 3816 vigiliarum
814 3747 1017 3800 missam
1040 3763 1196 3817 usque
1226 3746 1292 3799 ad
1319 3745 1452 3801 lucis
1468 3745 1740 3800 adventum
1763 3745 2082 3817 indulgetur.

508 3813 710 3880 Quibus
744 3817 876 3870 locis
899 3813 1390 3886 missavigiliarum
1424 3828 1516 3871 aut
1544 3813 1976 3886 congregationis
2003 3821 2088 3869 est

507 3885 624 3954 ipsa
657 3885 898 3942 dimissio
921 3903 948 3940 a
973 3885 1170 3954 vigiliis
1191 3895 1247 3942 et
1276 3891 1718 3956 congregatione,
1743 3885 1871 3940 dum
1905 3885 2085 3956 iisab-

507 3953 700 4011 solutis
729 3959 922 4025 cuique
969 3953 1156 4013 ad’sua
1203 3953 1401 4014 reverti
1450 3953 1666 4013 licebat.
1696 3953 1904 4011 Rursus
1947 3954 2084 4008 libro

506 4025 809 4087 undecimo.
843 4027 1017 4098 capite
1045 4028 1256 4084 decimo
1285 4031 1493 4098 quinto,
1513 4027 1673 4082 Missa
1699 4026 2088 4098 catechumeno-

506 4106 731 4177 runtest
759 4099 873 4168 ipsa
912 4097 1174 4177 dimissio,
1200 4095 1592 4177 qua’_diaconus
1627 4101 1763 4177 lecto
1794 4095 2087 4177 Evangelio

509 4172 565 4222 in
614 4165 794 4224 Missai
835 4170 1102 4224 sacriﬁcio
1162 4165 1585 4226 catechumenos
1634 4167 1784 4224 exire
1827 4165 2084 4235 jubebat,

545 4239 821 4310 riusquam
837 4241 1089 4310 sacerdos
1106 4242 1383 4296 tremenda
1402 4241 1656 4310 mysteria
1677 4238 2085 4310 aggrederetur.

545 4255 821 4310 nusquam
837 4254 1089 4294 sacerdos
1106 4254 1383 4296 tremenda
1402 4254 1656 4310 mysteria
1677 4254 2085 4309 aggrederetur.

508 4254 737 4392 gauetus
765 4325 979 4394 quoque
1001 4307 1326 4394 benedictus
1357 4311 1410 4366 in
1442 4311 1645 4394 Regula
1674 4325 1770 4385 sua
1798 4305 2085 4394 lupi!)

509 4381 730 4436 missam
760 4381 840 4436 sic
883 4377 1181 4452 intellexit,
1208 4396 1330 4436 cum
1377 4392 1505 4452 post
1530 4377 2083 4452 iirzescriptumf_olﬁé

507 4452 964 4524 ciutnsubjungit:
986 4451 1050 4506 Et
1072 4446 1240 4524 missa:
1253 4446 1402 4520 ﬁant,
1427 4446 1544 4520 vel,
1559 4451 1728 4524 missa:
1753 4446 1876 4524 sint,
1905 4446 1956 4502 id
1977 4461 2082 4524 est,

509 4522 680 4577 Oﬁcio
725 4519 974 4578 absoluto
1007 4519 1348 4579 dimittantur
1375 4524 1583 4578 fratres.
1616 4519 1760 4576 Hinc
1787 4523 1940 4574 etiam
1969 4521 2086 4591 (ait

505 4591 777 4666 C‘nychius
802 4592 822 4666 )
851 4611 882 4646 α
906 4595 1106 4666 gemina
1143 4595 1381 4650 missione
1401 4639 1416 4662 ,
1462 4610 1576 4666 qua:
1604 4595 1656 4646 in
1695 4593 1950 4666 sacri/icio
1997 4609 2085 4666 ett-

505 4661 777 4720 charistico
802 4661 931 4720 olim
972 4663 1145 4734 ﬁebat,
1177 4669 1228 4720 in
1255 4661 1485 4734 quorum'
1516 4666 1686 4734 priore
1711 4663 2080 4734 catecltumeni,

2180 2043 2269 2096 sed
2291 2051 2345 2096 ut
2376 2041 2653 2097 Dominum
2680 2043 2996 2110 benedicunt,
3023 2045 3374 2100 denuntiatur.
3419 2046 3557 2101 Huic
3596 2064 3764 2102 asser-

2181 2115 2307 2167 tioni
2338 2121 2386 2188 et
2414 2116 2752 2188 ecclesiastica
2773 2115 3086 2188 consuetudo
3111 2118 3310 2170 uidetur
3328 2118 3619 2186 astipulari,
3641 2121 3765 2188 quia

2182 2200 2297 2238 cum
2339 2185 2452 2258 I're,
2485 2183 2647 2258 Missa
2691 2201 2808 2258 357T,
2839 2186 3077 2252 dicimus,
3101 2188 3170 2240 ad
3216 2183 3461 2258 populum
3500 2183 3761 2258 vertimur,

2181 2271 2327 2326 quem
2375 2254 2634 2326 discedere
2671 2257 2912 2326 jubemus
2949 2273 2968 2310 :
3009 2274 3124 2310 cum
3173 2254 3340 2313 autem
3390 2254 3765 2314 Bassotcsuus

2181 2325 2436 2399 DOItNo,_
2457 2325 2710 2392 dicimus,
2741 2342 2842 2382 non
2867 2328 2936 2380 ad
2962 2328 3237 2399 papulum,
3283 2329 3371 2384 sed
3400 2331 3467 2382 ad
3495 2331 3677 2398 altare,
3708 2332 3762 2384 id

2182 2406 2276 2471 est,
2307 2397 2375 2471 ad
2401 2396 2671 2471 Dominum
2699 2396 2970 2471 pertintur,’
2997 2396 3188 2471 nosque
3214 2401 3348 2471 ipsos
3376 2418 3476 2454 non
3505 2407 3570 2454 ad
3591 2396 3761 2455 disce-

2183 2463 2439 2531 dendum,
2469 2468 2558 2521 sed
2587 2469 2655 2520 ad
2697 2463 3113 2522 benedicendum'
3143 2463 3359 2525 Domino
3403 2472 3758 2527 adhortantur.

2183 2537 2309 2610 llaec
2339 2535 2684 2610 Micrologus,
2709 2539 2773 2610 ad
2824 2539 2982 2610 huius
3023 2540 3484 2610 lociraliorutnque
3523 2543 3762 2597 elucida-

2184 2607 2408 2674 tionem,
2438 2607 2591 2682 etﬂad
2621 2609 2865 2682 vocabuli
2907 2609 3084 2682 biisses
3129 2607 3534 2682 intelligentiam
3568 2628 3763 2681 perop-

2184 2690 2434 2803 pggtusttp.
2480 2680 2632 2749 Vide,
2662 2679 2709 2736 si
2736 2680 2904 2746 lubet,
2932 2679 3242 2737 Durandum
3281 2679 3374 2740 lib.
3416 2699 3468 2737 tv
3513 2679 3761 2740 Ratione.

2183 2764 2418 2818 cap.ot.

2255 2819 2282 2858 δ
2311 2821 2544 2894 Adverte
2573 2821 2819 2894 diversos
2846 2832 3029 2894 gestus
3072 2831 3127 2880 et
3160 2825 3404 2894 corporis
3451 2826 3587 2882 situs
3614 2836 3766 2883 vete-

2184 2907 2302 2946 rum
2326 2893 2722 2963 monachorum
2751 2893 2806 2948 in
2854 2893 3048 2950 divinis
3097 2893 3290 2951 ofﬁciis
3318 2897 3678 2963 celebrandis,
3707 2906 3766 2952 et

2185 2961 2439 3031 precibus
2485 2963 2792 3038 fundendis,
2844 2968 3381 3038 quorumﬂpra-cipui
3421 2961 3768 3038 quatuor'hic

2187 3045 2460 3106 notantur.
2491 3037 2624 3106 Nam
2658 3046 2879 3106 orantes,
2901 3045 2956 3091 et
2980 3037 3270 3106 psallentes
3302 3037 3479 3094 modo
3516 3043 3762 3104 stetisse.

2187 3105 2353 3160 erecti
2386 3105 2636 3161 nimirum
2683 3107 2737 3161 in
2787 3105 2994 3175 pedes,
3021 3109 3266 3164 manibus
3310 3113 3470 3165 etiam
3511 3110 3565 3165 in
3595 3111 3764 3167 altum

2187 3175 2410 3232 sublatis
2435 3187 2490 3232 et
2515 3149 2818 3260 expansis:
2843 3149 3003 3233 modo
3023 3149 3204 3260 gentia
3228 3149 3477 3260 ﬂexisse;
3522 3149 3765 3260 "Emi-puli]

2189 3255 2385 3322 terram
2417 3249 2788 3322 procubuisse.
2810 3259 2865 3304 et
2885 3249 3037 3317 proni
3062 3249 3327 3317 iacuisse;
3354 3256 3514 3306 modo
3535 3251 3767 3322 denique

2191 3317 2244 3372 in
2299 3317 2622 3392 humillimis
2657 3318 2873 3392 sedibus
2915 3322 3230 3376 consedisse
3282 3317 3767 3392 perhibenturfEt

2190 3390 2405 3461 quidem
2447 3391 2514 3446 ad
2545 3390 2776 3460 primum
2807 3391 2956 3445 illum
2983 3402 3037 3445 et
3061 3390 3354 3447 secundum
3384 3394 3572 3450 orandi
3601 3393 3764 3449 ritum

2153 3461 2332 3532 .quod
2373 3462 2587 3528 attinet,
2625 3473 2912 3532 utrumque
2952 3461 3060 3530 jam
3111 3463 3234 3518 inde
3289 3464 3356 3518 ab
3401 3467 3763 3532 apostolorum

2192 3533 2525 3600 temporibus
2550 3535 2602 3587 in
2623 3533 2857 3590 Ecclesia
2877 3537 3128 3587 usitatum
3156 3533 3339 3598 fuisse,
3357 3545 3410 3589 et
3430 3534 3767 3591 Christianos

2190 3604 2351 3659 modo
2380 3612 2604 3668 stantes,
2653 3605 2811 3658 modo
2837 3602 2990 3658 ﬂexis
3016 3605 3244 3675 genibus
3268 3607 3495 3660 adorare
3529 3620 3765 3660 consue-

2188 3677 2334 3731 visse
2358 3690 2422 3731 ex
2451 3684 2690 3730 veterum
2721 3675 3005 3729 traditione
3029 3686 3241 3730 constat
3283 3692 3297 3730 :
3339 3686 3549 3730 servata
3585 3685 3764 3732 tamen

2189 3747 2535 3800 dissinctione
2559 3753 2859 3814 temporum
2889 3760 2983 3813 pro
3011 3749 3216 3800 ratione
3240 3746 3542 3818 divinorum
3568 3759 3767 3818 myste-

2190 3819 2392 3871 riorum
2431 3832 2551 3884 quae
2585 3817 2786 3870 eisdem
2813 3825 3322 3870 commemorantur.
3357 3815 3487 3870 Nam
3512 3815 3649 3872 sicut
3676 3817 3767 3873 die

2189 3886 2481 3958 dominico,
2505 3887 2593 3951 qui
2625 3885 3023 3958 Resurrcctioni
3058 3885 3266 3939 Domini
3291 3899 3371 3958 est
3395 3900 3767 3958 consecratus,

2190 3957 2260 4011 ita
2291 3971 2343 4011 et
2373 3956 2836 4025 Quinquagesimze
2869 3967 3131 4024 tempore,
3162 3957 3302 4025 quod
3331 3974 3360 4011 a
3389 3957 3648 4014 Pascbate
3679 3956 3767 4013 us;

2229 4043 2293 4081 ue
2339 4031 2404 4080 ad
2449 4026 2799 4080 Peutecosten
2854 4027 3210 4095 protenditur,
3259 4045 3365 4083 non
3413 4030 3515 4084 nisi
3564 4040 3769 4085 stantes

2189 4043 2378 4150 ﬁdeles
2405 4097 2456 4150 in
2486 4097 2700 4150 publico
2729 4111 2904 4150 orare.
2932 4098 3052 4150 aliis
3081 4113 3209 4150 vero
3233 4101 3564 4150 temnuribus
3591 4115 3767 4150 aenua

2210 4097 2378 4152 ideles
2405 4097 2456 4152 in
2486 4097 2700 4167 publico
2729 4111 2904 4169 orare,
2932 4098 3052 4152 aliis
3081 4113 3209 4169 vero
3233 4101 3564 4169 temporibus
3591 4115 3768 4168 genua

2187 4169 2407 4224 ﬂectere
2428 4169 2618 4240 docuit
2645 4167 2959 4240 antiquitas,
2992 4175 3050 4222 ut
3080 4167 3217 4240 ittl'ra
3255 4167 3468 4226 dicetur
3495 4167 3759 4240 pluribus.

2189 4240 2325 4295 Sunt
2349 4239 2438 4308 qui
2480 4247 2670 4307 putent
2707 4239 3012 4294 Judteorum
3045 4239 3204 4296 etiam
3237 4256 3441 4294 morem
3471 4239 3666 4305 fuisse,
3711 4251 3768 4297 ut

2187 4318 2388 4381 stantes
2432 4323 2686 4381 orarent,
2710 4310 2852 4381 quod
2902 4310 3146 4381 pluribus
3191 4311 3243 4364 in
3285 4311 3418 4366 locis
3446 4312 3536 4378 qui
3580 4321 3764 4378 orant,

2187 4380 2428 4434 dicmtur
2447 4393 2611 4436 Stare.
2644 4377 2803 4436 Marci
2829 4395 2884 4435 xl
2903 4377 2922 4433 Ξ
2947 4377 3016 4432 El
3044 4397 3157 4434 cum
3179 4383 3377 4436 stabitis
3404 4377 3762 4450 adorandum,

2187 4451 2424 4505 dimittite
2462 4453 2507 4506 si
2534 4452 2658 4521 quid
2693 4450 2888 4507 habetis
2933 4451 3176 4506 adversus
3222 4451 3460 4521 aliquem.
3504 4452 3568 4508 Et
3607 4453 3765 4508 Luca:

2189 4537 2347 4576 xvut:
2373 4521 2669 4578 Pharisa'us
2698 4533 2837 4577 stans
2868 4525 2972 4578 lucc
2999 4522 3140 4593 apud
3165 4539 3216 4576 se
3246 4524 3448 4576 orabat.
3473 4523 3668 4578 V'erutn
3699 4540 3766 4580 ex

2188 4594 2308 4646 aliis
2334 4595 2465 4648 locis
2489 4595 2824 4663 perstiicuum
2864 4603 2946 4648 est
2994 4597 3046 4646 in
3080 4608 3229 4663 more
3270 4595 3443 4658 potius
3485 4595 3674 4656 fuisse,
3707 4604 3766 4650 ut

2188 4663 2343 4720 ﬂexis
2364 4662 2590 4732 genibus
2618 4675 2857 4719 orarent.
2887 4663 3020 4718 Nam
3049 4663 3118 4718 de
3147 4662 3436 4720 Salomone
3461 4665 3585 4718 dicit
3614 4665 3763 4719 Scri-

503 4747 550 4787 et
577 4737 664 4806 qui
694 4737 771 4790 uel
791 4753 904 4801 suo,
925 4727 1001 4792 uel
1027 4727 1886 4806 Ecclesitc'juaicio,'communione
1907 4749 2086 4803 corpo-
2109 4729 2162 4790 υ
2189 4747 2339 4806 ptura
2369 4727 2387 4788 Ξ
2425 4731 2704 4806 Utrumque
2730 4734 2974 4806 rgenuuin
2998 4743 3195 4806 terram
3223 4735 3406 4806 ﬁxerat
3426 4777 3442 4799 ,
3484 4745 3530 4790 et
3579 4752 3764 4789 manus

503 4806 575 4860 ris
592 4805 792 4864 Christi
823 4807 1154 4879 censebantur
1201 4805 1429 4879 indigni;
1459 4806 1733 4879 po_steriore
1779 4813 1953 4879 autem
1981 4806 2079 4879 _di-

503 4887 645 4932 cente
675 4879 906 4933 ministro
927 4881 1064 4950 apud
1083 4872 1474 4945 ϐνωεοεξλαοῖξ
1499 4874 1714 4950 dilatae,
1729 4882 1774 4927 et
1803 4876 1941 4950 apud
1969 4872 2076 4928 La-

503 4950 657 5028 tinos,
682 4945 973 5028 [13,Mtssa
998 4965 1116 5016 εετ,
1134 4949 1415 5028 universus
1441 4945 1663 5018 populus
1683 4945 2078 5028 dimittebatur;

503 5020 571 5092 ab
602 5022 737 5088 hac,
774 5025 1018 5092 inquam,
1047 5023 1256 5092 gemina
1303 5017 1585 5092 missione,
1627 5033 1722 5073 seu
1764 5017 2080 5070 diutissione

503 5091 718 5176 Missam
745 5089 1071 5176 appellatam
1099 5093 1265 5146 luisse
1285 5090 1428 5146 docti
1455 5089 1694 5176 plerique
1721 5093 1957 5176 sentiunt
1981 5100 2079 5176 ;ne_a

504 5163 712 5218 scilicet
738 5155 968 5226 ratione,
1000 5178 1103 5232 qua
1126 5171 1293 5216 totum
1319 5177 1348 5213 a
1378 5155 1948 5232 partegdenominatur.
1980 5155 2081 5232 Cu-

503 5231 587 5301 jus
611 5236 685 5308 rei
711 5233 966 5308 indicium
993 5227 1094 5300 est,
1116 5234 1257 5308 quod
1276 5227 1402 5308 olim
1432 5235 1484 5284 in
1510 5230 1700 5308 diebus
1719 5227 2080 5308 poenitentite,

503 5305 718 5372 quando
747 5306 899 5362 ﬁnito
937 5306 1206 5360 sacriﬁcio
1247 5303 1423 5357 adlmc
1465 5302 1876 5356 contiuuabatur
1907 5302 2080 5352 oratio

506 5373 750 5450 publica,
792 5375 988 5446 populo
1039 5375 1356 5450 assistente,
1402 5388 1507 5450 non
1540 5373 1744 5450 diceret
1771 5373 2028 5450 diaconus
2062 5385 2075 5422 :

503 5435 604 5508 Ite,
636 5435 806 5500 Missd
827 5435 932 5513 cit;
963 5445 1056 5502 sed
1101 5445 1217 5514 ejus
1248 5435 1405 5514 loco:
1436 5442 1808 5497 Beuedicamus
1828 5435 2079 5514 Domino,

502 5516 643 5586 quod
665 5516 825 5571 etiam
845 5511 1001 5574 hodie
1027 5511 1272 5572 servatur
1289 5515 1339 5568 in
1351 5513 1787 5586 Quadragt-sgma,
1810 5511 2077 5586 Adventu,

502 5595 558 5641 et
588 5585 778 5642 diebus
806 5588 1027 5644 feriatis.
1057 5588 1172 5656 Qua
1204 5588 1269 5642 tle
1298 5601 1355 5639 re
1383 5589 1585 5656 iuverit
1605 5583 1689 5638 hic
1729 5583 2078 5656 Mic‘rologum

500 5656 686 5714 audire
714 5657 828 5714 haec
855 5652 1176 5717 referentem
1204 5658 1342 5714 libro
1369 5652 1438 5712 de
1462 5655 1775 5712 Ecclesiast.
1809 5652 2069 5709 Observa-

500 5727 662 5811 tion.,
685 5729 869 5811 capite
889 5731 1304 5811 quadragesimo
1324 5726 1775 5811 sextozctmgrue,
1799 5724 1994 5811 inquit,
2025 5733 2073 5780 et

500 5800 554 5856 in
581 5803 770 5872 (estit-is
795 5800 993 5869 diebus,
1029 5800 1141 5872 Ιτέ,
1176 5803 1338 5862 bitas;
1365 5815 1494 5872 lS't',
1536 5800 1765 5872 dicitur:
1803 5800 1924 5868 quia
1951 5808 2074 5853 tunc

2180 4802 2493 4874 expanderat
2545 4802 2842 4859 incretum.
2886 4803 2950 4860 111
2997 4802 3274 4875 Reg.vm.
3303 4805 3548 4860 Christus
3601 4807 3761 4860 etiam

2181 4879 2335 4934 ﬂexis
2363 4875 2588 4946 genibus
2630 4889 2817 4946 orasse
2862 4874 3274 4944 legitur.’Lucm
3321 4893 3430 4931 xxt.
3459 4878 3763 4946 Stephanus

2180 4945 2381 5020 positis
2403 4946 2615 5017 genibus
2645 4945 2883 5020 clamauit
2910 4962 3029 5000 uoce
3047 4963 3257 5020 magna.
3289 4947 3409 5002 Act.
3445 4962 3540 5001 vn.
3560 4945 3763 5002 Petrus

2183 5016 2374 5090 ponens
2403 5016 2579 5090 genua;
2608 5017 2770 5090 orauit
2810 5017 3013 5078 dicens,
3045 5016 3260 5090 Tabitlta
3299 5034 3469 5090 surge.
3514 5019 3633 5090 Act.
3676 5033 3760 5073 η.

2183 5084 2311 5144 Cum
2339 5084 2446 5142 huic
2475 5087 2682 5141 dixisset
2713 5084 2914 5141 Paulus
2936 5128 2952 5155 ,
2982 5088 3161 5158 positis
3206 5084 3415 5157 genibus
3455 5089 3614 5142 oravit
3646 5106 3759 5142 cum

2183 5160 2416 5214 omnibus
2445 5157 2566 5212 illis.
2591 5158 2710 5212 Act.
2742 5172 2813 5212 xx
2839 5165 2892 5212 et
2915 5157 3032 5212 xxt.
3065 5159 3232 5213 Porro
3251 5159 3428 5214 standi
3456 5160 3677 5214 verbum
3707 5161 3761 5214 in

2181 5231 2352 5286 sacris
2389 5229 2603 5284 Litteris
2630 5241 2735 5282 non
2763 5243 2979 5298 semper
3007 5240 3202 5283 statum
3243 5231 3506 5298 corporis,
3541 5231 3632 5284 sed
3663 5232 3761 5284 ali-

2179 5301 2394 5371 quando
2416 5300 2583 5354 solam
2614 5301 2955 5371 prtesentiam
2985 5300 3264 5371 signiﬁcat.
3301 5300 3452 5356 Matt.
3485 5317 3595 5354 xvu.
3625 5301 3762 5357 Sunt

2181 5370 2390 5441 quidam
2417 5371 2480 5425 de
2504 5371 2583 5422 hic
2604 5371 2876 5441 stantibus,
2901 5370 2954 5425 id
2991 5370 3091 5432 eSt.
3129 5372 3501 5440 praesentibus.
3533 5372 3763 5426 Proinde

2183 5439 2328 5499 stare
2359 5443 2424 5497 ad
2456 5439 2717 5495 orandum
2747 5456 2850 5496 n0n
2894 5453 2977 5497 est
3005 5439 3235 5494 stantem
3284 5456 3470 5508 orare;
3499 5443 3591 5497 sed
3625 5457 3763 5510 pra:-

2183 5525 2388 5568 sentem
2420 5512 2613 5566 adesse
2641 5512 2709 5565 ad
2732 5511 3014 5575 orandum,
3047 5512 3128 5565 vel
3159 5512 3389 5568 orationi
3424 5513 3758 5567 incumbere.

2183 5583 2258 5639 Ita
2287 5585 2346 5642 S.
2393 5585 2694 5655 Cyprianus
2740 5584 2834 5637 lib.
2866 5582 2933 5637 de
2958 5582 3130 5655 Orat.:
3164 5579 3292 5636 Cum
3320 5595 3532 5640 stamus.
3564 5583 3758 5650 inquit.

2178 5658 2247 5711 ad
2285 5654 2589 5721 oratiOnem,
2621 5655 2908 5724 invigilare,
2940 5663 2985 5708 et
3025 5654 3312 5709 incumbere
3335 5655 3404 5707 ad
3439 5666 3612 5724 preces
3655 5661 3760 5707 toto

2179 5729 2332 5786 corde
2369 5727 2630 5781 debemus.
2669 5725 2734 5778 Et
2763 5725 2823 5778 Ι).
2866 5723 3184 5780 Benedictus
3237 5723 3448 5781 eodem
3475 5723 3669 5790 spirittt
3705 5733 3760 5780 et

2179 5815 2342 5856 sensu
2369 5814 2382 5853 :
2410 5797 2498 5853 Sic
2518 5807 2703 5852 stemus
2726 5797 2794 5850 ad
2817 5796 3158 5868 psallendum,
3186 5805 3240 5850 ut
3266 5809 3407 5852 mens
3432 5801 3608 5850 nostra
3635 5809 3758 5853 cou-
