4026 6334
539 283 608 341 95
1604 315 1622 334 ι
1837 292 2118 350 JOANNIS
2158 291 2471 349 CASSIANl
3007 299 3011 302 ’
3037 296 3058 301 ”
3701 284 3772 342 96

540 396 842 455 riﬁcatione
864 397 1147 458 Trinitatis
1177 401 1552 460 tantummodo
1577 403 1758 459 solere
1783 412 1807 441 α
1847 405 2101 474 antipho-
2129 409 2182 468 Α
2205 403 2372 458 rimus
2406 420 2418 454 :
2452 400 2817 456 necessarium
2854 407 3034 454 tamen
3080 410 3206 453 reor
3247 411 3344 466 pro
3371 395 3776 467 opportunitate

539 506 664 548 nam
696 490 994 549 terminari.

1157 589 1383 646 CAPUT
1421 588 1511 646 IX.

957 677 1036 733 De
1071 677 1323 748 qualitate
1367 683 1677 736 orationum.

607 763 678 820 Et
703 765 830 836 quia
858 781 957 822 nos
980 766 1008 805 ιι
1039 768 1105 822 ad
1136 771 1438 826 orationum
1469 773 1856 828 canonicarum
1889 771 2105 828 modum

537 869 935 929 consequenter
978 861 1348 919 institutorum
1391 866 1526 920 ordo
1572 868 1842 937 provexit,
1879 882 2105 936 quarum

539 950 831 1021 pleniorem
881 960 1166 1010 tractatum
1215 955 1340 1012 licet
1385 959 1439 1012 in
1461 959 1780 1014 collationes
1828 958 2105 1014 seniorum

536 1055 893 1111 reservemus,
913 1045 1115 1101 ibidem
1139 1048 1348 1117 plenius
1368 1049 1651 1120 digesturi,
1674 1066 1798 1106 cum
1822 1053 1888 1106 de
1915 1066 2106 1108 earum

536 1136 796 1207 qualitate
824 1151 922 1193 seu
946 1138 1178 1210 jugitate
1208 1141 1387 1198 verbis
1409 1157 1597 1198 eorum
1623 1143 1894 1198 disserere
1923 1158 2104 1213 coepe-

2210 495 2316 550 loci
2355 510 2416 549 ac
2450 495 2776 549 narrationis
2814 495 3002 562 ipsius,
3027 493 3280 562 quoniam
3314 491 3383 544 ita
3422 490 3617 545 obtulit
3651 505 3778 546 sese

2211 587 2448 653 occasio,
2475 589 2637 642 etiam
2684 585 2737 640 in
2787 585 3037 656 przesenti
3085 597 3253 653 pauca
3309 581 3692 651 perstringere,
3718 587 3782 637 ut

2209 679 2501 735 formantes
2533 679 2751 733 interim
2785 676 3075 732 exterioris
3105 674 3338 729 hominis
3361 680 3555 738 motus,
3588 683 3643 727 et
3663 672 3779 728 vel-

2207 783 2268 828 ut
2317 773 2560 844 quadam
2609 786 2750 826 nunc
2791 769 3053 824 orationis
3095 768 3444 824 fundamenta
3488 765 3778 836 iacientes,

2209 866 2420 920 minore
2444 873 2566 935 post
2604 863 2718 918 haec
2771 864 2956 918 labore
2995 876 3121 918 cum
3166 861 3491 929 eruperimus
3536 857 3604 913 de
3631 868 3780 914 statu

2207 958 2481 1013 interioris
2512 957 2744 1012 hominis
2765 956 3064 1024 disputare,
3095 956 3398 1009 orationum
3427 966 3642 1023 quoque
3657 951 3779 1020 ejus

2209 1051 2421 1121 fastigia
2449 1061 2844 1106 construamns.
2870 1048 3003 1103 Illud
3030 1055 3154 1102 ante
3192 1046 3373 1099 omnia
3405 1043 3778 1114 providentes,

2211 1154 2270 1197 ut
2298 1143 2344 1198 si
2367 1157 2468 1197 nos
2493 1143 2560 1196 ab
2582 1141 2670 1195 illa
2694 1140 3005 1196 narratione
3025 1153 3184 1208 quam
3206 1138 3451 1208 cupimus
3476 1144 3782 1206 opportune

1594 1276 1851 1332 ALARDI
1889 1276 2120 1334 GAZ/El
2154 1275 2720 1335 COMMENTARIUS.

535 1389 800 1443 occasione
844 1403 1018 1440 recens
1074 1388 1267 1456 accepit
1334 1388 1756 1443 additamentum.
1801 1389 1938 1442 Nam
1981 1407 2097 1442 cum

539 1460 718 1514 Ariani
743 1458 1152 1526 blasphemantes
1181 1459 1404 1511 dicerent
1435 1457 1481 1509 F
1485 1460 1628 1511 ilium
1656 1478 1686 1512 a
1714 1459 1870 1513 Patre
1895 1462 1947 1513 in
1981 1468 2100 1513 tem-

537 1546 659 1599 pore
688 1534 905 1598 factum,
929 1539 974 1600 et
1003 1529 1158 1600 fuisse
1181 1540 1374 1596 tempus
1395 1530 1599 1596 quando
1625 1548 1726 1583 non
1751 1540 1878 1590 erat.
1905 1531 2102 1598 placuit

535 1609 724 1655 sancite
771 1599 1259 1670 sgnodoiadversus
1297 1601 1567 1670 ejusmodi
1596 1603 1830 1654 lneresirn
1875 1602 1997 1654 addi
2031 1601 2102 1655 ad

539 1669 809 1741 antiquum
824 1669 1217 1740 gloriﬁcationis
1240 1669 1483 1740 hymnum
1505 1690 1520 1722 :
1543 1669 1746 1725 GLORIA
1767 1672 1951 1734 Puni.
1969 1680 2102 1740 etc.,

537 1740 682 1795 illam
705 1741 1057 1810 appendicem,
1088 1756 1189 1810 qua
1219 1740 1410 1794 dicitur
1441 1756 1459 1793 :
1487 1741 1646 1795 SICUT
1687 1758 1826 1796 ERAT
1866 1758 1917 1796 ιη
1959 1759 2108 1797 PRIN-

2199 1399 2316 1444 ante
2345 1391 2599 1459 psalmum
2625 1406 2836 1444 sonans.
2870 1389 2996 1445 Haec
3034 1389 3339 1456 Durandus,
3367 1388 3457 1458 qui
3489 1403 3588 1457 pro
3617 1398 3737 1444 ante
3757 1429 3775 1456 ,

2202 1464 2333 1527 ἀντὶ,
2364 1472 2572 1524 contra,
2608 1476 2703 1515 seu
2734 1476 2802 1515 ex
2827 1461 3082 1525 adverso,
3110 1460 3308 1514 melius
3341 1460 3586 1513 dixisset.
3616 1459 3782 1514 Eam-

2205 1531 2326 1586 dem
2363 1546 2525 1598 porro
2547 1533 2807 1586 rationem
2849 1542 3128 1588 sovictasse
3157 1542 3209 1586 et
3234 1531 3536 1584 insinuasse
3566 1531 3781 1586 videtur

2207 1601 2513 1655 Amalarius
2543 1602 2635 1654 lib.
2669 1617 2720 1655 tv
2745 1602 2811 1655 de
2838 1599 2994 1656 Ofﬁc.
3016 1601 3161 1656 Eccl.
3191 1617 3310 1670 cap.
3338 1603 3392 1666 7,
3417 1616 3641 1666 eamque
3667 1612 3779 1656 tro-

2213 1672 2453 1741 pologice
2495 1673 2656 1726 etiam
2689 1675 2906 1738 exponit
2941 1675 2990 1724 in
3022 1673 3162 1726 hunc
3193 1673 3408 1726 modmn
3444 1670 3781 1738 :Antiphona

2209 1743 2398 1795 dicitur
2430 1757 2528 1796 uox
2569 1743 2832 1808 reciproca
2860 1759 2880 1795 .°
2907 1743 3196 1809 antiphona
3223 1744 3362 1796 enim
3403 1741 3674 1795 inchoatur
3709 1742 3777 1795 ab

537 1803 821 1894 Cipton'tt'r
862 1826 998 1894 Νιξιξο
1039 1803 1110 1865 ετί
1144 1827 1368 1894 εει-ξω,
1414 1827 1480 1893 er
1520 1827 1570 1894 ru
1608 1827 2101 1894 saeptusacuuo-
2138 1803 2182 1862 Β
2211 1829 2312 1866 uno
2340 1814 2491 1867 unius
2519 1803 2685 1894 chori,
2709 1825 2756 1894 et
2797 1815 2863 1866 ad
2885 1815 2994 1894 ejus
3019 1803 3638 1894 symphoniam‘psalmus
3657 1829 3783 1891 can-

537 1897 665 1937 ιιωι.
700 1883 872 1936 Ausa.
918 1881 1204 1952 Hucusque
1239 1882 1498 1936 Baronius
1531 1884 1655 1936 huic
1702 1884 1942 1937 Cassiani
1988 1885 2108 1938 loco

539 1953 862 2007 elucidando
891 1961 1319 2021 peropportune,
1348 1961 1407 2006 ut
1453 1954 1583 2006 mihi
1614 1953 1921 2022 videbatur,
1956 1954 2108 2008 adhi-

540 2023 768 2079 bendus.
806 2022 934 2076 Vide
965 2024 1110 2084 plura
1136 2024 1277 2092 apud
1307 2024 1459 2077 Joau.
1488 2023 1795 2079 Durandum
1823 2024 1890 2080 de
1913 2024 2106 2081 ritibus

541 2093 797 2148 Ecclesim
822 2093 915 2147 lib.
949 2108 1005 2147 Ill
1031 2109 1129 2164 cap
1177 2095 1263 2149 15.

613 2172 642 2201 ⁸
672 2164 752 2219 De
801 2164 1092 2230 autiphona
1122 2166 1230 2219 duo
1257 2175 1543 2220 occurrunt
1575 2165 1660 2219 hic
1706 2166 1957 2220 notanda.
1989 2167 2108 2222 Pri-

540 2233 1038 2308 mum_autiqui_tas
1078 2248 1129 2308 et
1177 2236 1469 2300 institutio;
1529 2245 1641 2290 tum
1697 2237 2021 2308 etymologia
2051 2249 2106 2292 et

541 2304 887 2373 signiﬁcatio.
917 2304 1346 2376 Antiphonarum
1393 2308 1714 2373 primitivam
1753 2304 2014 2375 originem
2053 2318 2109 2364 et

544 2377 935 2431 institutionem
970 2378 1209 2447 referunt
1240 2378 1481 2447 plerique
1504 2378 1567 2432 ad
1600 2378 1660 2432 Β.
1697 2380 1958 2447 lgnattum
1995 2382 2102 2433 An-

540 2448 874 2518 tiochenum.
915 2446 1226 2514 episeopum
1269 2458 1323 2501 et
1365 2446 1675 2518 martyrem,
1709 2446 1818 2516 qui,
1854 2458 1912 2503 ut
1943 2450 2107 2504 refert

547 2517 817 2580 Socrates,
849 2519 975 2570 vidit
997 2521 1297 2587 angelorum
1319 2517 1592 2589 chorosiS.
1629 2517 1929 2589 Trinitatem
1960 2520 2106 2589 hym-

542 2589 624 2640 nis
653 2600 700 2642 et
738 2589 1038 2658 antiphonis
1082 2589 1450 2642 collaudantes.
1485 2588 1635 2644 Unde
1670 2587 1857 2650 (ἕλωσί.
1897 2590 1972 2642 ait
1997 2587 2108 2643 Du-

542 2653 1092 2729 randus,an?ip7tonas
1135 2662 1301 2722 primo
1343 2669 1757 2725 composuerunt,
1775 2669 1822 2714 et
1864 2677 1950 2714 eas
1992 2677 2105 2715 cum

545 2729 760 2794 psalmis
786 2729 840 2781 in
868 2729 1025 2781 choro
1053 2730 1312 2783 decantari
1358 2731 1741 2784 ordinaverunt.
1775 2731 1929 2798 Apud
1955 2729 2102 2784 Lati-

545 2814 640 2852 nos
663 2801 860 2869 primus
889 2799 1207 2854 beatissimus
1239 2800 1562 2866 Ambrosius,
1593 2810 1731 2853 teale
1761 2801 1985 2865 Isidoro,
2013 2819 2108 2854 an-

543 2869 784 2941 tiphonas
815 2870 1059 2939 instituit,
1088 2869 1387 2941 Graecorum
1425 2869 1713 2941 exemplum
1748 2871 1997 2926 imitatus.
2021 2871 2106 2926 Ex

544 2939 660 2992 hinc
687 2943 948 3009 inicunclis
971 2941 1260 3009 regionibus
1280 2939 1579 2994 Occidentis
1599 2957 1775 2994 earum
1796 2959 1919 2995 usus
1945 2944 2108 2997 incre-

546 3009 672 3061 buit.
708 3007 858 3064 Unde
884 3007 1065 3080 legitur
1086 3015 1136 3063 in
1159 3009 1423 3066 Cltronicis
1453 3012 1588 3079 quod
1618 3011 1679 3066 S.
1705 3011 2004 3067 Ambrosius
2033 3016 2106 3067 ri-

550 3089 657 3132 tum
686 3081 1082 3146 antiphonarum
1115 3085 1307 3147 primus
1336 3099 1365 3135 a
1389 3081 1580 3136 Grazcis
1606 3084 1874 3136 transtulit
1905 3086 1974 3135 ad
2002 3084 2105 3138 La-

546 3148 800 3237 tinos._lta
838 3151 950 3237 ille;
974 3152 1125 3218 Quod
1156 3153 1233 3237 ad
1265 3154 1646 3237 etymologiam
1676 3166 1727 3237 e_t
1754 3154 2100 3237 signili-catio-
2131 3177 2176 3237 ο

548 3235 671 3274 nem
695 3221 905 3286 attinet,
926 3224 1168 3295 ἀντιφωνή
1195 3221 1542 3286 Graacemihtl
1571 3223 1716 3278 aliud
1743 3221 1898 3277 sonat
1922 3226 2106 3281 Latine

547 3306 706 3360 quam
736 3307 919 3362 vocem
946 3309 1302 3362 reeiprocam,
1326 3309 1420 3348 seu
1450 3305 1663 3348 cantum
1691 3297 2024 3359 reciprocum
2057 3307 2112 3350 et

549 3363 839 3438 alternum.
868 3361 1226 3438 Diciturenim
1251 3365 1541 3438 antipltona
1557 3379 1586 3417 a
1607 3365 1776 3438 verbo
1794 3368 2108 3438 ἀντιφωνεῖν,

547 3432 688 3500 quod
723 3442 806 3486 est
835 3445 1016 3486 contra
1046 3435 1413 3502 clamare,seu
1446 3435 1679 3490 vicissim
1711 3445 1766 3489 et
1791 3451 1858 3489 ex
1883 3432 2111 3492 adverso

549 3502 900 3569 respondere.
933 3503 1087 3558 Unde
1127 3506 1272 3559 Echo
1322 3507 1612 3577 ἀντίφωνος,
1640 3505 1693 3559 id
1736 3515 1840 3571 est,
1873 3509 2107 3563 vicnssim

553 3587 837 3638 resonans,
871 3584 962 3627 aut
983 3577 1282 3630 reclamans
1310 3577 1528 3631 dicitur.
1563 3578 1700 3630 llinc
1721 3577 1953 3632 Isidorus
1982 3579 2112 3632 anti-

551 3643 757 3710 pltonas
781 3659 846 3698 ex
879 3659 943 3697 eo
973 3645 1146 3700 dictas
1168 3646 1382 3706 asserit.
1415 3648 1537 3713 quia
1575 3648 1676 3701 duo
1713 3645 1856 3700 chori
1886 3648 2110 3702 alterna-

551 3714 641 3764 tim
671 3716 967 3780 concinunt,
997 3727 1044 3770 et
1091 3717 1313 3771 uicissim
1354 3718 1719 3784 reciprocando
1768 3717 2110 3772 melodiarum

551 3795 733 3837 cantus
757 3787 1030 3852 alternant,
1059 3792 1206 3854 quasi
1234 3792 1334 3840 duo
1373 3790 1647 3858 seraphim,
1684 3790 1874 3855 inquit,
1906 3789 2111 3858 duoque

549 3862 849 3928 testamenta
876 3858 1086 3909 invicem
1107 3859 1201 3911 sibi
1227 3858 1619 3921 conclamantia,
1639 3859 1854 3928 ideoque
1883 3859 1981 3925 (ait
2005 3861 2108 3912 Du-

548 3923 770 3995 randus)
795 3927 967 3979 clerici
994 3930 1303 3994 antiphonas
1325 3938 1585 3981 cantantes
1629 3945 1729 3980 non
1769 3923 1969 3981 uertunt
2007 3931 2111 3981 vul-

551 4005 631 4068 tus
660 3995 728 4046 ad
754 3996 940 4062 altare,
961 3998 1050 4051 sed
1072 4014 1124 4051 se
1145 3999 1358 4050 invicem
1378 4001 1534 4051 versis
1558 3998 1778 4051 uultibus
1805 4000 2104 4068 respiciunt.

551 4066 714 4136 Atqui
749 4068 846 4119 hac
883 4068 1088 4120 ratione
1117 4068 1410 4136 antiphona
1436 4070 1743 4134 getieralem
1775 4066 1999 4121 sortitur
2027 4084 2110 4122 ac-

549 4134 873 4204 ceptionem,
904 4145 962 4190 ut
988 4146 1042 4190 et
1068 4134 1295 4208 hymnos
1316 4147 1370 4192 et
1399 4139 1531 4191 alias
1553 4138 1717 4190 ofﬁcii
1757 4139 2109 4193 ccclesuastici

550 4215 731 4273 partes
757 4207 1166 4273 complectatur.
1195 4207 1326 4261 Nam
1369 4209 1530 4262 etiam
1566 4208 1869 4262 invitatoris
1902 4209 1962 4261 Ι).
2006 4210 2110 4264 Be-

550 4275 794 4348 nedictus
828 4278 1061 4344 appellat
1108 4279 1452 4342 antiphonas.
1484 4279 1588 4333 Sed
1638 4287 1692 4332 et
1738 4279 1928 4346 psalmi
1979 4279 2106 4348 ipsi,

549 4345 675 4399 dum
705 4360 734 4399 a
765 4348 1007 4417 pluribus
1036 4351 1338 4404 alternatim
1387 4351 1680 4403 recitantur
1708 4345 1797 4402 aut
1821 4345 2105 4416 canuntur,

550 4417 858 4486 antiphooae
885 4422 1120 4488 generali
1155 4421 1415 4476 vocabulo
1443 4421 1545 4475 dici
1572 4428 1816 4488 possunt.
1845 4435 1897 4473 ut
1925 4437 1993 4475 ex
2017 4421 2108 4475 lsi—

509 4524 514 4529 ι
550 4488 685 4542 doro
720 4489 1014 4556 colligitur.
1050 4491 1202 4546 Unde
1240 4508 1344 4545 non
1376 4498 1506 4545 satis
1531 4501 1778 4546 constare
1804 4489 2015 4545 videtur
2039 4509 2105 4547 ex

546 4549 894 4633 illabistoria
915 4564 1096 4633 sancti
1119 4562 1327 4633 lgnatii,
1353 4562 1652 4631 cujusmodi
1686 4563 1992 4630 antiphona:
2026 4564 2107 4617 in-
2133 4549 2184 4609 Ῑ)

549 4630 852 4698 telligendzn
881 4632 1010 4699 sint,
1043 4630 1165 4687 cuni
1198 4633 1315 4688 illas
1364 4630 1555 4688 laudes
1599 4635 1652 4687 S.
1711 4633 1991 4689 Trinitatis
2037 4635 2106 4688 ab

544 4702 747 4773 angelis
777 4701 1088 4757 decantatas
1112 4704 1271 4757 modo
1311 4705 1562 4772 hymnos,
1597 4704 1755 4757 modo
1785 4705 2104 4773 antiphonas

545 4770 865 4840 interpretes
898 4782 1008 4826 tum
1041 4775 1300 4837 Socratis,
1327 4770 1438 4828 tum
1471 4774 1754 4841 Nicephori
1791 4770 1981 4830 Latine
2010 4793 2106 4829 no-

542 4840 998 4917 rninentLVcrum
1019 4847 1258 4917 strictius
1284 4860 1386 4898 usu
1412 4840 1798 4910 ecclesiastico,
1813 4856 1866 4901 et
1897 4849 2103 4917 vulgari

545 4911 793 4980 loquendi
838 4913 1020 4980 modo,
1049 4916 1360 4982 antiphona:
1386 4925 1647 4969 vocantur
1676 4931 1840 4970 sacrm
1887 4911 2097 4971 caulic-

541 4996 657 5046 nes,
688 4998 781 5036 seu
808 4985 1113 5049 cantilenae,
1145 5000 1265 5054 quae
1296 4986 1517 5052 psalmis
1550 4987 1901 5042 concinendis
1929 4991 1978 5042 in
2005 4988 2102 5042 ho-

541 5054 616 5127 ris
668 5055 943 5127 canonicis
1005 5056 1443 5123 praemittuntur:
1477 5073 1596 5110 nam
1651 5059 1992 5127 antiphonae,
2046 5067 2102 5111 ut

541 5123 865 5191 plurimum,
893 5139 1014 5180 cum
1068 5127 1285 5194 psalmis
1333 5123 1783 5196 conjungunturf
1816 5129 2102 5195 aliquando

540 5201 718 5249 tamen
750 5197 911 5249 etiam
937 5193 1182 5251 seorsum
1222 5193 1507 5251 canuntur.
1538 5193 1669 5252 Hinc
1710 5209 1764 5253 et
1793 5193 2100 5262 Cassianus,
2148 5224 2150 5226 τ

538 5278 724 5332 supra,
750 5266 1015 5335 duplicem
1043 5267 1456 5336 antiphonarum
1488 5283 1642 5323 usiim
1675 5269 1970 5336 antiquitus
2008 5269 2103 5322 ob-

538 5346 815 5407 servatum
846 5338 1103 5404 insinuat,
1139 5340 1368 5407 primum
1395 5348 1452 5392 ut
1483 5341 1700 5404 psalmis
1743 5340 2014 5392 Davidicis
2047 5341 2098 5392 in

538 5403 721 5480 ofﬁcio
749 5409 1028 5480 canonico
1075 5403 1570 5480 interponerentur.
1603 5419 1659 5463 et
1690 5425 1812 5464 cum
1858 5409 2102 5463 modula-

540 5476 686 5548 tione
712 5477 891 5546 aliqua
906 5490 973 5535 .et
1005 5476 1237 5535 melodis
1266 5491 1610 5536 canerentur.
1646 5484 1823 5548 Atque
1855 5481 1975 5534 inde
2009 5494 2095 5548 pe-

537 5545 693 5623 titam
717 5545 1194 5623 earumratiouem
1217 5563 1272 5607 et
1295 5550 1670 5623 etymologiam
1703 5545 1860 5623 docet
1895 5545 2097 5604 Duran-

538 5618 638 5673 dus
685 5619 766 5693 his
807 5620 990 5693 verbis
1019 5638 1031 5674 :
1067 5618 1566 5688 Dicunturfinquit,
1600 5621 1897 5693 antiphonte
1925 5638 2098 5689 respe-

537 5698 622 5741 ctu
651 5691 721 5743 ad
747 5691 1108 5763 psalmodiam,
1133 5695 1216 5746 cui
1254 5693 1583 5763 respondent,
1609 5691 1742 5746 sicut
1768 5695 2097 5762 responsoria

538 5772 762 5824 respectu
785 5762 854 5815 ad
880 5761 1182 5828 historiam;
1216 5761 1348 5819 unde
1389 5764 1669 5833 antipltona
1711 5765 1920 5834 dicitur,
1955 5767 2099 5835 quasi

2210 1893 2346 1936 tatur
2389 1900 2477 1951 per
2517 1885 2648 1937 duos
2694 1883 2913 1948 choros,‘
2932 1885 3039 1953 ipsa
3065 1885 3205 1937 enim
3233 1885 3521 1954 antiphoina
3558 1889 3780 1954 conjun-

2209 1964 2400 2023 guntur
2435 1954 2592 2007 simul
2621 1955 2722 2006 duo
2752 1955 2916 2007 eltori.
2953 1954 3022 2007 Et
3051 1954 3209 2024 paulo
3243 1953 3363 2022 post
3392 1975 3404 2005 :
3444 1953 3659 2006 Videtur
3683 1970 3777 2006 no-

2210 2025 2284 2077 bis
2304 2025 2463 2078 virtus
2494 2024 2784 2077 dilectionis
2800 2041 2930 2089 esse,
2950 2041 3064 2092 qua:
3090 2026 3357 2094 coniungit
3378 2040 3532 2094 opera
3557 2026 3777 2077 duorum

2208 2096 2426 2165 fratrum
2449 2095 2610 2165 simul
2640 2111 2655 2146 :
2699 2096 2884 2161 psalmi
2923 2094 2990 2146 ad
3013 2111 3168 2161 opera
3195 2097 3519 2164 referuntur;
3540 2095 3780 2162 antipha-

2208 2164 2275 2219 na
2309 2166 2376 2218 ad
2415 2164 2563 2218 illum
2610 2165 2931 2219 dilectionem
2957 2182 3061 2235 qua
3104 2167 3450 2234 unusquisque
3489 2166 3640 2234 fratri
3679 2182 3775 2219 suo

2207 2237 2424 2308 porrigit
2451 2252 2604 2288 suum
2653 2252 2799 2304 apus.
2833 2236 2955 2308 Haec
2982 2237 3092 2308 ille.
3113 2247 3166 2290 et
3206 2252 3324 2305 quze
3357 2247 3670 2308 sequuntur
3719 2237 3773 2290 in

2207 2305 2448 2360 eattidem
2494 2308 2838 2359 sententiam.
2873 2306 2952 2359 Ex
2984 2305 3180 2374 quibus
3222 2305 3468 2360 omnibus
3502 2306 3659 2361 facile
3688 2317 3775 2360 est

2207 2377 2460 2444 colligere
2491 2376 2763 2442 duplicem
2791 2376 3098 2440 antiphonae
3123 2378 3530 2447 etymologiam,
3554 2392 3648 2431 seu
3673 2391 3773 2430 no-

2209 2447 2366 2500 minis
2411 2449 2711 2515 analogiam
2740 2456 2793 2500 et
2834 2447 3152 2501 relationem
3190 2465 3201 2498 :
3233 2451 3454 2501 alteram
3505 2448 3570 2502 ad
3623 2447 3774 2512 ipsos

2205 2525 2456 2588 cantores
2486 2517 2628 2588 inter
2649 2532 2706 2571 se
2732 2518 3066 2571 alternantes
3094 2526 3148 2570 et
3170 2520 3570 2588 reciprocantes
3600 2519 3773 2572 melo-

2206 2587 2370 2644 diam.
2404 2594 2461 2640 ut
2508 2587 2741 2641 Isidorus
2787 2596 2842 2642 et
2888 2588 2980 2640 alii
3029 2587 3385 2652 annotarunt;
3435 2589 3656 2643 alteram
3700 2589 3770 2644 ad

2205 2657 2584 2726 psalmodiam,
2629 2673 2722 2712 seu
2751 2659 3080 2726 psalmorum
3113 2659 3484 2713 Davidicorum
3529 2674 3771 2714 concen-

2207 2737 2342 2792 tum,
2372 2729 2454 2781 coi
2498 2731 2648 2796 quasi
2688 2742 2754 2782 ex
2795 2728 3024 2782 adverso
3061 2731 3394 2798 respondent
3425 2730 3769 2797 antiphonaa,

2205 2799 2356 2868 quasi
2394 2798 2615 2854 alterius
2650 2799 2867 2867 generis
2896 2814 3056 2854 voces
3083 2809 3137 2853 et
3163 2801 3476 2863 cantilenae;
3507 2800 3647 2854 sicut
3678 2818 3770 2856 re-

2204 2868 2487 2935 SpOttSOl‘la
2529 2870 2860 2936 respondent
2895 2869 3157 2938 historiis,
3186 2871 3238 2925 id
3277 2881 3379 2938 est,
3415 2872 3760 2936 lectionibus,

2207 2949 2263 2993 ut
2285 2939 2506 3002 exponit
2537 2940 2836 2993 Durandus.

2275 3008 2305 3082 lt
2331 3009 2464 3082 Nota
2497 3011 2877 3082 lticrtriplicem
2910 3011 3364 3066 nomenclaturam
3396 3015 3769 3082 precationum

2209 3080 2512 3152 etilaudum
2558 3079 3033 3152 divinarumtqure
3074 3083 3286 3152 publice
3327 3079 3683 3145 in'Ecclesia,
3715 3092 3774 3137 et

2207 3151 2523 3205 solemiiiter
2549 3166 2576 3202 a
2609 3150 2870 3205 ministris
2904 3150 3158 3207 Ecclesiae
3196 3153 3557 3208 celebrantur.
3592 3153 3772 3207 Primo

2215 3221 2466 3275 dicuntur
2507 3223 2778 3275 orationes
2806 3225 3102 3290 canonicse,
3136 3233 3196 3278 ut
3239 3224 3339 3278 hoc
3379 3225 3520 3288 loco,
3549 3233 3599 3279 et
3630 3224 3774 3278 alias

2211 3295 2429 3363 saepius,
2454 3293 2534 3346 vel
2558 3306 2743 3359 preces
2769 3291 3021 3355 horariae.
3048 3294 3194 3347 hora:
3219 3296 3517 3362 canonicaa,
3543 3305 3602 3348 ut
3627 3296 3768 3363 apud

2211 3361 2416 3417 Bedam
2448 3364 2499 3416 in
2523 3363 2980 3434 Commentar.ad
3028 3379 3145 3432 cap.
3182 3381 3273 3420 vni
3317 3361 3581 3432 Luc:e,et
3631 3361 3772 3434 apud

2209 3448 2402 3489 omnes
2437 3443 2685 3488 auctores
2746 3435 2834 3502 qui
2879 3433 2948 3487 de
2995 3433 3139 3488 horis
3182 3437 3456 3489 canonicis
3505 3433 3769 3490 scribunt.

2209 3502 2469 3558 Dicuntur
2493 3514 2669 3558 autem
2691 3502 2775 3558 ha:
2807 3519 2994 3573 preces
3022 3514 3075 3559 et
3099 3508 3277 3560 laudes
3296 3505 3442 3560 horae
3471 3507 3770 3569 canonicze,

2207 3576 2330 3642 quia
2373 3575 2534 3629 certis
2566 3575 2711 3645 horis
2741 3576 2955 3629 recitari
3000 3576 3198 3631 debent
3245 3580 3400 3645 juxta
3451 3591 3686 3630 canones
3716 3586 3775 3630 et

2166 3699 2169 3701 _
2208 3646 2422 3712 regulas
2452 3645 2550 3700 SS.
2581 3644 2828 3710 Patrum;
2859 3646 2969 3698 sive
2995 3650 3114 3713 quia
3141 3663 3207 3701 ex
3248 3644 3562 3715 prasscripto
3607 3660 3773 3700 cano-

2209 3730 2336 3769 num
2367 3718 2529 3770 certis
2560 3715 2706 3768 horis
2738 3716 2788 3768 in
2821 3715 3083 3781 Ecclesia,
3117 3718 3205 3771 die
3233 3728 3526 3786 noctuque,
3558 3731 3767 3770 canun-

2211 3795 2338 3856 tur:
2376 3787 2479 3852 vel,
2511 3795 2568 3839 ut
2592 3788 2668 3839 ait
2701 3786 3146 3840 Turrecrematns
3186 3788 3237 3840 in
3284 3803 3400 3855 cap.
3449 3787 3513 3840 16
3547 3787 3766 3856 Regula:

2210 3855 2273 3908 Ι).
2309 3856 2602 3916 Benedicti,
2626 3865 2868 3908 uocantur
2893 3857 3004 3909 ista:
3033 3858 3171 3910 horae
3199 3859 3475 3922 canonicte,
3502 3855 3663 3923 idest,
3690 3875 3773 3910 re-

2245 3925 2432 3998 ulares,
2462 3927 2593 3998 quia
2623 3943 2655 3978 a
2855 3924 3096 3998 Patribus
3129 3928 3436 3998 regulariter
3475 3928 3770 3983 observatw.

2209 3943 2432 4048 glutares,
2462 3943 2582 3996 quia
2623 3943 2655 3978 a
2703 3943 2809 3981 oo.
2855 3943 3096 3981 ratrwus
3129 3943 3436 3998 regulariter
3475 3943 3768 3983 ooservatw.

2222 3996 2363 4066 _nde
2395 3995 2687 4050 secundum
2729 3996 2868 4050 hunc
2910 3997 3104 4051 lihrum
3150 3999 3421 4066 inscripsit
3449 3999 3768 4061 Cassianus,

2210 4063 2290 4118 De
2328 4065 2585 4120 Canonico
2627 4078 2993 4119 nocturnarum
3043 4063 3331 4122 orationum
3377 4079 3423 4121 et
3454 4071 3773 4136 psalmorum

2210 4136 2360 4190 modo
2390 4154 2408 4201 ;
2450 4138 2665 4191 tertium
2696 4152 2843 4201 vero,
2867 4136 2944 4190 De
2972 4136 3229 4191 Canonico
3252 4142 3551 4191 diurnorum
3580 4140 3773 4192 oratio-

2211 4223 2335 4258 num
2372 4207 2823 4278 modo.Secundo
2868 4209 3207 4275 appellantur
3244 4211 3472 4278 ofﬁciunt
3517 4211 3768 4276 divinum,

2211 4292 2328 4350 seu,
2349 4280 2489 4348 quod
2515 4277 2654 4332 idem
2681 4289 2764 4350 est
2793 4279 2844 4331 in
2871 4278 3067 4344 Regula
3091 4279 3152 4332 ι).
3175 4277 3472 4344 Benedicti,
3503 4297 3628 4350 opus
3650 4278 3769 4333 Dei.

2213 4347 2290 4402 De
2334 4347 2440 4412 quo
2469 4351 2538 4402 ait
2570 4365 2689 4418 cap.
2720 4348 2790 4404 45
2820 4369 2831 4401 :
2859 4353 2937 4403 Ad
2963 4350 3144 4403 horam
3169 4351 3326 4403 divini
3358 4347 3543 4418 ofﬁcii,
3566 4367 3685 4403 mox
3713 4361 3772 4404 ut

2211 4419 2444 4492 auditum
2473 4422 2624 4489 fuerit
2650 4421 2872 4492 signum,
2905 4423 3096 4474 relictis
3127 4423 3380 4476 omnibus.
3402 4421 3635 4490 quislibet
3659 4421 3774 4490 fue-

2211 4491 2312 4542 rint
2360 4492 2413 4544 in
2462 4491 2713 4552 manibus,
2745 4508 2944 4544 summa
2992 4508 3106 4544 cum
3147 4492 3474 4561 festinatione
3505 4504 3770 4552 curratur,

2210 4571 2315 4615 etc.
2336 4562 2476 4632 Ergo
2508 4562 2637 4614 nihil
2665 4563 2806 4631 Operi
2833 4561 2927 4614 Dei
2949 4563 3418 4632 prwponntur.Ubi
3437 4562 3585 4616 vides
3618 4565 3771 4629 prius

2210 4633 2445 4688 ol‘licium
2486 4633 2725 4686 divinum
2775 4633 3121 4699 postmodum
3154 4646 3287 4699 opus
3339 4632 3434 4686 Dei
3484 4634 3768 4701 appellari.

2213 4703 2381 4772 Hujus
2410 4713 2585 4755 autem
2608 4701 3025 4772 nomenclaturse
3047 4702 3184 4753 ratio
3213 4713 3316 4767 est,
3335 4705 3455 4769 quia
3487 4703 3587 4756 hac
3609 4718 3772 4756 oran-

2211 4773 2262 4827 di
2293 4771 2520 4826 formula
2550 4771 2851 4842 continetur
2913 4772 2962 4824 id
2985 4772 3125 4840 quod
3159 4787 3284 4842 erga
3316 4772 3484 4826 Deum
3511 4785 3771 4840 przestare

2211 4845 2488 4897 debemus.
2541 4841 2821 4912 Siquidem
2867 4857 3022 4895 orare
3068 4853 3122 4895 et
3179 4844 3398 4898 laudare
3439 4843 3609 4898 Deum
3641 4859 3769 4912 pro-

2212 4913 2386 4983 prium
2414 4925 2496 4966 eSt
2526 4913 2760 4966 ofﬁcium
2794 4911 3217 4966 Christianorum
3239 4931 3254 4970 :
3277 4915 3370 4968 sed
3409 4911 3773 4969 maximecle-

2209 4987 2442 5038 riserunt
2475 4993 2528 5038 et
2555 4985 2958 5037 monachorum.
2995 4983 3181 5037 Exstat
3225 4999 3388 5050 porro
3429 4985 3528 5038 hoc
3571 4999 3770 5039 nomen

2204 5053 2370 5108 ofﬁcii
2418 5055 2583 5108 divini
2622 5053 2783 5108 etiam
2831 5054 2882 5107 in
2932 5054 3158 5109 concilio
3201 5055 3620 5124 Aquisgranensi
3645 5071 3768 5121 cap.

2207 5127 2329 5192 151,
2361 5135 2414 5180 et
2459 5126 2512 5178 in
2556 5126 2789 5179 concilio
2826 5124 3198 5189 Lateranensi,
3248 5141 3312 5180 ex
3357 5141 3461 5194 quo
3492 5136 3765 5192 sumptum

2204 5205 2286 5251 est
2316 5212 2433 5261 cap.
2482 5195 2742 5261 Dolentes,
2772 5196 2862 5249 lib.
2898 5211 2955 5248 ιιι
2996 5195 3284 5258 Decretal.,
3319 5197 3402 5249 tit.
3443 5196 3515 5248 De
3542 5195 3769 5250 celebra-

2205 5269 2342 5320 tione
2375 5265 2670 5319 Μίδεω-ατη.
2705 5266 2886 5319 Tertio
2916 5267 3165 5319 dii-untur
3190 5267 3351 5319 etiam
3399 5265 3641 5319 ofﬁcium
3677 5281 3769 5320 ec-

2203 5338 2597 5401 clesiasticum,
2632 5347 2740 5389 tum
2767 5337 2889 5405 quia
2919 5339 3232 5389 auctoritate
3259 5337 3549 5404 prtesulum
3581 5336 3768 5391 Eccle-

2205 5411 2302 5463 site
2332 5409 2666 5471 institutum;
2699 5418 2808 5460 tum
2849 5413 2969 5474 quia
3015 5407 3418 5470 ecclesiasticis,
3447 5421 3542 5461 seu
3580 5406 3770 5461 Eccle-

2203 5482 2298 5533 sia:
2327 5478 2587 5534 ministris
2613 5477 2868 5531 indictum
2909 5492 2971 5529 ac
2999 5477 3462 5545 praescriptum,ut
3491 5480 3768 5545 proprium

2201 5567 2385 5606 eorum
2411 5564 2600 5603 munus
2621 5559 2672 5602 et
2701 5548 2957 5601 ofﬁcium.
2981 5545 3232 5600 Ofﬁcium
3263 5548 3401 5603 enim
3426 5550 3493 5602 ab
3523 5548 3771 5603 efﬁcien-

2199 5623 2269 5678 do
2308 5623 2531 5686 dictum,
2567 5621 2640 5673 ait
2688 5617 2749 5673 D.
2794 5618 3108 5689 Ambrosius
3136 5617 3274 5688 (Lib.
3310 5637 3324 5674 ι
3371 5619 3562 5689 0f)ic.),
3611 5621 3767 5687 quasi

2201 5693 2454 5754 elﬁcium,
2486 5690 2629 5758 quod
2672 5690 2740 5744 sit
2782 5688 2912 5761 illud
2949 5690 3087 5757 quod
3134 5688 3532 5761 quemquepro
3576 5690 3767 5746 condi-

2202 5766 2348 5820 tione
2376 5779 2484 5821 suae
2517 5776 2758 5832 personis
2784 5759 2959 5816 facere
2989 5761 3195 5818 deceat.
