4026 6334
267 341 328 397 91
706 336 798 392 DE
836 333 1316 393 C(ENOBIORUM
1347 305 1600 390 ⁵ΙΝΞΤΙΤ.
1642 333 1769 389 LIB.
1811 333 1965 390 ll.—
1990 333 2096 410 DE,
2118 333 2504 392 NOCTURNIS
2542 333 3023 392 ORATIONIBUS.
3445 339 3516 396 98

266 458 369 512 Deo
405 455 637 508 volente
664 453 941 523 digerere,
967 451 1309 521 praaveniens
1334 455 1456 505 vita:
1488 461 1685 505 nostra:
1718 450 1836 504 linis
1864 455 1918 514 Α
1940 450 2284 504 innumerosa
2317 450 2542 504 fratrum
2570 449 2856 506 multitudo
2885 451 3198 513 conveniat,
3222 458 3420 520 praeter
3451 452 3520 506 il-

267 549 579 612 excluserit,
611 548 698 602 vel
724 546 877 601 initia
899 545 1055 600 vobis
1081 545 1158 599 rei
1187 544 1487 615 praesertim
1516 553 1622 597 tam
1655 558 1844 597 neces-

267 644 415 698 sariae
450 641 558 696 hoc
611 653 783 710 Opere
830 638 1222 708 relinquamus,
1253 635 1451 706 quibus
1508 649 1606 705 pro
1651 634 1846 689 ardore

267 735 520 791 desiderii
580 741 755 787 totum
804 731 1015 786 tardum
1044 741 1165 786 est:
1200 739 1258 784 ut
1300 728 1428 783 dum
1475 728 1632 783 nobis
1681 725 1846 794 hujus

267 825 714 883 commorationis
747 823 1056 878 tribuuntur
1086 821 1342 884 induciae,
1367 820 1554 876 saltem
1589 819 1845 888 quasdam

271 922 528 992 tantisper
554 919 870 974 orationum
901 917 1055 971 vobis
1085 917 1252 970 lineas
1285 914 1700 984 prasignemus,
1727 913 1847 983 qui-

267 1016 359 1073 bus
385 1015 438 1068 hi
481 1016 568 1069 vel
602 1013 862 1077 maxime,
889 1011 979 1082 qui
1031 1011 1084 1064 in
1125 1009 1390 1065 ccenobiis
1417 1017 1846 1074 commorantur,

271 1110 476 1164 valeant
505 1108 856 1178 aliquatenus
895 1103 1198 1159 informari.
1233 1103 1404 1160 Simul
1433 1104 1597 1157 etiam
1632 1102 1847 1171 prospi-

268 1203 474 1258 cientes
508 1200 596 1254 his
623 1199 714 1270 qui
742 1198 965 1254 forsitan
999 1197 1124 1250 huic
1155 1193 1530 1249 tantummodo
1569 1191 1850 1248 occursuri

267 1293 426 1357 libro,
458 1291 531 1345 ad
563 1291 718 1344 illum
768 1289 1054 1358 pervenire
1081 1301 1186 1342 non
1226 1295 1501 1356 poterunt,
1532 1295 1590 1340 ut
1617 1287 1849 1339 instruc-

269 1385 407 1439 tione
436 1381 604 1451 hujus
649 1395 781 1451 erga
822 1379 1089 1435 orationis
1127 1378 1440 1448 qualitatem
1481 1377 1564 1431 vel
1595 1392 1664 1431 ex
1697 1385 1848 1446 parte

269 1477 617 1547 reperiantur
659 1472 875 1537 imbuti,
906 1480 961 1528 et
990 1471 1442 1542 quemadmodum
1473 1480 1596 1524 sunt
1639 1469 1708 1524 de
1753 1470 1851 1522 ha-

268 1569 377 1624 bitu
407 1577 463 1623 et
495 1567 701 1620 amictu
733 1565 1022 1620 exterioris
1040 1561 1278 1616 hominis
1305 1558 1559 1624 instituti,
1593 1561 1663 1614 ita
1683 1561 1846 1614 etiam

270 1660 496 1732 qualiter
546 1673 671 1712 eum
721 1656 788 1710 ad
833 1654 1104 1710 oﬂ‘erenda
1157 1652 1421 1723 spiritalia
1449 1651 1711 1706 sacrificia
1745 1651 1843 1706 de-

269 1755 432 1810 beant
453 1750 724 1808 exhibere
745 1762 852 1802 non
867 1746 1130 1802 nesciant.
1146 1744 1422 1815 Siquidem
1447 1743 1499 1799 hi
1523 1745 1687 1800 libelli
1709 1759 1846 1814 quos

1950 543 2061 597 lum
2093 543 2186 612 qui
2227 557 2568 613 consurgens
2607 543 2870 612 psalmum
2926 541 3176 597 decantat
3225 542 3278 596 in
3317 541 3518 612 medio,

1954 635 2134 689 nullus
2167 635 2446 691 hominum
2495 638 2706 705 penitus
2734 636 2927 691 adesse
2954 638 3210 691 credatur
3235 653 3249 691 :
3281 649 3346 691 ac
3374 649 3513 705 prai-

1951 728 2111 798 cipue
2137 742 2260 783 cum
2299 703 2706 784 consummatur
2729 727 2926 793 oratio,
2961 728 3012 781 in
3033 742 3140 799 qua
3170 741 3277 783 non
3300 736 3517 798 sputum

1949 821 2233 888 emittitur,
2252 835 2357 876 non
2390 821 2691 877 exscreatio
2719 821 3005 890 obstrepit,
3028 835 3135 875 non
3168 820 3333 877 tussis
3356 821 3526 877 inter-

1949 925 2129 982 sonat,
2164 932 2268 970 non
2313 915 2565 970 oscitatio
2612 916 2947 969 somnolenta
2995 912 3220 968 dissutis
3269 913 3424 969 malis
3469 921 3526 969 et

1951 1007 2230 1062 hiantibus
2285 1007 2537 1071 trahitur,
2601 1005 2733 1061 nulli
2781 1007 3037 1076 gemitus,
3096 1005 3242 1060 nulla
3290 1005 3527 1076 suspiria

1949 1103 2113 1157 etiam
2159 1112 2399 1156 astantes
2441 1099 2757 1171 impeditura
2803 1106 3161 1168 promuntur,
3195 1099 3341 1153 nulla
3391 1114 3519 1168 vox,

1949 1192 1977 1231 ἀ
2007 1194 2214 1264 absque
2241 1195 2540 1250 sacerdotis
2572 1208 2788 1263 precem
2836 1191 3231 1257 concludentis,
3280 1191 3523 1260 auditur,

1951 1289 2053 1344 nisi
2103 1289 2241 1344 forte
2271 1289 2385 1343 haec
2425 1303 2547 1358 quae
2577 1302 2672 1357 per
2711 1299 3002 1342 excessum
3049 1286 3248 1340 mentis
3292 1284 3527 1340 claustra

1948 1383 2062 1438 oris
2081 1381 2353 1453 eb‘ugerit,
2375 1397 2600 1452 quaeque
2624 1378 3014 1435 insensibiliter
3028 1377 3177 1432 cordi
3200 1376 3528 1446 obrepserit,

1951 1475 2314 1531 immoderato
2350 1475 2558 1530 scilicet
2591 1484 2756 1543 atque
2794 1470 3122 1526 intolerabili
3167 1470 3392 1540 spiritus
3420 1469 3528 1524 fer-

1949 1582 2080 1623 vore
2104 1581 2388 1630 succenso,
2420 1565 2549 1620 dum
2581 1581 2645 1621 ea
2685 1579 2804 1636 quae
2833 1563 2998 1633 ignita
3032 1577 3186 1618 mens
3228 1563 3281 1617 in
3323 1571 3526 1618 semet-

1949 1661 2064 1730 ipsa
2091 1675 2194 1715 non
2229 1659 2488 1729 praevalet
2513 1659 2830 1722 continere,
2859 1673 2951 1724 per
2983 1656 3314 1713 ineffabilem
3341 1671 3530 1725 quem-

1948 1751 2073 1807 dam
2112 1752 2374 1822 gemitum
2422 1765 2490 1804 ex
2531 1749 2734 1804 intimis
2773 1749 3010 1818 pectoris
3051 1749 3135 1804 sui
3169 1749 3527 1804 conclavibus

269 1847 318 1900 in
358 1843 620 1916 praesenti
650 1841 851 1896 cudere
882 1839 1112 1894 Domino
1148 1838 1440 1908 adiuvante
1481 1837 1840 1907 disponimus,
1873 1855 1922 1918 Β
1949 1859 2254 1915 evaporare
2300 1853 2548 1898 conatur.
2581 1841 2735 1896 Illum
2766 1855 2900 1894 vero
2946 1855 3040 1910 qui
3089 1841 3417 1895 constitutus
3472 1839 3527 1894 in

269 1938 330 1994 ad
387 1936 685 1993 exterioris
755 1933 992 1990 hominis
1046 1933 1451 1987 observantiam
1509 1938 1566 1986 et
1619 1930 1846 1985 institu-

270 2031 471 2086 tionem
515 2025 890 2084 cmnobiorum
938 2023 1333 2092 competentius
1362 2023 1730 2093 aptabuntur;
1764 2020 1843 2076 illi

270 2137 401 2178 vero
433 2121 500 2175 ad
531 2117 875 2188 disciplinam
904 2117 1179 2171 interioris
1209 2131 1271 2171 ac
1300 2115 1682 2186 perfectionem
1722 2129 1848 2170 cor-

270 2216 348 2270 dis
380 2255 398 2280 ,
450 2224 503 2270 et
544 2222 569 2249 ιι
623 2212 1072 2266 anachoretarum
1127 2210 1291 2264 vitam
1334 2218 1496 2281 atque
1544 2207 1848 2264 doctrinam

272 2307 454 2378 potius
482 2303 856 2376 pertinebunt.

872 2396 1101 2453 CAPUT
1151 2395 1223 2452 Χ.

271 2492 468 2558 Quanto
497 2490 708 2545 silentio
737 2497 788 2542 et
819 2486 1064 2541 brevitate
1099 2487 1355 2541 orationes
1394 2486 1534 2558 apud
1565 2484 1847 2558 Egyptios

905 2579 1240 2650 colligantur.

338 2673 467 2728 Cum
499 2672 667 2743 igitur
695 2670 982 2742 praedictas
1010 2670 1401 2738 solemnitates,
1431 2686 1563 2742 quas
1591 2671 1670 2726 illi
1697 2669 1726 2710 ι»
1753 2687 1845 2744 sy-

276 2779 439 2818 aaxes
486 2771 711 2830 vocant,
756 2763 1079 2817 celebraturi
1125 2765 1486 2830 conveniunt,
1524 2775 1729 2819 tantum
1760 2775 1783 2804 ε
1813 2780 1846 2821 a

278 2857 470 2913 cunctis
513 2856 794 2913 silentium
843 2855 1136 2926 praebetur,
1165 2863 1224 2910 ut
1250 2870 1371 2910 cum
1414 2855 1468 2910 in
1518 2872 1686 2912 unum
1736 2868 1843 2913 tam

1957 1948 2201 2009 tempore
2233 1937 2431 1992 mentis
2459 1951 2580 1991 cum
2613 1937 2849 1991 clamore
2880 1934 3168 2004 supplicat,
3197 1943 3294 1989 aut
3331 1932 3531 2004 aliquid

1955 2029 2149 2086 horum
2176 2044 2298 2101 qua:
2321 2028 2696 2100 praediximus,
2725 2044 2754 2082 e
2778 2027 3026 2083 faucibus
3046 2027 3161 2082 suis
3187 2027 3411 2091 emittit,
3442 2036 3532 2082 aut

1953 2121 2229 2192 praecipue
2259 2119 2672 2175 oscitationibus
2709 2118 3064 2195 prevenitur,
3091 2117 3382 2187 dupliciter
3407 2133 3532 2190 pec.

1953 2229 2079 2271 care
2111 2214 2508 2284 pronuntiant:
2539 2213 2717 2282 primo
2747 2212 2891 2281 quod
2931 2211 3197 2267 oratioiiis
3245 2226 3359 2266 suae
3407 2225 3532 2266 reus

1953 2308 2047 2375 sit,
2082 2306 2225 2378 quod
2254 2320 2373 2360 eam
2403 2305 2654 2360 videlicet
2686 2304 3026 2374 negligenter
3055 2303 3246 2359 offerat
3275 2303 3421 2382 Deo;
3447 2318 3532 2360 se-

1952 2397 2130 2454 cundo
2159 2397 2301 2467 quod
2329 2395 2736 2467 indisciplinato
2766 2395 3020 2465 strepitu,
3045 2396 3270 2452 alterius
3290 2411 3531 2466 quoque,

1951 2491 2044 2562 qui
2090 2490 2317 2544 forsitan
2366 2489 2627 2545 intentius
2669 2503 2827 2543 orare
2857 2489 3060 2558 potuit,
3093 2489 3365 2556 intercipit
3398 2503 3530 2545 sen-

1952 2599 2094 2639 sum.
2127 2583 2361 2654 ldeoque
2391 2583 2713 2652 praecipiunt
2740 2597 2861 2638 eam
2899 2579 3070 2637 celeri
3111 2581 3216 2636 fine
3253 2580 3528 2649 concludi,

1949 2691 2020 2731 ne
2061 2677 2197 2732 forte
2241 2677 2664 2731 immorantibus
2704 2675 2860 2731 nobis
2893 2673 2946 2730 in
2994 2691 3056 2730 ea
3093 2715 3109 2740 ,
3165 2674 3529 2730 redundantia

1949 2769 2194 2839 quaedam
2228 2771 2368 2841 sputi
2415 2785 2510 2825 seu
2557 2769 2886 2840 pblegmatis
2928 2769 3288 2838 interrumpat
3334 2778 3532 2824 nostrai

1950 2861 2213 2918 orationis
2253 2877 2558 2919 excessum.
2606 2863 2674 2918 Et
2715 2862 2917 2919 idcirco
2947 2862 3076 2918 dum
3116 2863 3293 2919 adhuc
3326 2862 3529 2932 fervet,

1325 3017 1586 3074 ALARDI
1621 3018 1852 3076 GAZAEI
1887 3020 2464 3081 COMMENTARIUS.

337 3150 363 3178 ιι
387 3139 695 3217 ᾎναχωρόῳ
745 3137 960 3217 secedo,
989 3139 1326 3217 ἀνᾳχὼρησῳ
1368 3139 1668 3217 secessio_:

272 3209 615 3266 anachoreta":
643 3211 772 3264 dicti
820 3219 968 3270 sunt,
994 3210 1084 3276 qui
1121 3209 1334 3277 pietatis
1371 3209 1549 3263 studio
1579 3209 1648 3263 ab
1672 3211 1846 3264 homi-

271 3300 394 3338 num
437 3283 716 3336 consortio
742 3280 1093 3343 secedebant,
1127 3291 1179 3332 et
1209 3294 1268 3333 se
1310 3281 1361 3333 in
1394 3281 1718 3335 solitudines
1749 3285 1846 3336 ab-

271 3356 492 3417 debant,
523 3362 581 3406 ut
606 3367 785 3406 rerum
816 3351 1114 3404 divinarum
1143 3352 1585 3416 contemplationi
1622 3352 1846 3406 liberius

272 3436 547 3479 vacarent.
574 3423 635 3476 D.
657 3423 1012 3493 Hieronymus
1036 3420 1259 3493 epistola
1281 3423 1351 3475 2:!
1367 3423 1432 3475 ad
1458 3423 1841 3477 Eustochium:

271 3493 840 3559 Anachoretwdnquit,
860 3492 946 3563 aui
965 3492 1060 3563 soli
1091 3492 1321 3545 habitant
1352 3509 1441 3559 per
1469 3495 1692 3551 deserta.
1715 3503 1762 3547 et
1783 3495 1846 3546 ab

270 3586 327 3622 eo
355 3568 493 3633 quod
543 3566 724 3634 procul
767 3563 829 3616 ab
861 3562 1152 3646 hominibus
1177 3573 1517 3626 recesserunt,
1542 3580 1848 3646 nuncupan-

271 3648 374 3692 tur.
404 3638 515 3710 llos
537 3639 696 3690 etiam
718 3635 1046 3710 ἠσυχᾳστᾲς,
1073 3634 1171 3710 hoc
1198 3646 1303 3710 est,
1322 3638 1585 3710 in__q_mc_tc
1606 3646 1659 3710 et
1682 3634 1849 3710 silen-

273 3711 348 3762 tio
393 3709 678 3774 degentes,
725 3705 988 3774 appellari
1038 3705 1251 3758 solitos'
1281 3705 1468 3760 scribit
1510 3705 1848 3761 Justinianus

272 3781 484 3834 novella
533 3780 742 3846 quinta.
774 3778 876 3831 Alii
925 3775 1201 3840 eremitas,
1235 3775 1527 3830 Cassianus
1573 3776 1848 3832 solitarios

273 3851 472 3918 passim
504 3857 678 3912 vocat,
711 3859 766 3901 et
795 3849 863 3901 de
892 3861 1082 3902 eorum
1108 3847 1312 3916 origine
1342 3856 1399 3902 et
1425 3847 1670 3902 instituto
1692 3863 1849 3918 pecu-

272 3923 475 3976 liariter
505 3924 616 3989 agit
644 3920 836 3989 collat.
856 3919 944 3973 18.

342 3991 370 4030 δ
397 3992 508 4046 Vox
551 3988 770 4061 synaxis
818 3988 1069 4058 frequens
1107 3989 1249 4058 apud
1290 3988 1683 4061 ecclesiasticos
1713 3990 1850 4044 scri-

272 4072 459 4129 ptores
484 4060 598 4116 tum
630 4061 866 4121 Graacos,
894 4069 1003 4114 tum
1041 4064 1262 4118 Latinos
1289 4079 1301 4114 :
1327 4071 1380 4114 et
1409 4060 1622 4130 quidem
1649 4061 1848 4129 duplici

271 4133 693 4201 significatione.
722 4131 957 4202 Primum
989 4150 1086 4202 pro
1113 4142 1404 4194 conventu,
1433 4145 1530 4202 seu
1553 4146 1846 4201 congrega-

275 4206 420 4259 tione
444 4204 704 4266 ﬁdelinm,
739 4213 794 4254 ut
825 4201 908 4256 hic
931 4243 945 4263 .
969 4201 1375 4268 monachorum,
1417 4201 1483 4255 ad
1515 4203 1846 4268 orationem,

272 4287 366 4328 aut
395 4273 772 4344 psalmodiam,
821 4273 903 4326 vel
948 4276 1014 4330 ad
1045 4282 1391 4331 sacrosancta
1424 4273 1680 4343 mysteria
1709 4278 1850 4328 cele-

274 4347 504 4410 branda,
533 4347 614 4399 vel
637 4345 702 4396 ad
732 4344 823 4398 Dei
846 4346 1066 4400 verbum
1094 4345 1418 4400 audiendum
1442 4359 1456 4397 :
1485 4344 1685 4398 dicitur
1703 4344 1847 4398 enim

272 4417 505 4487 synaxis
551 4432 577 4468 a
611 4417 778 4488 verbo
820 4418 1076 4486 συνάγειν,
1124 4416 1269 4488 quod
1314 4426 1395 4468 est
1421 4415 1678 4488 colligere
1706 4457 1720 4481 ,
1753 4431 1848 4488 seu

274 4484 606 4556 congregare
632 4501 647 4548 ;
679 4493 734 4556 et
763 4486 899 4540 hanc
928 4484 1116 4542 vocem
1143 4484 1303 4540 variis
1324 4484 1629 4538 nowimbus
1660 4484 1847 4540 Latine

275 4555 514 4613 reddidit
543 4555 851 4621 Cassianus,
879 4559 1156 4613 collectam
1180 4601 1195 4623 ,
1225 4567 1548 4608 conventum
1569 4597 1583 4617 ,
1615 4570 1852 4610 conven-

275 4632 522 4689 ticulum,
555 4630 1020 4696 Congregationem
1048 4670 1063 4694 ,
1092 4629 1407 4683 canonicum
1451 4625 1689 4679 officium
1715 4669 1730 4692 ,
1767 4629 1850 4682 vel

276 4704 614 4763 orationem,
655 4699 1085 4761 solemnitatem,
1115 4699 1485 4753 celebritatem
1513 4736 1530 4762 ,
1555 4709 1605 4750 et
1639 4697 1851 4753 Missam

275 4771 628 4835 canonicam,
659 4769 778 4822 aliis
806 4783 965 4838 atque
990 4771 1110 4824 aliis
1138 4768 1270 4823 locis
1296 4768 1590 4835 appellans.
1619 4768 1738 4832 Quo
1764 4770 1851 4823 iti.

276 4841 403 4896 dem
435 4855 596 4895 sensu
640 4839 704 4892 D.
736 4837 1056 4896 Benedictus
1086 4857 1208 4909 cap.
1245 4839 1308 4893 l7
1355 4839 1606 4908 Regulae:
1643 4837 1850 4910 Vesper-

275 4913 389 4965 tina
408 4955 423 4975 ,
459 4912 662 4980 inquit,
694 4913 904 4980 synaxis
933 4921 1153 4982 quatuor
1182 4912 1392 4982 psalmis
1420 4925 1533 4961 cum
1560 4911 1854 4978 antiplionis

277 4985 604 5047 terminatur,
637 4982 685 5035 id
719 4992 824 5044 cst,
853 4981 1180 5045 solemnitas,
1201 4981 1278 5034 vel
1305 4995 1484 5050 cursus
1512 4995 1851 5050 vesperarum,

277 5055 356 5108 ait
383 5053 842 5107 Turrecrematus.
871 5053 1019 5107 Alias
1037 5069 1166 5108 vero
1187 5054 1405 5122 synaxis
1425 5049 1566 5104 dicta
1591 5049 1676 5104 est
1701 5067 1851 5106 sacra

277 5123 434 5179 Euch
453 5124 635 5177 tristia:
665 5125 998 5188 communio,
1035 5135 1088 5179 et
1121 5121 1229 5176 hoc,
1247 5121 1466 5176 nomine
1493 5122 1800 5189 frequenter
1823 5138 1853 5176 a

277 5195 381 5265 SS.
418 5194 660 5248 Patribus
692 5204 1029 5265 nuncupatur
1068 5193 1259 5265 (Joan.
1303 5191 1544 5265 Damasc.
1586 5193 1675 5244 lib.
1714 5209 1763 5246 iv
1794 5193 1856 5247 de

280 5264 502 5320 Orthod.
531 5266 632 5335 ﬁde
655 5281 771 5329 cap.
811 5262 907 5328 l4;
937 5262 1101 5319 Basil'.
1124 5266 1178 5317 in
1215 5263 1338 5332 Reg.
1367 5263 1706 5335 brevioscap.
1737 5265 1852 5335 71),

275 5339 396 5392 sive
422 5334 564 5406 quod
592 5335 916 5390 Christianis
946 5338 996 5389 in
1035 5351 1201 5390 unum
1234 5334 1680 5406 convenientibus
1709 5334 1853 5388 cele-

275 5405 568 5462 brari’boc
606 5415 1001 5460 sacramentum
1057 5417 1111 5461 et
1161 5408 1301 5460 sumi
1346 5405 1526 5469 solet;
1581 5406 1696 5458 sive
1731 5408 1855 5474 quia

275 5480 427 5548 pacis
456 5487 509 5531 et
539 5477 1082 5548 unionissymbolum
1113 5489 1227 5540 est,
1257 5484 1312 5528 et
1341 5483 1758 5548 sacramentum.

351 5559 372 5586 ο
399 5549 597 5602 Μίνωι)
614 5588 631 5612 ,
653 5557 709 5602 et
730 5545 1003 5616 singulare
1027 5549 1329 5616 exemplum
1364 5545 1629 5616 regularis
1654 5547 1855 5602 silentii

276 5619 329 5675 in
357 5620 556 5686 choro,
599 5629 654 5674 et
697 5619 750 5672 in
781 5615 974 5673 ofliciis
1021 5615 1219 5672 divinis
1257 5615 1708 5672 observandizde
1749 5634 1855 5686 quo

277 5693 439 5746 etiam
464 5691 524 5745 D.
555 5689 884 5745 Benedictus
912 5705 1028 5759 cap.
1064 5690 1136 5745 52
1157 5690 1402 5759 Regulze,
1429 5702 1476 5742 et
1512 5687 1856 5759 Innocentius

278 5761 364 5826 lll,
383 5778 501 5833 cap.
535 5762 668 5817 Cum
697 5761 764 5813 ad
786 5757 1174 5826 moriasterium,
1199 5757 1261 5814 de
1289 5760 1404 5816 Sta.
1429 5757 1663 5833 monacli.
1686 5761 1856 5833 Quam

258 5830 461 5908 severe
486 5845 668 5892 autem
700 5833 979 5905 punierint
1018 5841 1228 5889 veteres
1259 5833 1449 5888 Patres
1483 5831 1627 5887 sacri
1652 5830 1853 5887 silentii

1718 3140 1844 3196 inde
1871 3140 1918 3205 C
1950 3143 2002 3196 in
2031 3143 2150 3197 loco
2172 3143 2433 3199 orationis
2457 3144 2772 3211 violatores,
2797 3155 2982 3199 narrat
3005 3145 3242 3201 Joannes
3261 3147 3529 3205 Climacus

1949 3213 2034 3288 his
2061 3216 2240 3288 verbis
2270 3233 2292 3288 εγ
2316 3216 2400 3288 Ad
2432 3220 2716 3269 orationem
2754 3217 3052 3288 plerumque
3097 3219 3348 3273 stantibus
3391 3223 3533 3278 nobis

1949 3286 2315 3338 animadvertit
2368 3286 2526 3340 Pater
2571 3286 2779 3342 sanctus
2811 3289 3059 3356 quosdam
3109 3290 3318 3343 invicem
3365 3292 3533 3346 collo-

1947 3367 2156 3424 quentes
2187 3373 2203 3408 :
2251 3374 2378 3430 quos
2419 3366 2540 3410 ante
2571 3357 2706 3422 fores
2756 3362 2981 3413 ecclesiis
3017 3370 3246 3414 statuens
3265 3362 3426 3430 jussit
3476 3374 3531 3417 ut

1950 3443 2040 3495 per
2068 3436 2253 3498 septem
2284 3429 2390 3500 dies
2418 3430 2612 3500 cunctis
2641 3430 2950 3483 intrantibus
2987 3438 3035 3484 et
3085 3429 3380 3488 exeuntibus
3413 3450 3532 3500 pro-

1948 3495 2291 3550 sternerentur
2316 3495 2518 3567 (Gradu
2542 3497 2622 3564 4).
2673 3500 2800 3553 Hmc
2843 3504 3019 3554 minor
3049 3505 3329 3566 severitas,
3378 3495 3432 3559 et
3458 3509 3532 3559 si-

1951 3568 2103 3621 lentii
2126 3569 2394 3622 districuo
2415 3571 2553 3632 apud
2583 3570 2971 3625 Pacliomianns
2991 3588 3112 3625 mon
3137 3577 3283 3626 vcbos
3315 3587 3530 3630 servata

1949 3637 2078 3702 fuit,
2106 3639 2302 3707 Regula
2335 3641 2406 3691 ita
2436 3641 2761 3694 decernente
2792 3661 2804 3693 :
2841 3642 2898 3695 Si
2925 3643 3169 3695 acciderit
3195 3653 3250 3696 ut
3271 3645 3530 3705 psallendi

1949 3718 2191 3778 tempore,
2221 3710 2298 3762 vel
2324 3711 2538 3784 orandi,
2564 3721 2652 3784 aut
2687 3713 2740 3784 in
2783 3713 2943 3765 medio
2972 3713 3205 3766 lectionis
3237 3715 3422 3784 aliquis
3451 3717 3530 3769 lo-

1947 3791 2137 3848 quatur
2166 3790 2254 3832 aut
2281 3783 2442 3832 rideat
2467 3797 2486 3845 ;
2507 3780 2663 3834 solvet
2686 3783 2967 3849 cingulum.
2993 3795 3041 3836 et
3064 3780 3530 3842 inclinata'cercice

1949 3849 2183 3903 manibus
2212 3853 2279 3903 ad
2309 3851 2556 3918 inferiora
2584 3855 2854 3920 depressis,
2889 3855 3041 3906 stabit
3063 3863 3180 3907 ante
3203 3857 3388 3914 altare.
3418 3867 3466 3910 et
3495 3876 3528 3911 a

1947 3922 2177 3992 principe
2213 3922 2506 4008 monasterii
2533 3922 2899 4008 increpabitur.
2922 3923 3037 4008 oc
3059 3927 3192 3978 idem
3225 3928 3379 4008 faciet
3404 3938 3449 3981 et
3476 3932 3550 3984 in'

1946 4001 2195 4072 conuentu
2225 3995 2475 4063 fratrum,
2518 4009 2632 4047 cum
2657 3996 2726 4047 ad
2761 3996 3064 4049 vescendum
3120 3995 3317 4067 pariter
3346 4015 3529 4056 conve-

1950 4073 2134 4118 nerant.

2019 4131 2046 4169 ἀ
2077 4135 2276 4204 Absque
2298 4175 2312 4197 ,
2353 4134 2404 4188 id
2436 4145 2549 4198 est,
2593 4135 2729 4201 nisi,
2764 4138 2848 4190 vel
2892 4145 3246 4206 praeterquam
3274 4143 3528 4197 sacerdo-

1951 4203 2054 4269 tis,
2084 4215 2189 4257 etc.
2226 4206 2444 4260 Precem
2489 4216 2666 4262 autem
2691 4249 2706 4269 ,
2738 4210 2852 4262 sive
2889 4203 3122 4261 officium
3167 4212 3528 4268 concludebat

1949 4276 2227 4353 sacerdos,
2270 4290 2371 4330 seu
2429 4277 2592 4331 abbas
2646 4278 3074 4353 brevi___quadam
3117 4283 3391 4353 oratione,
3421 4299 3526 4353 qua

1948 4348 2187 4400 omnium
2238 4357 2359 4400 vota
2405 4362 2696 4416 precesque
2733 4349 2990 4417 colligere
3026 4349 3304 4406 dicebatur
3338 4372 3352 4408 :
3381 4348 3527 4410 unde

1948 4417 2304 4472 Collectarum
2336 4432 2531 4472 nomen
2579 4428 2850 4485 sumptum
2899 4434 3062 4488 supra
3094 4424 3433 4488 monuimus,
3468 4437 3528 4482 ut

1951 4503 2137 4542 earum
2167 4488 2457 4557 antiquitas
2486 4489 2646 4542 etiam
2679 4490 2803 4544 hinc
2835 4493 3048 4554 probari
3081 4495 3527 4559 possit.Collecla

1953 4560 2096 4612 enim
2138 4559 2316 4624 dicta,
2355 4569 2413 4611 ut
2457 4559 2698 4615 declarat
2743 4561 3062 4630 Micrologus
3111 4564 3212 4630 (de
3239 4565 3524 4624 Observat.

1955 4631 2165 4706 Eccles.
2192 4645 2309 4698 cap.
2344 4629 2432 4706 3),
2466 4646 2522 4683 eo
2549 4632 2699 4706 quod
2728 4629 2986 4706 sacerdos,
3009 4635 3095 4699 qui
3123 4629 3376 4704 legatione
3403 4642 3526 4706 fun-

1953 4702 2092 4773 gitur
2116 4717 2209 4770 pro
2259 4703 2449 4773 populo
2490 4703 2557 4753 ad
2588 4701 2861 4755 Dominum
2883 4744 2897 4764 ,
2924 4707 3147 4756 omnium
3174 4701 3446 4770 petitiones
3467 4726 3526 4763 ea

1955 4771 2184 4824 oratione
2213 4771 2420 4841 colligat
2451 4782 2606 4842 atque
2634 4774 2925 4826 concludat.
2951 4773 3069 4828 Illtz
3085 4783 3252 4830 tamen
3274 4780 3526 4832 orationes

1953 4842 2228 4915 specialius
2243 4842 2480 4896 Collecta:
2501 4845 2667 4896 vocari
2694 4845 2946 4906 videntur,
2967 4863 3082 4915 qua:
3104 4847 3245 4912 apud
3269 4845 3526 4904 Romanos

1953 4928 2108 4989 super
2134 4914 2595 4989 collectampopuli
2645 4915 2735 4985 (id
2765 4925 2845 4968 est
2865 4914 3190 4989 ,_collectum
3223 4919 3473 4989 p0pulutn
3504 4922 3523 4989 )

1955 4983 2123 5055 fiunt;
2149 4985 2272 5055 dum
2298 4983 2577 5055 colligitur,
2636 4983 2692 5037 ut
2718 4986 2963 5048 procedat
2991 4989 3056 5042 de
3083 5004 3186 5040 una
3224 4983 3433 5042 ecclesia
3473 4983 3526 5045 in

1955 5054 2111 5106 aliam
2135 5053 2203 5105 ad
2229 5053 2498 5106 stationem
2529 5057 2834 5122 faciendam.
2869 5057 2993 5111 [hec
3038 5060 3146 5112 ille.
3173 5057 3414 5112 Sumitur
3442 5070 3526 5114 la-

1955 5139 2077 5178 men
2110 5126 2337 5178 collecta
2364 5128 2523 5195 etiam
2554 5142 2654 5195 pro
2683 5128 3211 5194 couventu,lidelium
3253 5144 3350 5183 seu
3405 5147 3526 5185 mo-

1954 5197 2251 5271 nachorum
2288 5195 2424 5271 apud
2457 5194 2778 5271 Cassianum
2800 5239 2816 5263 ,
2857 5209 2910 5252 et
2957 5214 3051 5271 pro
3081 5199 3398 5271 collectione
3435 5218 3526 5271 pe.

1954 5266 2124 5320 cunize
2155 5268 2478 5338 pauperibus
2507 5268 2794 5335 eroganda:
2816 5309 2831 5328 .
2856 5266 2974 5338 quas
3012 5269 3068 5322 in
3100 5267 3364 5336 ejusmodi
3399 5266 3526 5328 cons

1956 5347 2121 5392 ventu
2165 5336 2278 5389 ﬁeri
2307 5337 2550 5403 solebat,
2583 5349 2643 5392 ut
2676 5342 2724 5392 in
2753 5336 2884 5392 aliis
2899 5338 3030 5393 lovis
3065 5339 3292 5392 dicetur.
3319 5341 3395 5396 Ex
3427 5343 3527 5402 hoc

1956 5408 2137 5460 itidem
2189 5407 2308 5461 loco
2355 5408 2582 5462 dicimus
2627 5412 2891 5473 Abbates,
2934 5425 3028 5461 seu
3077 5409 3264 5464 Patres
3317 5413 3526 5470 illorum

1955 5477 2372 5540 monachorum,
2408 5490 2464 5530 ut
2508 5480 2792 5547 plurimum
2840 5481 3004 5533 fuisse
3039 5482 3382 5550 sacerdotes,
3413 5485 3526 5542 sive

1955 5550 2304 5620 presbyteros
2330 5567 2342 5602 ε
2374 5550 2515 5617 quod
2546 5551 2706 5604 etiam
2737 5566 2800 5604 ex
2837 5550 3110 5620 plerisque
3137 5553 3526 5612 Collationibus

1957 5615 2018 5673 fit
2048 5615 2424 5686 manifestum;
2459 5623 2754 5689 praesertim
2787 5636 2849 5676 ex
2874 5615 2993 5675 Col.
3019 5615 3054 5674 Il
3077 5639 3131 5681 c.
3157 5627 3206 5691 1,
3239 5639 3292 5682 et
3320 5631 3435 5684 Col.
3459 5634 3524 5688 18

1955 5705 2003 5745 c.
2039 5691 2121 5745 15.
2154 5692 2257 5745 Sed
2287 5693 2335 5744 id
2370 5693 2586 5759 quidem
2621 5691 2787 5745 fuisse
2818 5693 3148 5752 ordinarium
3172 5741 3184 5758 .
3216 5716 3318 5753 non
3347 5712 3523 5762 tamen

1956 5774 2273 5833 perpetuum
2308 5765 2432 5819 alibi
2462 5764 2624 5818 etiam
2665 5769 3018 5835 opportunius
3048 5771 3378 5827 dUt'ltllllltllb.
