4026 6334
519 321 622 383 103

1823 316 2102 379 JOANNIS
2133 317 2447 379 CASSIANI

3649 323 3754 382 104

515 448 640 498 cant
673 437 929 495 divinitus
975 438 1346 505 moderatum;
1394 444 1453 492 ut
1502 435 1901 492 ardentioribus
1949 436 2074 501 ﬁde,
2102 437 2150 498 Α
2178 434 2322 489 illam
2351 434 2793 502 satisfactionem,
2819 452 2977 508 quam
3009 452 3105 508 pro
3125 437 3465 511 negligentiis
3485 453 3581 495 seu
3603 439 3756 510 igno-

515 534 744 606 Spatium
782 547 889 604 quo
918 549 978 589 se
1007 532 1218 588 virtutis
1259 546 1446 587 eorum
1494 529 1839 598 infatigabilis
1893 543 2086 584 cursus

515 626 847 692 extenderet,
870 635 1198 691 servaretur,
1241 633 1295 680 et
1340 623 1687 679 nihilominus
1718 623 1873 678 fessis
1901 622 2088 691 aegris-

515 735 622 789 que
650 719 970 789 corporibus
1015 716 1239 772 minime
1266 717 1578 787 gigneretur
1606 715 1672 770 de
1700 714 1976 770 nimietate
2004 714 2085 768 ta-

514 811 758 867 stidium.
792 811 1024 878 Ideoque
1064 823 1187 864 cum
1215 808 1415 864 iuerint
1453 809 1755 864 orationum
1796 808 2086 862 canonica-

517 917 639 956 rum
691 901 996 957 functiones
1043 914 1110 955 ex
1159 914 1314 956 more
1369 899 1556 964 ﬁnitae,
1606 898 1975 968 unusquisque
2020 896 2088 952 ad

515 1009 668 1050 suam
702 1008 992 1049 recurrens
1019 992 1269 1048 cellulam
1301 992 1485 1063 (quam
1516 999 1609 1046 aut
1645 991 1813 1058 solus,
1849 999 2087 1046 autcum

515 1087 624 1142 alio
668 1094 874 1140 tantum
924 1084 1236 1142 inhabitare
1267 1085 1632 1155 permittitur,
1682 1099 1843 1155 quem
1884 1083 2090 1140 scilicet

517 1179 746 1233 societas
775 1178 1130 1246 operationis,
1173 1177 1259 1233 vel
1287 1178 1660 1248 discipulatus,
1689 1186 1745 1233 et
1788 1176 2090 1246 disciplina:

515 1268 744 1324 imbutio
770 1269 1065 1339 copulavit,
1096 1268 1181 1322 vel
1209 1279 1358 1323 certe
1396 1283 1553 1340 quem
1598 1267 1893 1322 similitudo
1921 1267 2092 1321 virtu-

514 1371 626 1416 tum
647 1376 956 1432 comparem
979 1359 1128 1431 fecit)
1150 1359 1290 1415 idem
1313 1375 1500 1415 rursus
1526 1359 1830 1416 orationum
1853 1356 2089 1414 ofﬁcium

512 1451 662 1508 velut
685 1452 965 1522 peculiare
990 1437 1319 1507 sacrificium
1339 1452 1633 1506 studiosius
1654 1450 1958 1517 celebrant,
1991 1465 2092 1506 nec

515 1542 745 1599 ulterius
773 1544 1058 1613 quisquam
1082 1558 1267 1598 eorum
1303 1544 1355 1597 in
1385 1543 1627 1613 requiem
1656 1543 1831 1598 somni
1863 1542 2090 1598 resolvi-

517 1645 641 1704 tur;
674 1635 846 1692 donec
872 1638 1288 1706 superveniente
1314 1635 1421 1693 diei
1455 1637 1768 1708 splendore,
1820 1647 2090 1694 nocturno

514 1727 692 1798 operi,
709 1743 774 1784 ac
799 1727 1138 1784 meditationi
1167 1729 1410 1798 Operatio
1427 1727 1618 1784 diurna
1650 1729 1924 1785 succedat.

1025 1885 1034 1898 κ
1096 1859 1323 1917 CAPUT
1354 1859 1494 1916 XIII.

519 1980 690 2046 Quare
729 1989 842 2050 post
873 1979 1083 2034 missam
1107 1990 1411 2035 nocturnam
1444 1981 1669 2036 dormire
1692 1997 1796 2036 non
1833 1989 2087 2053 oporteat.

586 2105 612 2133 κ
643 2095 812 2162 Quem
843 2095 1104 2162 laborem,
1138 2105 1336 2167 praeter
1368 2095 1512 2151 illam
1539 2097 1824 2162 rationem,
1851 2111 1956 2165 qua
1981 2105 2090 2152 tota

515 2186 778 2242 industria
801 2188 1104 2243 annitentes
1132 2188 1458 2244 sacriﬁcium
1495 2188 1609 2244 Deo
1639 2187 1707 2242 de
1749 2187 1925 2244 fructu
1973 2204 2092 2244 ma-

513 2295 677 2335 nuum
704 2295 922 2336 suarum
947 2279 1142 2336 olI‘erre
1179 2295 1239 2336 se
1281 2280 1526 2346 credunt,
1579 2280 1787 2336 duabus
1821 2297 1886 2336 ex
1915 2275 2092 2338 causis

513 2387 633 2428 cum
664 2372 810 2428 omni
847 2371 1224 2428 observatione
1265 2373 1594 2428 custodlunt.
1637 2372 1789 2440 Quod
1818 2388 1917 2428 nos
1953 2389 2090 2445 quo-

511 2480 618 2537 que
645 2466 1036 2545 si'perfectioni
1080 2466 1382 2533 studemus,
1433 2467 1621 2522 eadem
1661 2467 1938 2537 diligentia
1961 2482 2090 2522 con-

511 2558 660 2615 venit
701 2559 1011 2616 observare.
1067 2557 1246 2614 Prima
1301 2557 1330 2597 δ
1379 2574 1449 2614 ne
1494 2559 1631 2614 forte
1659 2557 2089 2628 puriﬁcationem

513 2660 748 2707 nostram
795 2651 1074 2707 nocturnis
1127 2650 1348 2717 psalmis
1375 2659 1431 2705 et
1474 2650 1809 2705 orationibus
1855 2650 2092 2720 acquisi-

513 2753 643 2810 tam,
701 2743 913 2800 invidus
942 2743 1194 2799 inimicus
1241 2744 1414 2800 livens
1449 2742 1675 2814 puritati
1730 2752 1950 2808 nostrai,
2002 2743 2090 2799 cui

514 2836 750 2893 maxime
777 2835 1062 2892 insidiatur
1086 2851 1324 2906 semper,
1355 2843 1411 2892 et
1441 2835 1816 2892 indesinenter
1859 2835 2089 2893 infestus

512 2938 620 3000 est,
649 2928 878 3000 quadam
905 2927 1082 2984 somni
1124 2928 1380 2986 illusione
1426 2930 1786 2985 contaminet.
1830 2928 1933 2997 Qui
1966 2937 2090 3000 post

2191 528 2486 584 rationibus
2517 531 2718 584 nostris
2747 531 3058 596 obtulimus,
3092 542 3146 587 et
3178 531 3534 588 confessionis
3553 541 3757 588 nostra:

2186 622 2397 677 veniam
2420 622 2650 690 profusis
2669 622 2957 692 gemitibus
2978 624 3336 693 imploratam,
3355 624 3618 678 sollicitus
3632 639 3754 688 nos,

2185 713 2233 769 si
2265 723 2480 782 tempus
2507 714 2702 784 quietis
2734 713 3023 783 invenerit,
3054 716 3330 771 maculare
3359 715 3600 779 festinat,
3627 726 3757 770 tunc

2190 806 2462 875 praecipue
2493 805 2746 861 ﬁduciam
2779 816 3020 862 nostram
3045 807 3279 877 dejicere
3302 818 3469 878 atque
3495 820 3759 863 enervare

2187 899 2544 966 contendens,
2584 914 2705 954 cum
2735 899 3030 956 ferventius
3073 915 3172 956 nos
3210 901 3276 956 ad
3328 902 3496 956 Deum
3528 901 3757 956 tendere

2188 991 2492 1046 orationum
2541 999 2853 1047 nostrarum
2908 993 3142 1062 puritate
3196 993 3490 1062 perviderit
3528 1008 3552 1059 ε¹
3579 993 3653 1048 ita
3697 1001 3761 1047 ut

2190 1098 2594 1152 nonnumquam
2640 1098 2775 1155 quos
2810 1099 2905 1154 per
2937 1095 3105 1140 totum
3155 1085 3331 1141 noctis
3363 1086 3592 1156 spatium
3626 1100 3757 1140 sau-
3807 1119 3818 1144 η

2189 1175 2337 1229 ciare
2367 1190 2472 1230 non
2503 1181 2692 1245 potuit,
2716 1176 2818 1230 sub
2843 1177 2985 1231 illius
3011 1177 3156 1232 horae
3184 1178 3504 1233 brevissimo
3518 1186 3762 1246 tempore

2189 1265 2553 1321 dehonestare
2603 1278 2832 1323 conetur
2881 1269 2898 1338 (
2931 1267 3055 1322 Vide
3083 1265 3275 1322 Collat.
3314 1269 3407 1334 22,
3436 1284 3549 1338 qua:
3575 1278 3651 1323 est
3696 1268 3763 1321 de

2191 1360 2448 1412 nocturnis
2479 1358 2854 1430 illusionibus).
2899 1360 3146 1417 Secunda
3175 1375 3327 1429 vero,
3372 1361 3514 1430 quod
3547 1360 3762 1416 tametsi

2192 1451 2338 1505 nulla
2371 1452 2492 1506 talis
2518 1452 2754 1508 verenda
2783 1452 2982 1508 diaboli
3019 1463 3262 1524 emergat
3305 1453 3502 1521 illusio,
3525 1452 3765 1508 interce-

2191 1544 2326 1600 dens
2352 1546 2514 1601 etiam
2547 1561 2711 1616 purus
2739 1560 2903 1615 sopor
2925 1546 3176 1602 inertiam
3207 1545 3474 1602 monacho
3511 1561 3633 1600 mox
3656 1545 3765 1601 evi-

2193 1637 2424 1706 gilaturo
2475 1639 2761 1707 parturiat,
2820 1653 3150 1708 segnemque
3201 1647 3475 1708 torporem
3521 1637 3764 1692 inferens

2192 1732 2386 1796 menti,
2410 1747 2504 1802 per
2533 1739 2704 1788 totum
2743 1731 2848 1788 diei
2871 1733 3104 1802 Spatium
3136 1733 3377 1801 vigorem
3415 1731 3532 1800 ejus
3565 1731 3762 1784 obtun-

2116 1821 2166 1883 B
2192 1821 2305 1890 dat,
2353 1823 2609 1893 illamque
2649 1824 2867 1878 hebetet
2897 1822 3289 1892 perspicaciam
3319 1836 3532 1890 sensus,
3563 1829 3616 1875 et
3643 1821 3764 1890 pin-

2189 1914 2478 1985 guedinem
2506 1914 2686 1970 cordis
2713 1915 3018 1981 exhauriat,
3042 1930 3160 1984 quae
3189 1929 3287 1969 nos
3335 1916 3509 1983 possit
3549 1927 3647 1983 per
3673 1921 3762 1966 to-

2189 2017 2302 2064 tum
2332 2007 2475 2063 diem
2499 2008 2758 2063 adversus
2779 2023 2967 2063 omnes
2993 2008 3216 2064 insidias
3262 2007 3466 2063 inimici
3495 2007 3765 2063 cautiores

2190 2101 2632 2171 robustioresque
2660 2116 2898 2157 servare.
2935 2102 3296 2170 Quamobrem
3325 2101 3598 2157 canonicis
3625 2101 3766 2171 vigi-

2187 2192 2276 2248 liis
2299 2193 2524 2262 privatae
2545 2194 2614 2248 ab
2634 2195 2714 2249 eis
2735 2194 3137 2265 subiunguntur
3161 2205 3184 2233 ο
3204 2195 3468 2259 excubiae,
3484 2209 3547 2248 ac
3561 2193 3768 2264 majore

2195 2285 2303 2340 illis
2321 2285 2698 2341 observatione
2719 2286 3028 2354 succedunt,
3049 2293 3109 2340 ut
3131 2294 3185 2341 et
3203 2285 3292 2340 illa
3315 2285 3616 2356 puriﬁcatio
3640 2298 3767 2355 quin

2195 2377 2414 2448 psnlmis
2443 2389 2498 2433 et
2523 2378 2862 2434 orationibus
2886 2386 2971 2434 est
2996 2379 3284 2449 acquisita,
3322 2394 3431 2434 non
3462 2386 3687 2448 pereat;
3711 2385 3768 2433 et

2196 2470 2454 2526 intentior
2480 2470 2787 2527 sollicitudo
2812 2471 3121 2540 diligentius
3156 2486 3255 2528 nos
3288 2487 3384 2542 per
3412 2471 3554 2526 diem
3580 2481 3766 2528 custo-

2194 2561 2394 2628 ditura,
2426 2572 2760 2633 praeparetur
2799 2563 3150 2619 meditatione
3176 2571 3455 2619 nocturna.

2779 2676 3008 2733 CAPUT
3045 2677 3186 2734 XIV.

2305 2769 2759 2851 Quemadmodum.
2783 2770 2834 2822 in
2862 2768 3062 2851 cellulis
3098 2770 3206 2824 suis
3235 2786 3362 2840 Opus
3417 2787 3660 2825 manuum

2547 2851 2594 2896 et
2625 2849 2882 2896 orationes
2905 2849 3098 2908 pariter
3125 2851 3407 2895 exerceant.

2265 2933 2332 2989 Et
2361 2933 2562 2990 idcirco
2589 2949 2680 2990 eas
2702 2949 2824 2990 cum
2853 2933 3155 3005 adiectione
3176 2936 3355 3005 operis
3380 2943 3765 3007 exsequuntur,

1569 3045 1829 3103 ALARDI
1866 3045 2098 3104 GAZEI
2134 3048 2695 3110 COMMENTARIUS.

518 3153 616 3225 lem
648 3140 929 3225 beatissimi
955 3139 1130 3224 Patris
1155 3150 1216 3225 et.
1238 3143 1351 3225 ejus
1383 3141 1638 3225 Regulam
1660 3143 1886 3225 veniant,
1939 3142 2092 3211 facile
2119 3143 2166 3208 C
2195 3146 2433 3200 manibus
2480 3156 2757 3225 operantes.
2796 3148 2951 3219 facile
2989 3158 3222 3225 possunt,
3251 3157 3303 3225 et
3341 3148 3507 3225 ipsum
3546 3148 3769 3204 laborem

513 3213 1087 3337 ZtofidlereliItnicuique
1128 3215 1217 3284 qui
1258 3211 1375 3282 ejus
1425 3211 1680 3286 Regulam
1705 3213 1856 3266 etiam
1903 3229 2087 3282 parum

563 3301 613 3337 ai
641 3324 654 3337 .
710 3297 759 3337 ta
789 3299 801 3336 t
846 3299 898 3337 e.

516 3284 654 3339 lenit.
686 3285 759 3337 Ita
789 3283 898 3338 ille.

563 3303 1048 3424 gfii'iiinilfémpe,
1080 3354 1148 3409 de
1174 3369 1285 3422 quo
1313 3354 1368 3408 in
1401 3355 1506 3408 ﬁne
1535 3368 1656 3420 cap.
1693 3352 2083 3423 prtecedentis:

515 3424 781 3548 Nacturno
823 3428 964 3496 operi
1011 3441 1072 3480 ac
1113 3426 1429 3479 meditationi
1481 3425 1714 3494 operatio
1743 3425 1934 3479 diurna
1973 3443 2090 3480 suc-

518 3512 574 3548 ce
612 3505 682 3548 at.

518 3505 682 3550 cedat.

584 3565 611 3604 δ
643 3566 802 3620 Vides
834 3574 1036 3635 quanto
1075 3565 1255 3622 studio
1283 3573 1338 3621 et
1372 3565 1737 3620 sollicitudine
1762 3565 1834 3635 pii
1867 3565 1942 3620 illi
1973 3581 2090 3622 mo-

513 3637 666 3692 nachi
697 3646 749 3693 et
775 3637 1024 3705 puritatis
1053 3647 1321 3692 amatores
1347 3637 1656 3692 studuerint
1688 3647 1980 3691 nocturnas
2025 3638 2092 3692 il-

512 3707 750 3763 lusiones
774 3716 827 3761 et
869 3708 1197 3776 pollutiones
1228 3723 1389 3777 opera
1428 3708 1630 3762 diaboli
1667 3710 1950 3776 procurari
2000 3723 2090 3763 so-

514 3779 636 3833 litas
665 3793 997 3845 prmcavere:
1031 3788 1091 3832 ut
1137 3778 1274 3833 hanc
1303 3779 1372 3832 ob
1399 3792 1616 3832 causnm
1645 3778 1911 3847 reliquum
1946 3786 2088 3832 tem-

512 3851 660 3920 poris
681 3858 790 3921 post
813 3858 1120 3902 nocturnam
1149 3850 1355 3903 missam
1393 3849 1668 3921 (tithabet
1698 3849 1889 3903 titulus
1932 3849 2092 3921 hujus

512 3919 689 3989 eap.),
727 3920 764 3976 i.
795 3934 845 3973 ε.
902 3928 1023 3985 post
1061 3930 1380 3976 nocturnum
1431 3919 1675 3974 Ofﬁcium
1705 3960 1720 3984 ,
1773 3920 1976 3974 nemini
2023 3921 2090 3974 ad

515 4005 764 4060 somnum
811 3990 988 4045 redire
1015 3990 1230 4044 liceret:
1264 3989 1357 4044 sed
1387 3989 1640 4054 orationi,
1673 3991 1755 4044 vel
1787 3990 2090 4060 Operationi

515 4059 729 4115 assidue
755 4074 947 4114 omnes
971 4068 1243 4114 vacarent.
1281 4059 1434 4124 Quod
1481 4069 1645 4114 etiam
1694 4062 1978 4114 aemulatus
2022 4060 2086 4114 D.

515 4131 838 4186 Benedictus
863 4131 1052 4186 statuit
1080 4128 1232 4201 (Cap.
1279 4129 1312 4185 8
1357 4129 1621 4201 Regalis),
1665 4139 1722 4182 ut
1745 4129 1931 4185 hiemis
1961 4140 2088 4184 tem-

515 4218 660 4272 pore,
705 4201 843 4272 quod
893 4211 1050 4272 restat
1079 4199 1193 4271 post
1223 4199 1427 4271 vigilias
1451 4242 1465 4266 ,
1494 4199 1532 4254 i.
1569 4209 1688 4272 post
1726 4209 2041 4255 nocturnum
2073 4248 2086 4271 ,

514 4269 657 4342 quod
690 4269 846 4341 vulgo
874 4269 1100 4326 dicimus
1149 4269 1471 4326 matutinum
1498 4269 1762 4334 olficium,
1794 4287 1826 4324 a
1846 4269 2090 4341 fratribus

516 4343 843 4397 meditationi
867 4342 1195 4396 inserviatur.

591 4423 615 4453 ε
651 4413 755 4468 Eas
776 4413 1050 4477 nimirum,
1076 4426 1208 4481 quas
1228 4411 1475 4479 superius
1499 4410 1651 4482 (Cap.
1685 4408 1931 4481 prwced.)
1957 4409 2093 4466 dixit

517 4483 757 4554 privatas
801 4483 1101 4554 excubias,
1125 4482 1176 4537 id
1223 4490 1332 4547 est,
1387 4485 1644 4550 privatas,
1674 4491 1730 4537 et
1762 4494 2091 4554 spontaneas

515 4552 810 4620 orationes,
861 4553 1265 4622 meditationes,
1307 4554 1730 4608 exercitationes
1759 4552 2090 4620 spirituales,

515 4639 650 4694 quas
706 4625 776 4691 pii
823 4625 898 4679 illi
931 4625 1201 4686 monachi,
1235 4633 1517 4694 postquam
1559 4624 1822 4678 absolutis
1871 4624 2087 4693 vigiliis,

515 4709 612 4752 seu
639 4695 834 4750 ofﬁciis
856 4696 1129 4750 nocturnis
1149 4694 1215 4749 ad
1237 4709 1362 4749 suas
1383 4695 1606 4750 cellulas
1645 4708 1704 4749 se
1747 4706 2087 4762 receperant,

515 4768 772 4838 privatim
803 4782 868 4838 ex
899 4765 1402 4838 devotionesimul
1455 4779 1578 4838 cum
1611 4779 1779 4831 opere
1830 4766 2086 4828 manuali,

517 4834 776 4907 quantum
829 4837 1059 4892 humana
1091 4834 1348 4907 fragilitas
1379 4835 1701 4907 patiebatur,
1724 4839 2087 4899 exercebant;

517 4905 589 4963 ne
622 4909 745 4977 quid
777 4907 880 4962 sibi
917 4910 1174 4976 temporis
1203 4906 1427 4977 absque
1460 4905 1638 4960 fructu
1666 4919 1716 4960 et
1749 4916 1910 4975 gustu
1935 4907 2093 4976 spiri-

520 4976 650 5033 tuali
681 4979 979 5049 deperiret,
1012 4977 1100 5032 vel
1139 4976 1330 5049 otiosis
1381 4984 1472 5031 aut
1519 4977 1834 5032 vacantibus
1866 4991 2093 5032 somnus

518 5047 825 5121 obreperet.
874 5048 960 5104 Ita
1006 5064 1221 5118 namque
1263 5047 1340 5121 ab
1383 5050 1456 5102 eis
1510 5049 1824 5101 incessanter
1863 5050 2092 5121 Operatio

518 5117 766 5176 manuum
795 5121 1030 5190 privatim
1065 5117 1154 5185 per
1198 5117 1830 5190 cellulasgexercebatur,
1865 5129 1921 5172 ut
1944 5119 2101 5190 psal-

519 5209 721 5248 morum
744 5187 960 5262 quoque,
986 5190 1062 5243 vel
1091 5201 1387 5244 cwterarum
1415 5187 1808 5258 Scripturarum
1836 5187 2097 5262 meditatio

517 5260 1040 5333 numquampenitus
1080 5262 1530 5333 antitteretur;_ut
1569 5268 1756 5314 auctor
1798 5260 2019 5333 repetitA
2042 5269 2100 5315 et

519 5329 754 5388 inculcat
787 5329 881 5386 lib.
931 5346 989 5385 ιιι
1031 5346 1149 5401 cap.
1179 5329 1238 5394 2,
1266 5339 1320 5384 et
1342 5330 1800 5401 D.7Ilieronynius
1841 5330 1890 5383 in
1935 5329 2094 5396 epist.

521 5402 591 5456 18
612 5404 678 5456 de
701 5401 1031 5456 monasterio
1042 5400 1390 5457 etmouachis
1409 5400 1834 5456 Betlileemiticis
1849 5402 2095 5468 loquens:

521 5469 592 5525 In
621 5471 830 5536 Christi,
852 5472 1044 5542 inquit,
1069 5472 1190 5526 villa
1221 5483 1327 5526 tota
1353 5473 1614 5526 rusticitas
1645 5481 1718 5526 est
1742 5489 1760 5525 :
1783 5481 1926 5525 extra
1950 5470 2096 5542 psal-

521 5557 631 5596 mos
656 5543 916 5595 silentium
939 5554 1046 5597 est:
1075 5557 1386 5613 quocumque
1417 5552 1464 5613 te
1492 5554 1677 5608 vertas,
1711 5551 1886 5595 arator
1913 5544 2098 5596 stivam

522 5622 701 5667 tenens
741 5613 963 5666 Alleluia
1016 5611 1292 5677 decantat;
1330 5611 1526 5664 sudans
1562 5628 1756 5666 messor
1798 5616 2006 5677 psalmis
2042 5630 2097 5668 se

522 5695 722 5748 avocat,
755 5691 802 5736 et
841 5697 998 5736 curva
1025 5683 1292 5737 attondens
1330 5684 1450 5736 vites
1488 5681 1626 5807 {dlce
1668 5684 1855 5736 vinitor
1892 5683 2095 5753 aliquid

524 5752 830 5807 Davidicum
856 5754 1013 5807 canit.
1043 5752 1108 5807 D.
1139 5755 1466 5807 Augustinus
1512 5757 1580 5807 ib.
1606 5752 1673 5807 de
1695 5753 1872 5807 Ooere
1902 5771 2090 5807 mona-

524 5752 830 5809 Davidicum
856 5752 1108 5824 canit._D.
1139 5755 1466 5824 Augustinus
1488 5752 1580 5807 lib.
1606 5752 1673 5807 de
1695 5753 1872 5823 Opere
1902 5752 2090 5809 mana-

523 5825 744 5886 chorum
773 5839 824 5881 c.
858 5824 924 5879 17
951 5840 963 5878 :
1004 5820 1247 5892 Cantica;
1268 5824 1461 5893 inquit,
1491 5824 1665 5880 divina
1707 5820 1911 5881 cantare
1939 5828 2092 5882 etiam

2193 3230 2452 3282 tamquam
2479 3218 2651 3271 divino
2680 3218 2958 3273 celeumate
3011 3220 3289 3272 consolari.
3349 3218 3429 3272 An
3475 3221 3771 3288 ignoramus

2193 3288 2398 3362 apirﬁces
2427 3288 2610 3362 quibus
2634 3289 2966 3362 vanitatibus,
2995 3301 3045 3362 et
3064 3290 3370 3362 plerumque
3410 3292 3563 3343 etiam
3602 3293 3772 3362 turpi-

2193 3357 2458 3413 tudinibus
2509 3357 2875 3430 theatricarum
2929 3360 3218 3430 fabularum
3256 3359 3445 3413 donent
3487 3357 3772 3426 corda,'et

2191 3430 2396 3500 linguas
2421 3445 2564 3494 suas,
2592 3428 2707 3482 cum
2731 3447 2911 3483 manus
2931 3428 2999 3483 ab
3021 3446 3172 3501 opere
3198 3446 3300 3483 non
3329 3433 3605 3484 recedant?
3629 3431 3771 3496 Quid

2191 3517 2310 3573 ergo
2338 3501 2783 3573 impeditservum
2825 3501 2918 3573 Dei
2950 3501 3514 3573 manibus‘operantem
3555 3503 3607 3554 in
3662 3502 3774 3572 lege

2191 3570 2401 3626 Domini
2432 3571 2690 3642 meditari,
2712 3581 2760 3625 et
2775 3572 2994 3642 psallere
3017 3571 3207 3624 nomini
3230 3570 3481 3625 Altissimi
3503 3586 3522 3623 :
3552 3573 3624 3624 ita
3647 3570 3774 3627 sane

2191 3652 2246 3695 ut
2277 3642 2346 3695 ad
2371 3642 2465 3695 illa
2494 3641 2757 3704 discenda,
2776 3641 2899 3710 qua:
2928 3643 3216 3695 memoriter
3241 3642 3454 3702 recolat.
3484 3641 3666 3698 habeat
3694 3659 3773 3696 se—

2191 3715 2357 3784 posita
2386 3723 2611 3778 tempora
2635 3712 2658 3764 ?
2687 3712 2812 3766 Haec
2841 3712 2937 3767 SS.
2972 3714 3176 3784 Patres.
3233 3711 3309 3765 Ex
3340 3713 3531 3775 quibus
3577 3713 3774 3782 colligo

2191 3783 2519 3842 Orationem,
2544 3784 2844 3850 praesertim
2871 3783 3182 3847 tnentzilem,
3215 3797 3319 3836 non
3351 3797 3569 3850 semper
3593 3784 3772 3851 impe-

2192 3853 2293 3908 diri
2333 3867 2497 3922 opere
2527 3862 2777 3916 esterno,
2815 3861 2871 3907 et
2897 3853 3153 3919 manuali,
3201 3863 3260 3906 ut
3306 3863 3496 3907 vocant
3524 3869 3540 3918 ;
3573 3863 3626 3907 et
3665 3869 3775 3910 non

2192 3923 2352 3977 modo
2375 3925 2602 3986 licitum,
2628 3922 2722 3976 sed
2742 3932 2798 3976 et
2823 3925 2990 3992 pium,
3010 3937 3073 3977 ac
3088 3923 3325 3978 salutare
3346 3925 3619 3978 esseiiiter
3646 3940 3776 3993 ope—

2192 3994 2416 4046 randum
2449 3993 2654 4062 aliquid
2690 3993 2758 4060 pii
2786 3993 3068 4051 meditari:
3117 4003 3208 4046 aut
3254 3996 3513 4061 psalmos,
3547 4005 3602 4049 et
3640 3995 3777 4051 alias

2193 4078 2379 4133 preces
2398 4071 2658 4127 recitare;
2687 4065 2844 4118 modo
2869 4063 2978 4117 tale
2999 4077 3133 4128 opus
3156 4078 3259 4118 non
3283 4064 3376 4133 sit,
3396 4063 3535 4133 quod
3559 4080 3778 4121 omnem

2191 4133 2447 4204 egtcludat
2505 4134 2856 4204 attentionem
2894 4133 3216 4204 (S.7_Thom.
3266 4149 3325 4196 ti,
3356 4152 3407 4202 q.
3449 4135 3540 4203 83,
3573 4153 3623 4188 a.
3659 4136 3726 4190 H
3757 4153 3775 4202 ;

2195 4202 2394 4259 Navar.
2427 4206 2489 4258 de
2516 4203 2665 4258 Orat.
2693 4220 2738 4257 c.
2769 4205 2834 4259 18
2860 4202 2910 4258 et
2933 4202 3028 4275 2i)
3080 4204 3212 4259 Nam
3243 4209 3296 4257 in
3333 4207 3477 4260 Ouini
3527 4202 3778 4261 oratione

2194 4276 2393 4340 vocali,
2443 4276 2606 4330 etiam
2636 4275 2806 4329 libera
2833 4283 2889 4329 et
2915 4283 3240 4343 spontanea,
3272 4276 3568 4340 requiritur
3596 4276 3779 4344 aliqua

2192 4350 2421 4401 attentio
2446 4355 2500 4401 et
2530 4347 2832 4400 reverentia
2865 4345 3097 4406 interna.
3160 4355 3219 4399 ut
3265 4347 3540 4414 colligitur
3567 4361 3632 4401 ex
3684 4346 3778 4401 illa

2193 4416 2397 4471 celebri
2429 4415 2714 4471 Hieremiae
2760 4417 3024 4472 sententia
3052 4416 3411 4484 {Maledictus
3456 4417 3605 4468 homo
3629 4457 3644 4478 ,
3692 4433 3780 4484 qus

2197 4488 2502 4560 facitgopus
2557 4486 2685 4560 Dei__
2704 4488 3026 4560 negligenter
3071 4477 3251 4560 [υἱ-ετ.
3305 4485 3394 4560 48,
3426 4503 3496 4560 es
3525 4477 3780 4560 Ilebréo,

2199 4556 2578 4629 fraudulenter,
2609 4556 3021 4628 ιΧΧ,’ἀμελῶς,
3059 4556 3409 4629 negligenter].
3438 4557 3499 4613 Si
3519 4559 3674 4623 enim,
3703 4559 3780 4613 ait

2199 4627 2260 4680 Ι).
2297 4627 2642 4695 Benedictus,
2669 4645 2782 4681 cum
2815 4627 3420 4698 lioniiniliuspotentibus
3463 4629 3638 4697 aliqua
3683 4643 3780 4680 vo-

2198 4699 2368 4752 lumus
2394 4713 2688 4768 suggerere,
2723 4713 2824 4750 non
2867 4700 3248 4768 prtesumimus.
3280 4698 3382 4750 nisi
3426 4715 3540 4768 c_um
3568 4698 3780 4751 humili~

2197 4778 2302 4822 tate
2325 4778 2370 4822 et
2397 4765 2680 4821 reverentia
2711 4782 2732 4822 :
2766 4765 2955 4834 quanto
2985 4772 3149 4838 magis
3182 4767 3404 4822 Domino
3434 4765 3544 4821 Deo
3574 4771 3781 4822 univer-

2197 4853 2538 4910 sorum,_cum
2567 4839 2716 4910 omni
2757 4839 3044 4910 humilitate
3064 4848 3108 4891 et
3131 4839 3336 4910 pietatis
3363 4839 3628 4893 devotione
3653 4855 3782 4905 sup-

2197 4907 2506 4978 plicandum
2534 4907 2651 4962 est!
2687 4908 2841 4976 Quod
2886 4912 2928 4963 si
2962 4909 3015 4962 in
3069 4907 3314 4964 oratione
3365 4911 3527 4963 etiam
3563 4911 3781 4977 privata

2198 4988 2253 5051 et
2284 4979 2451 5033 libera
2479 4980 2655 5033 locum
2683 4981 2863 5045 habet,
2920 4981 3088 5034 multo
3117 4979 3286 5051 magis
3330 4980 3382 5033 in
3406 4981 3663 5051 oratione
3683 4996 3783 5046 pu-

2199 5049 2338 5103 blica
2373 5060 2429 5104 et
2455 5059 2751 5120 praecepta,
2792 5059 2918 5120 puta
2950 5054 3001 5104 in
3027 5051 3171 5104 horis
3195 5049 3472 5105 canonicis
3498 5060 3555 5104 et
3582 5050 3780 5105 ofﬁciis

2202 5120 2588 5175 ecclesiasticis
2636 5121 3030 5176 observandum
3060 5139 3072 5174 :
3104 5137 3205 5190 qua
3249 5121 3318 5176 de
3366 5136 3424 5176 re
3458 5124 3614 5182 intra.
3659 5121 3781 5176 loco

2203 5190 2328 5246 huic
2359 5192 2616 5260 persimili
2645 5206 2865 5261 agemus
2897 5191 3138 5261 pluribus
3161 5190 3299 5257 (Lib.
3334 5207 3388 5246 ιιι
3417 5209 3463 5244 c.
3493 5191 3573 5261 2).
3609 5192 3782 5246 Porro

2202 5264 2428 5317 orationi
2456 5265 2697 5326 mentali,
2721 5276 2816 5316 seu
2847 5261 3180 5316 meditationi
3212 5262 3402 5318 deesse
3447 5277 3552 5316 non
3599 5271 3781 5330 potest

2203 5335 2452 5404 attentio,
2477 5348 2602 5404 cum
2625 5332 2986 5404 ipsaattentio
3011 5334 3082 5404 sit
3103 5333 3368 5404 ipSissima
3393 5334 3565 5387 oratio
3593 5333 3779 5404 (Solus
3805 5377 3812 5400 ,

2200 5402 2290 5457 lib.
2322 5420 2354 5458 x
2379 5403 2443 5457 de
2471 5400 2612 5455 Just.
2645 5400 2695 5469 ξι.
2725 5402 2858 5474 δια.
2907 5401 2982 5474 5).
3035 5402 3265 5457 Proinde
3292 5415 3554 5474 repugnat
3595 5400 3780 5457 tuente
3811 5417 3816 5422 ‘

2203 5488 2381 5540 orare,
2407 5481 2463 5529 et
2490 5488 2596 5527 non
2625 5473 2947 5538 attendere,
2975 5481 3038 5526 ut
3067 5487 3161 5540 per
3190 5486 3250 5527 se
3282 5473 3466 5527 noiuui
3497 5483 3580 5528 est
3605 5491 3616 5525 :
3651 5489 3778 5528 nam

2203 5559 2322 5599 cum
2352 5546 2584 5614 primum
2619 5556 2770 5614 mens
2796 5543 2976 5610 vagari
3000 5543 3210 5613 incipit,
3236 5560 3395 5600 orare
3423 5545 3638 5599 desinit.
3673 5545 3780 5598 Ita-

2203 5630 2306 5684 que
2349 5613 2464 5670 80Ia
2493 5613 2697 5668 vocalis
2724 5614 2902 5668 oratio
2949 5622 3053 5676 est,
3097 5630 3215 5682 quae
3245 5614 3540 5671 attentione
3585 5629 3779 5670 carere

2201 5695 2402 5755 potest,
2433 5685 2562 5739 dum
2593 5684 2916 5754 cogitatione
2933 5684 3004 5742 ad
3022 5685 3129 5742 alia
3155 5686 3449 5756 deﬂuente,
3475 5687 3653 5758 lingua
3677 5687 3776 5742 dat

2199 5758 2317 5815 sine
2341 5765 2522 5814 mente
2551 5771 2764 5814 sonum.
