4026 6334
243 297 347 359 103

715 296 806 354 DE
839 290 1320 356 GmNOBIORUM
1359 289 1605 352 fNS'I‘lT.
1643 286 1775 351 LIB.
1815 289 1884 351 II.
1912 321 1982 336 --
2013 290 2102 349 DE
2138 289 2524 351 NOCTURNIS
2561 289 3044 355 ORATIONIBUS.

3413 293 3518 360 106

245 429 318 470 ne
342 412 495 469 velut
533 410 731 467 otiosis
760 411 939 467 valeat
969 423 1191 466 somnus
1221 409 1478 480 irrepere.
1514 408 1665 465 Sicut
1685 407 1830 464 enim
1855 406 1914 471 Α
1935 407 2165 463 evocati.
2197 407 2350 475 Quod
2376 408 2448 464 ita
2476 409 2694 481 explent
2723 411 2868 468 fores
2894 410 3123 482 egressi,
3149 419 3213 467 ut
3239 413 3385 469 nulla
3429 417 3526 472 in-'

241 507 450 561 nullum
482 503 658 560 ferme
685 503 756 559 ab
782 504 862 559 eis
893 503 986 557 otii
1031 512 1243 572 tempus
1284 500 1572 571 excipitur,
1613 498 1688 556 ita
1727 513 1828 554 nec

242 598 587 654 meditationi
633 597 851 668 quidem
897 596 1130 665 spiritali
1182 595 1302 650 finis
1347 593 1663 666 imponitur.
1693 592 1828 648 Nam

240 694 454 762 pariter
495 702 816 748 exercentes
855 691 1100 761 corporis
1127 690 1429 760 animaeque
1458 690 1710 757 virtutes,
1737 703 1832 744 ex-

237 783 460 839 terioris
486 782 728 838 hominis
749 782 1018 853 stipendia
1045 796 1171 838 cum
1201 781 1585 837 emolumentis
1609 780 1833 836 interio-

237 874 313 930 ris
341 884 659 946 exaequant,
692 875 916 930 lubricis
941 873 1178 930 motibus
1203 873 1385 930 cordis
1415 883 1470 930 et
1497 872 1830 930 ﬂuctuationi

236 969 646 1040 cogitationum
725 967 1006 1036 instabili,
1065 982 1290 1037 operum
1347 967 1624 1037 pondera,
1681 966 1832 1022 velut

236 1061 534 1132 quamdam
553 1071 822 1127 tenacem,
848 1071 1010 1131 atque
1032 1060 1366 1115 immobilem
1379 1059 1672 1115 anchoram
1700 1075 1833 1130 pra:-

236 1153 496 1225 ﬁgentes,
527 1154 614 1209 cui
641 1153 952 1209 volubilitas
991 1167 1054 1208 ac
1084 1152 1397 1224 pervagatio
1419 1151 1600 1208 cordis
1633 1153 1830 1208 innexa

234 1246 380 1302 intra
413 1245 568 1301 cella:
603 1245 869 1312 claustra,
902 1245 1052 1301 velut
1086 1245 1139 1299 in
1170 1257 1330 1316 portu
1361 1243 1625 1299 fidissimo
1652 1244 1833 1300 valeat

233 1338 554 1404 contineri;
601 1348 764 1408 atque
800 1337 873 1392 ita
920 1335 1161 1407 spiritali
1204 1336 1553 1392 meditationi
1599 1346 1830 1404 tantum,

232 1439 289 1486 et
307 1429 581 1487 custodia:
609 1431 999 1501 cogitationum
1026 1431 1254 1497 intenta,
1287 1446 1396 1486 non
1425 1429 1588 1486 modo
1609 1429 1678 1485 ad
1708 1445 1833 1487 con-

233 1539 466 1581 sensum
524 1538 704 1594 pravae
761 1524 1024 1594 cujusque
1081 1523 1444 1595 suggestionis
1515 1525 1828 1595 pervigilem

232 1627 484 1672 mentem
513 1630 770 1672 corruere
808 1631 916 1672 non
955 1617 1120 1684 sinat,
1152 1631 1341 1672 verum
1397 1615 1560 1672 etiam
1589 1617 1658 1673 ab
1683 1617 1831 1672 omni

231 1708 542 1778 superflua,
585 1709 876 1779 otiosaquc
921 1707 1248 1779 cogitatione
1294 1708 1607 1790 custodiat;
1660 1709 1732 1764 ita
1773 1718 1832 1764 ut

1936 508 2018 556 ter
2033 514 2127 556 eos
2152 502 2534 558 sermocinatio
2558 503 2771 572 penitus
2790 516 3127 562 conseratur.
3146 506 3252 564 Sed
3264 506 3341 562 sic
3359 524 3520 566 unus-

1934 592 2162 663 quisque
2181 607 2318 663 opus
2351 592 2668 665 exsequitur
2689 595 3012 667 iniunctum,
3046 607 3105 654 ut
3129 599 3400 670 psalmum
3423 601 3513 658 vel

1934 683 2259 755 scripturam
2309 686 2605 756 quamlibet
2657 689 2974 746 memoriter
2999 693 3359 761 recensendo,
3401 709 3514 751 non

1935 775 2112 831 solum
2134 777 2527 848 conspirationi
2559 780 2760 847 noxiae,
2792 780 2880 836 vel
2907 781 3149 838 consiliis
3176 785 3377 854 pravis,
3418 785 3518 842 sed

1935 881 2038 922 nec
2082 867 2272 924 otiosis
2325 868 2541 939 quidem
2584 870 2908 940 colloquiis,
2951 872 3116 928 ullam
3156 877 3367 946 copiam
3424 875 3514 932 vel

1937 967 2147 1029 tempus
2176 959 2481 1031 impartiat,
2506 962 2622 1017 oris
2671 963 2875 1033 pariter
2917 972 2976 1020 et
3008 965 3194 1022 cordis
3245 967 3428 1023 officio
3461 968 3518 1024 in

1934 1051 2287 1108 meditatione
2307 1052 2536 1122 spiritali
2560 1053 2762 1125 iugiter
2782 1067 3068 1126 occupato.
3083 1055 3112 1096 ι’
3127 1059 3350 1114 Summa
3367 1075 3521 1117 nam-

1935 1159 2040 1215 que
2065 1145 2409 1202 observantia
2440 1149 2762 1216 custoditur,
2810 1166 2878 1207 ne
2907 1151 3185 1224 quisquam
3221 1169 3343 1210 cum
3380 1157 3515 1227 alio,

1937 1251 2000 1292 ac
2031 1238 2300 1309 praecipue
2343 1239 2594 1310 iuniores
2621 1241 2731 1315 [ΑΙ.
2766 1241 3027 1316 iuniore],
3051 1247 3135 1302 vel
3171 1247 3236 1302 ad
3259 1257 3518 1317 punctum

1934 1331 2197 1400 temporis
2226 1332 2431 1400 pariter
2457 1335 2790 1402 substitisse,
2821 1345 2916 1391 aut
2961 1338 3168 1408 uspiam
3194 1343 3516 1413 secessisse,

1935 1423 2020 1478 vel
2038 1438 2232 1479 manus
2258 1440 2384 1480 suas
2405 1425 2638 1482 invicem
2666 1428 2905 1485 tenuisse
2935 1430 3432 1500 deprehendantur.
3460 1435 3521 1492 Si

1935 1515 2026 1586 qui
2061 1531 2192 1572 vero
2213 1527 2402 1574 contra
2434 1519 2593 1591 hujus
2639 1523 2844 1592 regulae
2888 1523 3264 1594 disciplinam,
3312 1528 3521 1597 reperti

1934 1607 2138 1664 fuerint
2159 1610 2362 1680 aliquid
2385 1627 2452 1668 ex
2479 1612 2560 1667 his
2580 1629 2700 1684 qua:
2720 1613 3013 1670 interdicta
3036 1627 3186 1682 sunt,
3204 1617 3517 1691 admisisse,

1936 1707 1994 1754 ut
2022 1711 2392 1773 contumaces,
2415 1719 2480 1760 ac
2502 1706 2950 1776 praevaricatores
2984 1711 3384 1781 mandatorum,
3411 1727 3522 1769 non

232 1803 366 1874 quid
395 1818 470 1858 ex
488 1817 594 1874 quo
619 1803 874 1873 pendeat,
918 1802 1059 1858 haud
1101 1802 1263 1859 facile
1302 1803 1472 1872 possit
1500 1818 1529 1857 ε
1557 1817 1828 1874 quoquam
1860 1799 1908 1860 B
1935 1793 2069 1849 levis
2094 1795 2268 1866 culpae
2295 1799 2373 1852 rei
2422 1801 2777 1868 pronuntiati,
2811 1802 3122 1870 suspicione
3143 1807 3308 1859 etiam
3332 1806 3521 1876 coniu-

233 1893 507 1959 discerni,
541 1893 594 1949 id
625 1904 729 1959 est,
758 1903 939 1951 utrum
970 1906 1194 1966 propter
1219 1895 1630 1951 meditationem
1669 1895 1828 1966 spiri-

235 1987 404 2042 talem
478 1987 800 2044 incescabile
865 2003 1122 2044 manuum
1179 2003 1316 2060 opus
1371 1998 1690 2055 exerceant,
1757 2003 1827 2043 an

232 2091 466 2150 propter
489 2083 673 2152 operis
717 2081 1002 2152 ingitatem
1053 2092 1162 2137 tam
1219 2082 1544 2152 praeclarum
1602 2081 1827 2152 spiritus

231 2171 573 2241 profectum,
603 2172 952 2242 scientiaeque
985 2172 1166 2228 lumen
1195 2172 1496 2243 acquirant.

841 2307 1071 2366 CAPUT
1103 2308 1220 2364 XV.

233 2400 352 2466 Qua
381 2401 499 2470 lege
529 2401 794 2456 modestia:
821 2411 934 2471 post
963 2402 1257 2455 orationum
1299 2401 1506 2456 missam
1547 2401 1823 2470 unusquiso

298 2489 405 2543 que
436 2473 508 2524 ad
529 2489 672 2526 suam
698 2471 937 2526 cellulam
966 2472 1164 2541 redeat,
1198 2479 1245 2526 et
1268 2473 1351 2526 cui
1381 2472 1627 2528 subdatur
1656 2474 1826 2526 incre-

302 2543 516 2612 pationi
547 2543 591 2595 is
611 2544 700 2614 qui
729 2544 884 2596 aliter
910 2544 1111 2613 fecerit.

299 2635 508 2689 Finitis
538 2635 718 2704 itaque
771 2634 1022 2704 psalmis,
1065 2645 1120 2690 et
1169 2635 1481 2706 quotidiana
1531 2650 1828 2708 congrega-

226 2727 406 2790 tione,
459 2726 602 2781 sicut
650 2727 899 2796 superius
943 2728 1510 2795 commemoravimus,
1553 2728 1823 2798 absoluta,

224 2827 252 2856 ⁸
273 2819 474 2874 nullus
487 2833 671 2874 eorum
697 2817 779 2874 vel
802 2817 868 2873 ad
892 2818 1157 2874 modicum
1173 2819 1490 2885 subsistere,
1506 2832 1593 2875 aut
1620 2836 1828 2878 sermo-

224 2909 409 2964 cinari
435 2909 604 2963 audet
629 2924 751 2964 cum
785 2908 987 2965 altero:
1027 2907 1122 2965 sed
1155 2926 1221 2966 ne
1260 2911 1478 2982 quidem
1512 2928 1608 2982 per
1655 2922 1826 2970 totum

225 2999 336 3055 diei
365 3000 612 3068 spatium
641 3015 672 3055 e
693 2999 828 3054 cella
860 3014 952 3054 sua
987 3001 1262 3071 progredi,
1282 3011 1377 3057 aut
1405 3002 1660 3060 deserere
1688 3019 1826 3074 opus

223 3091 374 3160 quod
408 3091 473 3146 in
503 3106 566 3146 ea
592 3090 782 3147 solitus
802 3100 886 3147 est
911 3106 1192 3160 exercere,
1216 3094 1521 3164 praesumit,
1554 3095 1659 3150 nisi
1683 3095 1826 3151 forte

1931 1888 2179 1957 rationis,
2207 1890 2468 1960 pravique
2483 1892 2699 1949 consilii
2720 1907 2909 1950 carere
2922 1910 3028 1950 non
3052 1905 3324 1966 poterunt.
3347 1899 3522 1966 Quam

1930 1979 2146 2051 culpam
2177 1982 2281 2036 nisi
2325 1983 2378 2038 in
2419 1999 2585 2039 unum
2629 1986 2839 2042 cunctis
2882 1987 3142 2044 fratribus
3179 1991 3522 2061 congregatis

1931 2071 2145 2142 publica
2169 2073 2430 2130 diluerint
2458 2077 2800 2147 pmuitentia,
2829 2081 3068 2137 orationi
3094 2081 3318 2138 fratrum
3340 2083 3520 2140 nullus

1931 2179 2121 2221 eorum
2149 2165 2420 2224 interesse
2449 2171 2803 2238 permittitur.

2522 2280 2747 2341 CAPUT
2789 2283 2927 2341 XVI.

2005 2375 2156 2442 Quod
2185 2375 2320 2429 nulli
2349 2391 2500 2431 orare
2527 2393 2644 2430 cum
2675 2377 2789 2446 illo,
2817 2383 2905 2447 qui
2935 2381 3095 2452 fuerit
3123 2384 3186 2439 ab
3216 2387 3448 2442 oratione
3537 2398 3552 2428 τ

2463 2463 2737 2519 suspensus
2763 2491 2778 2518 ,
2809 2452 2976 2507 liceat.
3514 2474 3524 2486 '

2002 2535 2149 2592 Sane
2191 2537 2236 2593 si
2266 2537 2386 2609 quis
2413 2551 2512 2608 pro
2549 2538 2788 2596 admisso
2832 2543 3073 2613 quolibet
3116 2547 3314 2604 delicto
3355 2550 3519 2609 fuerit

1929 2625 2000 2684 ab
2028 2632 2273 2685 oratione
2297 2645 2616 2700 suspensus,
2661 2631 2836 2687 nullus
2861 2648 2983 2690 cum
3005 2651 3071 2691 eo
3101 2653 3322 2707 prorsus
3349 2657 3515 2697 oran-

1931 2723 1988 2780 di
2019 2722 2183 2778 habet
2213 2724 2518 2789 licentiam,
2549 2735 2841 2795 antequam
2876 2737 2898 2764 °
2930 2727 3200 2784 submissa
3230 2731 3282 2786 in
3314 2740 3517 2790 terram

1931 2816 2277 2888 pauitantia,
2309 2816 2676 2872 reconciliatio
2705 2817 2822 2888 eius
2843 2863 2858 2888 ,
2892 2828 2946 2874 et
2975 2820 3198 2877 admissi
3229 2826 3384 2880 venia
3425 2842 3518 2882 co-

1931 2923 2048 2963 ram
2076 2907 2336 2963 fratribus
2359 2908 2597 2978 cunctis,
2632 2909 2848 2978 publice
2877 2909 3038 2965 fuerit
3065 2912 3133 2967 ab
3162 2913 3356 2971 abbate
3387 2932 3519 2974 con-

1929 3015 2102 3057 cessa.
2152 3001 2234 3056 0b
2265 3001 2370 3056 hoc
2419 3015 2649 3070 namque
2696 3002 2791 3057 tali
2820 3002 3159 3059 observantia
3189 3009 3518 3079 semetipsos

1931 3093 2002 3147 ab
2030 3092 2288 3148 orationis
2317 3091 2433 3162 eius
2463 3093 2741 3148 consortio
2773 3103 3094 3166 segregant,
3138 3089 3302 3170 atque
3330 3115 3519 3158 secer.

223 3198 356 3240 cum
395 3182 613 3241 fuerint
641 3183 709 3240 ad
737 3182 976 3242 ofﬁcium
1010 3186 1302 3244 necessarii
1345 3187 1610 3259 cuiusque
1641 3189 1823 3261 Operis
1848 3181 1895 3246 C
1927 3195 2084 3256 nunt,
2109 3185 2253 3257 quod
2277 3181 2304 3223 ἀ
2327 3183 2557 3241 credunt
2581 3199 2704 3242 eum
2734 3186 2827 3257 qui
2859 3187 2926 3244 ab
2953 3188 3201 3248 oratione
3229 3182 3518 3266 suspendi-

1319 3345 1582 3402 ALARDI
1619 3347 1858 3406 GAZIEI
1895 3345 2455 3406 COMMENTARIUS.

315 3471 345 3500 ι·
366 3460 695 3533 Exemplum
718 3462 988 3532 religiosae
1014 3461 1294 3518 modestia:
1323 3471 1378 3518 et
1397 3462 1598 3518 silentii
1627 3463 1679 3519 in
1711 3479 1834 3520 ora-

227 3535 404 3601 torio,
434 3533 496 3586 in
526 3533 686 3606 cella,
710 3534 766 3606 in
790 3535 1051 3602 claustro,
1080 3533 1422 3602 dormitorio,
1455 3535 1521 3590 de
1542 3550 1650 3605 quo
1677 3536 1831 3606 plura

227 3606 493 3661 dicemus
526 3601 830 3660 Coilatione
857 3606 944 3660 is.

301 3676 338 3713 δ
374 3674 808 3730 Prudentissime
849 3675 902 3728 id
956 3677 1309 3731 constitutum
1341 3683 1397 3730 et
1444 3676 1828 3744 observatum;

229 3747 386 3818 quod
411 3746 732 3818 etiAngelus
757 3745 816 3818 S.
845 3745 1134 3800 Pacitomio
1162 3745 1387 3801 dictavit
1410 3747 1462 3800 in
1492 3747 1607 3802 htec
1635 3749 1830 3802 verba:

227 3816 316 3871 Ad
329 3816 957 3870 alteriuscellamintrare
981 3819 1369 3871 nullusaudeat.
1400 3818 1544 3871 idem
1573 3819 1734 3872 etiam
1768 3818 1830 3872 D.

227 3886 584 3970 Benedictus
606 3888 880 3970 observari
912 3887 1104 3951 voluit,
1135 3898 1277 3970 ιιι.ῃο
1306 3888 1421 3970 quis
1447 3889 1608 3970 [ναίετ’
1632 3889 1700 3970 ad
1721 3890 1834 3958 fra-

230 3971 372 4012 trem
396 3960 658 4030 jungatur
686 3959 824 4030 horis
851 3959 1341 4030 incompetentibus:
1365 3957 1680 4028 Cuiusmodi
1711 3957 1836 4014 Sunt

229 4030 419 4091 horae,
457 4029 658 4096 quibus
704 4029 946 4096 lectioni,
988 4038 1080 4082 aut
1130 4029 1299 4084 labori
1335 4044 1591 4084 manuum
1640 4030 1837 4085 fratres

225 4099 812 4164 debentincumbere,
837 4100 916 4153 ait
951 4098 1420 4154 Turrecrematns.
1472 4099 1676 4154 Eodem
1708 4114 1835 4155 vero

228 4179 484 4239 spectat,
511 4183 578 4224 ne
606 4171 725 4237 quis
746 4169 987 4224 officinas
1012 4171 1384 4240 operariorum
1409 4170 1612 4239 ingredi
1642 4171 1839 4224 audeat

231 4244 459 4309 absque
493 4240 754 4305 licentia;
786 4251 1142 4310 praeterquam
1173 4240 1208 4295 ii
1239 4240 1329 4309 qui
1374 4240 1683 4310 huiusmodi
1717 4241 1839 4294 offi-

229 4312 414 4375 cinis,
449 4312 741 4380 operisque
771 4309 896 4365 sunt
923 4311 1186 4378 praefecti.
1230 4311 1342 4376 Qua
1374 4309 1455 4366 de
1483 4326 1542 4366 re
1584 4311 1645 4364 ι).
1681 4312 1835 4365 Basi-

227 4383 353 4436 ILus
380 4382 453 4434 ita
489 4385 670 4434 sanxit
699 4398 712 4433 :
761 4380 821 4435 Si
871 4383 985 4450 quis
1006 4381 1296 4452 importune
1339 4383 1483 4452 venit
1503 4382 1556 4434 in
1582 4381 1834 4450 culinam,

229 4470 332 4506 aut
372 4455 423 4504 in
447 4451 738 4515 cellarium,
769 4452 988 4523 exceptis
1011 4451 1314 4522 designatis,
1348 4460 1436 4504 aut
1465 4451 1544 4505 his
1569 4452 1656 4520 qui
1684 4453 1840 4506 disci-

232 4524 412 4591 plina
443 4523 606 4592 hujus
631 4522 826 4575 ordinis
843 4522 1022 4592 curam
1046 4532 1248 4591 gerunt,
1272 4532 1446 4575 careat
1468 4522 1834 4576 benedictione.

230 4595 310 4648 Et
347 4592 410 4648 S.
443 4591 767 4647 Pachumius
807 4591 1004 4646 Basilio
1034 4607 1173 4661 pene
1219 4601 1524 4647 coretaneus
1557 4609 1569 4643 :
1601 4592 1680 4645 Ad
1731 4593 1838 4662 otii-

229 4666 422 4727 einas,
461 4664 656 4735 inquit,
686 4664 1005 4735 diversarum
1034 4665 1223 4735 artium
1251 4663 1348 4718 soli
1378 4671 1593 4735 pergunt
1636 4678 1840 4733 priapo-

227 4736 355 4799 siti,
390 4742 444 4784 ut
475 4733 736 4802 accipiant
761 4733 899 4802 quod
931 4733 1273 4787 necessarium
1301 4733 1394 4787 est.

318 4803 592 4886 <’_Eadem
633 4803 1021 4886 utituriphrasi
1053 4804 1144 4886 lib.
1189 4804 1452 4886 tuncapile
1479 4805 1532 4858 7.
1575 4803 1838 4886 thnalis

227 4891 302 4930 ea
353 4872 918 4944 fueritipteuitentia.
967 4876 1203 4928 declarat
1254 4872 1354 4929 lib.
1399 4889 1450 4928 tv
1482 4888 1603 4942 cap.
1655 4873 1720 4928 16
1756 4877 1838 4930 liis

226 4944 480 5001 verbis:
512 4943 719 4998 Cunctis
738 4945 792 4998 in
813 4945 998 5014 δυηπὶ
1024 4944 1269 5016 fratribus
1299 4945 1620 5016 congregatis
1643 4946 1840 4999 tamdiu

229 5025 550 5087 prostratus
576 5016 630 5068 in
659 5025 846 5068 terram
882 5017 1080 5068 veniam
1111 5015 1392 5085 postulabit
1413 5057 1428 5079 ,
1457 5017 1620 5069 donec
1646 5019 1842 5070 oratio-

229 5104 380 5141 num
412 5087 713 5140 solemnitas
743 5095 1147 5151 consummatur;
1174 5088 1540 5154 impctraturus
1565 5101 1700 5146 eam,
1726 5102 1844 5140 cum

223 5161 432 5228 jussus
455 5157 631 5228 fuerit
670 5155 880 5228 Abbatis
898 5156 1102 5226 judicio
1131 5157 1196 5210 de
1229 5155 1359 5228 solo‘
1372 5172 1599 5225 surgere.
1631 5155 1840 5212 Similia

228 5225 423 5297 habet
452 5225 521 5280 Ι).
556 5227 880 5282 Benedictus
900 5225 1124 5297 cap.“
1152 5235 1206 5282 et
1234 5226 1303 5280 44
1330 5225 1567 5297 Regulae.

316 5296 350 5333 τι
400 5297 738 5366 Suspensum
788 5298 858 5352 ab
907 5296 1156 5352 oratione
1217 5313 1318 5366 pro
1378 5296 1844 5354 excommunicato

229 5371 341 5424 hic
376 5370 550 5438 accipi
582 5369 716 5422 satis
753 5366 971 5422 evidens
997 5377 1098 5422 est.
1130 5367 1291 5422 Tradi
1324 5367 1466 5422 enim
1497 5367 1712 5438 Satanae
1751 5385 1842 5424 se-

226 5437 514 5521 cundum
547 5438 1166 5521 sententiamJApostoli
1195 5439 1240 5521 is
1271 5438 1466 5521 dicitur
1515 5439 1567 5509 (Ι
1605 5437 1724 5521 Cor:
1762 5439 1840 5521 vi,

229 5513 345 5582 qui
381 5525 413 5563 a
441 5524 675 5579 corpore
703 5507 941 5582 Christi,
971 5507 1024 5582 id
1051 5521 1164 5577 est,
1200 5509 1442 5582 Ecclesia
1462 5549 1491 5582 ,Α
1525 5507 1844 5579 prcscindi-

229 5579 360 5645 tur,
413 5589 470 5636 et
499 5595 531 5634 a
560 5579 953 5636 communione
998 5579 1240 5636 fidelium
1284 5580 1625 5636 excluditur:
1654 5595 1717 5635 ac
1749 5595 1845 5650 per

224 5655 358 5710 hoc
388 5652 648 5724 potestati
670 5661 726 5706 et
755 5650 1028 5724 tzratinidi
1057 5651 1270 5724 diaboli
1315 5651 1713 5724 quodammodo
1754 5666 1840 5706 re-

227 5721 560 5793 linquitur;
607 5722 752 5778 sicut
783 5721 1022 5793 Ecclesia
1055 5721 1348 5778 baereticos
1374 5723 1653 5778 convictos
1683 5732 1843 5793 pote-

226 5791 382 5857 stati
408 5793 683 5868 .seculari
735 5792 1014 5861 relinquit.
1062 5793 1220 5852 Unde
1257 5793 1631 5866 Augustinus:
1665 5791 1846 5850 Omnis

712 5885 990 5949 Panos.
1037 5881 1269 5947 XLIX.

1865 4768 1918 4829 D

1938 3463 2291 3529 Christianus,
2342 3462 2548 3530 inquit,
2583 3463 2735 3534 quia
2760 3468 3116 3525 sacerdotibus
3159 3471 3518 3533 excommuni‘

1937 3534 2360 3608 catur,__Satanle
2389 3534 2612 3608 traditur
2630 3551 2649 3588 :
2673 3538 2933 3608 quo_modo
2954 3541 2980 3592 ?
3004 3541 3127 3608 quia
3160 3555 3308 3599 extra
3337 3546 3520 3603 Eccle«

1936 3608 2068 3690 siam
2099 3603 2335 3690 diabolus
2365 3612 2462 3668 est;
2489 3605 2638 3690 sicut
2665 3603 2717 3658 in
2750 3603 3284 3690 EcclesiauChristus;
3328 3634 3389 3670 ac
3430 3635 3520 3690 per

1938 3676 2033 3730 hoc
2064 3675 2214 3744 quasi
2239 3674 2453 3728 Satana:
2483 3675 2725 3744 traditur,
2763 3679 2850 3744 qui
2880 3679 2940 3731 ab
2975 3674 3341 3739 Ecclesiastica
3377 3674 3522 3741 co'm-

1938 3743 2184 3826 munione
2227 3753 2530 3826 removet-nr.
2567 3743 2875 3826 Undenillos
2905 3765 3032 3818 quos
3064 3760 3187 3804 tunc
3232 3756 3520 3826 Αρο..ιο1ιιε

1938 3817 2155 3872 Sorana:
2191 3830 2298 3868 esse
2337 3816 2554 3867 traditos
2600 3815 2866 3885 pradicat.
2913 3815 3379 3879 excommunicatos
3408 3849 3438 3879 ιι
3469 3847 3522 3884 se

1939 3903 2048 3968 esse
2080 3888 2400 3968 deliranstrat
2445 3886 2496 3951 (Ι
2531 3885 2649 3968 ger.
2682 3898 2772 3968 iet
2797 3887 2871 3956 ν).
2909 3889 3032 3968 llaec
3061 3893 3521 3968 Augustinulec

1938 3955 2079 4011 vcrb.
2106 3957 2298 4030 _Apost.
2338 3971 2502 4009 sermo
2530 3953 2938 4030 68)._Su_spensi
2967 3953 3246 4030 itaqne'ab
3273 3953 3522 4028 oratione

1941 4028 2302 4083 censebantur
2325 4026 2797 4096 excommunicati,
2829 4043 2892 4082 ac
2920 4026 3141 4096 proinde
3172 4033 3388 4092 Satanae
3415 4026 3521 4095 tra;

1940 4098 2058 4153 diti.
2093 4101 2210 4164 Quo
2255 4097 2417 4150 etiam
2451 4095 2611 4152 modo
2649 4097 2710 4150 D.
2742 4095 3070 4156 Benedictus
3103 4106 3241 4160 hunc
3272 4109 3522 4166 Cassiani

1940 4169 2142 4231 locum,
2174 4176 2234 4247 _ut
2255 4168 2477 4247 opinor,
2498 4167 2738 4247 imitatus
2771 4167 2920 4247 (gap.
2951 4169 3040 4238 24,
3071 4171 3140 4228 25
3161 4184 3210 4229 et
3238 4177 3353 4247 44),
3387 4181 3522 4238 duas

1940 4239 2310 4313 Suspensionis
2335 4240 2741 4313 species_magis
2771 4239 3024 4300 distincte
3050 4239 3361 4313 expressit";
3388 4251 3523 4306 alte.

1941 4307 2057 4364 ram
2091 4309 2389 4386 proculpis
2419 4307 2761 4386 gravioribus
2781 4348 2796 4372 ,
2829 4326 2933 4380 qua
2961 4307 3312 4386 suspenditur
3337 4307 3456 4386 quis
3491 4336 3521 4376 a

1941 4395 2130 4435 mensa
2160 4379 2339 4443 simul,
2373 4389 2425 4432 ct
2448 4378 2515 4431 ab
2537 4380 2782 4450 oratione
2807 4399 2819 4433 :
2847 4378 2990 4450 quod
3020 4378 3161 4440 idem
3191 4403 3312 4444 esse
3339 4378 3519 4446 decla-

1939 4459 2063 4516 rat,
2107 4465 2172 4504 ac
2199 4447 2666 4519 excommunicari
2695 4459 2748 4504 et
2780 4447 2920 4505 tradi
2971 4452 3186 4510 Satanre
3219 4463 3519 4519 secundum

1941 4521 2265 4598 terribilem
2289 4518 2536 4589 Apostoli
2563 4522 2890 4576 sententiam
2917 4539 2930 4588 ;
2974 4524 3200 4598 alteram
3229 4545 3325 4598 pro
3355 4518 3517 4588 levio?

1941 4591 2091 4669 [ibus
2122 4590 2412 4669 culpis__,_.a
2444 4604 2649 4669 mensa:
2680 4597 3052 4669 tantummodo
3083 4590 3516 4669 participatione.

1941 4661 2114 4716 Porro
2140 4676 2262 4715 cum
2292 4659 2586 4714 illiusmodi
2617 4663 3014 4731 suspensionis,
3062 4659 3177 4724 sive
3205 4659 3519 4729 excommu-

1943 4731 2230 4805 nicationis
2247 4745 2438 4805 Apmna
2476 4731 2774 4805 secundum
2822 4738 3181 4805 evangelicam
3210 4741 3518 4800 doctrinam

1945 4805 2148 4857 nemini
2181 4800 2474 4872 infligenda
2500 4803 2588 4872 sit,
2621 4801 2724 4857 nisi
2753 4806 2843 4871 qui
2879 4800 3176 4864 Ecclesium
3210 4813 3396 4870 audire
3419 4830 3517 4869 no—

1946 4873 2108 4928 luerit
2151 4871 2366 4944 (Matth.
2401 4871 2588 4942 xvttt):
2618 4886 2681 4926 ac
2709 4875 2930 4941 proinde
2961 4893 3121 4935 nemo
3149 4885 3517 4940 excommuni-

1948 4944 2151 5018 candus
2181 4944 2249 4997 ob
2275 4957 2666 5018 quamcumque
2690 4946 2898 5018 culpam
2931 4951 3263 5018 graviorem,
3295 4964 3347 5008 et
3372 4970 3517 5009 mor.

1947 5013 2194 5079 tileram,
2236 5012 2338 5067 nisi
2373 5013 2422 5092 e_i
2452 5012 2796 5092 coniunctum
2846 5012 3346 5092 sjt'inobedien'tiae
3391 5039 3516 5092 pec-

1949 5093 2151 5151 catum,
2182 5083 2439 5158 quo_qu_is
2469 5085 2606 5158 nolit
2632 5085 3173 5158 audireEcclesiam,
3204 5092 3254 5146 id
3283 5083 3517 5158 est,'ob-

1949 5153 2252 5233 temperare
2269 5153 2559 5233 _E¢c_lesite,
2592 5169 2687 5209 seu
2712 5157 2934 5233 praelato
2959 5153 3330 5216 ecclesiastico
3345 5153 3517 5233 legiti-

1945 5240 2033 5282 me
2063 5223 2398 5295 praecipienti
2434 5242 2447 5276 :
2495 5240 2591 5294 par
2617 5223 3052 5286 est’existimare
3097 5246 3364 5286 neminem
3394 5223 3517 5289 Tra-

1946 5305 2089 5351 trum
2120 5297 2197 5373 sic
2217 5297 2286 5349 ab
2316 5295 2422 5349 illis
2456 5311 2520 5364 pa
2533 5295 2701 5373 tribus
2730 5297 2992 5373 fuissesb
3017 5300 3257 5373 oratione
3287 5318 3516 5373 suspen-

1945 5381 2064 5422 sum
2085 5408 2103 5440 ν,
2135 5368 2251 5440 sive
2277 5369 2803 5440 excommunicatum
2849 5369 2984 5440 (illa
3016 5369 3266 5424 nimirum
3295 5368 3518 5440 excomr

1947 5438 2334 5502 municatione,
2366 5450 2525 5504 quam
2557 5435 2814 5504 maiorem
2844 5435 3201 5496 distinctionis
3226 5457 3387 5500 causa
3415 5435 3518 5502 no?-

1947 5506 2260 5577 minamus);
2289 5507 2396 5584 nisi
2420 5505 2683 5576 gravioris
2707 5509 2879 5584 culpa;
2905 5524 3031 5584 reus
3057 5509 3367 5584 judicatus,
3396 5532 3519 5573 eam

1948 5588 2126 5634 tamen
2149 5577 2408 5648 regulari,
2430 5585 2486 5632 et
2503 5585 2700 5632 statuta
2721 5577 3069 5648 poenitentia,
3084 5577 3518 5644 etsatisfactione

1948 5651 2178 5717 diluere,
2205 5647 2265 5703 ut
2285 5647 2361 5702 ait
2380 5650 2607 5713 Auctor,
2638 5663 2702 5704 ac
2719 5647 3012 5707 emendare
3038 5665 3335 5712 recusaret.
3368 5660 3517 5714 Tunc

1951 5722 2116 5795 enini
2135 5719 2695 5795 demumcensebatur
2713 5721 2782 5774 ab
2809 5722 3073 5793 oratione,
3093 5737 3148 5782 et
3176 5729 3432 5795 oratorio,
3464 5738 3516 5784 et

1956 5791 2148 5850 officiis
2202 5790 2400 5848 divinis
2451 5803 2780 5860 suspensus;
2827 5800 2888 5848 ut
2927 5809 3028 5852 nec
3059 5790 3180 5867 ipsi
3213 5813 3332 5854 cum
3373 5790 3514 5868 aliis,

3042 5886 3088 5980 ’φ
