4026 6334
483 363 588 422 115

1817 358 2097 420 ,ιοΑΝΝιε
2135 357 2445 418 CASSIANI

3655 357 3766 418 118

478 479 879 551 ιοοηιρυιεοιίε
899 481 1182 555 adigimur,
1215 493 1310 552 per
1326 485 1494 534 totum
1508 474 1615 534 dici
1629 476 2066 548 spatiumjugiter
2093 479 2147 539 Α
2169 473 2198 515 ἀ
2232 475 2535 531 Voluntarie
2563 476 2866 546 sacriﬁcabo
2894 475 2986 532 tibi
3013 473 3188 548 (Psal.
3221 473 3347 546 55):
3376 483 3441 541 et,
3468 475 3764 532 uoluntaria

477 585 605 630 cum
617 573 797 643 operis
812 573 1116 645 adjectione
1141 581 1437 644 spontanee
1448 569 1811 626 celebrantur.
1830 569 1904 623 ita
1921 585 2070 624 nam-

480 679 588 735 que
613 665 684 721 ab
703 665 782 721 eis
803 666 1133 723 incessanter
1159 663 1399 736 operatio
1421 678 1676 719 manuum
1701 662 1946 732 privatim
1976 676 2070 732 per

474 756 705 813 cellulas
732 765 1030 824 exercetur,
1063 767 1121 813 ut
1149 757 1479 828 psalmorum
1512 769 1750 826 quoque,
1792 754 1879 810 vel
1910 762 2072 810 caete-

476 863 664 907 rarttm
717 849 1117 922 Scripturarum
1189 849 1466 906 meditatio
1514 863 1805 919 numquam
1855 847 2070 919 penitus

477 942 784 999 omittatur.
811 941 908 998 Cui
940 957 1131 1014 preces
1159 950 1215 998 et
1241 942 1516 998 orationes
1556 955 1652 1011 per
1693 939 1900 1010 singula
1947 953 2068 994 mo-

475 1046 658 1092 menta
689 1037 1002 1104 miscentes,
1027 1037 1078 1091 in
1106 1036 1193 1093 his
1217 1036 1410 1092 officiis
1436 1051 1555 1107 quae
1581 1048 1680 1090 nos
1707 1041 1912 1090 statuto
1935 1041 2068 1088 tem-

475 1128 978 1199 poreceiebramus,
1000 1137 1170 1186 totum
1188 1129 1295 1185 diei
1311 1139 1520 1200 tempus
1533 1128 1843 1182 absumunt.
1869 1126 2070 1193 Quam-

478 1222 664 1278 obrem
708 1223 959 1293 exceptis
1001 1221 1329 1294 vespertinis
1383 1237 1447 1278 ac
1503 1219 1790 1277 nocturnis
1842 1234 2069 1291 congre-

476 1315 780 1384 gationibus
810 1316 958 1373 nulla
984 1315 1124 1388 apud
1151 1330 1248 1372 eos
1275 1329 1373 1385 per
1398 1313 1542 1370 diem
1572 1313 1788 1383 publica
1811 1311 2071 1370 solemni-

476 1415 581 1471 tas.
611 1409 817 1478 absque
846 1406 874 1446 δ
903 1408 990 1464 die
1013 1408 1223 1464 sabbati
1252 1407 1338 1464 vel
1385 1405 1690 1472 dominica,
1739 1404 2064 1475 celebratur,

476 1498 533 1555 in
574 1500 774 1570 quibus
808 1499 940 1555 hora
987 1502 1145 1557 tertia
1191 1515 1362 1556 sacra:
1405 1499 1801 1555 communionis
1845 1497 2070 1554 obtentu

474 1592 825 1648 conveniunt.
859 1593 988 1650 Plus
1014 1595 1155 1648 enim
1185 1602 1270 1649 est
1298 1592 1351 1648 id
1381 1591 1524 1664 quod
1550 1591 1885 1648 incessanter
1908 1590 2071 1648 offer-

479 1693 588 1754 tur,
617 1701 777 1757 quam
805 1686 944 1756 quod
973 1701 1068 1756 per
1093 1686 1350 1756 temporis
1388 1684 1673 1741 intervalla
1705 1683 2065 1754 persolvitur;

475 1786 533 1835 et
556 1789 580 1818 ο
602 1781 808 1851 gratius
833 1791 915 1836 est
941 1779 1300 1834 voluntarium
1330 1793 1545 1844 munus,
1577 1792 1734 1848 quam
1764 1776 2070 1833 functiones

2172 570 2277 624 oris
2318 570 2416 623 mei
2460 566 2776 638 beneplacita
2817 570 2920 624 sint
2961 569 3073 635 tibi,
3102 567 3321 622 Domine
3351 567 3576 638 (Psalm.
3608 566 3763 638 118).

2794 701 3024 760 CAPUT
3060 702 3151 758 ill.

2175 812 2330 885 Quod
2351 830 2445 885 per
2474 831 2676 870 omnem
2703 813 2966 870 Orientem
2985 815 3282 870 solemnitas
3312 813 3528 881 Tertiae,
3560 815 3760 883 Sexta,

2247 884 2324 940 vel
2355 884 2544 950 Nonas,
2574 887 2720 941 trinis
2751 897 2950 941 tantum
2973 888 3182 955 psalmis
3203 899 3249 942 et
3277 889 3587 942 orationibus
3606 890 3766 957 finio-

2243 965 2363 1030 tur:
2397 967 2444 1012 et
2465 973 2560 1030 cur
2599 959 2877 1029 specialius
2917 958 3030 1013 istis
3057 957 3201 1013 boris
3229 959 3337 1014 lucc
3365 957 3626 1030 spiritalia
3658 959 3761 1016 sint

2243 1028 2411 1098 oﬁcia
2438 1028 2705 1100 deputata.

2244 1121 2432 1195 itaque
2459 1123 2516 1178 in
2543 1121 2884 1192 Palestina,
2923 1122 3014 1178 vel
3055 1122 3460 1193 Mesopotamiae
3488 1133 3766 1181 monaste-

2172 1213 2271 1270 riis
2297 1228 2363 1270 ac
2391 1213 2556 1269 totius
2597 1213 2870 1280 Orientis,
2910 1214 3346 1285 supradictarum
3378 1214 3636 1271 horarum
3667 1229 3766 1272 so-

2172 1307 2506 1374 lemnitates,
2537 1306 2692 1362 trinis
2715 1307 2936 1377 psalmis
2974 1305 3220 1377 quotidie
3262 1307 3554 1374 finiuntur;
3608 1316 3667 1363 ut
3708 1317 3766 1364 et

2171 1400 2483 1456 orationum
2524 1398 2820 1454 assiduitas
2850 1399 3071 1456 statutis
3114 1400 3448 1470 temporibus
3483 1400 3596 1456 Deo
3626 1400 3765 1458 ασθ-

2171 1502 2345 1559 ratur,
2373 1501 2430 1548 et
2460 1491 2763 1546 necessaria
2793 1491 3131 1561 operationis
3156 1492 3332 1548 officia
3371 1493 3764 1550 consummatis

2165 1587 2317 1656 justo
2348 1585 2721 1642 moderamine
2751 1586 3090 1656 spiritalibus
3121 1587 3424 1657 obsequiis,
3450 1588 3765 1644 nullatenus

2170 1677 2388 1733 valeant
2435 1677 2687 1748 impediri
2737 1697 2751 1732 :
2797 1688 2820 1716 ο
2867 1677 2954 1734 liis
3000 1679 3146 1734 enim
3194 1679 3373 1735 tribus
3420 1679 3765 1749 temporibus

2172 1770 2334 1826 etiam
2363 1769 2644 1824 Danieiem
2675 1769 2996 1840 prophetam
3038 1769 3282 1840 quotidie
3322 1768 3573 1825 fenestris
3599 1786 3764 1841 aper-

477 1887 598 1942 quaa
625 1873 885 1928 canonica
915 1871 1282 1942 compulsione
1305 1871 1643 1927 redduntur:
1677 1883 1778 1940 pro
1802 1868 1905 1924 hoc
1936 1883 2068 1939 quo-
2094 1872 2143 1933 Β
2175 1864 2242 1920 tis
2275 1864 2327 1918 in
2353 1865 2635 1920 caenaculo
2667 1878 2855 1933 preces
2891 1864 3122 1920 Domino
3145 1863 3352 1920 fudisse
3379 1865 3762 1942 cognoscimus

479 1978 586 2033 que
627 1963 786 2019 David
831 1964 1116 2035 gloriosius
1145 1962 1348 2034 aliquid
1381 1961 1706 2029 exsultante,
1737 1974 1859 2016 cum
1889 1959 2021 2014 dicit
2046 1977 2060 2012 :

2173 1957 2350 2031 (Dan.
2381 1960 2488 2027 vi).
2524 1957 2542 1997 ί
2590 1958 2701 2015 Nec
2743 1959 3019 2015 immerito
3047 1957 3163 2014 haec
3191 1937 3762 2029 specialius‘tempora

1551 2103 1810 2159 ALARDI
1847 2100 2082 2158 GAZEI
2119 2100 2688 2160 COMMENTARIUS.

483 2208 598 2264 est,
629 2198 747 2269 pari
774 2198 1042 2254 existente
1066 2197 1377 2260 devotione,
1406 2204 1459 2251 et
1489 2195 1812 2269 attentione,
1837 2195 2066 2264 aliisque

483 2266 929 2333 circumstantiis;
986 2270 1112 2325 licet
1161 2269 1423 2339 majorem
1477 2266 1755 2337 requirant
1807 2280 2064 2320 sensuum

483 2340 912 2406 occupationem.

559 2421 584 2447 ι
625 2411 680 2464 id
708 2419 812 2475 est,
846 2411 1003 2480 pulsu
1027 2411 1142 2466 sive
1169 2412 1350 2466 sonitu
1376 2408 1710 2479 Superioris,
1730 2407 1812 2462 vei
1844 2407 2067 2480 alterius

485 2482 548 2537 ad
588 2495 722 2550 opus
765 2475 887 2547 Dei,
937 2496 1031 2536 seu
1071 2483 1306 2536 officium
1356 2475 1609 2550 divi'uumi
1646 2477 1967 2550 evocantis:
1999 2475 2068 2550 de

484 2568 589 2621 quo
618 2546 778 2607 etiam
828 2546 891 2606 D.
937 2551 1289 2611 Benedictus.
1322 2565 1443 2617 cap.
1480 2551 1549 2605 47
1590 2549 1809 2617 Regulae
1845 2566 1856 2599 :
1890 2546 2068 2621 Desi-

483 2619 781 2692 ani/icanda
822 2624 952 2677 hora
995 2623 1162 2692 aperis
1207 2621 1326 2676 Dei.
1376 2622 1618 2692 Apparet
1664 2629 1841 2692 autem
1872 2633 1936 2673 ex
1967 2619 2069 2674 hoc

484 2690 634 2759 loco,
677 2704 730 2747 et
759 2693 928 2747 multo
960 2690 1127 2764 magis
1153 2709 1222 2748 ex
1251 2707 1370 2760 cap.
1423 2691 1491 2764 ig
1537 2690 1630 2764 lib_.
1664 2706 1738 2764 tv,
1774 2691 1900 2764 loco
1923 2705 2070 2764 eam:

487 2779 637 2834 panm
667 2778 770 2834 qua
803 2779 948 2819 nunc
975 2760 1203 2828 utimur,
1255 2777 1389 2834 usos,
1420 2762 1556 2834 illos
1605 2760 1769 2834 fuisse
1812 2760 1967 2828 pulsu
1999 2760 2066 2814 ad

486 2828 619 2889 ostia
647 2828 1004 2906 singulorum.
1030 2835 1120 2891 Sic
1144 2834 1288 2906 enim
1321 2833 1395 2887 ibi
1417 2833 1610 2906 legitur
1642 2849 1657 2906 _:
1691 2829 1817 2886 Cum
1844 2835 2068 2906 sonitum

487 2903 754 2973 pulsantis
772 2906 988 2974 ostium,
1039 2922 1098 2959 ac
1140 2905 1454 2958 diversorum
1498 2903 1708 2957 cellulas
1738 2905 2070 2974 percutientis

485 2977 779 3041 audierint,
825 2977 893 3030 ad
922 2973 1203 3029 orationem
1233 2991 1319 3029 eos
1347 2975 1566 3038 scilicet,
1609 2989 1693 3027 seu
1722 2973 1790 3026 ad
1818 2989 1945 3041 opus
1973 2973 2072 3027 ali-

487 3047 628 3117 quod
647 3047 947 3130 invitantis,
980 3048 1212 3130 certatim
1243 3063 1268 3100 e
1294 3045 1544 3130 cubitibus
1575 3044 1923 3130 unusquisque
1949 3061 2070 3130 pro-

487 3115 701 3183 rumpit.
731 3120 796 3172 At
820 3116 888 3172 de
911 3117 1016 3172 hoc
1041 3118 1194 3185 pulsu
1215 3159 1230 3181 ,
1255 3128 1309 3172 et
1334 3117 1400 3172 de
1429 3115 1799 3171 instrumentis
1823 3155 1837 3177 ,
1876 3115 2069 3183 quibus

487 3188 553 3242 ad
577 3189 808 3243 officium
829 3188 1066 3242 divinum
1093 3188 1548 3251 convocabantur,
1573 3186 1704 3240 alias
1729 3185 1883 3256 plura
1906 3185 2070 3256 (Vide

487 3258 686 3330 scholia
712 3259 764 3330 in
787 3257 1041 3330 Regulam
1070 3257 1130 3313 S.
1165 3257 1462 3330 Pachomii,
1493 3275 1544 3310 a.
1575 3257 1662 3330 2).

559 3328 587 3365 δ
638 3327 909 3394 Sabbato,
965 3339 1019 3384 et
1073 3329 1344 3384 dominico
1405 3329 1494 3384 die
1545 3328 1719 3382 solere
1768 3327 2067 3383 monachos

491 3398 708 3469 Egypti
739 3400 1054 3456 solemniter
1075 3399 1368 3455 convenire
1391 3400 1443 3454 in
1481 3399 1763 3454 ecclesiam
1791 3398 1856 3452 ad
1884 3397 2066 3454 divina

489 3471 745 3539 mysteria
777 3471 1127 3541 celebranda,
1170 3479 1223 3526 et
1251 3469 1632 3540 percipienda,
1681 3480 1788 3522 tum
1831 3485 1902 3541 ex
1931 3469 2061 3535 hoc,

490 3537 599 3593 tum
631 3556 695 3595 ex
727 3541 848 3594 aliis
868 3537 1123 3596 Cassiani
1143 3537 1276 3596 locis
1308 3537 1590 3596 manifeste
1616 3548 1848 3594 constat.
1879 3537 1983 3595 Sed
2007 3550 2062 3595 et

490 3612 742 3666 omnibus
769 3611 1098 3676 christianis,
1131 3611 1428 3681 praesertim
1455 3613 1504 3666 in
1527 3611 1768 3675 Oriente,
1795 3626 1912 3664 eam
1935 3625 2064 3666 con-

489 3683 828 3753 suetudinem
860 3682 1026 3738 fuisse
1057 3684 1399 3753 perspicuum
1425 3693 1595 3738 estex
1634 3682 1940 3747 Clemente,
1973 3683 2064 3752 qui

490 3750 584 3824 lib.
617 3767 691 3806 vn
717 3755 946 3808 (lonstit.
979 3750 1096 3824 cap.
1127 3750 1200 3807 21
1219 3754 1298 3808 sic
1319 3756 1396 3807 ait
1433 3771 1446 3807 :
1483 3753 1784 3814 Sabbatum,
1817 3761 1867 3805 et
1897 3750 2065 3807 don—ti-

487 3822 658 3907 nieum
681 3825 816 3905 diem
836 3825 1020 3889 festum
1047 3822 1282 3907 egimus;
1312 3825 1435 3906 quia
1454 3824 1816 3907 “(adﬂatum
1842 3826 2066 3907 condi:th

490 3901 563 3944 est
603 3895 966 3946 monimentum
1001 3895 1124 3948 :hic
1152 3896 1558 3949 resurrectionis.
1595 3895 1658 3948 Et
1701 3895 1952 3949 Socrates
1983 3895 2064 3948 hi-

491 3964 723 4034 storicus
753 3963 892 4017 idem
915 3963 1195 4018 confirmat
1222 3965 1306 4018 his
1334 3965 1511 4019 verbis
1536 3983 1548 4018 :
1577 3963 1706 4017 Cum
1735 3964 1864 4030 festa
1891 3967 2065 4034 cujus-

490 4031 612 4085 libet
653 4032 982 4088 hebdomadoe
1011 4035 1372 4097 occurrebant,
1403 4035 1636 4088 videlicet
1686 4031 1983 4097 sabbatum]
2017 4046 2065 4088 et

491 4102 599 4173 dies
623 4105 936 4169 dominicus,
985 4107 1038 4158 in
1075 4106 1256 4172 quibus
1295 4115 1569 4158 conventus
1599 4107 1651 4157 in
1680 4105 1906 4159 ecclesiis
1953 4107 2063 4173 ﬁeri

489 4171 682 4246 solent,
704 4184 818 4246 _etc.
837 4174 1000 4246 (Lib.
1033 4171 1191 4246 v1.7a.
1233 4174 1321 4245 8).
1350 4175 1455 4229 Sed
1483 4175 1680 4246 dehac
1709 4189 1768 4228 re
1796 4171 1959 4246 etiam
1986 4179 2064 4230 in-

490 4245 591 4306 fra,
627 4244 805 4317 tibide
829 4244 1036 4313 jejunio
1059 4245 1262 4317 sabbati
1281 4244 1476 4317 agetur
1499 4245 1666 4315 (Cap.
1697 4249 1730 4299 9
1756 4256 1802 4298 et
1835 4245 1953 4317 10).

564 4324 595 4388 ἦ
626 4315 828 4388 Similis
861 4318 1035 4388 plane
1057 4327 1135 4370 est
1165 4316 1224 4370 D.
1261 4316 1890 4388 Hieronyminsententia
1914 4315 2016 4372 lib.
2046 4335 2062 4374 ι

489 4385 540 4437 in
560 4386 907 4457 _Jovinianum
939 4404 951 4438 :
983 4385 1201 4455 Majoris
1240 4396 1311 4441 est
1343 4385 1522 4457 gratia:
1546 4386 1764 4455 o/ferre,
1795 4388 1936 4457 quod
1962 4407 2063 4444 non

489 4455 711 4522 debeas;
754 4472 908 4527 quam
955 4457 1199 4531 reddere,
1247 4455 1384 4528 quod
1414 4459 1653 4531 exigaris.
1685 4455 1860 4531 Debet
1882 4471 2060 4515 autem

489 4533 714 4594 utraque
742 4530 1007 4582 sententia
1032 4542 1137 4582 non
1161 4529 1233 4581 ita
1254 4529 1552 4598 generatim
1578 4529 1795 4598 exponi,
1823 4539 1877 4584 ut
1899 4532 2062 4586 verba

487 4605 700 4662 sonant,
733 4612 796 4652 ac
827 4612 938 4666 pra:
982 4612 1041 4652 se
1082 4598 1287 4662 ferunt,
1321 4601 1413 4653 sed
1455 4601 1734 4670 speciatim
1765 4602 2060 4656 secundum

489 4676 723 4740 mentem
768 4671 1072 4740 AAuctorum
1128 4679 1181 4722 et
1225 4670 1472 4724 locorum
1539 4670 1879 4734 exigentiam.
1945 4672 2062 4740 Quo

486 4737 648 4808 modo
675 4737 954 4808 utriusque
985 4740 1265 4794 sententias
1295 4740 1437 4795 idem
1463 4741 1591 4802 _fcre
1635 4755 1829 4808 SCOIiIlS
1861 4737 1987 4808 est,
2009 4753 2062 4798 et

483 4807 862 4883 intelligentia.
888 4809 1010 4883 Agit
1036 4811 1178 4864 enim
1209 4811 1281 4864 ibi
1314 4811 1376 4883 D.
1409 4807 1766 4883 Hienonymus
1799 4813 1866 4867 de
1895 4807 2056 4879 virgi-

484 4879 684 4942 nitate,
709 4888 763 4933 et
783 4879 1107 4954 virginibus,
1133 4896 1264 4954 qnas
1295 4881 1424 4954 dicit
1449 4897 1478 4936 a
1505 4879 1721 4936 Christo
1745 4884 1862 4948 plus
1883 4886 2052 4954 diligi,

483 4963 641 5017 quam
689 4949 975 5026 conjuges,
1004 4952 1122 5017 quia
1137 4949 1161 5019 ,7
1186 4951 1385 5026 inquit,
1421 4963 1600 5020 sponte
1630 4955 1888 5026 tribuunt,
1917 4949 2055 5026 quod

481 5034 586 5094 non
612 5030 685 5094 est
712 5021 784 5074 eis
809 5021 1150 5090 imperatum,
1209 5024 1310 5076 hoc
1362 5032 1473 5088 est,
1516 5025 1874 5094 virginitatem
1905 5021 2053 5081 suam

482 5087 593 5163 Deo
615 5087 954 5156 oﬂerunt,et
982 5104 1332 5163 consecrant;
1355 5087 1498 5162 quod
1531 5087 1633 5148 ιιοῆ
1665 5103 1749 5150 est
1783 5099 2051 5163 praecepti,

481 5159 578 5214 sed
607 5163 813 5216 consilii
851 5179 864 5214 :
899 5162 1119 5231 majoris
1147 5175 1325 5217 autem
1374 5159 1565 5233 gratim
1601 5176 1656 5220 et
1711 5159 2056 5232 perfectionis

480 5239 563 5284 est
594 5246 810 5286 servare
851 5233 1076 5287 consilia
1101 5275 1116 5298 ,
1150 5235 1290 5304 quod
1316 5237 1468 5302 pauci
1492 5235 1724 5300 faciunt;
1754 5252 1910 5304 quam
1941 5239 2056 5292 sola

478 5313 768 5376 praecepta,
799 5319 920 5373 quae
949 5303 1019 5358 ab
1049 5303 1297 5358 omnibus
1323 5306 1628 5374 exiguntur.
1661 5303 1925 5362 Similiter
1950 5309 2059 5376 agit

479 5371 568 5446 hic
593 5371 910 5446 Cassianus,
941 5383 996 5429 ut
1023 5390 1087 5429 ex
1115 5371 1544 5444 praecedentibus
1577 5377 1762 5446 liquet.
1792 5377 1857 5432 de
1881 5371 2056 5446 priva-

482 5439 550 5495 tis
579 5445 912 5518 orationibus
933 5486 947 5510 ,
980 5453 1046 5518 _et
1088 5439 1555 5518 meditationibus,
1590 5439 1814 5518 aliisque
1848 5439 2058 5516 pietatis

477 5512 783 5586 exercitiis,
815 5531 935 5584 quae
963 5516 1144 5571 devoti
1188 5516 1265 5572 illi
1309 5517 1558 5572 monachi
1587 5533 1708 5572 cum
1729 5512 1894 5586 opere
1940 5536 2057 5576 ma-

478 5597 645 5636 nuum
695 5585 892 5640 divinis
930 5587 1132 5658 rofiiciis
1183 5589 1646 5654 intermiscentes,
1676 5585 1789 5643 sive
1820 5591 2060 5658 interpo-

478 5663 670 5730 nentes
710 5664 882 5730 totum
909 5657 1016 5714 diei
1045 5670 1256 5730 tempus
1293 5658 1496 5728 absque
1523 5660 1630 5714 ulla
1660 5657 2060 5719 intermiSsiOne

478 5735 534 5804 et
560 5728 1328 5804 quieteabsumebant,’sicu_t
1364 5733 1522 5804 paulo
1546 5744 1674 5785 ante
1695 5731 1864 5800 dixit;
1898 5743 2056 5804 atque

477 5797 553 5850 ita
587 5796 971 5865 functionibus,
1009 5803 1058 5855 id
1083 5796 1200 5868 est,
1232 5802 1423 5856 officiis
1459 5805 1762 5866 eanonicis,
1795 5796 2054 5861 canonica

477 5870 852 5935 compulsioue
874 5912 888 5937 ,
919 5873 1019 5928 hoc
1049 5882 1163 5937 est,
1212 5875 1442 5941 regulari
1473 5875 1717 5931 instituto
1745 5875 1941 5934 debitis
1962 5892 2056 5934 vo-

2170 2193 2399 2248 luntaria
2434 2192 2522 2246 illa
2552 2205 2811 2258 munera,
2853 2190 2906 2246 id
2953 2198 3064 2258 est,
3097 2201 3428 2260 spontanea,
3461 2199 3517 2247 et
3541 2191 3759 2261 privata

2169 2263 2509 2328 devotionis,
2560 2271 2615 2317 et
2660 2263 3157 2334 superemgatiouis
3187 2261 3367 2334 officia
3407 2265 3519 2334 peo
3560 2262 3762 2320 oﬂ‘ere-

2169 2334 2336 2400 bant;
2371 2343 2426 2388 ut
2455 2349 2522 2390 ne
2546 2331 2744 2402 puncto
2771 2331 2986 2404 quidem
3029 2333 3293 2404 temporis
3331 2347 3362 2387 a
3405 2331 3502 2388 Dei
3534 2336 3760 2390 servitio

2169 2415 2454 2469 vacarent;
2509 2405 2651 2475 quod
2692 2403 2875 2475 utique
2917 2404 3108 2460 melius
3129 2445 3143 2471 ,
3176 2413 3232 2458 et
3261 2403 3374 2458 Deo
3399 2406 3601 2474 gratius
3628 2415 3714 2460 est
3738 2447 3754 2470 ,

2169 2491 2328 2546 quam
2359 2476 2490 2531 solis
2539 2475 2737 2546 officiis
2765 2477 2993 2539 debitis,
3041 2484 3098 2530 et
3135 2475 3466 2545 prmscriptis
3490 2491 3589 2531 suo
3617 2485 3760 2532 tem-

2170 2545 2304 2616 pore
2335 2547 2681 2604 satislaCcre:
2713 2545 2853 2600 Plus
2879 2548 3016 2601 enim
3043 2555 3150 2612 est,
3195 2547 3394 2614 inquit,
3424 2547 3480 2599 id
3509 2548 3648 2617 quod
3671 2549 3760 2601 in-

2170 2628 2425 2671 cessanter
2455 2617 2690 2686 offertur,
2722 2634 2873 2688 quant
2903 2619 3039 2688 quod
3079 2619 3322 2688 temporis
3341 2618 3608 2672 intervallo
3637 2635 3758 2687 per-

2170 2690 2403 2742 solvitur.
2436 2687 2666 2742 Proinde
2707 2687 2812 2743 non
2843 2687 3124 2758 separatur
3165 2691 3251 2742 hic
3283 2703 3479 2744 munus
3502 2688 3758 2745 volunta-

2173 2761 2309 2813 rium
2350 2775 2377 2812 a
2425 2759 2788 2814 functionibus
2834 2761 3108 2815 canonicis
3149 2769 3202 2814 et
3241 2759 3466 2830 debitis;
3499 2761 3592 2816 sed
3621 2775 3758 2830 sup-

2170 2831 2393 2900 ponitur
2418 2847 2538 2886 cum
2567 2830 2668 2884 illis
2697 2833 3062 2900 coniunctum.
3108 2830 3212 2898 Qui
3255 2831 3398 2885 enim
3429 2828 3559 2885 facit
3586 2828 3754 2901 opera

2171 2916 2276 2956 non
2300 2902 2580 2970 imperata,
2604 2916 2670 2956 ex
2693 2903 2976 2969 charitate,
2999 2902 3140 2956 sicut
3159 2909 3401 2968 oportet;
3431 2901 3558 2956 facit
3582 2903 3751 2956 etiam

2172 2987 2360 3044 opera,
2390 2988 2485 3044 seu
2509 2973 2685 3044 officia
2718 2972 3002 3042 imperata,
3031 2981 3122 3044 aut
3150 2973 3332 3028 debita
3362 2971 3533 3044 (sicut
3563 2974 3751 3041 procul

2171 3043 2335 3097 dubio
2378 3043 2645 3116 faciebant
2687 3043 2761 3097 illi
2810 3042 3095 3116 monachi)
3135 3062 3146 3098 :
3184 3042 3442 3116 atqtienita
3475 3043 3595 3112 plus
3623 3043 3753 3111 dat,

2172 3129 2332 3182 quam
2368 3115 2476 3180 ille,
2508 3116 2598 3183 qui
2632 3115 2803 3170 solum
2835 3115 3120 3184 imperata,
3152 3124 3242 3172 aut
3279 3115 3458 3170 debita
3502 3118 3756 3185 exsequi-

2171 3195 2276 3239 tur.
2322 3185 2672 3256 lucluduntur
2719 3187 2861 3256 enim
2912 3195 3173 3256 praecepta
3222 3187 3273 3240 in
3317 3185 3587 3252 consiliis,
3639 3200 3752 3242 non

2168 3265 2376 3311 contra.
2412 3261 2588 3327 Atque
2631 3255 2703 3310 ita
2752 3255 2882 3310 nihil
2935 3258 3061 3312 hinc
3094 3255 3286 3327 colligi
3334 3264 3513 3326 p0test
3558 3269 3751 3312 contra

2167 3340 2508 3382 communem
2538 3327 2838 3382 doctrinam
2869 3327 2937 3382 de
2967 3339 3090 3382 voto
3140 3337 3192 3382 et
3233 3342 3397 3396 opere
3425 3327 3568 3395 quod
3599 3327 3653 3381 fit
3684 3343 3753 3384 ex

2168 3407 2322 3454 voto:
2361 3398 2502 3467 quod
2536 3407 2779 3466 constat,
2813 3401 3027 3453 caeteris
3071 3391 3326 3468 paribus',
3375 3391 3569 3453 melius
3596 3413 3754 3463 esse,

2172 3469 2384 3540 Deoque
2413 3471 2634 3539 gratius,
2666 3483 2728 3524 ac
2751 3469 2920 3540 magis
2953 3469 3306 3534 meritorium,
3338 3485 3499 3538 quam
3525 3469 3571 3524 si
3598 3469 3755 3524 fiet-ct

2170 3539 2286 3593 sine
2313 3547 2438 3593 voto
2470 3557 2481 3592 :
2516 3541 2674 3593 modo
2715 3556 2821 3594 non
2848 3539 3037 3595 coaete
3059 3583 3074 3608 ,
3108 3551 3200 3595 aut
3238 3556 3303 3595 ex
3336 3544 3528 3595 timore
3559 3541 3754 3596 servili

2171 3610 2261 3663 fiat
2293 3627 2305 3662 :
2335 3625 2442 3680 quo
2471 3625 2598 3665 casu
2629 3610 2946 3678 simpliciter
2969 3627 3096 3666 vera
3132 3621 3217 3667 est
3241 3611 3333 3665 illa
3359 3612 3599 3666 Cassiani
3627 3626 3756 3666 sen-

2171 3679 2373 3746 tentia,
2423 3679 2634 3735 Gratius
2671 3693 2745 3736 est
2793 3698 2978 3736 munus
3018 3684 3326 3747 voluntarii,
3369 3692 3472 3738 etc.
3505 3681 3611 3738 Sed
3643 3697 3753 3737 non

2167 3753 2378 3807 videtur
2433 3754 2483 3806 in
2531 3752 2673 3806 hunc
2719 3754 2936 3808 modum
2980 3753 3348 3820 intellexisse;
3387 3769 3508 3808 cum
3541 3755 3608 3807 de
3647 3754 3757 3810 iiiis

2168 3822 2449 3877 monachis
2469 3831 2677 3894 ageret,
2706 3825 2797 3893 qui
2829 3835 3164 3894 prompte,et
3181 3825 3373 3880 devote
3395 3827 3572 3879 omnia
3596 3839 3757 3881 exse-

2167 3895 2576 3966 quebantur,et
2620 3896 2768 3964 plura
2811 3896 3158 3964 praestabant,
3199 3911 3360 3966 quam
3404 3896 3751 3951 tenebantur.

2238 3963 2265 4003 ἀ
2328 3963 2695 4020 Voluntarium
2743 3963 3033 4035 Opponitur
3079 3963 3312 4021 tristitia:
3348 3980 3401 4022 et
3441 3967 3749 4032 coactioni;

2169 4050 2273 4089 non
2308 4046 2487 4090 autem
2519 4038 2866 4103 necessitati,
2911 4052 3004 4091 seu
3033 4037 3380 4106 obiigationi;
3413 4053 3532 4106 quae
3575 4040 3756 4093 nasci-

2169 4114 2263 4180 tur
2285 4123 2351 4160 ex
2379 4119 2505 4180 voto
2527 4148 2540 4170 ,
2575 4120 2663 4160 aut
2697 4109 3092 4180 pr¢cepto._l)e
3115 4125 3214 4176 qua
3250 4110 3310 4162 D.
3339 4109 3669 4180 Augustinus
3699 4111 3754 4164 in

2170 4179 2342 4249 Epist.
2377 4178 2441 4232 ad
2471 4178 2870 4232 Armentarium
2927 4197 2939 4232 :
2991 4178 3148 4233 Felix
3177 4178 3449 4234 necessitas
3481 4222 3494 4246 ,
3528 4194 3643 4249 qua:
3685 4182 3756 4234 ad

2168 4248 2381 4320 meliora
2409 4250 2686 4320 compellit.
2721 4249 2942 4304 Videtur
2973 4260 3149 4304 tamen
3189 4250 3482 4304 Cassianus
3505 4248 3756 4305 volunta-

2168 4319 2311 4390 rium,
2335 4319 2420 4373 hic
2447 4319 2772 4389 intelligere,
2807 4322 2948 4387 quod
2982 4332 3175 4390 sponte
3202 4321 3262 4374 fit
3288 4323 3491 4390 absque
3520 4321 3624 4376 ulla
3655 4322 3756 4376 ob-

2168 4389 2426 4462 ligatione
2460 4391 2601 4457 voti,
2636 4392 2720 4445 vel
2761 4389 3025 4462 praecepti
3052 4392 3240 4462 :iquod
3288 4389 3507 4460 quidem
3558 4393 3757 4448 melius

2166 4470 2288 4545 est,
2302 4471 2358 4545 _et
2388 4461 2496 4545 Deo
2520 4463 2742 4531 gratius,
2769 4461 3142 4545 .quando_aliis
3163 4464 3439 4545 operibus.
3469 4471 3526 4545 et
3554 4462 3756 4518 officiis

2165 4530 2394 4604 debitis,
2429 4541 2483 4586 et
2512 4530 2836 4588 necessariis
2884 4548 2950 4588 ex
2992 4530 3211 4604 fervore
3251 4533 3532 4589 charitatis
3561 4548 3752 4604 super-

2165 4603 2412 4666 additur,
2447 4614 2501 4658 et
2543 4613 2997 4674 supererogatur,
3047 4602 3127 4657 uti
3173 4619 3335 4674 supra
3382 4604 3585 4660 dictum
3617 4602 3702 4658 est
3737 4623 3751 4659 :

2167 4673 2255 4726 ubi
2315 4675 2491 4728 locum
2550 4673 2853 4745 habetilla
2907 4676 3171 4730 sententia
3223 4675 3540 4745 Evangeiica
3574 4694 3586 4728 :
3621 4674 3754 4730 Hcce

2164 4745 2390 4814 oportuit
2405 4745 2606 4868 secere,
2634 4752 2680 4798 et
2705 4743 2800 4797 illa
2827 4759 2928 4798 non
2957 4745 3188 4800 omittere
3215 4743 3445 4814 (Matth.
3476 4749 3640 4816 xxv).

2239 4825 2261 4852 ο
2294 4816 2367 4868 ita
2453 4855 2464 4866 .
2510 4812 2814 4868 Cvorianus
2840 4815 2934 4868 lib.
2968 4817 3030 4868 de
3061 4815 3310 4868 Oratione
3345 4819 3616 4868 Dominicis

2239 4825 2261 4852 °
2294 4816 2367 4870 ita
2405 4812 2464 4868 D.
2510 4812 2814 4885 Cyprianus
2840 4815 2934 4870 lib.
2968 4817 3030 4869 de
3061 4812 3310 4872 Oratione
3345 4812 3616 4872 flaminica
3645 4819 3751 4873 sub

2165 4886 2325 4957 linem
2360 4903 2370 4936 :
2407 4885 2470 4940 In
2501 4885 2842 4957 orationibus,
2884 4888 3077 4957 inquit,
3110 4889 3432 4943 celebrandis
3460 4890 3754 4944 invenimus

2163 4955 2451 5030 observasse
2480 4972 2595 5030 cum
2627 4956 2843 5030 Daniele
2873 4955 2974 5012 tres
2994 4975 3176 5030 pueros
3203 4961 3258 5012 in
3284 4960 3384 5026 ﬁde
3411 4963 3589 5030 fortes,
3619 4969 3667 5013 et
3699 4960 3754 5015 in

2164 5027 2459 5094 captivitate
2479 5027 2712 5095 victores,
2747 5029 2928 5082 horam
2959 5027 3178 5094 tertiam,
3208 5027 3428 5096 sextam,
3459 5041 3509 5086 et
3535 5047 3754 5085 nonam.

2166 5096 2234 5150 Et
2257 5096 2318 5150 D.
2348 5097 2705 5171 Hieronymus
2737 5101 2788 5153 in
2815 5114 2934 5170 cap.
2961 5115 3014 5154 vr
3048 5101 3292 5156 Danielis
3323 5119 3336 5154 :
3370 5100 3516 5167 Tria,
3551 5103 3749 5171 inquit.

2163 5177 2416 5244 tempora,
2431 5169 2615 5244 quibus
2641 5169 2746 5225 Deo
2765 5172 3019 5242 ﬂectenda
3034 5181 3154 5226 sunt
3170 5188 3360 5244 genua,
3384 5169 3755 5229 Ecclesiastua

2164 5239 2370 5292 traditio
2399 5241 2658 5309 intelligit.

2239 5309 2258 5346 τ
2280 5311 2382 5387 _De_
2399 5313 2486 5387 bis
2508 5313 2738 5387 aliisque
2763 5313 3020 5387 horarum
3043 5317 3427 5387 canonicarum
3449 5315 3752 5387 mysteriis,

2165 5389 2220 5434 et
2248 5382 2750 5456 signiﬁcationibus,
2781 5401 2916 5455 quas
2942 5385 3030 5440 hic
3059 5388 3234 5455 tangit
3261 5382 3577 5453 Cassianus,
3610 5402 3742 5456 prte-

2165 5455 2525 5528 ter_antiqu_o_s
2558 5455 2766 5528 Patres,
2800 5465 3034 5528 tractant
3066 5472 3130 5510 ex
3169 5459 3415 5526 professo
3448 5455 3748 5528 Rupertus,

2163 5522 2421 5591 isidorus,
2460 5524 2612 5594 [iugo
2641 5541 2671 5579 a
2708 5527 2764 5578 S.
2799 5526 3039 5589 Victore.
3084 5535 3139 5581 et
3170 5522 3265 5583 alii
3299 5522 3654 5584 recentiores.
3700 5522 3746 5587 Α

2161 5595 2359 5664 quibus
2388 5597 2565 5669 varias
2584 5599 2819 5669 rationes
2848 5596 3170 5669 afferuntur,
3199 5616 3290 5652 cur
3325 5601 3435 5654 hwc
3464 5601 3746 5669 specialius

2163 5675 2390 5742 tempore
2417 5665 2672 5732 religiosis
2699 5669 2802 5742 sint
2829 5667 3016 5738 officiis
3045 5669 3310 5742 deputnta.
3358 5673 3457 5726 ltoc
3494 5665 3600 5733 est,
3645 5687 3748 5728 cur

2163 5737 2244 5790 his
2268 5737 2449 5806 potius
2481 5737 2843 5811 temporibus.
2874 5737 2968 5796 seu
3002 5737 3151 5797 horis
3176 5741 3352 5796 officia
3381 5743 3556 5797 divina
3587 5759 3748 5811 pera-

2161 5818 2388 5884 gantur;
2422 5811 2515 5884 sed
2551 5818 2660 5884 tres
2681 5809 2933 5866 videntur
2959 5816 3280 5883 pracipuos:
3311 5829 3534 5884 quarum
3568 5809 3743 5881 prima

2161 5879 2384 5948 respicit
2417 5879 2738 5937 beneficium
2774 5879 3093 5955 creationis,
3128 5879 3374 5944 secunda
3415 5879 3743 5944 beneficium
