4026 6334
259 266 358 324 117

771 261 860 318 DE
900 257 1385 318 C(ENOBIORUM
1425 253 1669 313 INSTIT.
1715 250 1844 308 LIB.
1885 247 1976 306 111.
2005 280 2077 292 —
2103 249 2193 306 DE
2232 249 2504 308 DIURNIS
2542 248 3026 308 ORATIONIBUS.

3438 251 3546 306 118

256 375 526 449 religiosis
549 383 682 432 sunt
708 375 904 432 ofﬁciis
927 374 1201 444 deputata.
1232 373 1287 428 In
1313 373 1396 427 his
1424 371 1694 442 siquidem
1714 383 1850 440 pro-
1881 391 1922 447 Α
1956 366 2163 423 tionum
2187 366 2370 422 otticio
2393 367 2724 423 constitutos
2745 362 3100 423 descendisse
3121 367 3372 437 primitus
3394 381 3546 424 com-

256 470 584 528 suasionum
626 468 930 540 perfectio,
975 475 1031 524 et
1057 481 1267 522 summa
1309 475 1511 521 nostrai
1542 462 1737 519 salutis
1765 470 1849 518 est

253 563 579 634 sdimpleta:
596 572 622 600 ι
637 563 784 618 Hora
804 575 1036 634 namque
1056 562 1215 618 tertia
1230 560 1595 633 repromissus
1605 557 1737 612 olim
1756 568 1851 626 per

254 657 558 729 prophetas
597 655 838 727 Spiritus
865 664 1089 712 sanctus
1118 669 1288 727 super
1329 653 1607 725 apostolos
1637 652 1691 707 in
1726 663 1854 706 ora-

1958 459 2240 530 prohatur.
2289 458 2420 514 Nam
2473 473 2602 515 cum
2651 470 2872 530 propter
2917 459 3284 514 elocutionem
3331 459 3544 526 lingua-

1954 567 2112 620 rum,
2142 559 2264 626 quae
2293 555 2361 610 ab
2387 555 2468 610 eis
2497 553 2768 610 inlusione
2812 553 3052 624 Spiritus
3091 553 3260 609 sancti
3311 551 3546 622 proﬂue-

1959 649 2083 716 bat,
2114 663 2250 720 gens
2292 647 2565 704 incredula
2591 647 2898 704 Judmorum
2931 647 3322 718 obswpescens
3341 645 3547 715 pariter

1331 786 1593 847 ALARDI
1633 783 1871 844 GAZEI
1905 781 2471 842 COMMENTARIUS.

258 900 313 951 et
340 891 670 964 mysterium
701 887 1114 964 redemptionis,
1147 887 1307 964 tertia
1340 883 1657 964 mysterium
1689 897 1846 964 sanc-

257 954 484 1020 tissime
516 961 821 1018 Trinitatis.
854 954 1038 1014 Primo
1072 954 1216 1014 enim
1250 954 1508 1014 inStitutse
1543 965 1669 1011 sunt
1698 954 1847 1008 horas

257 1034 554 1100 canonica»,
593 1041 653 1087 ut
682 1030 1002 1087 beneficium
1032 1032 1324 1086 creationis
1345 1027 1586 1100 quotidie
1609 1038 1850 1082 contine-

258 1120 557 1168 noresnus,
589 1112 648 1160 et
680 1119 780 1169 pro
807 1117 875 1156 eo
907 1117 1175 1171 perennes
1207 1101 1413 1164 laudes,
1454 1108 1507 1156 et
1547 1100 1847 1167 gratiarum

258 1177 507 1232 actiones
558 1172 834 1232 conditori
880 1188 1062 1230 rerum
1121 1173 1360 1228 omnium
1412 1171 1730 1232 referamus,
1787 1176 1846 1224 ut

255 1248 549 1316 perspicue
605 1244 899 1316 ostendunt
952 1243 1139 1316 hymni
1189 1241 1844 1316 ferialeschsperartim.

256 1310 540 1387 (Bellum.
585 1316 673 1373 lib.
727 1329 743 1370 ι
785 1310 1005 1387 ἀείὺοηξ
1049 1314 1206 1384 Oper.
1251 1330 1361 1384 cap.
1409 1310 1845 1387 13.)ldi:o_enim

254 1382 380 1444 sunt
413 1389 568 1442 horse
598 1397 808 1458 septem
841 1386 1047 1442 diurna
1085 1382 1106 1441 ξ
1133 1382 1387 1453 quoniam
1419 1395 1626 1454 septem
1657 1382 1848 1458 diebus

252 1459 460 1515 creavit
498 1454 886 1520 Deus'cmlum
913 1468 966 1513 et
998 1468 1217 1521 terrain,
1261 1466 1315 1510 et
1359 1459 1539 1510 omnia
1571 1469 1690 1523 quae
1722 1454 1846 1508 coeli

253 1530 462 1584 ambitu
496 1531 869 1584 continentur.
908 1529 1138 1583 Additur
1168 1538 1348 1581 autem
1383 1528 1513 1579 liora
1543 1537 1757 1588 octava,
1795 1523 1847 1578 id

252 1611 353 1664 est.
389 1600 640 1655 officium
676 1609 1020 1664 nocturnum,
1065 1614 1160 1664 pro
1205 1613 1299 1666 spe
1347 1607 1403 1651 et
1440 1597 1850 1665 exspectatione

252 1671 703 1738 resurrectionis,
751 1685 870 1742 quia
908 1686 1009 1742 per
1053 1670 1199 1724 diem
1251 1677 1498 1742 octavam
1553 1667 1849 1742 significari

252 1743 388 1798 solet
423 1761 436 1796 :
483 1751 653 1798 noctu
684 1738 862 1800 aufem
897 1738 1129 1798 futuram
1163 1741 1622 1796 resurrectionem
1659 1738 1846 1792 Domi-

253 1829 349 1868 nus
392 1815 516 1880 ipse
555 1813 836 1868 admonuit
874 1813 1034 1869 Luca:
1070 1827 1176 1866 xm
1215 1828 1230 1865 :
1273 1810 1338 1865 In
1377 1811 1470 1865 illa
1511 1820 1657 1863 nocte
1701 1818 1851 1863 erunt

253 1885 352 1937 duo
391 1885 448 1938 in
491 1886 621 1939 lecto
652 1901 792 1951 uno;
829 1902 960 1938 unus
999 1893 1308 1952 assumatur,
1341 1881 1472 1935 alter
1510 1882 1848 1948 relinquetur,

252 1965 302 2009 et
331 1955 574 2009 Matthzi
601 1971 710 2010 xxv
740 1972 754 2009 :
789 1955 963 2009 Media
993 1964 1136 2010 nocte
1166 1955 1362 2007 clamor
1403 1958 1568 2021 factus
1603 1961 1708 2017 est;
1737 1968 1852 2005 ecce

253 2042 471 2098 sponsus
501 2028 661 2091 venit,
699 2028 830 2081 exite
858 2027 1069 2098 obviam;
1097 2026 1162 2080 ei.
1207 2025 1456 2098 Secunda
1485 2025 1643 2098 ratio,
1679 2038 1850 2098 eaque

258 2093 565 2166 potissima,
595 2113 755 2168 quam
787 2098 1015 2153 reddunt
1043 2096 1254 2159 Patres,
1284 2095 1555 2168 Clemens.
1593 2093 1847 2168 Basilius,

258 2165 571 2228 Cassianus,
614 2165 680 2222 'et
728 2167 842 2231 alii,
888 2168 952 2221 ad
997 2169 1314 2222 memoriam
1358 2165 1747 2235 redemptionis
1795 2175 1850 2220 et

257 2240 622 2305 reparationis
667 2251 868 2295 nostrzc
907 2238 1352 2294 conservandam.
1397 2237 1528 2292 Nam
1575 2238 1846 2307 praecipua

258 2310 654 2378 redemptionis
687 2320 906 2368 nostrai.
939 2321 996 2365 et
1026 2310 1294 2378 passionis
1323 2309 1617 2363 Dominicis
1646 2316 1851 2378 myste-

257 2381 329 2436 ria
367 2382 448 2436 his
490 2382 648 2437 horis
690 2383 961 2452 completa
1003 2397 1129 2452 esse
1167 2391 1481 2452 noscuntur.
1527 2381 1608 2452 De
1652 2379 1848 2448 quibus

258 2462 469 2508 exstant
504 2453 582 2506 illi
614 2450 872 2508 versiculi
907 2451 1166 2507 memoria
1190 2451 1358 2520 digni,
1381 2461 1435 2506 et
1464 2466 1489 2502 a
1518 2450 1846 2522 junioribus,

256 2539 480 2594 quorum
513 2525 690 2595 gratia
731 2538 828 2579 eos
865 2523 1066 2590 refero,
1096 2522 1374 2578 memoria:
1402 2522 1845 2578 commendandi:

342 2680 463 2731 Bac
487 2689 624 2744 sunt,
647 2682 873 2744 septenis
889 2689 1090 2744 propter
1107 2693 1220 2744 quas
1243 2679 1491 2742 psallimus
1508 2680 1645 2731 horis
1668 2695 1682 2732 ε

345 2743 582 2814 yatutina
603 2743 728 2814 li_gat
750 2743 1015 2814 Christum,
1035 2746 1116 2806 qui
1130 2743 1343 2814 crimina
1363 2750 1555 2814 purgat.

343 2804 508 2854 Prima
538 2803 702 2866 replet
721 2809 905 2866 sputis;
926 2803 1117 2855 causam
1143 2805 1220 2853 dat
1245 2803 1413 2855 Tertia
1438 2803 1626 2856 mortis.

344 2867 502 2930 _S_exta
529 2869 663 2930 cruci
691 2870 869 2917 nectit:
897 2868 1023 2917 latus
1041 2867 1146 2930 ejus
1169 2867 1304 2916 Nona
1325 2869 1545 2930 bipertit.

343 2928 570 2992 Vespera
588 2928 823 2992 deponit:
847 2931 1034 2980 tumulo
1057 2928 1310 2992 Completa
1329 2928 1543 2993 reponit.

255 3078 355 3135 Sed
386 3087 442 3152 et
473 3079 712 3134 aliorum
755 3079 1140 3135 beneficiorum
1181 3090 1234 3135 et
1274 3080 1653 3152 mysteriorum
1690 3095 1848 3152 repa-

259 3151 480 3206 rationis
525 3159 731 3205 nostra:
771 3152 1106 3221 memoriam,
1155 3151 1468 3221 gratamque
1516 3167 1637 3206 cuin
1684 3151 1844 3208 laude

254 3224 694 3292 recordationem
728 3221 918 3276 iisdem
951 3220 1096 3277 horis
1128 3220 1467 3291 proﬁtemur,
1504 3230 1629 3292 puta
1663 3222 1846 3278 lucar-

255 3293 521 3358 nationis,
549 3291 880 3358 Nativiiatis,
915 3291 1369 3357 Resurrectionis,
1409 3293 1680 3348 missionis
1718 3293 1846 3364 Spi-

255 3365 389 3419 ritus
435 3364 638 3430 sancti,
681 3365 994 3434 vocationis
1024 3365 1282 3432 gentium,
1334 3372 1464 3432 etc.,
1512 3380 1632 3434 quae
1682 3367 1846 3421 certis

257 3435 618 3518 temporibus.
671 3433 866 3560 quibus
918 3433 1154 3488 officium
1196 3435 1471 3517 'horarum
1527 3433 1841 3505 respondet,

257 3518 547 3560 contigisse
579 3521 634 3560 in
713 3513 974 3560 crintura.
1011 3515 1064 3559 et
1098 3507 1416 3560 antiquitate
1453 3516 1841 3560 memorantur.

254 3506 547 3575 contigisse
578 3506 634 3560 in
672 3505 974 3575 Scriptura,
1011 3515 1064 3559 et
1098 3506 1416 3572 antiquitate
1453 3516 1842 3564 memorantur.

1950 887 2316 945 consecratas,
2348 892 2454 932 non
2481 875 2753 931 immerito
2781 876 2850 932 ab
2879 875 3127 934 Ecclesia
3150 875 3319 935 fuisse
3347 876 3549 938 divinis

1951 947 2188 1004 ofﬁcinis
2217 949 2503 1017 specialius
2531 947 2832 1014 deputatas.

2026 1029 2052 1057 ι
2086 1021 2158 1075 De
2192 1019 2362 1086 horis,
2395 1022 2510 1075 sive
2555 1018 2749 1075 officiis
2791 1019 3000 1074 diurnis
3035 1027 3278 1083 acturus,
3320 1033 3544 1076 eorum—

1950 1107 2055 1161 que
2091 1095 2372 1158 mysteria.
2408 1092 2524 1145 sive
2553 1092 2788 1162 rationes
2824 1101 2880 1145 et
2904 1089 3344 1162 significationes
3367 1092 3546 1162 expli-

1951 1173 2200 1228 Caturus,
2242 1177 2270 1216 a
2321 1163 2476 1216 tertia
2525 1161 2734 1232 initium
2774 1161 2960 1226 sumit,
3002 1165 3204 1216 omissa
3243 1161 3545 1232 prima,'ob

1952 1235 2219 1288 rationein
2253 1235 2498 1301 superius
2536 1231 2851 1304 indicatam,
2894 1241 2949 1288 et
2989 1231 3396 1302 sequenti'cap.
3429 1234 3545 1304 ple-

1953 1307 2076 1360 nius
2117 1305 2533 1375 eXplicandam:
2567 1319 2687 1373 quae
2729 1303 2944 1375 quidem
2987 1305 3141 1358 tertia
3186 1304 3543 1375 oh‘mysterii

1952 1376 2268 1444 dignitatem
2309 1386 2361 1428 et
2400 1374 2774 1440 eminentiam,
2804 1374 2965 1443 vulgo
3005 1375 3145 1444 apud
3184 1373 3542 1432 italos‘aurea

1955 1445 2087 1501 liora
2132 1455 2471 1514 nuncupatur
2509 1466 2522 1502 :
2577 1447 2629 1499 in
2684 1445 2815 1500 Jure
2863 1455 3041 1501 autem
3088 1445 3360 1502 Canonico
3408 1446 3543 1500 liora

1953 1534 2102 1571 sacra
2141 1519 2265 1570 dist.
2309 1515 2381 1570 44
2423 1532 2544 1570 can.
2590 1517 2713 1578 ult.,
2753 1517 2840 1571 ubi
2883 1515 3128 1570 dicitur:
3171 1532 3271 1568 non
3303 1526 3542 1585 aporlere

1954 1588 2186 1652 clericos,
2217 1587 2295 1641 vel
2323 1589 2482 1641 laicos
2519 1586 2787 1658 religiosos
2821 1597 2945 1658 ante
2979 1603 3184 1641 sacram
3217 1586 3541 1658 lioramﬂdiei

1954 1661 2155 1713 tertiam
2187 1661 2318 1712 inire
2359 1659 2589 1712 convivia
2619 1656 2807 1729 '(Apud
2828 1656 3029 1712 Gratia.
3061 1673 3124 1712 es
3146 1659 3366 1712 concilio
3394 1657 3542 1711 Mer-

1955 1733 2051 1783 tini
2083 1731 2274 1800 papae).
2308 1729 2470 1785 Sacra
2504 1739 2682 1784 autem
2712 1731 2980 1800 appellata
3010 1730 3244 1794 videtur,
3277 1730 3405 1797 quia
3426 1744 3537 1800 isa-

1953 1801 2061 1856 cris
2113 1799 2394 1855 Missaruin
2438 1801 2722 1854 solcniniis
2764 1799 2962 1860 dicata,
3013 1808 3073 1857 ut
3113 1800 3277 1868 probe
3315 1799 3539 1868 conjicit

1953 1817 2061 1856 eris
2114 1815 2394 1855 MlSsal'tlltl
2438 1815 2722 1854 soieniniis
2764 1815 2962 1860 aicata,
3013 1815 3073 1857 ut
3149 1815 3277 1854 rone
3315 1815 3536 1868 εοημειι

1952 1873 2111 1926 Joan.
2156 1874 2424 1926 liurantus
2468 1874 2533 1924 de
2574 1870 2784 1925 Ritibus
2827 1872 3033 1926 Eccles.
3078 1815 3170 1925 lig.
3219 1885 3276 1924 iii
3315 1885 3433 1939 cap.
3478 1871 3536 1925 8.

1954 1943 2126 2012 Hujus
2145 1944 2290 1997 horai
2315 1943 2487 1997 tertia:
2503 1943 2610 1997 duo
2630 1943 2894 2010 praecipua
2912 1944 3166 2014 mysteria
3189 1941 3242 1996 in
3263 1941 3538 2009 Scriptura

1953 2027 2468 2079 commemorantur,
2501 2023 2555 2069 et
2583 2031 2609 2066 a
2642 2014 2890 2068 Patribus
2918 2015 3282 2075 celebrantur,
3306 2027 3537 2081 quorum

1961 2088 2194 2140 alterum
2240 2086 2304 2139 ad
2346 2089 2650 2152 passionem
2693 2084 2890 2138 Christi
2924 2089 3178 2154 pertinet,
3211 2085 3436 2138 alterum
3465 2081 3538 2138 ad

1959 2160 2293 2220 missionem,
2314 2159 2424 2211 sive
2444 2157 2739 2211 adventum
2773 2156 3004 2224 Spiritus
3029 2155 3224 2209 sancti.
3256 2155 3330 2207 De
3354 2154 3537 2222 priore

1955 2232 2214 2298 mysterio
2244 2229 2303 2281 D.
2335 2229 2588 2281 Clemens
2616 2227 2710 2280 lib.
2740 2243 2828 2281 viii
2860 2226 3150 2298 Constitut.
3183 2227 3371 2293 Apost.
3407 2239 3534 2298 cap.

1952 2297 2025 2354 40
2050 2317 2063 2352 ;
2093 2299 2300 2362 Preces,
2333 2300 2528 2367 inquit,
2553 2306 2747 2351 vestras
2773 2299 2926 2365 facite
2948 2297 3076 2350 liora
3099 2298 3272 2360 tertia,
3291 2297 3538 2366 quoniam

1952 2370 2047 2423 illa
2078 2369 2205 2422 liora
2236 2369 2485 2421 Dominus
2516 2370 2825 2423 sententiam
2849 2367 3008 2421 Pilati
3039 2368 3251 2436 accepit.
3284 2367 3539 2436 Idemque

1953 2442 2145 2494 astruit
2171 2440 2226 2495 S.
2263 2440 2500 2509 lguatius
2531 2441 2702 2509 epist.
2725 2439 2758 2493 8
2789 2440 2852 2492 ad
2879 2435 3218 2494 Trallianos:
3253 2435 3402 2509 _Hora
3433 2447 3540 2509 ler-

1952 2511 2043 2576 tia,
2097 2506 2308 2582 inquit;
2331 2506 2631 2582 sententiam
2670 2507 2906 2576 Christus
2946 2510 3130 2582 accipit
3169 2506 3447 2582 agPilato.
3473 2507 3538 2562 S.

1952 2579 2283 2636 Athanasius
2324 2582 2416 2635 lib.
2455 2582 2523 2636 de
2565 2581 2879 2648 Virginitate
2911 2598 2924 2633 :
2958 2581 3054 2636 Sol
3089 2580 3326 2633 exoriens
3364 2579 3537 2632 videat

1951 2653 2138 2706 librum
2183 2655 2235 2707 in
2273 2669 2432 2706 manu
2478 2662 2568 2706 tua
2603 2668 2621 2706 :
2671 2661 2788 2722 post
2832 2653 3031 2706 tertiam
3079 2652 3260 2703 horam
3301 2650 3537 2721 peragite

1953 2727 2390 2786 communionem;
2411 2724 2659 2794 quoniam
2679 2723 2772 2776 hac
2794 2726 2922 2777 liora
2941 2723 3222 2794 adductum
3243 2731 3313 2772 est
3324 2722 3536 2794 lignum

1951 2796 2138 2850 crucis.
2171 2795 2245 2849 De
2269 2792 2446 2849 altero
2467 2796 2748 2860 mysterio,
2776 2795 2916 2860 quod
2943 2793 3026 2846 liic
3048 2792 3286 2857 exiilicat
3309 2793 3535 2858 Auctor,

1953 2863 2319 2920 Tertullianus
2369 2866 2462 2920 lib.
2511 2861 2581 2921 de
2625 2863 2839 2933 Jejunio
2870 2883 2883 2917 :
2909 2863 2976 2918 In
3016 2863 3399 2926 commentario,
3433 2861 3534 2928 ait,

1951 2934 2128 3002 Luca‘,
2171 2947 2223 2990 et
2261 2938 2412 2991 tertia
2450 2937 2575 2990 liora
2613 2937 2862 2989 orationis
2889 2939 3284 2997 demonstratur,
3310 2933 3401 2986 sub
3431 2947 3538 3000 qua

1952 3006 2159 3075 Spiritu
2197 3018 2374 3062 sancto
2410 3007 2601 3061 initiati
2633 3023 2726 3076 pro
2755 3008 2908 3060 ebriis
2938 3006 3275 3076 habebantur.
3326 3003 3389 3058 D.
3429 3004 3538 3073 Cy-

1951 3079 2172 3200 prianus
2197 3079 2264 3134 de
2285 3078 2540 3134 Oratione
2568 3077 2844 3132 Dominica
2870 3096 2882 3132 :
2911 3075 3052 3132 Nam
3076 3091 3231 3148 super
3253 3076 3536 3144 discipulos

1988 3165 2081 3200 ora
2129 3151 2276 3200 tertia
2323 3149 2583 3200 descendit
2629 3147 2861 3200 Spiritus
2905 3159 3134 3200 sanctus-
3187 3147 3273 3200 aui
3317 3146 3536 3200 aratiam

1988 3165 2081 3204 ora
2129 3151 2276 3204 tertia
2323 3149 2583 3204 descendit
2629 3147 2861 3218 Spiritus
2905 3146 3149 3216 sanctus,
3187 3147 3289 3218 qui
3317 3146 3536 3218 gratiam

1950 3222 2359 3286 repromissionis
2387 3221 2631 3290 implevit.
2664 3217 2722 3277 S.
2755 3221 2988 3276 Basilius
3018 3235 3184 3274 serm.
3204 3217 3237 3273 ⁷ι
3262 3217 3330 3274 de
3356 3217 3530 3290 lustit.

1951 3290 2194 3348 Monach.
2246 3311 2259 3345 :
2294 3292 2431 3359 Quin
2457 3288 2527 3345 ‘et
2569 3290 2802 3361 Spiritus
2843 3293 3005 3346 sancti
3043 3291 3291 3344 adventus
3328 3288 3536 3342 circiter

1951 3362 2131 3416 horam
2158 3363 2261 3417 diei
2284 3363 2485 3417 tertiam
2511 3363 2631 3430 fuit,
2661 3364 2790 3417 sicut
2816 3379 2878 3417 ea:
2903 3363 3044 3417 Actis
3073 3363 3360 3431 accepimus
3383 3373 3402 3411 :
3430 3373 3536 3428 quo

1951 3441 2175 3502 tempore
2201 3452 2313 3487 cum
2339 3442 2546 3503 prapter
2570 3435 2766 3488 variam
2787 3433 2935 3488 illaut
2956 3430 3537 3503 linguarum_efﬁcacem

1950 3501 2060 3576 vim,
2084 3501 2349 3559 Pharisin
2367 3501 2648 3576 discipulos
2675 3505 2967 3570 irriderent,
2998 3501 3219 3576 negavit
3239 3501 3537 3576 Petrus_eos

257 3569 433 3632 Tertia
470 3577 641 3640 ratio,
671 3584 729 3647 ut
768 3569 822 3630 in
853 3569 1110 3631 honorem
1147 3569 1506 3632 sanctissimae
1538 3577 1842 3642 Trinitatis,
1873 3571 1921 3636 C
1950 3573 2116 3629 ebrios
2143 3592 2270 3647 esse,
2311 3577 2398 3645 qui
2427 3569 2848 3647 adloquerentur
2878 3593 2897 3631 :
2923 3569 3175 3647 siquidem
3200 3572 3380 3647 horam
3409 3569 3536 3647 Ter-

255 3650 410 3702 tertia
451 3662 674 3719 quaque
715 3646 847 3719 hora
896 3647 1062 3702 Deum
1109 3648 1432 3719 laudemus,
1463 3658 1534 3719 et,
1562 3648 1846 3705 Trinitatis

256 3717 603 3790 mysterium,
659 3718 815 3790 quod,
849 3726 1048 3790 nostra:
1096 3717 1219 3790 fidei
1273 3729 1357 3774 est
1401 3717 1843 3790 fundamentum,

245 3787 414 3845 trinis
453 3787 764 3860 quibusque
806 3787 952 3860 horis
989 3789 1354 3860 protitcamur.
1398 3789 1548 3860 lianc
1580 3787 1846 3846 rationein

255 3857 493 3915 insinuat
549 3860 610 3914 D.
661 3857 962 3929 Cyprianus
992 3857 1093 3912 liis
1138 3860 1316 3915 verbis
1360 3877 1372 3912 :
1416 3857 1484 3914 In
1527 3863 1847 3917 orationibus

253 3931 581 3984 celebrandis
611 3931 894 3984 invenimus
927 3932 1212 3985 observasse
1241 3942 1338 3984 tres
1369 3947 1558 4002 pueros
1587 3949 1702 3988 cum
1741 3933 1850 3988 Da-

255 4003 404 4063 niele,
435 4003 617 4054 harant
644 4005 865 4066 tertiam,
894 4012 1113 4064 sextam,
1145 4017 1367 4066 nonam;
1395 4013 1711 4057 sacramento
1741 4007 1846 4058 sci-

254 4072 368 4144 licet
403 4073 860 4144 Trinitatishgute
897 4073 951 4126 in
995 4073 1280 4144 novissimis
1317 4074 1627 4144 temporibus
1673 4077 1846 4129 mani-

255 4138 432 4210 !estari
466 4142 668 4196 debeat.
702 4138 843 4195 Nam
874 4151 921 4195 et
953 4145 1121 4210 prima
1156 4141 1284 4197 liora
1311 4144 1364 4197 in
1394 4138 1594 4197 tertiam
1622 4147 1843 4211 t'eniens,

257 4223 675 4268 consummatum
713 4229 982 4267 numerum
1011 4212 1280 4269 Trinitatis
1317 4215 1536 4269 ostendit
1567 4232 1585 4269 :
1617 4214 1848 4283 Itemque

258 4285 324 4338 ad
349 4298 550 4355 sea:_tam
577 4291 763 4355 quarta
785 4287 1084 4353 procedens,
1113 4285 1337 4339 declarat
1367 4285 1584 4340 alteram
1616 4286 1844 4342 Trinita-

261 4363 379 4426 tem.
409 4353 482 4426 Et
504 4353 708 4422 quando
738 4371 772 4407 a
801 4356 1020 4422 septima
1047 4372 1185 4410 nona
1217 4358 1519 4426 completur,
1556 4373 1645 4426 per
1675 4368 1846 4413 ternas

257 4424 411 4497 Isarae
440 4423 671 4497 Trinitas
705 4426 1274 4497 perfectahnumeratur
1307 4423 1463 4497 (Lib.
1508 4423 1571 4482 de
1602 4427 1848 4484 Oratione

259 4495 534 4569 Dominica
566 4496 662 4551 sub
697 4495 896 4566 ﬁnem).
919 4495 1056 4569 ΔΒεειῑ
1095 4495 1418 4569 Cyprianus,
1450 4498 1692 4553 indicans
1735 4501 1848 4554 sin-

259 4568 398 4637 gulis
429 4567 685 4622 horarum
710 4567 960 4622 teruariis
983 4581 1088 4622 tam
1114 4567 1242 4632 diei,
1269 4583 1428 4638 quam
1455 4570 1648 4632 noctis,
1679 4571 1842 4626 Deum

261 4638 1019 4712 publice,et_solemniterin
1049 4639 1276 4712 ecclesia
1321 4639 1548 4712 laudari,
1590 4639 1655 4694 ad
1699 4657 1845 4712 mys-

261 4709 454 4763 terium
511 4707 792 4764 Trinitatis
843 4708 1264 4778 designandum,
1327 4718 1382 4765 et
1447 4707 1842 4768 honorandum.

260 4779 521 4833 Solebant
548 4779 689 4834 enim
717 4790 928 4835 veteres
960 4788 1132 4834 totum
1157 4780 1302 4835 diem
1329 4781 1379 4834 in
1410 4792 1642 4850 quatuor
1666 4792 1844 4850 partes

259 4850 534 4914 dividere;
573 4866 804 4920 quarum
846 4865 1181 4921 unaquaeque
1219 4851 1391 4906 tribus
1435 4851 1584 4906 horis
1627 4863 1844 4908 consta-

259 4921 382 4986 bat;
414 4923 492 4976 sic
516 4932 572 4977 et
597 4933 812 4975 noctem
839 4921 891 4976 in
921 4933 1154 4989 quatuor
1175 4921 1384 4992 vigilias
1413 4923 1834 4988 distribuebant,

258 5007 484 5060 quarum
516 5007 855 5063 unaquaeque
892 5000 1001 5047 tres
1035 4992 1198 5048 horas
1237 4993 1571 5049 continebat.
1606 4995 1662 5050 Et
1699 4997 1838 5052 sicut

260 5077 323 5117 es
353 5063 644 5134 duodecim
671 5065 820 5134 horis
845 5063 1124 5134 nocturnis
1152 5066 1312 5119 tertia
1346 5081 1570 5134 quaeque
1603 5067 1838 5123 habeba-

262 5142 345 5188 tur
371 5132 674 5202 potissima,
713 5133 966 5188 videlicet
999 5136 1175 5198 tertia,
1209 5147 1384 5201 sexta,
1422 5132 1585 5201 nona,
1617 5147 1671 5192 et
1699 5138 1836 5194 duo-

261 5203 488 5269 decima,
532 5203 585 5258 in
617 5205 813 5273 quibus
845 5214 1073 5273 quatuor
1101 5204 1296 5275 vigilia:
1333 5218 1610 5262 nocturnae
1647 5209 1835 5264 termi-

260 5275 547 5332 nabantur.
582 5275 657 5329 Ita
698 5278 860 5348 etiam
900 5291 968 5330 ex
1003 5277 1432 5348 diurnisitertia,
1462 5290 1632 5342 sexta,
1674 5294 1834 5348 nona,

259 5356 314 5401 et
340 5348 682 5413 duodecima,
713 5346 829 5401 sive
853 5348 1160 5415 vespertina
1193 5347 1510 5417 plerumque
1540 5346 1833 5418 nominari,

261 5427 316 5489 et
356 5418 422 5470 ad
465 5417 761 5489 insigniora
790 5432 1018 5489 quaeque
1043 5419 1253 5487 negotia
1281 5419 1524 5487 deputari
1554 5421 1838 5489 solebant;

261 5488 488 5558 ideoque
516 5487 846 5558 insigniores
877 5488 1423 5558 liabebautur;.quod
1461 5489 1602 5546 diem
1631 5493 1684 5546 in
1709 5487 1838 5560 qua?

262 5570 377 5622 tuor
419 5569 596 5626 partes
631 5559 869 5628 aequales
905 5560 1227 5625 dividerent,
1264 5570 1320 5616 ut
1344 5561 1543 5616 dictum
1569 5574 1667 5617 est.
1703 5559 1842 5620 Vere

257 5647 385 5702 ergo
422 5634 615 5686 asserit
642 5629 933 5684 (Iastianus
971 5631 1085 5686 litec
1117 5643 1378 5698 tempora,
1411 5635 1526 5688 sive
1556 5635 1648 5687 lias
1682 5634 1842 5691 horas

257 5707 526 5762 communi
560 5703 845 5758 hominum
878 5715 976 5757 usu
1007 5704 1266 5772 potiores,
1297 5714 1354 5770 et
1383 5705 1705 5773 insigniores
1741 5707 1841 5762 ha-

258 5775 426 5839 bitas;
468 5775 563 5832 sed
602 5775 782 5831 multo
821 5774 994 5843 magis
1023 5783 1101 5831 tot
1126 5776 1402 5846 mysteriis
1437 5775 1750 5846 iliustratas,
1787 5787 1844 5836 et

1950 3647 2078 3700 liam
2119 3645 2266 3700 illam
2301 3643 2480 3716 fuisse.
2525 3643 2656 3702 liém‘
2693 3648 2747 3700 in
2785 3643 3004 3716 Regulis
3036 3646 3221 3716 fusius
3246 3643 3536 3716 disputatis

1951 3717 2207 3786 interrog.
2240 3714 2308 3773 57
2343 3736 2356 3771 :
2387 3715 2566 3770 Tertia
2589 3733 2705 3770 vero
2727 3714 2886 3784 liora,
2909 3727 2964 3770 ut
2990 3717 3045 3768 in
3072 3731 3133 3770 ea
3153 3714 3222 3767 ad
3247 3714 3534 3786 orationem

1947 3783 2209 3860 surgatur,
2235 3789 2784 3860 fratresqueomnesin
2809 3804 2969 3841 unum
2987 3795 3358 3860 congregemur
3374 3798 3393 3845 ;
3415 3783 3533 3860 licet

1949 3854 2162 3912 divErsis
2189 3854 2245 3911 in
2273 3854 2553 3922 locis,'alii
2599 3859 2654 3910 in
2694 3859 2814 3912 aliis
2854 3854 3223 3922 aperibus'sint
3251 3854 3533 3920 occupati;

1950 3929 2104 3998 idque
2134 3947 2193 3983 ca
2222 3946 2297 3996 re,
2327 3940 2383 3982 ut
2403 3930 2656 3983 admoniti
2693 3929 2818 3983 doni
2859 3929 3109 3999 Spiritus,
3150 3926 3288 3994 quod
3331 3925 3532 3999 circiter

1949 3996 2084 4054 hanc
2107 3999 2289 4054 horam
2311 3999 2554 4069 apostolis
2573 4001 2752 4054 datum
2776 3996 3043 4072 fuit,'uno,
3065 3999 3337 4066 eodemque
3357 3996 3532 4072 animo

1949 4073 2117 4126 cuncti
2159 4073 2306 4125 illum
2344 4067 2666 4137 uenerantur,
2710 4067 2787 4125 ab'
2817 4088 2974 4140 eoque
3003 4078 3196 4140 petant,
3247 4077 3302 4123 ut
3323 4078 3386 4140 _et
3411 4067 3533 4140 Aipsi

1950 4143 2091 4212 digni
2111 4145 2230 4206 sint,
2259 4143 2346 4213 qui
2372 4137 3158 4212 sanctiﬁcationemsuscipiant,
3183 4138 3371 4213 etc._S.
3408 4137 3533 4213 Ilie-

1951 4209 2210 4282 ro'uymus
2241 4209 2294 4268 iii
2324 4229 2446 4282 cap.
2486 4209 2548 4268 vi
2579 4214 2818 4268 Danielis
2853 4232 2866 4267 :
2904 4213 3073 4267 Tertia
3111 4213 3242 4266 liora
3270 4209 3532 4282 descendit

1950 4279 2180 4355 Spiritus
2221 4279 2426 4358 sanctus
2454 4301 2612 4358 super
2648 4284 2924 4356 Apostolos
2955 4300 2972 4337 :
3005 4283 3280 4358 Hactenus
3299 4280 3398 4336 SS.
3429 4279 3530 4334 Pa-

1950 4353 2058 4409 tres
2098 4357 2165 4412 de
2204 4356 2406 4426 duplici
2451 4353 2598 4410 horae
2639 4353 2814 4427 tertia:
2859 4354 3122 4427 mysterio
3159 4353 3434 4427 distincte,
3474 4360 3532 4407 ct

1949 4428 2239 4494 separatim
2281 4423 2630 4482 disserentes.
2684 4423 2978 4494 Utrumque
3016 4440 3145 4480 vero
3178 4423 3334 4479 simul
3373 4436 3531 4478 com-

1951 4498 2140 4564 plexus
2169 4509 2252 4553 est
2281 4496 2532 4554 Rabanns
2563 4499 2647 4552 his
2668 4498 2849 4552 verbis
2873 4515 2886 4550 :
2916 4495 3104 4551 Tertia
3132 4497 3274 4551 ltorte
3306 4494 3530 4566 oﬁicium

1949 4569 2066 4621 ideo
2086 4569 2166 4637 ﬁt,
2198 4571 2319 4634 quia
2349 4570 2497 4622 tertia
2525 4569 2652 4622 liora
2677 4566 2868 4622 Christi
2895 4569 3066 4637 passio
3093 4567 3265 4637 carpit,
3295 4582 3412 4621 cum
3439 4581 3530 4637 per

1947 4635 2254 4693 Judteorum
2290 4641 2494 4708 linguas
2538 4648 2656 4692 tunc
2700 4635 2955 4693 Dominus
2998 4635 3277 4704 crucifixus
3318 4647 3418 4708 est.
3456 4635 3530 4690 Et

1950 4721 2063 4781 post
2093 4707 2514 4764 resurrectionem
2543 4713 2654 4781 ejus
2679 4711 2730 4762 in
2758 4711 2840 4762 die
2870 4708 3196 4764 Pentecostes
3224 4710 3372 4781 tertia
3400 4707 3528 4781 liora

1951 4780 2179 4850 Spiritus
2210 4792 2417 4835 sanctus
2451 4778 2606 4849 super
2639 4781 2896 4850 apostolos
2924 4781 3184 4833 descendit
3217 4778 3369 4850 (Lib.
3399 4792 3438 4831 it
3465 4779 3528 4850 de

1950 4849 2184 4906 Institut.
2202 4851 2384 4906 Cleric.
2411 4869 2457 4906 c.
2487 4848 2565 4917 4’).
2591 4848 2850 4906 Similiter
2869 4861 2921 4906 et
2947 4851 3216 4917 Rupertus
3233 4848 3528 4903 Tuitiensis

1953 4922 2092 4976 lib.‘t
2123 4923 2190 4978 de
2228 4924 2394 4976 divin.
2439 4920 2592 4978 Ollio.
2637 4937 2756 4989 cap.
2798 4923 2832 4976 5
2875 4939 2887 4974 :
2935 4920 3334 4989 Hora,'inquit,
3378 4920 3529 4972 tertia

1917 4993 2143 5064 .duplici’
2182 4997 2379 5048 ratione
2424 4994 2653 5060 splendet
2693 4993 2928 5063 insignis.
2974 4993 3210 5062 Namque
3240 4991 3353 5064 _Iia_c
3399 4991 3530 5042 liora

1945 5060 2200 5118 Dominus
2239 5065 2390 5118 Jesus
2419 5067 2580 5134 spinis
2609 5060 2904 5134 corongtus,
2936 5075 2985 5119 et
3011 5060 3196 5132 linguis
3225 5060 3530 5134 Judceorum

1944 5135 2220 5205 cruciﬁxus
2247 5146 2338 5201 est,
2367 5133 2524 5206 juxta
2551 5135 2723 5189 illud:
2751 5133 2880 5188 Filii
2918 5133 3404 5206 hominum,_dentes
3444 5148 3530 5185 eo-

1907 5259 1921 5273 ,
1944 5224 2059 5260 rum
2084 5203 2252 5288 arma,
2284 5218 2329 5259 et
2360 5203 2588 5290 sagitta,
2615 5217 2664 5260 et
2684 5207 2869 5330 lingua
2897 5221 3072 5287 eorum
3104 5203 3309 5286 gladius
3341 5210 3530 5257 acutus

1947 5277 2120 5330 lPsal.
2153 5289 2285 5330 Lvn.
2322 5277 2583 5330 Videlicet.
2609 5295 2730 5330 ausa
2804 5280 2928 5330 ilato
2952 5277 3231 5330 iudicante.
3259 5274 3406 5326 illum
3430 5273 3529 5330 ﬁr-

1947 5277 2120 5346 (Psal.
2153 5279 2285 5348 LVI).
2322 5273 2583 5343 l’idélicet,
2609 5279 2730 5348 quia
2756 5273 2928 5332 Pilato
2940 5277 3231 5348 judicante,
3259 5274 3406 5348 illum
3429 5273 3529 5348 ﬂr-

1950 5345 2214 5402 maverunt
2243 5345 2354 5402 sibi
2407 5345 2690 5403 sermonem
2748 5345 2990 5418 nequam,
3043 5345 3376 5418 pertinaciter
3412 5347 3530 5418 pcla-

1949 5421 2138 5474 mando
2171 5437 2189 5474 :
2218 5418 2494 5492 Cruciﬁge,
2524 5419 2769 5490 cruciﬂge
2826 5415 2979 5488 (Luc.
3009 5415 3152 5492 sui).
3181 5415 3250 5492 Et
3277 5416 3528 5485 Spiritus,

1943 5493 2031 5561 qui
2059 5493 2111 5545 in
2134 5489 2484 5545 remissionem
2506 5489 2833 5561 peccatorum
2863 5505 2963 5543 non
2995 5489 3162 5559 fuerat
3183 5489 3532 5561 datus,_ante-

1943 5559 2099 5634 quam
2123 5562 2156 5616 .l
2165 5579 2280 5618 esus
2305 5573 2431 5616 esset
2463 5559 2803 5634 glori/iratus,
2843 5576 2999 5628 super
3033 5570 3324 5634 nascentem
3356 5559 3532 5634 Baete-

1943 5630 2076 5689 siam
2097 5637 2147 5688 in
2180 5636 2341 5705 igneis
2367 5630 2556 5703 linguis
2583 5633 2770 5700 effusus
2795 5641 2888 5693 est,
2918 5641 3062 5705 et_e_st
3088 5633 3355 5705 impletum
3377 5630 3530 5705 disci-

1945 5707 2082 5774 pulit
2105 5703 2414 5778 promissum
2443 5705 2648 5757 Domini
2679 5705 2890 5756 dicentis
2922 5719 2954 5778 εΔ
2977 5703 3078 5778 Vos
3105 5715 3278 5778 autem
3303 5703 3530 5778 baptiza-

1947 5771 2123 5832 bimini
2147 5776 2352 5848 Spiritu
2373 5784 2548 5832 sancto
2576 5790 2679 5826 non
2703 5785 2822 5844 post
2843 5775 3034 5832 multos
3053 5774 3148 5832 hos
3172 5775 3281 5830 dies
3303 5771 3437 5843 (Act.
3461 5771 3525 5841 i).
