4026 6334
481 209 585 262 H9

1709 267 1724 280 α
1789 197 2067 258 JOANMS
2103 194 2415 253 caesum

3639 208 3746 264 {20

478 333 533 380 et
558 320 794 378 irridens
820 321 1030 379 diceret
1055 335 1151 379 eos
1177 329 1351 378 musto
1379 319 1648 390 repletos,
1685 325 1837 375 stans
1868 317 2060 373 Petrus
2087 317 2142 380 Α
2166 313 2367 382 occide,
2399 322 2447 367 et
2475 313 2730 368 manduca
2762 313 2910 387 (Act.
2940 313 3033 386 ι).
3067 312 3219 384 Quod
3245 329 3338 371 vas
3380 324 3614 388 quatuor
3642 317 3748 374 ini-

479 414 535 469 in
567 414 745 470 medio
774 429 966 470 eoru-tn
1013 415 1089 470 ait
1138 432 1151 467 :
1194 414 1310 467 Viri
1351 408 1612 466 Israelita:
1635 419 1682 465 et
1705 410 1792 482 qui
1821 409 2065 464 habitatis

447 552 450 555 .
481 506 776 562 Jerusalem
806 508 1063 573 universi,
1111 506 1207 560 hoc
1234 505 1372 560 vobis
1401 514 1581 560 notum
1622 505 1719 569 sit,
1767 512 1814 558 et
1856 503 2065 557 auribus

482 599 730 670 percipite
754 601 906 652 verba
930 614 1043 652 mea
1073 612 1091 649 :
1119 595 1240 650 Non
1272 596 1435 665 enim,
1467 597 1598 651 sicut
1626 611 1712 649 vos
1738 593 2060 662 existimatis,

482 690 539 744 hi
559 691 684 745 ebrii
711 698 848 756 sunt,
876 706 990 744 cum
1010 690 1075 742 sit
1099 689 1226 742 hora
1247 688 1350 742 diei
1369 690 1562 755 tertia;
1589 690 1678 744 sed
1703 689 1798 741 hoc
1827 696 1902 742 est
1930 685 2067 756 quod

483 782 682 835 dictum
724 791 798 836 est
841 798 932 850 per
959 780 1260 850 praphetam
1288 779 1404 835 Joel
1432 798 1452 836 :
1477 780 1546 834 Et
1579 781 1672 835 erit
1698 781 1751 834 in
1780 778 2067 833 novissimis

445 889 448 895 '
485 873 696 938 diebus,
731 873 854 926 dicit
882 871 1133 925 Dominus
1156 912 1170 937 ,
1197 861 1471 940 'eﬂ'undam
1499 873 1560 927 de
1582 872 1785 944 Spiritu
1812 888 1952 938 meo,
1978 887 2070 924 su-

450 1018 460 1025 ,
485 983 576 1035 per
599 983 797 1020 onmem
817 982 1046 1034 carnem,
1070 976 1116 1020 et
1141 967 1517 1038 prophetabunt
1548 967 1648 1036 ﬁlii
1675 967 1848 1033 vestri,
1876 975 1922 1020 et
1945 965 2069 1034 ﬁlim

486 1069 696 1124 vestris;
725 1067 771 1112 et
810 1060 1024 1129 juvenes
1063 1061 1216 1115 vestri
1255 1061 1473 1114 visiones
1517 1059 1794 1124 videbunt,
1834 1065 1884 1110 et
1924 1073 2068 1112 senes

486 1154 640 1205 vestri
687 1153 885 1207 somnia
926 1153 1276 1208 somniabunt.
1330 1153 1399 1207 Et
1449 1152 1656 1224 quidem
1701 1168 1854 1224 super
1897 1167 2070 1206 servos

485 1260 620 1298 meos
649 1253 696 1298 et
725 1261 882 1315 super
920 1245 1144 1300 ancillas
1189 1260 1327 1299 meas
1370 1247 1424 1299 in
1465 1243 1646 1299 diebus
1673 1244 1778 1298 illis
1805 1243 2070 1312 e/j‘undam

486 1336 551 1389 de
591 1335 793 1408 Spiritu
839 1354 984 1405 meo,
1026 1348 1077 1392 et
1119 1336 1494 1410 praphetabunt
1529 1337 1682 1408 (Act.
1715 1351 1783 1401 ιι,
1809 1333 1946 1390 Joel.
1973 1337 2068 1404 ιι).

487 1427 620 1494 Quae
650 1431 832 1485 omnia
856 1431 994 1486 hora
1025 1433 1180 1487 tertia
1211 1431 1457 1487 videmus
1501 1429 1754 1502 impleta,
1790 1429 2072 1500 sanctique

488 1523 723 1592 Spiritus
747 1525 1097 1580 vaticinatum
1123 1541 1222 1596 per
1246 1524 1538 1595 pr0phetas
1564 1523 1855 1581 adventum
1879 1523 2071 1579 eodem

490 1627 738 1686 tempore
780 1631 944 1687 super
986 1617 1263 1688 apostolos
1307 1631 1643 1673 commeasse
1689 1614 1920 1688 (Cotoss.
1971 1612 2068 1685 ιι).

2169 409 2258 462 tiis
2290 407 2358 464 de
2379 406 2520 463 ccelo
2549 409 2926 475 summissum,
2973 424 3082 464 non
3120 409 3266 464 aliud
3296 425 3455 481 quam
3496 411 3750 483 Evange-

2171 499 2303 555 lium
2349 500 2641 570 designare
2680 500 2968 556 manifeste
3004 501 3373 570 cognoscitur.
3412 500 3564 557 Licet
3603 503 3751 558 enim

2151 594 2523 666 .quadriformi
2566 594 3028 665 evangelistarum
3078 593 3386 650 narratione
3429 593 3749 651 distinctum

2169 695 2398 758 quatuor
2439 685 2688 740 videatur
2723 685 2923 740 habere
2967 685 3235 754 principia
3289 702 3304 738 :
3352 699 3517 740 unum
3569 692 3756 742 tamen

2170 783 2451 854 Evangelii
2480 796 2680 852 corpus
2705 790 2823 849 est;
2856 780 3101 851 ejusdem
3138 779 3346 836 scilicet
3373 779 3575 836 Christi
3615 781 3756 836 nati-

2171 877 2394 931 vitatem
2425 876 2633 948 pariter
2660 890 2725 930 ac
2753 875 3043 942 deitatem,
3073 873 3330 929 miracula
3356 889 3591 944 quoque,
3627 889 3754 945 pas-

2170 968 2489 1039 sionemque
2514 969 2904 1039 complectens.
2939 966 3179 1022 Pulchre
3209 976 3390 1022 autem
3412 981 3518 1023 non
3549 967 3627 1022 ait
3651 969 3758 1023 lin-

2172 1069 2317 1117 teum
2339 1102 2355 1128 ,
2377 1061 2472 1116 sed
2501 1061 2655 1131 quasi
2683 1060 2937 1116 linteum.
2963 1058 3210 1115 Linteum
3239 1059 3438 1129 quippe
3464 1059 3757 1114 mortiﬁca-

2172 1153 2336 1208 tionis
2379 1151 2638 1208 indicium
2687 1160 2772 1208 est
2821 1149 3054 1222 (Psalm.
3097 1154 3228 1222 xv).
3273 1150 3541 1218 Quoniam
3588 1152 3759 1223 igitur

2173 1259 2321 1300 mors
2350 1243 2646 1299 Dominica:
2671 1243 2944 1314 passionis
2969 1257 3079 1299 non
3097 1241 3348 1298 humanae
3370 1250 3580 1298 natura;
3609 1243 3754 1314 lege,

2173 1337 2269 1395 sed
2297 1338 2533 1408 proprias
2561 1337 2860 1393 voluntatis
2899 1337 3114 1394 subitur
3153 1336 3408 1406 arbitrio,
3455 1337 3606 1406 quasi
3649 1337 3759 1392 Iin-

2174 1435 2320 1484 teum
2348 1428 2571 1484 dicitur.
2605 1427 2847 1483 Mortuus
2873 1427 3020 1482 enim
3046 1426 3342 1484 secundum
3373 1441 3613 1495 carnem,
3651 1443 3761 1483 non

2175 1529 2258 1574 est
2283 1519 2581 1576 secundum
2610 1519 2861 1589 spiritum
2893 1527 3137 1575 mortuus
3171 1536 3185 1574 :
3215 1519 3342 1589 quia
3367 1533 3467 1574 nec
3498 1518 3763 1576 derelicta

2180 1622 2265 1669 est
2292 1614 2469 1668 anima
2499 1614 2618 1683 ejus
2643 1613 2696 1667 in
2725 1611 2960 1678 inferno,
2991 1628 3089 1668 nec
3115 1626 3245 1667 caro
3267 1613 3382 1680 ejus
3407 1611 3539 1666 vidit
3568 1626 3764 1666 corru-

490 1716 515 1744 °
546 1707 688 1762 Hora
727 1719 904 1763 autem
954 1719 1105 1764 sexta
1155 1709 1496 1766 immaculata
1548 1711 1760 1775 hostia,
1810 1708 2070 1764 Dominus
2099 1705 2146 1764 B
2175 1706 2436 1776 ptionem.
2489 1704 2556 1758 Et
2596 1719 2825 1760 rursus:
2866 1703 3032 1758 Nemo
3076 1701 3318 1776 (inquit)
3364 1703 3508 1756 tollet
3536 1702 3766 1757 animant

487 1809 676 1854 noster
704 1810 865 1870 atque
888 1802 1132 1857 Salvator
1158 1802 1375 1858 oblatus
1405 1812 1488 1858 est
1521 1802 1696 1869 Patri,
1742 1815 2068 1871 crucemque

489 1905 586 1958 pro
609 1893 773 1946 totius
797 1894 980 1948 mundi
1012 1895 1186 1950 salute
1213 1895 1586 1951 conscendens
1609 1936 1624 1962 ,
1655 1894 1875 1949 humani
1905 1908 2069 1962 gene-

489 1985 566 2038 ris
625 1994 844 2052 peccata
891 1987 1094 2042 diluit:
1131 1997 1185 2043 et
1213 1985 1240 2024 1‘
1270 1987 1580 2058 exspolians
1629 1987 1963 2057 principatus
2007 2003 2076 2044 ac

489 2085 788 2143 potestates
824 2079 1066 2134 traduxit
1109 2079 1283 2148 palam
1306 2121 1320 2146 ,
1362 2079 1752 2149 universosque
1779 2093 1877 2134 nos
1902 2078 2075 2134 obno-

491 2171 610 2224 xios
631 2210 645 2236 ,
674 2180 834 2240 atque
855 2174 1185 2228 constrictos
1209 2172 1487 2227 insolubili
1512 2171 1859 2242 chirographi
1888 2171 2073 2226 debito

490 2261 772 2328 liberavit,
798 2263 995 2319 tollens
1021 2265 1072 2318 id
1103 2263 1172 2319 de
1203 2264 1404 2330 medio,
1433 2272 1488 2318 et
1506 2264 1686 2318 crucis
1711 2278 1822 2318 sua:
1849 2263 2074 2334 afﬁgens

492 2360 722 2421 trOpreo.
749 2353 950 2409 Eadem
982 2371 1196 2426 quoque
1223 2357 1358 2412 hora
1386 2355 1550 2411 Petro
1587 2355 1642 2410 in
1669 2370 1896 2411 excessu
1921 2370 2073 2411 men-

492 2441 563 2497 tis
592 2445 800 2500 vocatio
825 2447 1067 2516 gentium
1093 2447 1334 2502 omnium
1365 2462 1459 2516 per
1485 2447 1909 2502 submissionem
1936 2447 2079 2502 vasis

491 2533 804 2606 Evangelici
833 2538 999 2593 delati
1028 2530 1270 2607 caelitus,
1309 2550 1360 2594 et
1387 2540 1695 2610 puriﬁcatio
1731 2539 2080 2609 omnigenum

492 2629 847 2684 animantium
879 2631 931 2685 in
961 2631 1153 2684 eodem
1184 2630 1620 2697 consistentium,
1645 2630 1825 2686 delata
1857 2631 1922 2685 ad
1953 2646 2078 2687 eum

496 2732 629 2775 “oce
658 2721 915 2778 divinitus
940 2722 1234 2790 revelatur,
1273 2722 1487 2778 dicente
1517 2723 1569 2778 ei
1596 2739 1610 2776 :
1643 2722 1817 2794 Surge
1839 2763 1854 2788 ,
1897 2721 2076 2788 Petre,

2173 1814 2337 1854 meam
2383 1814 2415 1850 a
2459 1811 2571 1858 me;
2599 1795 2690 1850 sed
2717 1811 2808 1866 ego
2836 1811 2971 1866 pono
3001 1811 3112 1848 eam
3141 1810 3173 1847 a
3202 1795 3418 1862 meipso.
3456 1791 3766 1847 Potestatem

2176 1891 2335 1946 habeo
2367 1906 2552 1961 ponere
2595 1905 2708 1944 eam
2727 1930 2740 1955 ,
2775 1897 2822 1941 et
2845 1896 3144 1957 potestatem
3163 1888 3352 1940 iterum
3379 1884 3536 1939 habeo
3565 1901 3769 1939 sumere

2178 2000 2290 2038 eam
2320 1981 2514 2056 (Joan.
2557 1983 2652 2050 x).
2692 1979 2750 2036 In
2792 1979 2895 2035 hoc
2946 1979 3128 2049 itaque
3173 1976 3593 2047 Evangeliorum
3632 1989 3768 2030 vase

2177 2076 2392 2133 cmlitus
2437 2075 2741 2139 destinato,
2784 2072 2836 2126 id
2867 2081 2980 2137 est,
3011 2086 3040 2124 a
3069 2068 3277 2138 Spiritu
3307 2077 3496 2123 sancto
3526 2066 3769 2137 perscri-

2173 2176 2273 2235 pto
2295 2209 2310 2233 ,
2340 2181 2529 2222 omnes
2552 2174 2745 2237 gentes
2773 2179 2893 2234 quae
2923 2162 3193 2232 quondam
3236 2171 3392 2217 extra
3419 2160 3552 2230 legis
3575 2159 3768 2214 obser-

2180 2263 2417 2316 vantiam
2445 2260 2637 2330 positae
2661 2300 2676 2324 ,
2710 2258 3048 2314 habebantur
3077 2255 3388 2319 immundae,
3417 2268 3513 2323 per
3533 2252 3770 2308 creduli-

2183 2363 2348 2410 tatem
2379 2354 2505 2408 ﬁdei
2533 2354 2902 2418 confluentes,
2935 2359 2994 2406 ut
3035 2349 3101 2404 ab
3134 2348 3401 2403 idolorum
3442 2347 3588 2403 cultu
3618 2347 3771 2400 salu-

2179 2449 2352 2504 briter
2405 2447 2753 2502 immolentur
2801 2443 2982 2518 [Fort.
3052 2439 3433 2512 avertantur],
3491 2449 3649 2510 atque
3697 2439 3770 2495 ad

2181 2541 2477 2596 salutarem
2501 2553 2681 2594 escam
2712 2535 3028 2608 proﬁciant,
3058 2533 3224 2589 Petro
3253 2531 3605 2602 puriﬁcante,
3633 2544 3772 2585 voce

2183 2633 2460 2687 Dominica
2493 2630 2826 2685 deferuntur.
2862 2638 2884 2666 ο
2921 2627 3068 2681 Hora
3096 2643 3227 2681 vero
3259 2641 3401 2681 nona
3433 2623 3642 2679 inferna
3673 2639 3771 2694 pe-

2184 2736 2432 2792 netrans,
2461 2721 2866 2778 inextricabiles
2891 2719 3077 2775 tartari
3108 2721 3365 2774 tenebras
3389 2733 3444 2773 et
3457 2715 3770 2773 ruscatione

1554 2875 1812 2936 ALARDI
1851 2877 2082 2936 GAZASI
2121 2876 2689 2936 COMMENTARIUS.

569 2999 594 3027 ει
624 2989 778 3074 Horae
820 2990 997 3074 sextae
1026 2991 1134 3047 duo
1170 2963 1477 3074 peculiaria.
1500 2992 1673 3074 tangit
1710 3001 2074 3074 sacramenta,
2101 2992 2147 3055 C
2182 3007 2424 3074 suosque
2438 3001 2692 3074 posteros
2724 3007 2818 3060 per
2847 3005 2997 3074 esum
3021 2989 3577 3074 .ligni_vetiti,_Adam
3607 2996 3773 3074 aster:

497 3063 611 3116 sive
640 3064 916 3132 mysteria,
944 3063 1171 3117 alterum
1198 3063 1382 3118 itidem
1412 3063 1480 3118 ad
1511 3064 1823 3119 PaSsionem
1857 3063 2071 3117 Domini

496 3143 769 3201 spectans,
829 3135 1056 3188 alterum
1107 3134 1172 3188 ad
1230 3136 1572 3189 vocationem
1619 3134 1860 3204 gentium
1909 3133 2073 3204 Petro

495 3205 743 3271 apostolo
783 3218 879 3272 per
917 3219 1011 3258 vas
1047 3220 1076 3259 e
1122 3204 1265 3261 coelo
1304 3203 1635 3270 demissum,
1666 3205 1884 3273 plenum
1929 3203 2073 3258 omni

497 3288 698 3342 genere
746 3275 1056 3329 animalium
1107 3276 1500 3340 adumbratam,
1557 3285 1607 3329 et
1659 3275 2070 3330 denuntiatam:

498 3358 726 3413 quorum
782 3355 1070 3414 utrumque
1115 3347 1275 3399 ctiam
1325 3361 1355 3399 a
1402 3344 1652 3399 Patribus
1697 3347 1977 3410 astruitur,
2023 3352 2078 3399 et

499 3415 930 3486 commendatur,
964 3417 1153 3470 iisdem
1185 3417 1318 3470 locis
1345 3431 1504 3486 supra
1529 3416 1708 3470 citatis
1733 3433 1746 3468 :
1773 3416 1863 3470 ubi
1889 3429 2077 3469 omnes

499 3482 871 3539 indubitanter
893 3482 1162 3541 afﬁrmant
1191 3482 1463 3541 Christum
1486 3487 1630 3540 circa
1655 3489 1841 3540 horam
1865 3495 2078 3539 sextam

503 3554 668 3627 fui~se
687 3556 1031 3612 cruciﬁxum:
1053 3559 1104 3611 in
1128 3558 1280 3627 cujus
1305 3560 1616 3612 memoriam
1644 3557 1875 3612 ofﬁcium
1899 3555 2078 3627 Sextia

501 3623 662 3697 fuerit
694 3627 1015 3681 institutum.
1055 3623 1208 3682 Nam'
1229 3628 1358 3681 illud
1403 3629 1577 3697 plane,
1611 3638 1665 3682 et
1695 3637 1886 3694 aperte
1917 3626 2081 3697 refert

501 3693 738 3768 Joannes
767 3699 1091 3768 evangelista
1123 3714 1242 3767 cap.
1277 3715 1366 3752 xix
1403 3693 1422 3750 Ξ
1474 3697 1625 3761 Erat,
1670 3693 1858 3768 inquit,
1913 3695 2083 3768 Para-

501 3782 644 3837 sreve
674 3765 1071 3837 Pgschaﬂhora
1097 3765 1244 3837 quasi
1274 3782 1458 3824 sexta:
1482 3778 1527 3822 et
1561 3768 1693 3822 dixit
1736 3767 1951 3837 Pilatus
1984 3766 2084 3837 Ju-

501 3836 628 3890 dreis
659 3853 680 3888 ,ο
707 3835 842 3890 Ecce
869 3855 962 3892 rex
997 3835 1173 3892 vester.
1219 3837 1310 3892 Illi
1351 3849 1522 3892 autem
1547 3838 1835 3890 clamabant
1866 3853 1884 3891 :
1911 3836 2079 3900 Tolle,

503 3906 648 3979 tolle,
676 3909 919 3979 cruciﬁge
948 3925 1079 3961 eum.
1111 3909 1177 3962 Et
1206 3911 1365 3978 paulo
1390 3919 1509 3977 post
1537 3925 1548 3958 :
1577 3906 1722 3961 Tunc
1751 3908 1945 3961 dimisit
1969 3923 2084 3960 eum

503 3976 721 4049 itlisLut
751 3976 1158 4049 cruciﬁgeretur.
1203 3976 1371 4045 Quam
1393 3976 1736 4049 sententiam
1768 3990 1968 4049 praeter
1996 3991 2085 4030 su-

505 4047 782 4113 pradictos
810 4045 1077 4117 auc-teres,
1104 4058 1156 4102 et
1181 4061 1422 4103 nostrum
1453 4049 1538 4101 hic
1559 4045 1898 4114 Cassianum,
1925 4048 2088 4101 alios-

505 4130 612 4184 que
641 4118 971 4182 innumeros,
997 4118 1237 4173 Ecclesia
1267 4120 1316 4171 in
1341 4123 1516 4172 crucis
1537 4118 1739 4182 ofﬁcio,
1761 4127 1817 4173 et
1839 4117 2085 4186 precibus

505 4186 791 4239 conﬁrmat
816 4187 975 4256 (Vide
994 4187 1150 4242 Joan.
1183 4189 1479 4242 Durantum
1507 4190 1589 4241 ubi
1611 4190 1812 4258 supra).
1841 4188 2083 4242 Alterum

507 4258 669 4329 etiam
703 4258 1023 4326 mysterium
1055 4261 1104 4312 iu
1131 4261 1413 4313 vocatione
1437 4263 1691 4328 gentium,
1725 4259 1866 4329 quod
1893 4258 1951 4311 Β.
1987 4258 2087 4311 Pe-

506 4334 596 4379 tro
629 4327 680 4378 in
709 4341 932 4382 excessu
967 4330 1161 4385 mentis
1193 4330 1367 4398 positu
1401 4327 1531 4384 hora
1565 4341 1716 4384 sexta
1744 4327 2086 4383 demonstra-

507 4403 622 4486 tum
653 4407 755 4486 est,
790 4400 1004 4486 egregie
1044 4400 1145 4482 hoc
1187 4401 1305 4486 loc?
1347 4401 1649 4486 explicatur
1679 4418 1698 4483 ξ
1726 4400 1810 4482 cui
1836 4409 1891 4453 et
1920 4398 2082 4486 iidem

510 4468 872 4548 astipulantur
906 4468 1207 4593 Ciprianus
1255 4471 1324 4525 de
1363 4468 1502 4524 orat.
1547 4471 1822 4525 Dominica
1855 4485 1868 4523 :
1914 4468 2081 4533 Hora,

510 4546 703 4593 muttit.
750 4549 896 4593 sexta
995 4551 1133 4593 etrus
1182 4543 1234 4593 in
1284 4551 1465 4593 tectura
1503 4543 1733 4593 superius
1783 4540 2081 4593 ascendens.

508 4537 703 4612 inquit.
750 4549 896 4593 sexta
944 4537 1133 4594 Petrus
1182 4543 1234 4612 in
1284 4551 1465 4595 tectura
1503 4543 1733 4612 superius
1783 4540 2082 4598 ascendens.

508 4607 657 4674 signa
685 4612 900 4678 pariter,
944 4620 991 4664 et
1029 4627 1149 4664 voce
1184 4610 1278 4664 Dei
1315 4607 1873 4664 monentis'instructus
1904 4618 1995 4674 est,
2029 4617 2085 4661 ut

509 4691 683 4750 omnes
711 4681 778 4731 ad
807 4681 1026 4750 gratiam
1064 4683 1244 4735 salutis
1281 4683 1590 4746 admitteret,
1642 4698 1756 4736 cum
1803 4681 1866 4734 de
1910 4695 2085 4732 emun-

512 4748 699 4826 daudis
749 4748 1037 4826 gentilibus
1062 4763 1198 4826 ante_
1217 4752 1493 4826 dubitaret.
1527 4753 1593 4826 Et
1619 4753 1680 4808 S.
1720 4752 2085 4826 ﬂieronymus

511 4820 565 4890 in
603 4833 723 4887 cap.
761 4835 807 4873 vt
838 4820 1070 4876 Dauielis
1107 4840 1119 4873 :
1161 4823 1343 4890 Sexta,
1379 4823 1473 4886 ait,
1502 4825 1675 4878 uolens
1705 4822 1891 4876 Petrus
1921 4836 2088 4873 come-

511 4886 654 4950 dere,
677 4886 755 4942 ad
788 4892 1069 4944 orationem
1103 4886 1338 4947 ascendit
1375 4894 1426 4946 in
1467 4895 1803 4948 caenaculum.
1854 4893 1929 4946 De
1967 4890 2087 4945 aliis

512 4956 858 5034 hor-.e‘sexta:
890 4963 1310 5034 mysteriisvide
1341 4963 1491 5032 plura
1516 4965 1655 5034 apud
1689 4973 1962 5026 auctores,
1991 4963 2085 5030 qui

512 5027 580 5082 de
607 5029 798 5083 ofﬁciis
823 5027 1206 5090 ecclesiasticis
1231 5027 1480 5088 tractant.

586 5097 612 5136 ι)
649 5099 819 5154 Verba
866 5101 1108 5171 Apostoli
1155 5103 1220 5158 ad
1263 5105 1615 5160 Colossenses
1661 5121 1675 5159 :
1726 5105 1794 5158 Et
1839 5122 1925 5163 vos
1972 5126 2087 5163 cum

515 5173 706 5246 mortui
728 5173 900 5246 essetis
942 5175 998 5226 in
1035 5174 1250 5246 delictis,
1301 5184 1347 5228 et
1394 5177 1642 5246 praeputio
1676 5178 1849 5230 carnis
1875 5188 2084 5244 vestrae,

513 5242 880 5314 convivi/icon“
915 5260 1029 5296 cum
1077 5245 1190 5312 illo,
1232 5242 1431 5298 donans
1473 5242 1610 5299 vobis
1663 5249 1832 5300 omnia
1881 5242 2086 5314 delicta,

516 5311 692 5387 delcns
720 5313 857 5380 quod
887 5314 1129 5368 adversus
1166 5333 1258 5369 nos
1291 5325 1420 5382 erat,
1451 5318 1847 5387 chirographum
1876 5311 2084 5384 decreti,

515 5381 657 5458 quod
700 5391 823 5458 erat
849 5387 1161 5458 contrarium
1185 5388 1348 5452 nobis,
1383 5381 1431 5439 et
1465 5381 1631 5457 ipsum
1661 5381 1776 5440 tulit
1805 5389 1867 5443 de
1894 5381 2085 5458 medio,

517 5450 736 5532 af/igens
766 5453 895 5532 illud
935 5458 1102 5532 cruci,
1145 5466 1208 5532 et
1231 5450 1527 5532 exspolians
1575 5458 1891 5532 principatus
1919 5471 1966 5512 et
1995 5450 2089 5532 po;

519 5529 741 5597 testatos,
772 5525 999 5600 traduxit
1031 5525 1584 5600 conﬁdenterpalam,
1610 5525 1931 5600 triumphans
1971 5525 2091 5586 illos

519 5594 572 5640 in
615 5594 884 5668 semetipso
922 5594 1144 5662 (Coloss.
1193 5599 1274 5668 ιι).
1322 5594 1424 5654 Ubi
1470 5594 1875 5667 chirographum
1901 5601 2091 5656 decreti

523 5670 680 5715 vocat
701 5661 988 5725 Apostolus
1015 5661 1420 5735 reatum'illum,
1448 5669 1559 5725 sive
1585 5661 1843 5740 debitum,
1873 5687 1981 5741 quo
2005 5687 2088 5740 se,

2112 4371 2164 4432 D

2182 3081 2263 3117 na:
2290 3060 2461 3118 morti
2489 3064 2796 3117 reddiderat
2837 3062 3126 3125 obnoxios,
3174 3060 3670 3131 juxtadecretum,
3716 3069 3774 3115 et

2180 3135 2503 3189 sententiam
2536 3135 2627 3189 Dei
2661 3133 2891 3186 dicentis
2921 3150 2932 3183 :
2969 3131 3301 3201 Quacumque
3330 3130 3461 3184 hora
3490 3130 3774 3183 comederi-

2179 3205 2266 3272 tis,
2299 3215 2460 3259 morte
2486 3205 2773 3257 moriemini
2800 3201 2950 3274 (Gen.
2987 3201 3071 3270 ιι).
3099 3202 3409 3258 Traducere
3449 3208 3629 3274 autem
3668 3203 3775 3255 hoc

2181 3277 2299 3330 loco
2344 3291 2443 3344 pro
2487 3275 2706 3329 infamia
2748 3275 2992 3336 allicere,
3044 3282 3098 3326 et
3144 3273 3662 3344 velutiexemplum,
3711 3280 3775 3344 _et

2181 3341 2547 3414 Spectaculum
2578 3344 2827 3400 omnibus
2859 3358 3160 3413 proponere
3189 3343 3456 3396 sumitur:
3490 3341 3768 3410 quomodo

2183 3417 2235 3470 in
2269 3416 2556 3486 triumphis
2587 3431 2680 3485 per
2714 3417 2900 3470 urbem
2933 3414 3299 3483 circumagere
3325 3413 3564 3486 captivos
3580 3415 3769 3486 vicin-

2181 3502 2270 3541 res
2305 3483 2479 3540 solent
2515 3505 2525 3539 :
2563 3483 2632 3540 ita
2677 3487 2922 3540 Christus
2968 3487 3145 3538 victor
3185 3489 3235 3538 in
3277 3499 3443 3539 cruce
3487 3483 3773 3537 diabolicis

2183 3559 2544 3628 potestatibus
2573 3558 2742 3626 spolia
2774 3554 3030 3628 detraxit,
3064 3563 3118 3607 et
3149 3555 3200 3609 in
3234 3556 3528 3628 semetipso
3540 3555 3620 3628 ‘de
3658 3554 3774 3608 illis

2186 3625 2513 3696 iriumphum
2557 3625 2744 3696 agens,
2789 3626 3144 3690 conﬁdenter,
3178 3635 3229 3679 et
3271 3625 3446 3692 palam
3497 3625 3615 3677 illos
3658 3633 3774 3677 tra-

2184 3700 2355 3766 duxit,
2410 3699 2765 3767 ignomiuiose
2810 3696 3393 3767 superatos_omnibus
3436 3703 3718 3767 ostentans
3754 3712 3770 3748 :

2189 3764 2458 3835 Quomodo
2494 3767 2842 3840 superioribus
2879 3764 3007 3840 anni
3047 3764 3183 3818 velut
3225 3765 3774 3840 tropltwum_circu_nt~

2184 3834 2317 3908 vexit
2351 3834 2651 3906 imperator,
2683 3845 2731 3892 et
2762 3835 2968 3908 populis
2998 3837 3264 3889 ostentavit
3291 3834 3471 3908 ducem
3499 3834 3771 3908 Saxonica,

2187 3919 2233 3962 et
2280 3907 2668 3980 Lantgravium,
2716 3909 2792 3962 ait
2830 3906 3082 3980 :Adamus
3135 3909 3391 3976 Sasbout,
3441 3906 3658 3976 insigni,
3713 3917 3774 3961 et

2189 3987 2314 4034 noto
2346 3979 2598 4034 omnibus
2631 3979 2900 4046 exemplo.

2261 4059 2285 4089 ο
2320 4049 2396 4104 De
2441 4050 2574 4104 hora
2623 4063 2760 4104 noua
2798 4045 2918 4103 tres
2971 4052 3125 4106 aﬁ'crt
3173 4047 3430 4111 rationes,
3476 4061 3572 4102 cur
3623 4045 3774 4101 inter

2190 4121 2350 4174 horas
2385 4120 2677 4190 canoﬁnicas
2716 4119 2980 4190 instituta,
3016 4131 3071 4177 et
3099 4120 3275 4175 ofﬁcio
3303 4117 3668 4190 ecclesiastico
3699 4119 3775 4170 sit

2194 4191 2479 4244 illustrata.
2512 4189 2748 4244 Primum
2777 4189 2847 4241 ob
2874 4188 3188 4248 memoriam
3219 4188 3598 4243 sacratissime
3626 4201 3773 4241 mor-

2192 4262 2257 4314 tis
2288 4259 2510 4333 Cbirisﬁ,
2541 4270 2596 4314 et
2623 4259 2918 4333 descensus
2946 4263 3063 4333 ejus
3091 4261 3159 4315 ad
3190 4259 3412 4314 inferos.
3444 4259 3575 4312 Nam
3607 4255 3772 4311 Chri-

2192 4340 2332 4384 stum
2364 4332 2494 4385 hora
2523 4345 2661 4386 nona
2685 4331 2744 4402 in
2776 4346 2938 4387 cruce
2965 4331 3270 4402 exspirasse
3294 4338 3555 4402 testantur
3581 4343 3775 4402 omnes

2187 4403 2531 4472 evangelista:
2551 4442 2568 4468 ,
2598 4401 2896 4473 eademque
2926 4406 3043 4473 ejus
3067 4398 3312 4457 'animam
3341 4399 3406 4454 ad
3448 4401 3648 4453 inferos
3671 4398 3774 4473 de»

2192 4469 2491 4538 sccndisse,
2525 4482 2584 4527 ut
2613 4469 3255 4532 Patres’inde'liberaret.
3275 4480 3530 4525 constans
3558 4478 3642 4523 est
3667 4469 3774 4523 Ec-

2186 4543 2365 4598 clesiw
2408 4543 2647 4597 traditio.
2680 4543 2754 4597 Ita
2792 4560 2857 4598 ex
2889 4546 3157 4600 sententia
3200 4543 3258 4596 Β.
3301 4539 3593 4595 Clementis
3634 4540 3774 4594 hora

2187 4629 2327 4667 nona
2371 4628 2568 4685 preces
2617 4612 2874 4685 facimus,
2924 4616 3230 4685 quodrtum
3293 4612 3494 4685 omnia_
3523 4619 3667 4664 muta
3714 4620 3777 4665 et

2187 4684 2498 4738 tremefacta
2545 4692 2670 4736 sunt
2701 4681 3214 4739 Domino—cruciﬁxo
3260 4699 3273 4735 :
3315 4685 3439 4751 quia
3484 4681 3777 4736 horrerent

2188 4755 2466 4808 audaciam
2495 4753 2782 4822 impiorum
2809 4753 3145 4820 Judmorum,
3173 4764 3226 4808 et
3251 4753 3630 4806 contumeliam
3664 4751 3774 4822 D9-

2188 4825 2316 4879 miui
2347 4823 2490 4876 ferre
2527 4819 2632 4877 non
2679 4836 2915 4891 possent.
2946 4819 3310 4880 Tertullianus
3350 4824 3440 4876 ubi
3470 4838 3666 4891 supra:
3702 4819 3775 4875 In

2187 4911 2300 4949 eam
2327 4893 3028 4968 usque_horam__celebranda
3054 4910 3296 4968 pressura
3322 4902 3394 4947 est
3412 4893 3500 4968 _(it_i
3527 4901 3631 4968 est,
3649 4891 3778 4945 abs-

2189 4963 2434 5027 tinentia.
2466 4964 2584 5018 sive
2613 4963 2836 5020 afﬂictio
2873 4963 3084 5020 Domitii
3124 4965 3491 5032 observanda)
3527 4965 3579 5016 in
3607 4979 3710 5031 qua
3742 4979 3777 5015 ιι

2187 5045 2330 5088 sexta
2374 5035 2762 5088 contenebratus
2808 5036 2965 5097 orbis,
2999 5038 3240 5105 defuncto
3263 5033 3506 5096 Domino,
3555 5032 3778 5105 lugubre

2190 5106 2309 5175 fecit
2339 5105 2591 5175 ofﬁcium,
2621 5115 2676 5159 ut
2698 5119 2818 5160 tunc
2843 5119 2891 5160 et
2917 5123 3009 5161 nos
3038 5103 3354 5159 revertamur
3379 5103 3777 5175 adjucundita-

2192 5172 2321 5248 t_em,_
2339 5172 2453 5228 cum
2477 5187 2524 5231 et
2553 5178 2775 5248 mundus
2801 5178 2990 5248 recepit
3013 5175 3400 5248 claritatemsS.
3425 5172 3724 5248 Cyprianus
3754 5189 3769 5225 :

2189 5244 2259 5299 Et
2288 5246 2557 5309 Dominus,
2598 5246 2794 5316 inquit,
2827 5243 2958 5301 hora
2985 5257 3127 5302 sexta
3162 5243 3556 5316 cruciﬁxus,'ad
3583 5258 3775 5295 nonani

2192 5327 2401 5386 peccata
2440 5328 2613 5371 nostra
2644 5319 2893 5387 sanguine
2921 5335 3014 5371 suo
3043 5317 3227 5381 abluit,
3267 5325 3313 5369 et
3342 5325 3394 5368 ut
3423 5315 3686 5387 redimere,
3720 5323 3774 5365 et

2191 5383 2448 5456 uiuiﬁcare
2485 5405 2578 5442 nos
2623 5383 2814 5458 posset,
2872 5389 3288 5458 tuncivictoriam
3338 5401 3485 5439 suam
3533 5383 3775 5458 passione

2195 5452 2424 5529 perfecit.
2457 5461 2516 5514 S.
2549 5452 2874 5513 Athanasius
2904 5474 2918 5509 :
2951 5457 3107 5511 Nona
3140 5458 3268 5529 hora
3293 5473 3501 5529 rursum
3533 5452 3591 5508 in
3620 5452 3774 5529 hym-

2192 5527 2293 5597 nis,
2323 5540 2372 5583 et
2403 5530 2859 5601 gloriﬁcationibus
2886 5529 3038 5601 eris,_
3051 5544 3167 5581 cum
3195 5528 3455 5601 lacrymis,
3490 5535 3537 5579 et
3566 5527 3775 5601 conj‘es-

2192 5602 2332 5654 sione
2363 5597 2686 5670 peccatorum
2730 5610 2950 5660 tuorum.
2999 5597 3108 5652 Dea
3157 5599 3488 5670 supplicabis,
3524 5597 3772 5670 quoniam

2195 5673 2288 5726 hac
2315 5670 2444 5726 hora
2476 5668 2728 5725 Dominus
2759 5670 2813 5723 in
2838 5685 2988 5725 cruce
3009 5666 3234 5740 pendens
3257 5666 3483 5726 reddidit
3504 5666 3763 5736 spiritum.
