4026 6334
230 263 328 323 lii

747 268 835 324 DE
871 263 1353 326 C(ENOBIORUM
1393 265 1638 326 INSTIT.
1682 265 1812 323 LIB.
1853 262 1953 324 lll.
1975 295 2046 308 —
2071 266 2159 323 DE
2198 266 2475 328 DIURNIS
2512 268 2992 330 ORATIONIBUS.

3395 278 3503 338 123

222 387 313 444 sui
328 383 640 458 splendoris
660 387 946 454 exstinxit,
977 396 1268 458 portasque
1293 385 1410 456 ejus
1429 400 1600 442 aereas
1624 384 1812 441 eﬁrin-
1841 389 1894 450 Α
1918 386 2071 458 (Act.
2101 386 2189 458 κ).
2231 389 2353 444 Alio
2399 406 2612 461 quoque
2660 393 2780 447 loco
2826 393 2894 448 de
2939 391 3132 450 eodem
3163 402 3408 464 tempore
3440 399 3498 458 in

211 493 398 551 gens,
433 494 502 535 ac
531 494 688 535 seras
714 480 926 536 ferreas
955 488 1276 546 conterens,
1309 479 1672 550 captivitatem
1699 493 1823 534 san-

221 581 438 629 ctorum
459 613 475 638 ,
505 587 629 643 quae
665 572 852 627 clausa
892 571 1128 628 tenebris
1169 571 1390 626 immitis
1421 571 1705 626 tenebatur
1735 569 1821 626 in-

218 665 382 730 ferni,
415 664 718 720 salubriter
741 673 952 734 captam
983 664 1289 718 transvexit
1315 677 1498 718 secum
1526 663 1592 717 ad
1615 663 1818 730 etelos;

220 764 245 793 ⁸
277 756 552 828 igneaque
595 755 873 827 romphaea
921 764 1225 819 summota,
1275 754 1552 824 antiquum
1585 754 1818 810 incolam

220 849 480 918 paradiso
528 851 615 919 pia
663 849 1010 906 confessione
1059 849 1316 904 restituit.
1352 849 1555 905 Eadem
1603 863 1821 920 quoque

221 943 359 999 hora
387 943 684 1000 Cornelius
715 943 967 999 centurio
992 943 1044 997 in
1068 943 1323 1013 precibus
1344 942 1503 998 solita
1528 943 1816 999 devotione

219 1037 562 1105 persistens,
595 1035 1169 1091 commemorationem
1220 1035 1564 1101 orationum,
1593 1042 1648 1090 et
1677 1033 1820 1090 elec-

220 1143 578 1200 mosynarum
610 1142 831 1184 suarum
862 1137 987 1183 ante
1017 1127 1304 1183 Dominum
1346 1127 1574 1193 factam,
1625 1125 1819 1196 angelo

221 1220 321 1275 sibi
348 1221 707 1291 colloquente
738 1219 1053 1291 cognoscit,
1105 1220 1389 1290 palamque
1418 1217 1471 1274 ei
1511 1219 1641 1273 liora
1672 1231 1814 1274 noua

219 1313 533 1368 vocationis
565 1312 807 1384 gentium
834 1320 1176 1369 sacramenta
1207 1312 1546 1384 panduntur,
1579 1327 1700 1383 quae
1723 1312 1820 1368 Pe-

219 1412 304 1462 tro
341 1407 399 1462 in
450 1421 686 1464 excessu
723 1406 924 1463 mentis
963 1405 1097 1462 hora
1140 1415 1293 1463 sexta
1330 1406 1549 1462 fuerant
1576 1405 1814 1461 revelata

1924 477 2150 535 Actibus
2179 479 2556 548 Apostolorum
2587 482 2658 536 ita
2682 492 2932 539 narratur
2965 502 2977 536 :
3009 484 3196 540 Petrus
3236 498 3408 544 autem
3451 499 3502 546 et

1924 569 2154 626 Joannes
2181 573 2520 628 ascendebant
2559 576 2611 628 in
2653 575 2930 644 templum,
2956 577 3025 631 ad
3046 578 3227 632 horam
3253 581 3504 638 orationis

1925 680 2116 718 nonam
2147 663 2299 735 (Act.
2329 680 2387 720 ιιι
2407 666 2446 734 ).
2477 665 2688 733 Quibus
2732 666 2936 736 liquido
2962 669 3365 740 comprobatur,
3396 688 3502 730 non

1925 755 2196 810 immerito
2227 769 2256 810 a
2297 757 2501 811 sanctis
2526 767 2581 813 et
2609 759 2919 827 apostolicis
2943 760 3074 816 viris
3102 759 3200 816 has
3223 761 3386 818 horas
3413 780 3504 821 re-

1923 845 2128 917 ligiosis
2157 848 2432 920 obsequiis
2452 863 2815 919 consecratas,
2840 867 2869 907 a
2894 853 3050 909 nobis
3073 871 3287 927 quoque
3317 857 3504 914 obser-

1923 939 2036 994 vari
2070 939 2321 996 similiter
2349 951 2607 1012 oportere
2639 959 2654 995 :
2681 944 2770 1014 qui
2803 943 2905 1000 nisi
2949 946 3100 1002 velut
3127 946 3246 1018 lege
3271 949 3502 1020 quadam

1920 1032 2134 1088 solvere
2163 1035 2278 1088 haec
2309 1034 2521 1104 pietatis
2551 1035 2723 1091 ofﬁcia
2759 1037 2957 1093 saltem
2982 1039 3200 1096 statutis
3231 1043 3503 1112 tempori-

1921 1124 2023 1181 bus
2050 1125 2364 1197 adigamur,
2416 1135 2586 1184 totum
2628 1129 2735 1185 diei
2775 1131 3010 1200 spatium
3055 1132 3361 1202 oblivione,
3410 1144 3504 1194 aut

1919 1217 2128 1275 desidia
2147 1259 2164 1286 ,
2193 1219 2278 1276 vel
2307 1221 2757 1289 occupationibus
2782 1222 3042 1290 involuti,
3074 1224 3279 1296 absque
3304 1229 3504 1285 oratio-

1921 1313 2003 1367 nis
2053 1312 2494 1383 interpellatione
2547 1312 2665 1387 [ΑΙ.
2732 1314 3181 1390 iuterpolatione]
3227 1321 3502 1376 consumi-

1920 1416 2062 1460 mus.
2095 1401 2123 1442 δ
2152 1403 2227 1459 De
2253 1404 2577 1475 vespertinis
2622 1413 2804 1463 autem
2843 1406 3131 1464 sacrificiis
3155 1409 3284 1481 quid
3313 1409 3502 1468 dicen-

1305 1541 1567 1600 ALARDI
1605 1539 1836 1598 GAZeEl
1870 1539 2442 1600 COMMENTARIUS.

220 1659 275 1714 S.
304 1657 546 1714 Basilius
569 1671 738 1713 serm.
770 1674 790 1712 ι
818 1658 887 1713 de
913 1657 1151 1714 lnstitut.
1179 1657 1452 1713 Monach.:
1486 1656 1655 1711 Porro
1682 1675 1818 1714 nona

221 1727 517 1784 Dominicis
554 1730 812 1798 passionis
841 1730 1320 1801 memoriamrefert
1349 1729 1515 1801 illius,
1554 1745 1668 1800 qua:
1705 1732 1821 1786 vitta

223 1811 408 1854 nostra:
445 1817 610 1872 causa
651 1810 892 1872 suscepta
923 1809 1018 1855 est.
1065 1800 1324 1855 Rabanus
1355 1800 1567 1854 Maurus
1606 1817 1623 1872 7:
1659 1801 1820 1857 Nona

222 1871 345 1924 liora
369 1871 496 1924 inde
525 1871 876 1942 consecratur,
903 1874 1026 1942 quia
1045 1873 1100 1925 in
1121 1888 1179 1925 ea
1206 1871 1459 1924 Dominus
1484 1886 1577 1940 pro
1597 1871 1818 1928 inimicis

224 1942 512 2014 postulans,
538 1943 592 2014 in
615 1959 798 1996 manus
823 1941 999 1996 Patris
1015 1943 1251 2013 spiritum
1272 1942 1644 1996 commendavit
1661 1959 1678 1996 :
1695 1947 1821 2014 quia

226 2014 453 2067 videlicet
479 2013 662 2081 ﬁdeles
685 2029 908 2084 quosque
931 2022 1151 2084 Oportet,
1181 2023 1236 2067 ut
1256 2031 1309 2068 se
1339 2014 1447 2067 Deo
1468 2013 1819 2070 commendent

227 2100 336 2136 cum
361 2083 558 2138 devota
589 2085 846 2154 oratione,
877 2083 977 2154 qua
1004 2094 1158 2154 caput
1186 2101 1337 2138 suum
1360 2093 1670 2153 cognoscant
1698 2104 1819 2154 pro-

227 2157 387 2224 priam
409 2156 646 2208 animum
678 2153 827 2207 Patri
848 2171 938 2208 suo
957 2153 1360 2219 commendasse,
1391 2165 1447 2206 ut
1477 2155 1528 2207 in
1555 2156 1668 2224 ejus
1699 2153 1817 2211 cor-

229 2243 318 2292 pus
347 2226 638 2300 codd-unati
669 2241 789 2300 cunt
811 2226 922 2300 ipso
950 2242 1170 2300 regnum
1191 2227 1388 2294 possint
1414 2226 1608 2300 intrare
1639 2243 1819 2300 perpe-

227 2307 365 2349 tuum
397 2294 544 2363 (Lib.
589 2313 627 2351 tt
656 2297 720 2350 de
765 2294 1220 2352 Institut.'Cleric.
1271 2299 1304 2350 6
1342 2297 1506 2366 cap.).
1548 2294 1819 2362 Rupe-rius

227 2366 522 2439 Ttiitiensis
567 2385 580 2421 :
627 2366 786 2420 Nona
823 2383 1021 2439 quoque
1059 2368 1187 2439 hora
1216 2369 1338 2439 jure
1376 2367 1431 2419 in
1472 2367 1676 2420 laudem
1723 2368 1818 2424 Dei

226 2437 534 2510 clamamus.
592 2440 817 2510 quando,
853 2438 1080 2492 clamans
1139 2437 1392 2492 Dominus
1439 2453 1814 2510 uoceumagna,

227 2510 389 2562 emisit
437 2507 700 2578 Spiritum
742 2523 761 2562 :
805 2509 1001 2563 latrone
1049 2510 1274 2563 admisso
1313 2510 1368 2561 in
1405 2507 1724 2580 paradisum,
1768 2522 1817 2566 et

226 2582 386 2646 uenia,
431 2581 676 2648 quaint-is
711 2596 847 2650 sero,
879 2581 1125 2634 veraciter
1160 2581 1538 2650 paenitentibus,
1570 2590 1617 2632 et
1647 2583 1814 2650 con/i-

229 2651 443 2703 tentibus
467 2651 726 2722 dedicata.
758 2649 904 2704 Tunc
931 2652 1084 2705 etiam
1107 2649 1265 2705 latere
1285 2651 1399 2719 ejus
1420 2651 1679 2722 perforato
1707 2649 1818 2722 fere

227 2722 430 2774 manda
456 2721 712 2775 Ecclesiae
730 2723 1088 2793 profluxerunt
1113 2721 1462 2793 sacramenta,
1487 2723 1694 2793 sanguis
1708 2721 1816 2792 quo

228 2793 552 2854 redimimnr,
596 2789 739 2859 aqua'
781 2789 882 2859 qua
920 2793 1178 2846 abluimur
1219 2791 1345 2864 (ubi
1369 2789 1595 2864 supra):
1637 2789 1814 2852 Altera

229 2876 384 2916 causa
417 2864 804 2927 institutionis,
850 2873 904 2918 et
936 2862 1334 2919 observationis
1368 2862 1514 2916 horrc
1543 2862 1698 2917 nona:
1727 2865 1815 2920 hic

229 2934 538 3002 assignatur
570 2949 637 2988 ex
673 2934 872 2988 illustri
899 2935 1252 2991 conversione
1276 2933 1514 2989 Cornelii
1542 2937 1811 2990 centurio-

229 3004 327 3068 nis,
357 3007 449 3074 qui
481 3003 586 3059 hac
617 3005 750 3059 hora
778 3004 848 3058 ab
873 3007 1064 3073 angelo
1089 3009 1350 3066 munitus.
1387 3013 1447 3058 ut
1475 3004 1695 3060 Petrum
1724 3022 1813 3062 ac.

230 3087 493 3148 cerseret,
527 3075 596 3129 ab
634 3076 839 3148 eodem,
857 3075 982 3131 ﬁdei
1015 3078 1286 3148 mysteriis
1318 3075 1576 3140 imbutus,
1605 3085 1660 3132 et
1687 3093 1810 3132 cum

230 3155 336 3200 tota
366 3147 535 3217 domo
563 3161 658 3199 sua
697 3147 998 3217 baptizatus
1025 3147 1288 3217 primitias
1311 3148 1614 3202 vocationis
1645 3150 1816 3217 genti-

231 3217 356 3270 lium
400 3216 696 3272 dedicavit.
743 3216 922 3272 Tertia
970 3216 1128 3285 ratio,
1174 3228 1229 3273 et
1269 3217 1621 3288 praimgativa
1651 3216 1816 3274 liora:

232 3292 388 3362 nonaé
417 3289 488 3362 ab
518 3288 770 3362 exemplo
797 3289 1169 3362 apostolorum
1201 3290 1348 3362 Petri
1375 3299 1427 3343 et
1452 3289 1698 3356 Joannis,
1725 3292 1814 3362 qui

233 3359 286 3412 in
323 3359 477 3413 Actis
503 3360 822 3414 ascendisse
856 3361 1104 3429 leguntur
1135 3361 1201 3413 ad
1235 3360 1418 3414 horam
1447 3361 1696 3415 orationis
1719 3359 1812 3415 rio-

233 3445 378 3506 ttatn;
411 3430 714 3506 Graecini
739 3433 994 3506 muan
1018 3441 1109 3492 ri:
1132 3440 1447 3506 προσευχῆς
1475 3437 1564 3490 τήν
1593 3433 1814 3498 ἑννάτην,

235 3502 334 3571 lioc
363 3511 472 3563 est,
507 3500 576 3554 ad
607 3500 796 3555 lioram
830 3500 980 3555 illam
1006 3500 1288 3569 orationis,
1320 3500 1440 3571 qua:
1477 3511 1596 3556 erat
1627 3518 1764 3557 nona
1800 3522 1811 3555 :

236 3569 332 3626 hoc
358 3571 510 3626 enim
537 3571 803 3641 signiﬁcat
827 3574 1078 3640 repetitio
1110 3573 1200 3628 illa
1225 3569 1438 3628 articuli
1472 3573 1670 3640 Grmci,
1697 3589 1816 3644 quas

234 3653 285 3696 et
308 3656 511 3696 nonam
541 3643 774 3696 orationi
802 3652 1198 3710 consecratam,
1230 3656 1282 3700 et
1313 3645 1444 3698 alias
1473 3657 1593 3698 esse
1618 3643 1818 3698 oraiio—

236 3713 317 3767 nis
353 3713 520 3768 horas
567 3722 766 3782 praeter
816 3730 1008 3768 nonam
1052 3725 1236 3783 aperte
1281 3716 1633 3770 demonstrat.
1684 3715 1817 3770 flinc

237 3784 295 3856 li.
334 3784 574 3839 Basilius
613 3783 928 3856 lnAchIllis
969 3786 1136 3840 fusius
1179 3785 1378 3854 disput.
1423 3787 1683 3856 interrog.
1716 3785 1811 3840 37:

237 3854 386 3921 Quod
424 3871 508 3921 ea,
548 3854 721 3927 inquit
752 3857 983 3927 (scilicet
1023 3857 1211 3927 nona),
1243 3858 1312 3910 ad
1353 3854 1652 3911 orationem
1675 3858 1818 3911 nobis

235 3928 523 3998 necessaria
563 3926 650 3991 sit,
694 3927 749 3979 id
787 3928 1007 3998 apostoli
1049 3928 1154 3998 ipsi
1193 3928 1524 3982 declararunt
1558 3927 1613 3980 in
1654 3929 1816 3994 Actis,

235 3995 285 4048 in
325 3997 511 4064 quibus
550 4007 623 4050 est
665 3998 806 4067 quod
834 3995 1018 4052 Petrus
1048 3995 1091 4052 et
1120 3997 1350 4052 Joannes
1387 3999 1729 4053 ascendebant
1765 4001 1818 4052 in

237 4068 500 4133 templum,
534 4068 605 4119 ad
633 4068 815 4120 harant
845 4071 1096 4123 orationis
1124 4085 1335 4122 nonam.
1371 4070 1438 4125 Et.
1465 4073 1520 4123 ὃ.
1557 4069 1821 4139 Hierony-

237 4151 353 4191 mus
376 4139 431 4191 in
458 4153 580 4208 cap.
610 4139 924 4210 vt_Danie|is
950 4159 962 4193 :
992 4139 1238 4203 Tertiam,
1266 4140 1457 4210 inquit,
1476 4142 1675 4206 horam,
1705 4155 1822 4210 sca:-

237 4218 355 4284 tdm,
380 4219 429 4262 et
434 4226 638 4284 _nanam
659 4207 1028 4284 Ec_clesiastica
1051 4211 1259 4284 traditio
1279 4207 1542 4284 intelligit.
1562 4213 1626 4266 Et
1646 4209 1816 4266 infra:

241 4276 393 4332 Nona
422 4277 609 4352 Petrus
640 4289 686 4352 et
704 4277 943 4352 Joannes
973 4283 1248 4352 pergebant
1277 4283 1330 4335 in
1360 4276 1629 4351 tem’plum.

307 4359 330 4385 ε
364 4351 578 4404 Allusio
601 4351 674 4423 ad
704 4349 882 4405 locum
912 4349 1208 4418 Geneseos,
1241 4353 1328 4407 ubi
1363 4349 1551 4423 primis
1585 4354 1822 4423 parenti-

240 4421 336 4475 bus
373 4437 406 4474 e
444 4420 700 4491 paradiso
737 4423 998 4492 expulsis,
1048 4433 1103 4478 et
1153 4420 1406 4491 exclusis,
1451 4420 1649 4478 dicitur
1680 4425 1819 4480 Deus

1927 1656 2064 1727 (Lib.
2095 1672 2175 1730 xii
2205 1673 2251 1711 c.
2278 1657 2357 1728 Ἰ).
2392 1658 2519 1714 Haec
2545 1657 2645 1714 SS.
2674 1659 2882 1724 Patres,
2911 1673 3032 1730 quae
3056 1659 3183 1716 huic
3215 1659 3334 1716 loco
3364 1661 3505 1720 belle

1923 1729 2272 1802 conveniunt.
2333 1730 2504 1802 Porro
2553 1731 2791 1802 Joannes
2848 1729 3201 1802 Apocalypsis
3267 1732 3505 1788 secundo

1925 1801 2112 1854 scribit
2138 1815 2153 1852 :
2178 1798 2315 1874 liceo
2336 1799 2480 1874 dicit,
2509 1802 2596 1872 qui
2618 1800 2769 1874 liabet
2791 1798 3105 1874 roin’pltwain‘
3125 1811 3339 1872 utraque
3361 1812 3506 1874 parte

1924 1880 2146 1924 acutam.
2178 1870 2274 1924 Est
2295 1871 2440 1926 enim
2464 1870 2737 1940 ro’mphma
2760 1871 2972 1941 gladius
2997 1870 3267 1940 utrimque
3289 1870 3502 1941 acutus,

1925 1951 1978 1994 et
2004 1942 2291 2010 oblongus,
2330 1943 2420 2010 qui
2449 1942 2639 1997 Latine
2670 1946 2872 1998 framea
2903 1943 3120 1997 dicitur.
3164 1943 3314 1999 Unde
3352 1952 3410 1998 et
3441 1945 3502 1998 D.

1925 2011 2289 2084 Hieronymus
2332 2013 2459 2067 alibi
2499 2027 2596 2083 pro
2635 2015 2905 2084 romplizca
2947 2012 3204 2068 frameam
3243 2014 3392 2084 legit.
3436 2013 3506 2069 In

1923 2087 2099 2166 cujus,
2128 2083 2374 2166 inquit,.(
2393 2083 2659 2166 paradisi)
2698 2083 2986 2166 custodiam
3015 2083 3313 2166 Cherubim,’
3347 2085 3402 2166 id
3433 2094 3507 2166 est

1922 2154 2148 2208 scientias
2191 2154 2490 2227 multitudo,
2540 2163 2587 2209 et
2635 2154 2800 2227 ignita
2848 2157 3045 2224 framea
3089 2157 3257 2225 posita
3304 2164 3400 2219 est,
3449 2164 3506 2210 ut

1921 2233 2181 2278 servarent
2200 2225 2333 2278 viam
2358 2225 2489 2296 ligni
2518 2225 2672 2280 sine}
2699 2243 2761 2280 ne
2780 2225 2832 2278 in
2862 2237 3068 2293 peccato
3098 2227 3293 2292 positus
3312 2227 3503 2293 Adam,

1924 2296 2138 2349 necdum
2159 2309 2268 2348 sua:
2289 2295 2473 2348 delicta
2494 2313 2806 2365 cognoscens
2831 2297 3114 2350 comederet
3135 2313 3199 2351 ea:
3221 2312 3301 2361 eo,
3334 2305 3382 2349 et
3410 2297 3507 2349 im-

1923 2367 2771 2436 pwnitenti¢,_desperationisque,
2797 2383 2857 2418 ac
2883 2367 3134 2436 superbiat
3158 2379 3316 2420 ntorte
3337 2383 3508 2422 morea

1921 2434 2066 2490 retur
2090 2434 2185 2508 (In
2228 2434 2514 2508 ἓδαμεαρ.
2559 2434 2673 2506 δ5)ζ
2716 2434 2954 2508 Isidorus
2990 2437 3218 2508 Etymol.
3261 2437 3354 2490 lib.
3396 2452 3505 2492 xvn

1922 2521 2042 2575 cap.
2085 2507 2119 2561 5
2165 2524 2180 2561 :
2225 2504 2471 2580 Framea,
2516 2504 2713 2580 inquit,
2755 2507 2959 2580 gladius
3000 2504 3072 2580 egi
3104 2517 3320 2577 utraque
3359 2516 3506 2574 parte

1922 2585 2313 2650 acutus,_quam
2343 2578 2494 2650 uulgo
2520 2577 2991 2644 spatham’vocant.
3020 2577 3149 2650 Ipsa
3183 2586 3257 2631 est
3291 2588 3338 2632 et
3359 2593 3506 2650 rom-

1923 2647 2091 2716 pluea.
2124 2646 2173 2699 F
2175 2646 2349 2701 ramea
2381 2646 2556 2704 autem
2591 2650 2729 2703 dicta
2761 2657 2858 2714 est,
2895 2649 3033 2718 quod
3055 2646 3240 2717 'ferrea
3279 2656 3370 2701 est.
3411 2647 3505 2703 Sic

1923 2720 2058 2788 ipse.
2095 2719 2207 2787 Ego
2234 2719 2412 2788 potius
2435 2719 2697 2783 dixerint,
2726 2721 2848 2788 quia
2881 2719 3156 2785 ﬂammea,
3189 2719 3302 2788 sive
3325 2719 3502 2788 ignea,

1922 2787 2005 2844 vel
2033 2791 2311 2914 igninum
2334 2805 2495 2856 supra
2525 2805 2591 2845 ex
2622 2789 2685 2843 D.
2722 2787 3071 2860 Hieronymo,
3103 2799 3156 2843 et
3177 2787 3462 2860 Gregorio.

1992 2858 2020 2898 δ
2111 2876 2138 2913 e
2166 2861 2440 2914 vestieris.
2473 2876 2565 2914 seu
2610 2861 2786 2914 ofﬁcio
2826 2861 3184 2914 Vesoerarum
3232 2860 3376 2914 (ante
3416 2858 3466 2912 lii

1992 2861 2020 2898 ι’
2065 2861 2138 2942 De
2166 2861 2440 2928 vesperis,
2473 2876 2565 2916 seu
2610 2861 3184 2944 ofﬁcioﬂesperarum
3210 2861 3376 2982 jqute
3416 2861 3504 2912 hic

1921 2941 2209 3002 vespertina
2239 2941 2498 2986 vocantur
2517 2932 2771 3000 sacriﬁcas
2800 2947 2854 3002 in
2878 2932 3153 3002 legeiveteri
3175 2945 3206 2982 a
3247 2928 3504 2998 umbrata)

1923 3001 2152 3072 quatuor
2178 3013 2468 3056 occurrunt
2502 3002 2588 3058 hic
2635 3001 2870 3056 notanda
2903 3001 3012 3072 51°
3043 3001 3351 3072 antiquitas,
3392 3002 3506 3072 sive

1921 3070 2189 3128 institutio
2215 3088 2242 3125 a
2276 3072 2527 3128 Patribus
2558 3073 2870 3140 approbata.
2902 3071 2968 3126 2°
2995 3070 3134 3127 ratio
3158 3070 3314 3126 istius
3345 3071 3502 3125 insti-

1922 3143 2166 3199 tutionis.
2201 3144 2261 3198 3°
2291 3151 2502 3210 tempus
2527 3143 2834 3199 celebrandi
2856 3142 3094 3197 ofﬁcium
3117 3141 3502 3210 vespertinunt.

1917 3214 1986 3270 4⁸
2014 3215 2230 3279 modus,
2264 3229 2359 3268 seu
2385 3214 2558 3269 forma
2586 3214 2771 3269 ofﬁcii.
2816 3213 2968 3281 Quod
2997 3213 3063 3267 ad
3106 3213 3334 3283 primum
3381 3212 3507 3283 atti-

1918 3296 2032 3352 net,
2062 3287 2222 3351 liujus
2263 3283 2407 3338 hora».
2440 3287 2763 3351 vespertina:
2801 3281 3163 3340 meminerunt
3208 3293 3407 3352 praeter
3435 3281 3502 3339 S.

1917 3355 2248 3412 Clementem
2296 3366 2349 3411 ct
2378 3355 2634 3410 Basilium
2682 3356 2775 3410 ubi
2807 3369 2970 3424 supra
2993 3399 3007 3423 ,
3041 3352 3330 3409 concilium
3361 3352 3507 3408 Lao-

1918 3429 2169 3483 dicenum
2196 3434 2322 3481 ante
2347 3441 2520 3480 annos
2548 3427 2695 3482 mille
2720 3426 2986 3482 ducentos
3020 3425 3352 3480 celebratum
3379 3439 3503 3479 can.

1920 3499 2020 3565 18,
2047 3500 2135 3552 ubi
2161 3497 2358 3552 dicitur
2386 3497 2526 3568 quod
2557 3513 2753 3568 semper
2805 3497 2868 3567 (i.
2900 3511 2953 3552 e.
2994 3494 3261 3568 quotidie)
3307 3495 3506 3563 suppli-

1917 3571 2146 3623 cationes
2193 3567 2485 3622 orationum
2529 3567 2598 3620 ad
2647 3585 2870 3626 nonam,
2916 3578 2964 3620 et
3003 3582 3272 3637 vesperam
3310 3574 3507 3633 Oportet

1919 3639 2613 3708 celebrari.Clirysostomus
2636 3639 2820 3692 homil.
2847 3637 2916 3692 59
2929 3637 2994 3692 ad
3010 3635 3136 3706 pop.
3152 3635 3503 3708 Antigonen”

1921 3711 2009 3766 tibi
2031 3709 2100 3764 de
2121 3706 2330 3763 diurnis
2350 3711 2733 3763 monachorum
2760 3709 3009 3776 precibus
3027 3722 3194 3776 agens
3216 3723 3231 3760 :
3258 3706 3504 3772 Tertiam,

1920 3779 2124 3850 inquit,
2150 3788 2349 3850 sextam
2368 3823 2383 3847 ,
2415 3795 2638 3844 nonam,
2667 3790 2716 3833 ct
2741 3779 3048 3850 vespertinas
3086 3779 3342 3850 orationes
3370 3777 3507 3850 cels-

1921 3847 2091 3921 brant,
2121 3857 2171 3902 et
2199 3849 2252 3902 in
2275 3859 2495 3921 quatuor
2532 3858 2699 3920 partes
2734 3850 2869 3921 diem
2889 3847 3168 3921 dispartiti
3189 3887 3204 3912 ,
3234 3847 3504 3921 dumﬁsin-

1921 3921 2058 3994 gula
2076 3913 2269 3992 'partes
2288 3913 2615 3994 implentur,
2663 3918 2962 3994 psalmodiis
2990 3913 3312 3994 '_et_ltgmnis_
3342 3913 3506 3994 Deum

1919 3987 2245 4048 Benerantur.
2299 3987 2741 4063 Hieronytnus‘in
2770 3992 2929 4063 epist.
2959 3989 3027 4044 ad
3061 3987 3407 4063 Eustochium
3437 3987 3506 4043 de

1921 4063 2166 4120 custodia
2191 4061 2516 4134 virginitatis
2541 4078 2555 4116 :
2584 4061 2784 4116 Horam
2814 4062 3036 4128 tertiam,
3067 4061 3256 4128 inquit,
3285 4066 3502 4134 sextam,

1922 4153 2110 4190 nonam
2135 4176 2151 4202 ,
2182 4131 2482 4204 diluculum
2512 4149 2714 4204 quoque
2735 4173 2749 4197 ,
2792 4141 2840 4188 et
2873 4145 3105 4204 vesperas
3133 4146 3281 4204 nemo
3312 4138 3397 4204 est
3419 4131 3506 4197 qui

1924 4199 2230 4261 nesciatJEt
2259 4205 2420 4275 epist.
2458 4199 2535 4259 27⁷
2565 4199 2637 4258 de
2693 4204 2848 4258 Obitu
2889 4201 3109 4275 Punite;
3153 4199 3506 4275 Mane,_liora

1923 4280 2092 4344 tertia,
2123 4270 2479 4341 senum-nona,
2511 4290 2734 4345 vespere,
2775 4276 2935 4327 noctis
2966 4272 3133 4345 medio
3165 4288 3253 4345 per
3277 4270 3506 4345 ordinem

1925 4341 2226 4417 psalterium
2256 4348 2549 4401 cantabant.
2583 4341 2710 4400 Haec
2737 4345 2805 4399 de
2829 4343 3179 4417 (antiquitate:
3219 4341 3375 4417 liatio
3404 4357 3506 4395 au-

1928 4413 2033 4473 tem
2061 4418 2416 4474 institutionis
2438 4419 2584 4472 liora:
2607 4416 2946 4485 vespertinas,
2972 4413 3068 4485 seu
3089 4413 3256 4468 ofﬁcii
3284 4427 3506 4483 vesper-

241 4469 701 4567 ;_;ti..;a;.;";.ﬁ..7.j
731 4469 1033 4564 ῥᾶἷαὶὶῖἑᾶἷη
1050 4469 1819 4567 'iJiﬁEiIfci’Jdiim","Ei
1847 4469 1897 4532 D
1925 4469 2523 4567 ii'si‘gasig;‘i‘_.sc‘iocs
2544 4469 2870 4567 assignatur.
2902 4469 3076 4567 Prima
3106 4486 3168 4567 in
3180 4469 3504 4567 .memor'iam

241 4563 534 4635 flammeum
556 4561 813 4635 gladium,
838 4573 988 4635 atque
1008 4561 1317 4632 versatilem,
1341 4565 1410 4618 ad
1430 4566 1816 4635 custodiendam

241 4638 372 4685 ciam
392 4631 527 4708 ligni
550 4631 806 4708 riualibi
835 4631 932 4708 pro
960 4636 1142 4708 gladio
1173 4631 1425 4691 flammeo
1457 4636 1518 4708 l_)_.
1550 4634 1816 4708 Hierony-

240 4705 586 4776 muspassim
616 4705 742 4769 legit
762 4707 1089 4776 rompliaaam
1106 4707 1432 4762 flammeam.
1455 4705 1545 4761 Sic
1569 4707 1728 4773 epist.
1758 4705 1811 4776 3,

242 4774 303 4850 ad
326 4774 687 4850 _Heliodorttm
722 4773 1043 4850 :_Fl_am_mea
1055 4777 1161 4850 illa
1183 4780 1443 4850 romphaea
1473 4787 1641 4850 custos
1669 4773 1820 4850 para-

243 4845 358 4907 disi,
387 4855 440 4898 et
465 4845 798 4916 presidentia
819 4848 1012 4917 foribus
1039 4845 1332 4911 Cherubini,
1365 4846 1560 4903 Christi
1580 4845 1817 4902 restincta

241 4925 287 4967 et
314 4931 546 4990 reserata
570 4929 688 4970 sunt
706 4921 988 4990 ganguine.
1006 4920 1086 4990 (Et
1114 4920 1272 4987 epist.
1303 4919 1374 4974 25
1407 4937 1419 4974 :
1455 4918 1694 4972 Necdum
1724 4937 1818 4990 pa-

240 4987 400 5065 radisi
423 4991 654 5065 januam
690 4986 923 5042 Christus
945 4986 1256 5065 effregerat;
1283 4991 1500 5065 necdum
1525 4986 1817 5065 ﬂammeam

242 5057 384 5110 illam
407 5057 750 5126 fomplueam,
769 5069 817 5112 et
830 5057 1124 5130 t'ertiginei'n
1148 5057 1534 5126 praesidentium
1544 5059 1819 5116 Clterubim

244 5130 450 5200 sanguis
483 5131 598 5200 ejus
639 5133 975 5184 exstinxerat.
1006 5131 1156 5186 Unde
1195 5143 1240 5186 et
1281 5132 1567 5198 Abraham,
1608 5133 1725 5186 licet
1764 5134 1819 5187 in

246 5198 352 5272 loco
397 5198 678 5272 refrigerii,
728 5210 898 5254 tamen
946 5211 1091 5272 apud
1125 5205 1318 5272 inferos
1357 5203 1514 5272 fuisse
1560 5204 1815 5258 scribitur.

247 5266 547 5325 Rursus'in'
574 5266 698 5339 cap.
731 5287 783 5326 is
819 5266 1026 5327 Amos:
1067 5266 1250 5328 Posuit
1283 5266 1419 5327 Deus
1449 5272 1744 5336 Cherubim.
1773 5283 1819 5330 et

245 5343 535 5413 ﬂammeam
573 5343 914 5411 romphwam,
954 5361 1068 5413 qua:
1098 5347 1312 5400 vertitur
1345 5346 1414 5398 ad
1438 5345 1822 5399 custodiendam

243 5412 372 5463 siam
403 5414 715 5487 ligniguitte;
737 5423 794 5466 ut
830 5417 916 5482 qui
949 5412 1136 5487 ejectus
1157 5418 1323 5486 fuerat
1351 5415 1705 5487 deparadiso,
1735 5433 1822 5470 ne-

244 5498 494 5560 quaquam
534 5484 1344 5560 il_luc_ingredereturkindignus.
1383 5484 1644 5541 Similiter
1673 5487 1816 5560 etrD.

244 5551 537 5628 Gregorius
569 5557 626 5628 in
658 5551 954 5628 Moralibus
982 5576 995 5609 :
1033 5557 1160 5612 Post
1183 5551 1413 5627 culpam.
1449 5560 1640 5628 inquit,
1664 5559 1822 5628 primi

245 5622 480 5690 hominis,
511 5627 580 5679 ad
610 5627 848 5695 paradisi
875 5629 1076 5682 aditum
1096 5622 1358 5697 romphtea
1387 5622 1625 5697 ﬂammea
1655 5622 1823 5698 posita

245 5708 350 5747 esse
378 5707 718 5771 memoratur,
750 5710 865 5768 qua:
886 5707 932 5751 et
959 5700 1210 5754 versatilis
1241 5698 1452 5764 dicitur,
1487 5715 1578 5771 pro
1601 5715 1659 5753 eo
1683 5701 1822 5770 quod

246 5767 548 5838 quandoque
573 5767 771 5824 veniret
801 5776 1020 5840 tempus,
1048 5779 1102 5827 ut
1123 5773 1278 5827 etiam
1301 5767 1548 5828 removeri
1569 5767 1824 5837 potuisset

1918 4569 1974 4614 et
2001 4559 2068 4613 ad
2102 4554 2456 4614 imitationem
2494 4555 2741 4612 sacriﬁcii
2770 4554 3059 4626 vespertini
3084 4555 3318 4626 antiqua:
3349 4554 3503 4626 legis,

1918 4646 2036 4699 qua:
2062 4630 2196 4700 legis
2215 4645 2367 4685 nova:
2387 4639 2746 4700 sacramenta,
2770 4639 2826 4700 et
2845 4625 3501 4700 mysteria_adum_llrabat.

1920 4694 2171 4756 l'sodort'ts
2203 4702 2300 4754 lib.
2334 4716 2351 4754 ι
2385 4699 2452 4754 de
2480 4700 2635 4754 Olﬁc.
2677 4694 3048 4766 Ecclesfcap.
3089 4697 3161 4752 20
3195 4715 3207 4749 :
3247 4694 3506 4761 Vesperti-

1918 4787 2064 4846 nunt,
2095 4772 2286 4842 inquit,
2320 4771 2497 4824 diurni
2527 4771 2647 4846 ﬁnis
2673 4768 3188 4846 olﬁcium,_diurnte,
3221 4777 3267 4822 et
3294 4766 3506 4846 alternat

1919 4843 2048 4896 lucis
2077 4837 2287 4898 occasus
2317 4852 2426 4904 est,
2461 4844 2610 4904 cujus
2639 4837 2886 4894 caveteri
2920 4837 3242 4894 Testamento
3269 4837 3506 4891 solemnis

1918 4923 1997 4983 est
2023 4915 2311 4968 celebratio.
2337 4907 2606 4983 Siquidem
2630 4910 2728 4964 hoc
2754 4920 2978 4982 tempore
3009 4923 3228 4983 veterum
3253 4907 3506 4974 sacriﬁcia

1919 4981 2118 5051 offerri,
2152 4981 2446 5052 adolerique
2469 4983 2661 5036 altario
2700 4981 2932 5036 aromata
2952 5025 2966 5047 ,
2997 4991 3046 5035 ct
3072 4982 3216 5046 thus,
3247 4987 3504 5052 mos_erat_._

1921 5049 2082 5125 Cujus
2106 5049 2180 5110 rei
2209 5049 2450 5125 testis'rst
2481 5052 2802 5125 hymnidicus
2829 5053 2919 5106 ille
2941 5054 3085 5125 regio
3113 5067 3173 5104 ac
3201 5049 3506 5125 sacerdotali

1922 5120 2129 5194 [unctus
2151 5127 2333 5198 oﬂicio,
2359 5120 2532 5178 dicens
2564 5141 2582 5179 :
2611 5120 2884 5195 Dirigatur
2911 5120 3073 5198 oraiio
3103 5137 3236 5183 mea,
3263 5120 3391 5171 sicut
3423 5120 3507 5172 in-

1921 5211 2130 5251 censum
2175 5195 2228 5251 in
2271 5207 2540 5264 conspectu
2583 5204 2667 5248 tuo
2709 5195 2962 5250 :elevatio
3000 5207 3240 5264 manuum
3275 5203 3506 5264 meatum

1920 5261 2861 5348 sacriﬁcium__vespertinumm(Psal.
2904 5264 3056 5348 an}:
3093 5263 3233 5348 Quit:
3280 5261 3504 5348 totidem

1922 5332 2103 5394 verbis
2130 5339 2316 5395 retulit
2347 5332 2593 5392 Rabanus
2623 5332 2716 5392 lib.
2744 5353 2781 5391 tt
2807 5339 2874 5392 de
2901 5332 3130 5390 lustitut.
3155 5332 3352 5386 Cleric.
3380 5347 3503 5400 cap.

1923 5410 1978 5465 7.
2003 5411 2174 5466 Porro
2197 5409 2487 5464 notandum
2512 5410 2565 5464 in
2591 5408 2710 5480 lege
2731 5407 2898 5464 veteri
2925 5404 3120 5480 duple;
3138 5403 3315 5480 fuisse
3340 5404 3506 5480 sacri:

1901 5484 2104 5538 .ﬁcium
2136 5481 2504 5551 vespertinum
2527 5521 2541 5544 ,
2572 5490 2628 5536 et
2644 5474 2935 5551 utrumque
2963 5474 3331 5551 quotidianum
3362 5489 3377 5527 :
3409 5474 3507 5529 sed

1922 5556 2152 5609 alterum
2178 5544 2482 5617 cruentum,
2516 5550 2660 5620 quod
2690 5559 2810 5604 erat
2841 5547 3134 5620 inimolatio
3160 5549 3285 5620 agni
3313 5544 3506 5598 innua-

1926 5624 2112 5689 culati,
2142 5623 2210 5679 de
2233 5638 2342 5693 quo
2370 5617 2547 5691 agitur
2574 5620 2940 5693 Esgodi'xstx;
2972 5617 3216 5693 alterum
3259 5618 3506 5693 incruen-

1926 5707 2061 5762 tum,
2095 5687 2290 5763 nempe
2329 5687 2693 5763 thimiamatis
2728 5703 2892 5758 super
2937 5688 3110 5763 altare
3145 5703 3389 5763 aureum.
3433 5687 3506 5763 De

1925 5783 2034 5837 quo
2049 5758 2238 5823 Exodi
2259 5758 2408 5832 xxx,
2428 5770 2484 5818 et
2519 5761 2738 5817 Numer.
2768 5775 2968 5830 sunt,
3005 5759 3073 5817 ad
3101 5759 3243 5830 quod
3271 5758 3506 5825 respexit
