4026 6334
503 289 606 347 ηδ

1803 292 2086 352 JOANNIS
2124 288 2440 349 CASSIANI

3681 288 3790 345 ηι

503 410 626 468 tlum
653 417 768 481 est,
813 425 934 483 quae
980 408 1182 484 iugiter
1219 407 1403 467 offerri
1435 408 1597 466 etiam
1621 409 1675 465 in
1701 409 1874 465 veteri
1897 408 2088 466 Testa-
2113 407 2164 470 Α
2191 422 2218 462 a
2253 406 2417 463 David
2440 403 2655 461 canitur
2686 422 2700 459 :
2733 403 3006 479 Dirigatur
3025 404 3192 461 oratio
3221 421 3335 463 meo
3359 404 3491 461 sicut
3516 403 3789 460 incensum

503 513 689 562 mento
737 505 854 577 lege
902 505 1136 562 Mosaica
1186 503 1542 560 sanciuntur?
1590 503 1915 561 Holocausta
1944 503 2087 558 enim

503 597 768 654 matutina
795 607 850 654 et
881 596 1147 653 sacriﬁcia
1183 595 1494 666 vespertina
1546 597 1758 653 cunctis
1796 597 1990 652 diebus
2035 597 2088 651 in

505 691 730 762 templo,
758 691 884 746 licet
907 690 1219 760 ﬁguralibus
1246 688 1463 758 hostiis,
1490 691 1652 746 etiam
1676 706 1743 746 ex
1771 705 1835 746 eo
1856 689 2090 762 probare

505 798 792 855 possumus
826 783 1195 838 indesinenter
1222 782 1406 838 oblata
1439 781 1638 854 (Num.
1681 784 1916 852 xxvut),
1946 781 2090 853 quod

2194 503 2248 558 in
2269 509 2548 572 conspectu
2577 509 2701 568 tuo;
2732 501 2947 556 elevotio
2982 517 3232 556 manuum
3277 515 3539 566 mearum,
3580 498 3791 566 sacriﬁ-

2194 598 2333 652 cium
2371 596 2716 665 uespertinum
2746 594 2980 668 (Psalm.
3003 594 3160 666 οη).
3190 595 3308 665 Quo
3351 596 3407 651 in
3447 595 3570 651 loco
3591 593 3662 650 de
3691 593 3788 650 illo

2196 705 2413 760 quoque
2444 703 2576 744 vero
2605 687 2875 744 sacriﬁcio
2904 689 3218 760 vespertino
3261 689 3522 744 sacratius
3561 680 3790 758 intelligi

2197 789 2396 853 potest,
2424 779 2567 852 quod
2588 781 2673 836 vel
2696 795 2924 852 vespere
2944 796 2973 836 a
3000 781 3227 837 Domino
3252 780 3536 838 Salvatore
3563 793 3787 836 caenan-

1569 897 1830 954 ALARDI
1865 895 2102 954 GAZEI
2139 895 2710 956 COMMENTARIUS.

503 993 787 1052 Psalmista
821 1007 979 1048 versu
1004 992 1094 1047 illo
1117 994 1316 1058 citato;
1359 1002 1412 1048 et
1440 991 1736 1049 secundum
1759 1007 1879 1046 eum
1905 990 2091 1046 Isodo-

508 1083 622 1136 rus.
647 1064 753 1121 Cur
773 1073 953 1136 autem
983 1063 1244 1136 propheta
1267 1073 1414 1136 optet
1435 1063 1731 1136 orationem
1761 1077 1912 1117 suam
1939 1061 2092 1136 simi-

505 1135 613 1193 lem
640 1151 761 1191 esse
783 1135 1051 1190 sacriﬁcio
1077 1133 1388 1205 vespertino
1418 1135 1595 1204 potius
1619 1149 1776 1203 quam
1807 1133 2092 1205 matutino,

503 1223 628 1264 cum
658 1215 765 1262 tam
795 1206 997 1262 oblatio
1042 1204 1442 1276 thymiamatis,
1475 1221 1634 1275 quam
1679 1205 1808 1275 agni
1843 1204 2095 1275 mactatio

509 1279 665 1334 ﬁeret
689 1293 849 1334 mane
877 1287 931 1334 et
964 1277 1177 1350 vesperi
1217 1276 1501 1350 (undehic
1529 1277 1692 1350 etiam
1752 1276 2012 1350 matutina
2041 1284 2096 1330 et

509 1349 818 1418 vespertina
847 1349 1110 1403 sacriﬁcia
1139 1345 1348 1403 cunctis
1377 1347 1567 1402 diebus
1597 1348 1775 1401 oblata
1805 1345 2096 1418 perhiben-

505 1417 616 1488 tur)
631 1421 893 1474 rationem
916 1419 1093 1473 reddit
1123 1418 1498 1485 Bellarminus,
1529 1419 1613 1473 vel
1635 1421 1756 1489 quia
1779 1418 1921 1472 hunc
1954 1417 2099 1484 psal-

506 1507 655 1546 mum
711 1491 909 1547 cecinit
954 1491 1123 1544 David
1172 1492 1237 1544 ad
1287 1505 1607 1558 vesperam,
1652 1499 1708 1544 ut
1751 1489 1889 1543 solet
1934 1489 2100 1543 etiam

508 1562 755 1617 Ecclesia
787 1561 1035 1616 eumdem
1075 1561 1344 1630 psalmum
1377 1563 1428 1614 in
1465 1561 1714 1629 Vesperis
1740 1574 1934 1615 canere
1967 1577 1979 1613 :
2015 1558 2100 1630 vel

506 1635 628 1703 quia
655 1633 974 1688 sacriﬁcium
1001 1628 1365 1701 vespertinum
1412 1628 1648 1703 nobilius
1686 1639 1836 1698 erat,
1875 1631 1998 1703 quia
2031 1628 2098 1683 ﬁ-

506 1701 786 1776 guraerat
813 1704 1061 1776 sacriﬁcii
1085 1706 1293 1772 erucis,
1318 1702 1458 1776 quod
1492 1701 1557 1756 ad
1588 1717 1866 1776 vesperam
1900 1701 2095 1776 factum

505 1771 608 1834 cst.
635 1774 817 1831 Altera
843 1774 1002 1842 ratio,
1029 1788 1124 1829 cur
1149 1771 1506 1844 Vespertinam
1535 1773 1729 1844 orandi
1744 1772 1928 1844 horam
1955 1771 2099 1825 colat

512 1847 790 1910 Ecclesia,
831 1845 919 1900 hic
961 1845 1264 1900 insinuatur
1291 1889 1305 1911 ,
1349 1845 1608 1899 memoria
1647 1843 1899 1898 videlicet
1929 1858 2100 1899 emitte

508 1916 826 1982 Dominicat,
854 1932 1014 1985 quam
1039 1931 1259 1984 vespere
1285 1917 1542 1970 Dominus
1564 1925 1747 1970 noster
1767 1913 1922 1968 Jesus
1944 1914 2099 1968 Chri-

509 1999 624 2043 stus
644 2003 766 2044 cum
789 1987 991 2042 sanctis
1013 1988 1269 2056 QDOslttlis
1289 1988 1602 2054 celebravit,
1628 2001 1695 2039 ex
1722 2001 1857 2054 pane
1879 1999 2099 2040 carnem

509 2073 660 2114 suam
680 2102 694 2122 ,
729 2067 784 2115 et
827 2074 896 2112 ex
927 2059 1052 2112 vino
1080 2058 1392 2125 sanguinem
1420 2073 1577 2111 suum
1609 2057 1932 2111 mirabiliter
1961 2071 2096 2110 con-

512 2130 716 2187 ﬁciens.
751 2139 804 2184 et
835 2131 885 2182 in
915 2141 1232 2199 perpetuum
1264 2144 1328 2184 ac
1354 2129 1597 2182 solemne
1643 2127 1904 2199 Ecclesiae
1927 2128 2100 2181 sacri-

513 2201 691 2255 licinm
721 2197 1031 2255 instituens;
1063 2199 1213 2256 Unde
1242 2199 1494 2253 Isodorus
1521 2200 1608 2252 tibi
1638 2213 1800 2266 supra
1832 2215 1846 2252 :
1880 2197 1946 2250 In
1975 2213 2100 2252 novo

509 2288 704 2340 quoque
725 2271 1042 2326 Testamento
1058 2288 1257 2339 uespere
1271 2271 1524 2336 Dominus
1541 2279 1586 2323 et
1611 2269 1872 2333 Salvator,
1893 2284 2100 2322 caenan-

513 2343 646 2396 tibus
681 2342 970 2409 Apostolis,
1017 2344 1310 2413 mysterium
1348 2343 1429 2394 sui
1469 2341 1693 2413 corporis
1739 2351 1787 2393 et
1837 2340 2101 2411 sanguinis

512 2413 756 2479 tradidit,
802 2424 857 2466 ut
907 2412 1100 2479 tempus
1137 2414 1306 2481 ipsum
1342 2412 1586 2479 sacriﬁcii
1626 2425 1888 2478 uesperum
1937 2421 2103 2463 osten-

512 2484 650 2538 deret
679 2483 876 2539 saeculi.
919 2484 1098 2539 Tertia
1131 2485 1361 2552 denique
1404 2484 1542 2537 ratio
1580 2492 1663 2537 est
1701 2482 1992 2544 memoria,
2047 2489 2104 2535 et

515 2555 818 2610 recordatio
843 2555 1098 2610 sacriﬁcii
1127 2551 1357 2619 cruenti,
1387 2554 1490 2608 hoc
1518 2561 1622 2616 est,
1657 2551 1949 2606 Dominicae
1978 2567 2101 2620 pas-

513 2625 704 2688 sionis,
734 2642 852 2696 qum
880 2636 1100 2696 postero
1127 2626 1244 2690 die,
1275 2635 1333 2678 ut
1361 2625 1445 2696 hic
1473 2623 1690 2685 dicitur,
1719 2623 1786 2677 ad
1821 2636 2102 2696 vesperam

516 2695 652 2766 facta
685 2693 801 2762 est,
855 2693 908 2750 iit
938 2712 1039 2766 qua
1071 2695 1331 2750 Dominus
1358 2695 1514 2750 Jesus
1543 2708 1785 2766 summus
1826 2693 2100 2766 sacerdos,

515 2765 765 2834 idemque
814 2765 973 2822 verus
1018 2782 1187 2836 agnus
1231 2768 1608 2822 intmaculatus
1638 2765 1874 2832 seipsum
1906 2765 2104 2820 obtulit

513 2836 626 2892 Deo
654 2837 802 2891 Patri
834 2837 1268 2906 propitiationem
1297 2852 1393 2904 pro
1424 2839 1657 2906 peccatis
1684 2838 1901 2899 nostris,
1929 2837 2017 2904 qui
2051 2847 2104 2892 et

514 2907 568 2962 in
595 2923 756 2962 cruce
788 2908 1041 2976 pependit
1085 2924 1256 2976 usque
1285 2908 1350 2962 ad
1381 2922 1689 2976 vesperam,
1735 2921 1837 2975 qua
1877 2906 2008 2961 hora
2035 2908 2104 2964 de

515 2994 678 3034 cruce
701 2979 974 3045 depositus
998 2977 1128 3045 fuit,
1172 2991 1225 3033 ut
1260 2989 1407 3032 notat
1432 2980 1610 3048 glossa
1639 2979 1689 3030 in
1716 2993 1834 3043 cap.
1864 2993 1880 3032 ι
1907 2977 1974 3032 de
2003 2979 2104 3034 Ce-

516 3049 708 3104 lebrat.
740 3050 888 3104 Miss.
926 3050 993 3103 Et
1021 3052 1072 3103 in
1104 3050 1282 3105 ofﬁcio
1312 3047 1502 3104 Crucis
1531 3050 1676 3102 canit
1707 3049 1946 3103 Ecclesia
1981 3065 1995 3103 :
2027 3050 2104 3104 De

515 3137 658 3174 cruce
688 3120 957 3192 deponitur
988 3123 1113 3175 hora
1135 3122 1433 3192 vespertina.
1468 3120 1528 3173 D.
1557 3119 1848 3192 Gregorius
1878 3120 2104 3175 Nazian-

2201 999 2320 1062 ctus
2341 1005 2460 1061 cap.
2493 991 2562 1047 16
2585 990 2826 1061 Regulae,
2856 991 2945 1047 ubi
2976 1001 3182 1062 septem
3212 993 3373 1050 horas
3398 992 3643 1059 diurnas,
3675 991 3794 1049 sive

2201 1061 2378 1116 officia
2414 1063 2606 1117 diurna
2641 1061 3047 1118 commemorat.

2272 1132 2388 1188 Jam
2413 1133 2554 1204 quod
2583 1133 2649 1187 ad
2675 1133 2960 1203 rationem,
2992 1149 3086 1189 seu
3117 1134 3339 1190 formam
3370 1133 3532 1190 ofﬁcii
3563 1131 3797 1202 Vesper-

2203 1204 2298 1258 tini
2326 1207 2538 1269 attinet,
2569 1204 2716 1274 quod
2743 1216 2934 1275 quarto
2972 1206 3092 1262 loco
3127 1207 3489 1274 quaerebatur,
3522 1207 3573 1260 in
3602 1204 3797 1273 primis

2205 1275 2516 1346 meminisse
2532 1285 2747 1346 oportet
2764 1277 2906 1344 quod
2927 1277 3207 1346 superiore
3227 1276 3364 1333 libro
3385 1277 3569 1334 retulit
3594 1279 3796 1341 Auctor

2207 1345 2225 1414 (
2252 1345 2344 1400 lib.
2378 1362 2436 1414 ll,
2467 1364 2514 1400 c.
2545 1345 2578 1398 4
2599 1355 2646 1399 et
2673 1345 2751 1412 ὅ),
2784 1361 2888 1402 non
2923 1345 3153 1402 humana
3184 1349 3526 1411 inventione,
3560 1347 3656 1400 sed
3684 1360 3798 1401 cccc

2207 1413 2335 1489 litus
2366 1417 2613 1486 angelico
2642 1417 2953 1489 magisterio
2983 1419 3125 1487 apud
3173 1418 3361 1473 Patres
3391 1415 3679 1489 Egyptios
3710 1418 3796 1471 in-

2205 1487 2450 1542 stitutum
2471 1528 2488 1554 ,
2517 1498 2577 1543 ut
2606 1490 2658 1541 in
2704 1487 2954 1557 Vesperis
2995 1489 3279 1544 duodecim
3311 1487 3513 1558 psalmi
3532 1503 3799 1544 caneren-

2204 1565 2310 1611 tur.
2385 1559 2550 1624 Cujus
2597 1559 2950 1614 institutionis
2997 1560 3245 1615 meminit
3291 1563 3454 1615 etiam
3501 1559 3799 1614 concilium

2203 1629 2534 1701 Turonicum
2574 1629 2852 1701 (Copam)
2884 1639 3011 1684 ante
3042 1645 3212 1686 annos
3263 1631 3411 1687 mille
3437 1632 3795 1690 celebratum,

2202 1699 2309 1754 Cur
2339 1712 2517 1754 autem
2555 1715 2584 1753 a
2629 1701 2691 1753 l).
2735 1699 3046 1767 Benedicto,
3077 1712 3130 1756 et
3163 1701 3314 1767 aliis,
3348 1718 3457 1757 non
3484 1701 3799 1766 duodecim,

2203 1771 2296 1842 sed
2341 1771 2510 1825 multo
2556 1772 2837 1839 pauciores
2864 1813 2878 1836 ,
2918 1781 3044 1841 puta
3094 1785 3366 1842 quatuor,
3413 1773 3499 1828 vel
3562 1772 3800 1841 Quinque

2131 1817 2176 1876 Β
2203 1817 2525 1914 ἷιῖἶηιῐέἱεὶῖ,
2557 1817 3528 1914 ἷτῗῡὲέιῖἑτίιεἶδ’ὖιιιῖεἷῖὖῖἑεὲοέίῦὶι
3564 1817 3798 1914 ἶιῖξὲἰῖἧζ

2204 1927 2418 1968 causam
2469 1912 2630 1967 luisse
2662 1913 2857 1968 ibidem
2900 1917 3202 1970 notavimus
3232 1911 3264 1982 ⁷(
3286 1915 3325 1969 l.
3355 1931 3414 1981 ιι,
3446 1911 3495 1970 c.
3525 1913 3620 1982 6),
3650 1911 3800 1983 quod

2207 1985 2258 2037 in
2307 1985 2508 2052 locum,
2550 1994 2605 2037 et
2646 1985 2811 2037 veluti
2856 1986 3352 2053 compensationem
3401 1986 3530 2041 dicti
3562 1985 3797 2052 numeri,

2204 2054 2626 2124 Completorium
2657 2065 2842 2124 postea
2875 2055 3030 2112 fuerit
3070 2057 3369 2112 institutum
3392 2097 3410 2120 ,
3443 2067 3498 2113 et
3530 2056 3677 2111 horis
3707 2071 3801 2111 ca-

2207 2127 2417 2181 nonicis
2443 2127 2875 2194 superadditum,
2909 2136 2966 2182 ut
2997 2137 3145 2183 notat
3167 2127 3481 2193 Radulphus
3509 2127 3795 2196 Tungren—

2205 2197 2280 2251 sis
2308 2197 2374 2251 de
2405 2195 2574 2252 Cano.
2622 2198 2840 2251 observ.
2884 2213 3100 2266 prepos.
3145 2199 3212 2253 14
3233 2240 3248 2262 ,
3279 2198 3605 2253 Bellarmino
3633 2195 3801 2252 etiam

2205 2268 2556 2336 approbante.
2613 2268 2862 2324 Secundo
2924 2269 3157 2324 notanda
3192 2270 3253 2324 D.
3287 2270 3563 2325 Benedicti
3591 2269 3802 2324 consti-

2208 2341 2340 2392 tutio
2369 2340 2435 2391 de
2465 2338 2644 2393 ofﬁcio
2671 2338 3052 2406 Vesperarum.
3106 2341 3402 2409 Vespertina
3422 2381 3437 2405 ,
3471 2342 3640 2408 inquit
3660 2355 3798 2409 ,ἠδυ-

2205 2411 2352 2463 noxis
2383 2420 2603 2482 quatuor
2623 2411 2834 2480 psalmis
2861 2427 2978 2464 cum
3004 2408 3295 2482 antiphonis
3317 2413 3632 2466 terminetttr.
3667 2408 3802 2482 Post

2203 2496 2330 2547 quos
2362 2480 2582 2548 psalmos
2628 2482 2776 2534 lectio
2805 2482 3071 2535 recitando
3097 2480 3192 2536 est.
3237 2481 3367 2536 Inde
3413 2480 3800 2551 responsorium

2206 2551 2622 2626 Anthrosiapum,
2652 2567 2842 2626 uersus,
2880 2554 3134 2626 canticum
3159 2554 3223 2608 de
3250 2552 3798 2626 Euangeliotlitania,

2205 2633 2249 2696 et
2275 2623 2438 2675 oratio
2465 2620 2764 2696 Dominica,
2800 2624 3004 2696 etjiout
3036 2623 3213 2678 Missa:
3259 2620 3414 2696 (Cap:
3442 2625 3506 2696 17
3542 2622 3799 2691 Regulae).

2207 2692 2275 2746 Et
2304 2708 2422 2765 cap.
2466 2695 2709 2762 sequenti
2738 2711 2770 2765 _:
2829 2693 3058 2762 Vespera
3093 2705 3264 2749 autem
3307 2692 3531 2765 quotidie
3576 2704 3801 2765 quatuor

2203 2764 2525 2833 psalmorum
2571 2762 2920 2818 modulatione
2965 2776 3210 2832 canatur,
3252 2762 3358 2821 etc.
3408 2765 3610 2832 Quibus
3662 2763 3802 2820 locis

2207 2845 2388 2903 partes
2413 2835 2580 2888 ofﬁcii
2610 2834 2912 2905 VeSpertini
2944 2836 3148 2893 diserte
3174 2838 3572 2905 exprimuntur,
3604 2849 3804 2902 nempe

2205 2915 2437 2978 quatuor
2463 2907 2650 2974 psalmi
2678 2945 2694 2968 ,
2746 2903 2953 2973 Lectio,
2993 2909 3029 2960 i.
3070 2923 3121 2963 e.
3153 2903 3447 2978 capitulum
3470 2948 3484 2968 ,
3527 2922 3804 2978 responso-

2206 2977 2363 3049 rium,
2397 2977 2511 3031 sive
2543 2991 2764 3049 parvum
2791 2979 2906 3049 sive
2931 2994 3180 3049 magnum
3200 2976 3660 3044 ;‘Ambrosianum,
3683 2976 3721 3032 i.
3747 2992 3803 3032 e.

2207 3046 2440 3116 hymnus
2481 3049 2548 3102 ab
2591 3047 2876 3102 Ambrosio
2901 3089 2917 3112 ,
2959 3046 3045 3104 vel
3083 3049 3153 3104 ab
3195 3049 3303 3105 alio
3331 3050 3396 3104 ad
3442 3049 3800 3104 imitationem

2207 3118 2482 3190 Ambrosii
2530 3122 2862 3186 compositus
2911 3121 3035 3190 (qua
3083 3121 3152 3177 de
3197 3135 3258 3176 re
3299 3121 3419 3176 vide
3458 3118 3803 3187 Radulpbum

517 3205 637 3250 seu,
673 3187 812 3262 orzjt.
844 3189 915 3246 42
947 3193 996 3245 in
1027 3187 1266 3256 Pascha,
1295 3203 1578 3262 utrumque
1609 3187 1932 3262 sacriﬁcium
1976 3207 2102 3259 spe-
2130 3191 2177 3254 C
2209 3187 2575 3262 Tungrensem
2610 3203 2827 3262 propos.
2863 3190 2930 3244 15
2950 3187 3022 3246 ἐι
3059 3190 3150 3262 ll)
3179 3208 3194 3244 :
3225 3208 3422 3257 versus,
3447 3192 3485 3245 i.
3520 3205 3572 3246 e.
3601 3204 3804 3258 parvus

513 3272 694 3320 etans:
731 3261 797 3316 In
823 3263 1125 3318 saeculorum
1155 3263 1275 3331 fine,
1305 3259 1506 3330 inquit,
1534 3259 1724 3315 Christi
1747 3262 1916 3327 passio
1946 3265 2106 3316 conti-

511 3335 587 3403 git
619 3347 636 3384 :
666 3349 870 3400 uespere
905 3349 1107 3404 quoque
1141 3336 1330 3404 peccati
1369 3334 1609 3404 videlicet
1637 3332 1915 3404 caliginem
1935 3333 2108 3388 discu-

514 3402 664 3464 tiens.
695 3402 960 3472 discipulis
990 3402 1383 3460 Sacramentum
1412 3403 1673 3474 impertiit.
1704 3402 1870 3456 Addit
1903 3403 2106 3460 lsiodo-

509 3489 609 3529 .rus
639 3488 803 3541 supra
843 3493 856 3529 ε
906 3474 1130 3530 Proinde
1159 3477 1210 3530 in
1241 3475 1504 3539 honorem,
1531 3491 1590 3526 ac
1612 3474 1908 3528 memoriam
1935 3484 2106 3529 tanto-

514 3563 630 3601 rum
659 3557 1093 3617 sacramentorum
1123 3547 1175 3598 in
1205 3545 1284 3600 his
1305 3546 1613 3617 temporibus
1641 3544 1819 3617 adesse
1847 3561 1938 3599 nos
1965 3545 2106 3601 decet

516 3617 614 3670 Dei
641 3613 1019 3685 conspectibus,
1052 3624 1098 3670 et
1127 3613 1499 3687 personare'in
1519 3616 1626 3686 ejus
1649 3616 1888 3681 cultibus,
1916 3618 2106 3671 oratio-

517 3702 638 3758 num
671 3696 959 3758 nostrarum
983 3687 1062 3742 illi
1086 3685 1394 3755 sacriﬁcium
1420 3685 1712 3753 oﬂ'crentes,
1745 3699 1893 3758 atque
1919 3688 1972 3742 in
1995 3690 2105 3758 ejus

515 3755 752 3811 laudibus
795 3760 989 3828 pariter
1045 3760 1379 3813 exsultantes.
1437 3758 1554 3814 Jam
1583 3773 1712 3814 vero
1755 3755 1826 3812 de
1864 3755 2106 3820 tempore

515 3829 800 3899 canOnico,
841 3831 957 3884 sive
987 3831 1227 3898 legitimo
1257 3829 1618 3899 Vesperarum
1646 3871 1661 3894 ,
1694 3829 1806 3882 sive
1837 3844 1937 3898 qtta
1972 3829 2104 3884 hora

519 3898 773 3967 Vespera:
798 3899 1149 3954 decantandaa
1178 3902 1314 3966 sint,
1345 3898 1450 3954 non
1483 3901 1704 3954 minima
1735 3900 2104 3954 controversia

517 3979 620 4024 est.
673 3970 744 4021 De
771 3985 874 4037 qua
906 3971 1169 4024 videndus
1200 3972 1336 4024 inter
1362 3969 1498 4023 alios
1537 3970 1772 4024 Joannes
1812 3970 2101 4036 Dttrantus,

519 4039 607 4110 qui
634 4037 809 4092 dehis
829 4053 1084 4095 accurate
1111 4042 1326 4109 scripsit
1356 4039 1438 4110 (L.
1471 4056 1529 4094 ιιι
1561 4041 1623 4095 de
1659 4039 1814 4094 Ritib.
1853 4040 2100 4110 Eccles.).

519 4108 690 4163 Porro
718 4111 1018 4180 communis
1042 4119 1125 4164 est
1145 4108 1432 4176 sententia,
1464 4111 1838 4180 Vespertinum
1865 4108 2104 4168 ofﬁcium

520 4189 646 4233 ante
675 4179 805 4234 solis
828 4195 1077 4235 occasum
1105 4182 1491 4236 celebrandum
1515 4179 1656 4245 esse,
1682 4183 1837 4237 sicuti
1870 4183 2104 4238 Ecclesia

525 4249 767 4305 Romana
797 4251 1072 4307 celebrare
1100 4253 1403 4307 consuevit.
1452 4252 1603 4316 Quod
1636 4261 1740 4305 tam
1786 4254 2103 4309 auctoritate

521 4329 578 4377 et
605 4322 953 4392 antiquitate.
993 4338 1151 4393 quam
1180 4323 1390 4393 ratione
1415 4323 1632 4393 probari
1664 4330 1859 4390 potest.
1905 4324 2105 4379 Aucto-

521 4393 683 4464 ritate
732 4404 841 4447 tum
896 4394 956 4448 Β.
997 4392 1392 4464 Chrysostomi,
1421 4392 1526 4462 ’qui
1568 4394 1686 4464 loco
1731 4409 1890 4462 supra
1937 4395 2105 4450 citato

520 4463 708 4534 scribit
735 4465 1030 4519 monachos
1059 4461 1289 4534 quatuor
1330 4465 1384 4518 in
1423 4461 1602 4534 partes
1631 4461 1775 4519 diem
1803 4464 2099 4534 dispartiri,

520 4532 951 4606 atilespertinas
979 4532 1192 4591 Laudes
1213 4544 1399 4606 quarta
1427 4532 1484 4590 et
1523 4544 1795 4602 postrema
1823 4532 1973 4603 parte
1996 4537 2101 4593 diei

521 4604 818 4672 celebrare,
849 4622 968 4673 qua:
993 4606 1206 4674 quidem
1233 4604 1508 4676 postrema
1549 4619 1671 4675 pars
1716 4621 1822 4660 non
1864 4616 1947 4662 est
1990 4608 2103 4673 ipse

522 4677 788 4729 terminus
810 4675 1150 4732 indivisibilis
1175 4675 1306 4742 diei,
1335 4677 1425 4746 qui
1451 4685 1534 4732 est
1563 4676 1677 4746 ipse
1707 4692 1932 4733 occasus
1951 4679 2101 4745 solis,

518 4746 613 4818 sed
642 4754 725 4799 est
752 4746 985 4812 spatium
1019 4748 1179 4802 trium
1212 4751 1459 4802 horarum
1483 4790 1497 4814 ,
1531 4748 1597 4801 ab
1629 4747 1758 4801 hora
1791 4763 1928 4802 nona
1961 4748 2103 4818 (quae

521 4816 682 4870 nobis
709 4825 792 4871 est
817 4818 972 4871 tertia
1002 4818 1388 4888 pomeridiana)
1420 4833 1587 4887 usque
1628 4818 1694 4873 ad
1721 4820 1878 4873 linem
1901 4816 2102 4875 duode-

521 4887 677 4942 citnae
703 4930 715 4948 .
764 4897 819 4941 et
867 4887 1013 4943 solis
1043 4903 1294 4944 occasum
1319 4931 1335 4953 ,
1383 4890 1676 4944 secundum
1725 4897 1962 4946 veterem
1995 4891 2101 4947 diei

521 4959 863 5026 partitionem
889 4999 904 5025 ,
952 4959 1108 5015 sicuti
1158 4961 1275 5014 alite
1307 4969 1484 5028 partes
1525 4960 1696 5015 tribus
1726 4961 1908 5018 itidem
1952 4961 2102 5017 horis

520 5030 856 5095 consmbant,
892 5041 950 5085 ut
978 5047 1120 5099 saepe
1147 5030 1347 5086 dictum
1373 5041 1474 5086 est.
1510 5031 1739 5086 Proinde
1767 5041 1938 5087 totum
1971 5033 2100 5088 illud

520 5102 748 5166 spatium
780 5104 942 5174 trium
986 5101 1235 5157 horarum
1278 5111 1400 5173 post
1448 5116 1644 5156 nonam
1693 5103 1831 5173 (sive
1861 5102 2100 5174 tertiam)

522 5184 689 5238 usque
727 5172 793 5226 ad
837 5173 967 5227 solis-
1004 5172 1308 5228 accubitum
1332 5215 1348 5240 ,
1392 5182 1474 5229 est
1503 5172 1711 5242 tempus
1740 5175 2016 5242 antiquum
2050 5172 2102 5228 et

518 5242 835 5314 canonicum
890 5244 1245 5314 Vesperarum
1290 5263 1302 5296 :
1354 5253 1464 5299 tum
1515 5243 1878 5314 Theodoreti,
1916 5246 2006 5314 qui
2047 5245 2099 5299 in

517 5309 753 5368 Historia
786 5309 1096 5370 sanctorum
1132 5316 1348 5370 Patrum
1377 5330 1496 5385 cap.
1525 5315 1559 5368 Ξ
1596 5313 1663 5369 de
1690 5309 2102 5382 Juliano.‘ejus-

515 5398 618 5450 que
646 5386 813 5439 sociis
842 5386 954 5440 haec
980 5386 1168 5440 scribit
1197 5404 1208 5439 :
1243 5389 1372 5440 Ante
1393 5400 1627 5440 occasum
1651 5394 1820 5440 autem
1839 5386 1962 5439 solis
1988 5401 2101 5439 om-

514 5469 600 5527 nes
624 5455 676 5527 in
698 5457 890 5527 atrium
911 5457 1287 5526 conveniebant,
1311 5467 1358 5511 et
1380 5458 1592 5527 hymnos
1615 5457 1924 5526 vespertinas
1947 5456 2102 5510 simul

517 5523 738 5578 Domino
769 5525 1068 5592 offerebant.
1100 5527 1236 5583 Tum
1275 5523 1540 5592 demum,
1577 5536 1632 5580 ut
1672 5523 1810 5580 alios
1837 5527 2099 5593 omittam,

518 5596 690 5669 nostri
721 5595 959 5669 Cassiani
987 5641 1000 5662 ,
1034 5601 1122 5669 qui
1156 5599 1258 5654 hoc
1288 5600 1428 5654 libro
1450 5640 1463 5662 ,
1488 5606 1552 5669 _et
1585 5599 1863 5667 Speciatim
1907 5597 1956 5650 in
2003 5599 2102 5654 hoc

517 5679 636 5731 cap.
662 5666 730 5721 de
754 5667 964 5721 Diurnis
990 5666 1165 5733 Horis.
1196 5673 1310 5726 sive
1333 5680 1392 5725 ut
1419 5667 1578 5723 habet
1606 5666 1812 5733 titulus,
1835 5669 1905 5724 de
1929 5669 2102 5724 Cano-

517 5738 636 5807 njco
665 5738 983 5794 diurnarum
1013 5741 1267 5797 horarum
1301 5741 1481 5803 modo.
1518 5753 1584 5792 ex
1618 5739 1861 5805 professo
1914 5754 2098 5807 agens,

527 5803 892 5878 Vespertinam
921 5811 1060 5869 inter
1092 5828 1186 5870 eas
1213 5822 1490 5884 recenset,
1521 5803 1663 5866 sicut
1692 5821 1746 5867 et
1776 5811 1839 5869 ι).
1870 5803 2100 5867 Βοῦράιὲ

2211 3261 2510 3332 v_ersiculus
2535 3264 2623 3332 qui
2651 3269 2766 3329 post
2795 3260 3054 3332 hymnum
3087 3260 3342 3327 canitur;
3373 3270 3430 3318 et
3454 3263 3708 3316 canticum
3739 3262 3805 3316 de

2214 3329 2527 3404 Evangelia,
2600 3331 2637 3384 i.
2690 3345 2746 3404 7e.
2812 3329 3081 3388 canticum
3139 3335 3200 3404 Β.
3237 3334 3445 3399 Mariae,
3475 3332 3804 3404 Magttilicat,

2209 3401 2350 3473 quod
2379 3403 2432 3473 in
2469 3402 2759 3473 Evangelio
2788 3406 3094 3458 continetur
3124 3403 3276 3472 (Luc.
3310 3407 3460 3473 vni);
3505 3401 3830 3465 et'litania,

2209 3471 2248 3527 i.
2278 3487 2328 3526 e.
2362 3471 2521 3542 Kyrie
2551 3471 2739 3527 eleison
2759 3515 2772 3538 ,
2807 3481 2862 3529 et
2893 3473 3070 3529 Oratio
3099 3471 3582 3542 Dontinica,'Pater
3607 3483 3804 3539 noster,

2208 3551 2254 3597 et
2302 3543 2429 3612 ﬁant
2473 3544 2648 3598 Missa:
2671 3584 2687 3610 ,
2739 3545 2775 3599 i.
2808 3559 2859 3600 e.
2892 3545 3198 3612 Orationes,
3231 3545 3306 3600 ait
3331 3545 3799 3609 Turrecrematus,

2211 3629 2402 3687 nempe
2429 3613 2704 3687 Collectae.
2739 3615 2899 3670 Addit
2940 3632 3068 3671 vero
3098 3615 3426 3687 Smaragdus
3455 3635 3468 3687 ς
3505 3615 3654 3682 Quod
3679 3617 3803 3687 aliis

2208 3685 2415 3758 i_n_locis
2444 3687 2566 3758 dicit
2599 3703 2615 3740 :
2649 3684 2716 3740 Et
2745 3687 3052 3758 completum
3076 3696 3185 3754 est;
3216 3684 3314 3742 hac
3339 3689 3394 3740 in
3425 3686 3659 3742 clausula
3684 3727 3698 3748 .
3736 3685 3807 3758 Et

2210 3754 2386 3810 Missa
2409 3757 2531 3821 sint,
2563 3758 2708 3828 dicit.
2746 3754 3019 3812 Oraiiones
3045 3760 3178 3813 enim
3204 3759 3389 3828 ofﬁcii,
3431 3773 3544 3828 qui:
3583 3775 3616 3812 a
3657 3757 3806 3812 nobis

2207 3829 2473 3894 completa:
2497 3836 2634 3892 sunt,
2659 3827 2770 3900 Deo
2790 3839 2908 3884 sunt
2937 3833 3128 3891 missae.
3157 3827 3279 3900 quia
3307 3831 3362 3900 in
3391 3827 3532 3885 illius
3556 3829 3807 3883 honorem

2208 3906 2327 3970 sunt
2357 3900 2640 3954 celebrator.
2671 3899 2835 3954 Aliter
2873 3902 3147 3961 orationes,
3170 3898 3282 3955 sive
3310 3898 3569 3962 Collecue,
3605 3915 3721 3970 qua:
3750 3899 3806 3952 in

2207 3967 2310 4034 ﬁne
2331 3985 2512 4023 cursus
2533 3988 2562 4024 a
2580 3971 2841 4025 sacerdote
2867 3971 3128 4034 dicuntur,
3153 3975 3341 4038 missce,
3366 3971 3402 4026 i.
3427 3987 3476 4026 e.
3502 3967 3807 4024 Deo'trans-

2207 4038 2376 4093 missa
2395 4053 2654 4095 vocantur.
2688 4041 2732 4094 Α
2757 4045 3014 4096 sacerdote
3040 4043 3172 4095 enim
3201 4044 3494 4103 mittuntur,
3519 4042 3608 4095 sed
3635 4059 3666 4094 a
3691 4039 3805 4094 Deo

2207 4112 2564 4184 accipiuntur;
2597 4111 2738 4167 Hinc
2768 4121 2815 4166 et
2861 4112 3025 4166 levita
3051 4113 3111 4184 (i.
3147 4129 3197 4167 e.
3229 4114 3456 4182 diaconi)
3486 4113 3807 4184 solemnitate

2204 4179 2382 4249 aliqua
2418 4184 2476 4234 in
2519 4181 2754 4238 Ecclesia
2774 4183 3024 4238 celebrato
3046 4179 3069 4253 ,‘
3090 4184 3285 4239 eleuata
3309 4179 3468 4240 uoce:
3501 4182 3602 4250 Ite,
3639 4182 3804 4236 Misso

2203 4261 2312 4306 est:
2342 4255 2530 4324 populo
2558 4255 2804 4322 clamant,
2837 4258 2930 4308 hoc
2958 4266 3052 4318 est,
3078 4254 3391 4310 Solemnitas
3420 4264 3494 4309 est
3519 4255 3799 4323 completo,

2205 4333 2252 4397 et
2299 4325 2716 4397 perﬂsocerdotis
2752 4326 3092 4397 ministerium
3114 4328 3229 4397 jam
3259 4325 3364 4382 Deo
3386 4333 3460 4381 est
3484 4326 3662 4378 missa.
3707 4325 3800 4397 Sic

2205 4394 2343 4462 ipse.
2375 4395 2559 4450 Tertio
2592 4395 2928 4450 observanda
2958 4408 3042 4450 est
3071 4394 3370 4452 diil'erentia
3400 4397 3542 4452 inter
3573 4396 3797 4450 saeculao

2205 4479 2293 4520 res
2340 4475 2396 4520 et
2439 4466 2756 4535 religiosos,
2814 4468 3116 4536 praesertim
3160 4467 3573 4534 Benedictinos,
3619 4467 3803 4536 quoad

2207 4551 2491 4594 numerum
2545 4538 2874 4605 psalmorum
2926 4539 2979 4592 in
3026 4538 3302 4608 Vesperis,
3346 4553 3470 4608 quae
3523 4537 3685 4608 etiam
3730 4539 3802 4591 ad

2209 4624 2419 4663 morum
2450 4610 2860 4664 instructionem
2896 4607 3162 4676 pertinet;
3197 4619 3355 4676 quam
3370 4607 3619 4664 ’loannes
3649 4607 3804 4663 Bele-

2211 4679 2332 4734 thus
2366 4680 2601 4734 Durandi
2631 4680 2972 4734 abhreviator
2998 4679 3069 4751 ita
3096 4681 3319 4751 exponit
3353 4697 3366 4732 :
3400 4678 3467 4732 In
3505 4677 3739 4751 Vesperis
3769 4697 3804 4732 o

2207 4751 2349 4804 nobis
2375 4760 2648 4802 cantantur
2675 4751 2898 4819 quinque
2932 4748 3138 4820 psalmi,
3167 4747 3261 4821 qui
3287 4767 3463 4805 sumus
3491 4747 3800 4821 imperfecti,

2206 4831 2412 4894 propter
2436 4821 2656 4890 quinque
2682 4836 2855 4872 sensus
2887 4836 2903 4894 ς
2932 4831 2984 4874 ut
3016 4820 3245 4876 videlicet
3283 4822 3418 4894 quod
3457 4836 3545 4886 per
3577 4820 3806 4894 quinque

2205 4892 2382 4948 sensus
2413 4906 2682 4960 corporeos
2721 4892 3042 4944 commissum
3076 4905 3179 4958 est,
3213 4909 3301 4958 per
3328 4893 3546 4960 quinque
3574 4893 3806 4961 psalmo»

2205 4978 2321 5015 rum
2345 4963 2628 5034 contionem
2655 4962 2857 5034 penitus
2881 4962 3188 5018 dimittatur.
3220 4962 3464 5034 Monochi
3483 4977 3600 5018 uero
3621 4962 3675 5034 in
3699 4977 3804 5029 quo

2205 5049 2258 5086 se
2281 5032 2602 5104 perfectiores
2625 5031 2918 5097 ostendunt,
2944 5043 3144 5086 tantum
3164 5043 3385 5104 quatuor
3412 5032 3606 5088 dicunt.
3633 5031 3803 5096 Quid-

2203 5103 2326 5170 quid
2350 5104 2483 5156 euint
2508 5106 2812 5172 quadratum
2837 5114 2940 5175 est,
2972 5105 3026 5158 in
3059 5103 3430 5175 quamcumque
3457 5111 3656 5175 partem
3683 5118 3800 5156 uer-

2205 5184 2363 5240 tatur,
2386 5190 2581 5244 semper
2598 5183 2764 5229 monet
2793 5174 2949 5241 idem,
2975 5173 3178 5240 ﬁrntum
3199 5192 3260 5230 oc
3290 5173 3531 5230 solidum.
3555 5173 3635 5227 Ad
3655 5188 3804 5227 eum-

2205 5245 2320 5297 dem
2367 5262 2486 5302 sane
2545 5246 2754 5302 modum
2811 5249 3060 5315 perfectus
3115 5262 3428 5316 quocumque
3492 5244 3633 5310 loco,
3685 5253 3800 5316 aut

2205 5332 2516 5387 quocumque
2565 5328 2785 5388 tempore
2811 5313 2826 5382 ,
2851 5313 3069 5388 gemper
3109 5313 3243 5371 idem
3267 5359 3282 5382 ,
3320 5313 3472 5387 atque
3519 5313 3801 5388 immobilis

2205 5386 2486 5458 permanet.
2539 5386 2795 5444 llrec'ille.
2850 5386 2914 5440 Et
2960 5386 3217 5443 hactenus
3255 5389 3322 5444 de
3354 5387 3626 5456 Vesperis,
3661 5387 3800 5439 satis

2211 5459 2421 5528 prolixe
2449 5459 2662 5528 quidem
2682 5499 2698 5526 ,
2726 5458 3032 5514 necessario
3059 5468 3235 5513 tamen
3268 5473 3365 5527 pro
3393 5458 3605 5514 ratione
3629 5469 3797 5525 argu-

2212 5531 2409 5586 menti.
2439 5546 2506 5584 ex
2535 5544 2640 5597 quo
2681 5539 2789 5584 tota
2821 5528 2981 5583 ofﬁcii
3014 5528 3382 5593 ecclesiastici,
3413 5543 3507 5584 seu
3533 5528 3794 5583 horarum

2210 5604 2590 5655 canonicarum
2621 5603 2757 5654 ratio
2783 5610 2834 5653 et
2865 5601 3218 5668 intelligentia
3248 5601 3509 5670 dependet
3537 5617 3549 5653 :
3598 5612 3797 5668 quam-

2209 5673 2397 5799 pbrem
2447 5671 2634 5800 lfiﬁtori
2680 5671 2897 5726 minime
2924 5672 3210 5729 molestam
3243 5671 3387 5728 hanc
3425 5672 3794 5743 prolixitatem

2234 5759 2328 5800 ore
2356 5758 2458 5800 con
2536 5757 2592 5797 ο.

2234 5745 2328 5800 'ore
2356 5745 2592 5804 conﬁdo.
