4026 6334
511 301 618 361 127

1835 295 2115 354 JOANNIS
2147 293 2465 356 CASSIANI

3673 302 3784 362 128

513 415 831 473 observatur
856 414 911 471 in
942 413 1183 472 occiduis
1207 413 1290 470 vel
1314 412 1546 470 maxime
1570 411 1904 484 regionibus,
1927 427 2092 468 cano-
2114 417 2166 478 Α
2193 415 2516 470 invenimus.
2566 412 2765 470 Verum
2811 429 2931 471 cum
2963 415 3064 474 hac
3111 417 3396 474 abutentes
3443 416 3783 490 indulgentia

513 507 691 562 niCam
722 507 1052 563 iunctionem
1089 514 1275 561 nostro
1318 514 1560 576 tempore
1591 505 1646 560 in
1684 514 1711 542 ι
1750 515 1936 560 nostro
1961 519 2097 574 quo-

513 614 623 670 que
670 599 1000 655 monasterio
1036 597 1288 668 primitus
1324 596 1630 652 institutattt
1654 637 1671 663 ,
1712 597 1802 652 ubi
1844 595 2100 651 Dominus

515 699 706 746 noster
732 689 890 744 Jesus
915 688 1159 744 Christus
1189 695 1347 742 natus
1369 702 1436 742 ex
1471 687 1711 757 Virgine,
1741 688 1987 741 humana:
2015 687 2098 740 in-

514 783 696 838 fantiaa
721 783 996 853 suscipere
1025 779 1364 836 incrementa
1390 781 1663 852 dignatus,
1697 789 1935 836 nostram
1963 795 2100 851 quo-

513 891 622 948 que
646 876 824 932 adhuc
852 878 907 930 in
938 874 1201 946 religione
1231 885 1475 932 teneram
1511 884 1568 932 et
1595 878 1881 932 lactentem
1918 874 2099 930 infan-

515 969 645 1024 tiam
693 983 789 1023 sua
834 967 1009 1038 gratia
1049 967 1413 1024 conﬁrmavit.
1461 968 1646 1040 Usque
1685 968 1753 1024 ad
1792 967 1924 1024 illud
1949 967 2092 1024 enim

516 1073 729 1135 tempus
744 1078 810 1119 ac
828 1063 1173 1121 solemnitate
1191 1066 1454 1120 matutina
1480 1065 1622 1138 (qua:
1637 1064 1865 1135 expletis
1880 1072 2104 1119 noctur-

515 1159 602 1214 nis
620 1158 842 1229 psalmis
863 1167 914 1214 et
938 1159 1272 1215 orationibus
1296 1167 1418 1231 post
1441 1159 1713 1216 modicum
1737 1157 1999 1228 temporis
2019 1158 2102 1212 itt-

515 1250 794 1306 tervallum
823 1252 959 1307 solet
981 1252 1035 1307 in
1066 1251 1256 1310 Galliae
1284 1253 1627 1310 monasteriis
1649 1253 1936 1323 celebrari)
1977 1266 2098 1309 cum

513 1341 843 1412 quotidianis
853 1342 1054 1413 vigiliis
1067 1344 1269 1414 pariter
1280 1352 1673 1408 consummata,
1687 1344 1926 1414 reliquas
1939 1343 2101 1401 horas

513 1434 800 1492 refectioni
838 1449 1129 1508 corporum
1171 1437 1456 1508 deputatas
1502 1452 1534 1494 a
1569 1436 1868 1508 majoribus
1896 1437 2099 1492 nostris

2201 505 2620 578 negligentiores
2645 508 2844 577 quique
2874 509 3116 565 inducias
3153 511 3328 566 somni
3362 511 3570 582 longius
3604 523 3786 577 prote-

2197 600 2371 655 larent
2426 617 2440 653 :
2496 599 2690 670 quippe
2749 616 2888 671 quos
2942 603 3027 656 vel
3083 613 3234 658 extra
3288 603 3451 658 cellas
3509 605 3785 674 progredi,

2199 692 2286 748 vel
2316 691 2384 748 de
2411 691 2521 746 suis
2557 693 2744 748 stratis
2790 707 3120 765 consurgere
3168 705 3294 752 ante
3338 696 3524 751 horam
3567 699 3785 752 tertiam

2201 784 2347 840 nulla
2377 796 2673 842 conventus
2706 785 2865 842 ullius
2905 789 3198 845 necessitas
3235 791 3530 856 invitaret,
3562 799 3619 844 et
3659 806 3788 845 cum

2200 878 2532 949 operationis
2593 879 2805 949 jactura
2837 922 2852 948 ,
2920 889 3160 951 tempore
3232 897 3446 953 quoque
3515 882 3621 937 diei
3680 898 3789 952 quo

2200 972 2474 1028 nonnullis
2501 973 2787 1042 oportebat
2813 972 3004 1028 ofﬁciis
3042 973 3327 1042 inhaerere,
3353 973 3565 1044 soporis
3592 973 3790 1027 nimie-

2203 1071 2311 1118 tate
2343 1071 2639 1132 torperent,
2664 1063 2717 1118 in
2764 1062 2850 1118 his
2878 1063 3172 1132 praesertim
3198 1065 3387 1121 diebus
3412 1063 3610 1134 quibus
3632 1080 3662 1121 a
3700 1074 3790 1119 ve-

2205 1157 2467 1228 spertinis
2496 1156 2646 1212 horis
2685 1157 2942 1212 excubias
2967 1171 3136 1227 usque
3179 1158 3245 1214 ad
3284 1173 3494 1214 aurora:
3534 1157 3789 1213 viciniam

2199 1249 2595 1306 celebrantibus
2638 1249 2959 1306 nascebatur
2995 1251 3277 1306 onerosior
3319 1249 3612 1315 lassitudo;
3652 1263 3792 1320 quo-

2198 1344 2444 1400 rumdam
2475 1343 2585 1399 illic
2607 1343 2834 1399 fratrum
2865 1342 3188 1399 ferventium
3217 1343 3430 1415 spiritu,
3454 1343 3655 1414 quibus
3685 1341 3792 1396 hoc

2199 1435 2542 1508 negligentiae
2569 1450 2738 1506 genus
2762 1434 2904 1491 haud
2932 1435 3124 1492 leviter
3149 1435 3482 1508 displiceret,
3511 1435 3580 1490 ad
3610 1433 3791 1492 senio-

1579 1573 1837 1630 ALARDI
1875 1571 2112 1630 GAZEI
2148 1571 2716 1630 COMMENTARIUS.

513 1683 852 1759 provinciam,
869 1685 996 1742 inde
1019 1688 1452 1759 commigrasset.
1473 1687 1642 1743 fuisse
1661 1687 1907 1758 primitus
1937 1687 2088 1741 insti-
2117 1694 2167 1756 Β
2192 1688 2318 1759 time
2341 1686 2560 1759 nomine
2591 1686 3003 1759 comprehendit
3028 1704 3041 1740 :
3075 1701 3237 1744 unam
3261 1695 3389 1744 ante
3425 1687 3555 1744 solis
3579 1696 3788 1755 ortum,

514 1755 703 1829 tutam.
738 1755 892 1829 Unde
929 1766 985 1813 et
1016 1774 1137 1828 cap.
1170 1760 1203 1813 6
1224 1755 1489 1829 'ejusdem
1513 1759 1638 1814 libri
1661 1755 1820 1814 vocat
1845 1773 1965 1814 eam
1996 1772 2092 1812 no-

513 1827 708 1882 vellant
759 1827 1153 1885 institutionem
1197 1839 1253 1885 et
1282 1827 1715 1885 solemnitatem.
1745 1831 1810 1885 Et
1849 1829 2048 1897 passim
2074 1872 2088 1894 ,

515 1898 603 1953 ubi
631 1897 698 1953 de
714 1897 925 1954 diurnis
953 1900 1340 1956 monachorum
1368 1900 1563 1957 ofﬁciis
1585 1913 1640 1956 et
1661 1899 2094 1956 solemnitatibus

514 1968 643 2038 agit,
662 1969 1002 2026 solummodo
1018 1970 1513 2036 Tertiam,Sextam
1537 1972 1804 2027 etNonam
1827 1970 2091 2035 nominat,

514 2040 713 2094 omissa
757 2039 964 2106 Prima;
1009 2051 1065 2096 ut
1094 2042 1276 2098 videre
1302 2052 1386 2097 est
1416 2041 1510 2096 lib.
1539 2057 1578 2096 ιι
1604 2056 1654 2097 c.
1681 2043 1717 2095 2
1738 2081 1752 2106 ,
1781 2050 1836 2096 et
1864 2041 1965 2095 hoc
1996 2039 2092 2094 lib.

515 2124 636 2176 Cap.
669 2109 688 2162 l
723 2119 778 2164 et
803 2111 952 2165 alibi.
984 2110 1090 2167 Sed
1139 2127 1239 2168 nec
1263 2111 1326 2166 D.
1355 2112 1615 2182 Basilius,
1646 2127 1747 2167 nec
1773 2111 2096 2182 Chrysosto-

516 2193 657 2253 ntus,
687 2195 788 2253 nec
832 2181 1211 2253 Hieronymus,
1241 2197 1343 2237 nec
1372 2183 1460 2237 alii
1489 2181 1747 2238 Cassiano
1767 2181 2096 2248 antiquiores

516 2248 710 2304 Prima:
731 2249 876 2306 horae
898 2248 1226 2309 mentionem
1257 2253 1475 2317 faciunt,
1504 2269 1627 2308 cum
1658 2264 1835 2307 tamen
1866 2253 2091 2306 aliarum

517 2319 769 2391 horarum
799 2335 943 2391 saepe
987 2323 1358 2390 meminerint,
1403 2333 1460 2379 ut
1497 2323 1746 2380 observat
1783 2322 1942 2380 Card.
1977 2322 2098 2376 Bel-

517 2389 782 2464 larminus
809 2389 900 2448 lib.
925 2410 942 2448 ι
970 2393 1037 2448 de
1059 2395 1214 2450 bonis
1242 2389 1511 2464 Operibus
1548 2411 1596 2450 c.
1633 2394 1718 2449 il.
1745 2395 1879 2448 llinc
1900 2391 2100 2464 Radttl-

516 2459 660 2534 P'ms,
682 2461 1012 2531 Tungrensis
1033 2465 1268 2520 Primam
1292 2459 1351 2520 et
1367 2465 1790 2534 Complctorium
1823 2472 1944 2533 post
1969 2463 2101 2534 alia-

516 2546 634 2603 rum
651 2533 904 2603 horarum
921 2534 1314 2591 institutionem
1331 2531 1542 2591 additas
1563 2536 1749 2590 scribit
1764 2531 1979 2603 propos.
2000 2531 2097 2586 M:

516 2601 694 2677 Sancti
716 2601 926 2677 Patres,
947 2607 1142 2677 inquit,
1167 2623 1255 2671 per
1274 2607 1590 2677 psalmodias
1610 2601 1941 2677 obseruabant
1958 2603 2102 2677 quin-

514 2688 610 2748 que
636 2670 1284 2748 horas,scilicet_Vigilias'
1302 2679 1486 2748 noctis,
1526 2677 1818 2743 Vesper-ant,
1846 2670 2098 2748 Tertiam,

519 2743 748 2807 Sextum,
775 2743 1001 2799 Nonum.
1030 2743 1227 2801 Deinde
1261 2747 1382 2812 quia
1414 2747 1688 2815 Scriptura
1715 2748 1901 2816 scepius
1923 2746 2102 2816 jungit

518 2827 668 2866 mane
695 2823 746 2866 et
793 2830 1016 2886 vespere,
1050 2817 1227 2870 addita
1265 2827 1339 2871 est
1365 2820 1479 2871 laus
1516 2815 1792 2872 matutina.
1819 2815 2104 2870 Multorum

516 2897 714 2956 quoque
741 2885 1099 2955 episcoporum
1127 2896 1374 2942 statutum
1403 2898 1535 2952 erat,
1566 2898 1620 2942 ut
1665 2886 1831 2941 clerus
1857 2897 1906 2941 et
1939 2902 2106 2956 papu-

517 2953 598 3029 l_us
621 2953 834 3029 titane'et
862 2953 976 3010 sero
1003 2974 1176 3029 preces
1204 2969 1252 3011 et
1281 2958 1536 3029 orationes
1558 2955 1666 3029 Deo
1689 2953 1969 3029 funderent
1990 2953 2104 3010 cum

517 3023 702 3100 Parati
730 3023 1045 3100 Nosrsa__et
1075 3029 1341 3100 Symbolo.
1380 3027 1506 3100 Ideo
1547 3028 1628 3100 ad,
1655 3023 1750 3082 hoc
1799 3028 2104 3082 introductae

515 3095 775 3170 suntAduat
802 3098 922 3170 alia:
951 3095 1136 3170 Hora},
1171 3098 1348 3154 Prima
1373 3111 1418 3154 et
1450 3097 1732 3170 Completa,
1756 3109 1970 3170 utraque
1989 3113 2109 3170 cum

515 3165 786 3240 τινεςιίριιειζ
802 3165 1051 3223 Oratione
1077 3165 1348 3224 Dominica
1376 3181 1423 3224 et
1456 3165 1722 3240 Synibolo.
1751 3168 1841 3224 Sic
1866 3165 1954 3240 ille
1977 3166 2112 3240 (lfa-

2194 1757 2261 1831 ad
2289 1758 2412 1826 galli
2443 1768 2691 1831 cantum;
2723 1758 2951 1831 alteram
2977 1768 3104 1831 orto
3129 1762 3248 1831 jam
3279 1759 3394 1814 sole
3425 1759 3669 1831 (Azorius
3689 1759 3791 1813 ln-

2195 1830 2300 1882 stit.
2331 1828 2514 1900 moral.
2545 1827 2634 1883 lib.
2666 1845 2698 1882 x
2728 1845 2776 1883 c.
2807 1827 2862 1900 2,
2887 1847 2941 1900 q.
2964 1828 3052 1900 6).
3078 1827 3317 1885 Alteram
3349 1827 3492 1884 enim
3519 1830 3652 1884 dicit
3677 1831 3794 1885 Ma-

2196 1900 2419 1954 tutinam
2461 1899 2528 1953 ab
2555 1900 2776 1968 antiquo
2822 1899 3144 1970 institutam,
3178 1908 3234 1956 et
3269 1901 3635 1966 observatam,
3667 1917 3796 1970 qua:

2196 1970 2426 2038 expletis
2454 1973 2731 2025 nocturnis
2749 1969 2972 2040 psalmis
2989 1978 3045 2026 et
3059 1971 3395 2028 orationibus
3425 1973 3630 2039 pariter
3655 1969 3795 2027 con-

2197 2040 2590 2105 summabatur,
2622 2039 2724 2095 hoc
2752 2039 2856 2108 est,
2883 2049 3003 2108 post
3021 2041 3178 2096 linem
3199 2041 3450 2096 nocturni
3469 2040 3634 2097 ofﬁcii
3657 2057 3795 2097 con-

2201 2112 2353 2182 tinue
2368 2120 2427 2182 et
2447 2110 2548 2165 sub
2565 2125 2761 2164 aurora
2781 2111 3182 2178 celebrabatur;
3208 2127 3367 2182 quam
3390 2112 3550 2182 vulgo
3576 2113 3792 2168 Laudes

2199 2180 2561 2250 appellamus,
2592 2195 2726 2250 quas
2750 2182 2878 2236 olim
2911 2183 3085 2251 primo
3127 2180 3362 2238 diluculo
3407 2191 3464 2238 et
3489 2180 3618 2238 ante
3653 2185 3795 2239 solis

2199 2264 2376 2306 ortum
2407 2253 2888 2324 peractashfuisse
2936 2253 3303 2324 perspicuum,
3335 2251 3422 2308 est
3451 2268 3520 2307 ex
3572 2254 3793 2324 hymnis

2199 2322 2511 2394 earumdem
2543 2321 2838 2394 ferialibus.
2873 2323 2948 2394 De
2979 2321 3085 2394 hac
3125 2323 3379 2379 Matutina
3429 2321 3622 2378 scribit
3648 2339 3792 2394 pra:-

2200 2392 2413 2464 cedenti
2435 2406 2555 2460 cap.
2581 2391 2681 2464 sub
2703 2391 2886 2459 ﬁnem,
2891 2393 2989 2464 _ubi
3011 2392 3138 2464 dicit
3160 2395 3216 2448 in
3241 2411 3302 2450 ea
3323 2394 3566 2464 qu0tidie
3591 2391 3798 2449 decan-

2201 2463 2304 2516 tari
2335 2462 2802 2531 soleregpsalmum
2829 2481 2843 2517 :
2874 2461 3038 2527 Deus,
3063 2461 3203 2518 Deus
3231 2461 3394 2528 meus,
3424 2464 3492 2517 ad
3521 2475 3568 2519 te
3594 2465 3658 2519 de
3677 2466 3798 2520 luce

2201 2533 2376 2599 vigilo,
2400 2543 2472 2598 et,
2502 2529 2567 2585 In
2600 2535 2866 2588 matutinis
2907 2534 3194 2588 meditabor
3216 2535 3270 2589 in
3298 2543 3366 2590 te.
3396 2535 3633 2590 Alteram
3662 2550 3798 2590 vero

2203 2604 2546 2667 Matutinam,
2581 2603 2649 2658 de
2677 2620 2778 2670 qua
2811 2606 2863 2658 in
2896 2603 2998 2660 hoc
3025 2605 3204 2673 capite
3225 2605 3360 2676 agit,
3379 2619 3580 2676 recens
3603 2615 3659 2660 et
3690 2620 3796 2661 suo

2205 2682 2479 2742 tempore,
2510 2683 2565 2729 et
2619 2676 2668 2728 in
2711 2689 2809 2729 suo
2856 2678 3185 2730 monasterio
3215 2674 3326 2745 jam
3360 2674 3506 2730 dicto
3546 2676 3795 2730 introdu-

2204 2756 2380 2809 Ctam;
2436 2745 2594 2814 idque
2623 2745 2690 2799 ad
2719 2745 3083 2813 excitandam,
3112 2747 3226 2800 sive
3251 2746 3629 2802 excutiendam
3658 2762 3798 2813 quo-

2207 2817 2454 2869 rumdam
2502 2817 2766 2884 pigritiam
2820 2825 2877 2872 et
2923 2817 3372 2882 somnolentiam,
3425 2817 3516 2886 qui
3559 2816 3795 2883 expletis

2207 2886 2488 2940 nocturnis
2516 2887 2708 2954 vigiliis
2755 2895 2810 2942 et
2852 2886 3123 2942 Laudibus
3155 2886 3466 2951 matutinis,
3495 2887 3561 2942 ad
3590 2888 3796 2942 lectum

2206 2965 2544 3012 recurrentes
2588 2972 2778 3012 somno
2810 2957 3074 3026 prolixius
3105 2957 3488 3027 indulgebant;
3527 2973 3650 3013 cum
3681 2973 3797 3015 non

2211 3027 2471 3083 haberent
2497 3027 2638 3081 aliud
2670 3027 2926 3097 ofﬁcium,
2951 3041 3126 3097 neque
3145 3036 3473 3084 conventum
3502 3039 3628 3084 ante
3655 3027 3792 3085 Ter-

2133 3071 2178 3134 C
2211 3071 2648 3167 i'iXi'iI'JéEnHtiiJ,
2672 3071 3124 3154 Πίᾝῖἴὶἰέὖὲἲυῖ

2283 3177 2309 3204 α
2335 3168 2535 3236 Nempe
2558 3169 2988 3239 Betltleemitico,
3005 3179 3161 3239 utgex
3183 3168 3300 3238 ipsa
3323 3170 3628 3239 periphrasi
3659 3171 3797 3226 satis

518 3235 700 3306 dulplt.
724 3236 1032 3310 _Tungrens.
1061 3241 1124 3295 de
1153 3257 1334 3294 canon.
1369 3235 1574 3296 Obseiv.
1608 3257 1814 3310 prapos.
1846 3238 1913 3294 li
1933 3235 2112 3310 ).'_V_e-
2211 3235 2548 3310 intelligitur,
2579 3253 2608 3291 a
2639 3238 2697 3294 8.
2728 3239 2892 3294 Paula
2923 3235 3256 3310 nobilissima
3281 3235 3527 3295 matrona
3555 3241 3797 3297 Romana

517 3320 648 3381 r_un_t
669 3307 930 3381 adver~us
964 3311 1102 3367 hanc
1131 3314 1438 3381 opinionem
1469 3307 1657 3380 objicit
1687 3307 1956 3365 Durantus
1984 3308 2004 3380 (
2030 3308 2109 3381 De

516 3373 680 3457 _Rttib.
711 3377 921 3457 Eccles._
940 3381 1118 3457 libent
1139 3373 1339 3457 δὲῃ-7)
1374 3382 1514 3457 1⁸8.
1537 3373 1878 3457 Clementem
1909 3421 1924 3443 ,
1955 3373 2108 3457 cujus

515 3447 635 3519 haec
655 3457 786 3502 sunt
815 3453 975 3508 verba
1005 3453 1100 3508 lib.
1133 3447 1226 3508 νιιί
1255 3447 1548 3508 (Ζεὶιιςιίιιιι.
1573 3453 1819 3519 Apostol.
1851 3465 1970 3519 cap.
2003 3449 2103 3505 40:

515 3515 702 3572 Preces
715 3531 906 3576 vestras
927 3525 1080 3591 facite
1099 3523 1353 3584 diluculo.
1372 3523 1542 3578 Tertia
1556 3515 1704 3584 hora.
1723 3522 1902 3588 Sexta,
1919 3515 2106 3586 'Nona,

515 3601 737 3664 uespere,
761 3599 808 3644 et
835 3593 888 3664 in
909 3595 1035 3662 galli
1053 3603 1225 3663 cantu,
1259 3593 1487 3648 diluculo
1514 3595 1705 3664 gratias
1733 3602 2106 3663 agentes,quoo

515 3658 988 3736 ῃξαιιιᾼὶιιιέηιὶιιαίινὸε
1019 3682 1108 3720 nos
1132 3658 1382 3719 Dominus
1396 3658 1798 3736 depulsarnocte',
1832 3673 1876 3716 et
1899 3658 2108 3736 inducto

515 3729 629 3803 die;
651 3730 714 3782 2°
741 3732 801 3803 Si.
844 3735 1198 3790 Athanasium
1233 3736 1324 3791 lib.
1374 3729 1838 3803 de'Virginitate,
1869 3733 1958 3787 ubi
1984 3733 2061 3787 ait
2089 3751 2103 3788 :

517 3797 703 3872 Oriens
713 3802 793 3858 sol
805 3804 966 3859 videat
979 3807 1165 3860 librum
1177 3807 1228 3860 in
1241 3806 1474 3861 manibus
1488 3797 1710 3872 tuis'post
1722 3797 2106 3871 Tertiam,etc.;

516 3869 572 3926 3°
590 3873 648 3948 S.
667 3874 920 3948 liasilium
937 3877 988 3930 in
1003 3876 1135 3948 Reg.
1158 3881 1257 3933 fus.
1275 3877 1471 3948 diSput.
1489 3893 1540 3945 q.
1558 3869 1623 3948 57
1642 3874 1802 3948 :Eam
1820 3874 1882 3929 ob
1899 3869 2108 3948 causam

514 3957 546 4019 ᾳ
565 3943 707 3996 nobis
728 3948 1009 4019 necessario
1031 3943 1572 4019 hu3usmoditempora
1590 3946 1788 4019 delecta
1808 3953 1948 4019 sunt,
1971 3947 2108 4019 quod

516 4011 568 4088 in
590 4027 766 4066 eorum
788 4017 1006 4085 singula
1044 4011 1316 4088 pe'culiaris
1343 4011 1576 4088 quaidam
1603 4015 1699 4088 Dei
1721 4017 1772 4068 in
1804 4011 2110 4088 nosbeneﬁ-

516 4083 714 4155 ciorum
739 4094 814 4137 est
847 4083 1286 4141 commemoratio.
1319 4083 1392 4141 Ac
1439 4086 1760 4140 Matutinum
1785 4085 2022 4155 quidem,
2044 4083 2108 4139 fut

517 4152 670 4220 primi
700 4157 862 4208 animi
887 4171 950 4208 ac
980 4157 1160 4211 mentis
1187 4169 1372 4212 nostra:
1398 4166 1569 4211 motus
1598 4152 1954 4210 consecrentur
1973 4154 2104 4224 Deo,

517 4237 676 4290 neque
714 4224 872 4280 ullius
892 4229 966 4280 rei
995 4243 1130 4282 cura:
1155 4237 1270 4281 ante
1290 4229 1486 4282 aditum
1511 4227 1578 4280 ad
1608 4242 1700 4281 nos
1724 4226 1923 4290 demus,
1952 4242 2109 4294 quam

516 4307 607 4345 nos
634 4293 688 4346 in
712 4297 1016 4368 cogitatione
1036 4299 1101 4351 de
1123 4297 1230 4352 Deo
1258 4298 1842 4368 oblectaverintus,s_icut
1861 4293 2107 4368 scriptum

436 4385 444 4393 ο
515 4371 628 4439 est:
662 4382 680 4416 ι
712 4365 910 4420 Memor
938 4369 1014 4439 fui
1042 4368 1158 4434 Dei,
1190 4378 1238 4422 et
1263 4368 1539 4424 delectatus
1565 4383 1676 4422 sum
1700 4366 1870 4438 (Psal.
1900 4365 2101 4437 ωίχνι).

2196 3308 2355 3379 juxta
2386 3308 2717 3379 Speluncam,
2751 3310 2806 3363 in
2836 3325 2941 3378 qua
2971 3309 3225 3366 Salvator
3248 3320 3434 3366 noster
3471 3321 3630 3366 natus
3670 3319 3795 3378 est,

2211 3378 2546 3434 Constructo.
2575 3378 2652 3434 lbi
2677 3379 2818 3434 enim
2851 3379 2945 3434 illa
2975 3389 3209 3449 quatuor
3236 3386 3560 3436 monasteria
3601 3383 3797 3438 condi-

2210 3449 2308 3513 dit,
2334 3458 2479 3522 teste
2522 3450 2992 3522 D._llieronytno,
3021 3449 3152 3504 viris
3197 3466 3391 3522 unum,
3424 3451 3632 3521 reliqua
3688 3453 3796 3508 tria

2209 3521 2509 3593 virginibus
2534 3522 2552 3589 (
2577 3519 2746 3592 Epist.
2773 3519 2866 3588 επ
2912 3537 3004 3593 seu
3043 3520 3272 3593 epitaph.
3313 3519 3499 3576 Paulae
3525 3519 3565 3592 ).
3591 3522 3662 3579 At
3689 3523 3798 3580 hoc

2210 3591 2600 3664 monasterium
2630 3593 2868 3646 virorum
2916 3591 3559 3664 idemgpgﬂieronymus
3606 3603 3796 3663 postea

2211 3661 2502 3730 ampliavit.
2536 3661 2688 3716 Licet
2715 3663 2860 3717 enim
2891 3662 3123 3733 virisibi
3168 3661 3489 3733 degentibus
3517 3661 3647 3719 satis
3676 3681 3797 3719 am-

2209 3733 2358 3805 plum
2389 3742 2721 3805 exstructum
2747 3742 2888 3788 esset
2915 3731 3306 3796 habitaculum,
3338 3745 3393 3788 et
3422 3749 3518 3805 pro
3549 3736 3793 3804 peregri-

2211 3801 2295 3857 itis
2322 3801 2627 3857 mansiones
2658 3803 2850 3872 aliqua:
2872 3819 2970 3872 per
2989 3805 3130 3858 viam
3151 3813 3382 3860 erectae:
3406 3801 3584 3860 tantus
3613 3801 3796 3863 tamen

2212 3873 2446 3943 undique
2471 3873 2537 3927 ad
2563 3887 2625 3927 ea
2654 3873 2770 3927 loca
2808 3872 3024 3942 pietatis
3050 3889 3210 3928 causa
3241 3873 3520 3930 hominum
3550 3889 3790 3931 concur-

2210 3958 2304 3999 sus
2336 3953 2482 4009 erat,
2515 3945 2810 4012 praesertim
2850 3944 3239 3998 monachorum
3263 3985 3278 4010 ,
3325 3953 3386 4000 ut
3433 3944 3797 4002 diversorium

2210 4015 2380 4085 magis
2402 4014 2636 4085 amplum
2657 4012 2925 4085 aediﬁcare
2945 4025 3227 4085 cogeretur
3249 4013 3507 4085 (Marian.
3535 4014 3796 4072 Victoria.

2209 4085 2262 4137 in
2293 4084 2412 4138 Vita
2431 4083 2854 4154 S.’Hieronymi).
2880 4083 2994 4152 Qua
3015 4084 3083 4138 de
3108 4099 3171 4139 re
3198 4083 3270 4139 ita
3299 4086 3363 4139 ad
3391 4085 3796 4141 Pammachium

2209 4156 2396 4210 scribit
2425 4153 2684 4226 epist.2(i
2712 4153 2727 4208 ἒ
2768 4153 2880 4226 Nos
2907 4156 2960 4208 in
2988 4155 3088 4208 ista
3117 4157 3377 4222 prouincia
3401 4157 3654 4226 cediﬁcato
3683 4173 3797 4210 mo-

2210 4226 2467 4308 nasterio,
2495 4225 3087 4308 etldiuersorioopropt'e‘r
3115 4236 3412 4308 ςεειιεειηιειοἱ
3461 4225 3522 4280 ne
3569 4228 3701 4308 forte
3750 4237 3798 4282 et

2162 4302 2181 4326 ⁸
2210 4297 2361 4349 modo
2388 4294 2576 4364 Joseplt
2601 4311 2715 4348 cum
2738 4293 2907 4349 Maria
2937 4297 2990 4349 in
3018 4293 3278 4350 Bethleem
3300 4297 3502 4350 veniens
3527 4293 3631 4351 non
3652 4299 3798 4350 inve-

2211 4367 2319 4420 niat
2345 4367 2652 4435 hospitium;
2683 4368 2839 4419 tantis
2866 4367 2929 4420 de
2957 4377 3059 4420 toto
3089 4366 3208 4421 orbe
3227 4367 3600 4437 conﬂuentibus
3631 4368 3797 4422 turbis

518 4433 696 4502 Neque
719 4453 902 4508 corpus
922 4433 1065 4510 prius
1089 4441 1155 4492 ad
1180 4440 1494 4507 [unctionem
1513 4433 1734 4510 alicujus
1755 4441 1980 4510 muneris
2005 4433 2106 4510 mo-
2131 4449 2186 4510 D
2210 4433 2475 4490 obruimur
2502 4439 2894 4510 monachorum,
2922 4447 2976 4510 ut
3002 4452 3091 4489 nec
3117 4433 3334 4510 carptum
3373 4455 3502 4510 opus
3538 4438 3794 4503 deserere,

516 4521 739 4581 reamus,
765 4508 930 4581 quam
947 4508 1078 4562 illud
1107 4511 1394 4580 fecerimus,
1428 4509 1566 4581 quod
1591 4509 1783 4563 dictum
1809 4517 1912 4562 est:
1935 4508 2105 4563 Orabo

516 4577 586 4630 ad
645 4587 724 4642 te,
777 4576 993 4634 Domine
1020 4597 1038 4634 :
1070 4576 1219 4635 mane
1247 4576 1451 4636 audies'
1482 4596 1652 4634 vocem
1708 4595 1872 4632 nteam
1895 4595 1915 4632 :
1957 4596 2106 4633 mane

515 4648 693 4722 astabo
716 4649 804 4703 tibi
822 4649 994 4720 (Psal.
1025 4650 1080 4722 ν)
1098 4651 1302 4718 ειο.;4⁰
1324 4651 1383 4708 8.
1402 4652 1789 4721 Hieronymum
1811 4651 1974 4718 epist.
1992 4651 2022 4704 7
2038 4649 2106 4705 ad

516 4717 718 4773 Ltrtatn
749 4737 760 4772 :
787 4717 1299 4794 Assuescat'exemplo
1310 4723 1377 4776 ad
1388 4717 1702 4794 orationeset
1723 4717 1945 4794 psalmos
1961 4731 2108 4794 nocte

515 4803 849 4864 consurgere,
863 4809 1012 4846 mane
1034 4790 1248 4864 hymnos
1279 4809 1481 4856 canere,
1513 4791 1711 4864 Tertia,
1741 4790 1921 4864 Sexta,
1944 4790 2108 4864 _Nona

516 4861 667 4926 hora,
698 4873 804 4917 etc.
838 4863 937 4919 Ubi
975 4861 1247 4919 Victorius
1276 4879 1428 4918 mane
1460 4864 1647 4919 horam
1673 4862 1910 4917 Primam
1942 4861 2108 4916 inter-

517 4935 906 5006 pt'et‘aturnsed
934 4935 1082 4990 salva
1098 4949 1229 5006 pace
1239 4934 1463 4990 Victorii
1477 4945 1531 4990 et
1545 4933 1767 4988 Duranti
1793 4949 1898 4988 non
1917 4933 2106 4988 viden-

518 5012 602 5056 tur
626 5000 715 5057 itla
740 5005 836 5060 SS.
862 5005 1078 5062 Patrum
1098 5000 1414 5062 'testimonia
1436 5006 1572 5061 adeo
1588 5007 1729 5059 clara
1753 5013 1808 5059 et
1821 5017 2103 5074 expressa,

517 5081 687 5146 utnos
710 5086 933 5146 urgeant
951 5092 982 5131 a
1003 5082 1268 5133 sententia
1280 5076 1549 5140 Cassiani,
1569 5075 1797 5146 aliorum
1816 5075 1977 5130 etiam
1991 5074 2102 5128 cal-

515 5143 638 5198 culo
655 5143 969 5216 appr'obata,
989 5148 1410 5216 discedere,'aut
1434 5148 1481 5201 ei
1502 5145 1660 5201 fidem
1678 5145 1960 5214 derogare,
1981 5159 2101 5198 cum

517 5224 624 5268 tam
646 5233 905 5284 expresse
923 5219 1067 5273 dicat
1093 5218 1329 5273 ofﬁcium
1359 5217 1553 5273 Primae
1582 5233 1682 5273 suo
1709 5217 1938 5285 primum
1967 5224 2102 5269 tem-

518 5300 650 5353 pore
684 5288 985 5344 institutum
1015 5288 1353 5345 fuisse.Nam
1368 5288 1555 5344 Patres
1572 5289 1718 5342 citati
1745 5303 1849 5341 non
1875 5287 2104 5354 loquun-

518 5364 603 5430 tur
631 5358 698 5413 de
728 5360 926 5426 Prima,
963 5361 1030 5416 de
1054 5377 1159 5430 qua
1191 5376 1333 5416 nunc
1361 5359 1556 5429 agitur,
1587 5359 1682 5414 sed
1728 5355 2097 5430 de__Matutina

516 5427 891 5498 solemnitate,
922 5431 1025 5488 hoc
1048 5426 1161 5495 est,
1192 5431 1260 5487 de
1286 5426 1559 5486 Laudibus
1579 5471 1594 5496 ,
1623 5443 1752 5500 quae,
1772 5426 2008 5482 diluculo
2045 5437 2102 5484 et

516 5511 696 5563 mane,
721 5515 816 5571 seu
839 5507 1102 5558 matutino
1131 5511 1395 5571 tempore.
1421 5503 1522 5556 hoc
1544 5499 1651 5565 est,
1673 5499 1776 5555 sub
1807 5511 2024 5571 aurora,
2046 5508 2101 5553 et

520 5578 646 5642 ante
674 5570 805 5624 solis
850 5583 1024 5628 ortum
1071 5573 1209 5642 apud
1240 5569 1450 5629 veteres
1479 5571 1753 5627 decantari
1802 5569 2009 5642 solent,
2041 5577 2102 5642 ut

519 5637 724 5695 dictum
749 5649 852 5696 est.
876 5637 1142 5700 Caeterum
1190 5645 1477 5701 Cassianus
1518 5643 1562 5696 si
1593 5640 1903 5710 diligentius
1934 5640 2103 5709 inspi—

519 5711 713 5777 ciatur,
734 5711 1034 5785 duplicem,
1072 5717 1186 5770 sive
1205 5715 1475 5785 geminam
1503 5713 1814 5785 Matutinam
1846 5711 2103 5785 solemni-

519 5791 685 5840 tatem
715 5781 984 5847 dist’inxit.
1013 5795 1068 5843 et
1099 5781 1461 5853 tam'Laudes,
1491 5799 1652 5851 quam
1672 5781 1906 5840 Primam
1935 5781 2105 5840 Matu-

2210 4523 2300 4579 neo
2340 4523 2497 4579 supra
2536 4508 2688 4579 _vit_'es_
2716 4510 2848 4576 ferre
2875 4507 3155 4579 valeamus.
3194 4507 3415 4579 ιιωοίε.
3435 4509 3796 4579 Hieronymus

2214 4577 2302 4649 (In
2323 4577 2576 4650 proque).
2600 4577 2655 4631 ln
2676 4577 2778 4631 hoc
2797 4577 3068 4639 caenobio,
3085 4587 3140 4632 ut
3159 4577 3296 4650 alias
3318 4578 3519 4650 dictum
3544 4577 3648 4650 est,
3660 4579 3796 4634 Cas.

2213 4648 2396 4704 sianus
2437 4649 2612 4704 adhuc
2657 4662 2792 4716 pene
2837 4662 2991 4716 puer,
3021 4656 3114 4701 ant
3139 4648 3424 4703 admodum
3452 4649 3790 4716 adolescens,

2212 4721 2522 4775 monasticm
2545 4718 2666 4772 vita:
2683 4717 2985 4771 institutum
3007 4717 3164 4772 simul
3187 4733 3307 4774 cum
3329 4721 3456 4786 ipsis
3468 4719 3794 4774 Christiana:

2250 4788 2568 4857 ltilosopltiae
2586 4787 2911 4858 rudimentis
2936 4788 3249 4858 complexus
3279 4798 3384 4857 est,
3418 4789 3470 4843 in
3497 4804 3671 4858 eoque
3698 4804 3793 4844 re-

2251 4806 2568 4857 nnosopntm
2594 4806 2911 4842 ruonnenus
2936 4806 3249 4858 complexus
3279 4806 3384 4857 εει,
3418 4806 3470 4843 ιιι
3497 4806 3671 4858 eoque
3698 4806 3793 4844 re-

2211 4806 2416 4930 Bgiosaa
2459 4857 2777 4930 obedietttia:
2826 4859 3031 4927 legibus
3076 4874 3136 4914 se
3164 4861 3445 4927 astrinxit,
3479 4860 3794 4930 priusquam

2211 4877 2244 4914 ιι
2289 4877 2416 4914 iuste
2459 4877 2777 4912 oueotenua:
2826 4877 3031 4927 tegtous
3076 4877 3136 4914 se
3164 4877 3445 4927 asmnxtt,
3479 4877 3794 4930 priusquam

2211 4877 2282 4984 ag
2306 4928 2525 5002 Ajgypti
2557 4929 2872 5002 solitudines
2896 4930 3160 5002 permissu
3191 4931 3528 5002 superiorum
3555 4946 3676 4985 cum
3706 4945 3796 5002 so-

2208 5001 2293 5072 cio
2323 5001 3060 5072 Germanoproﬁcisceretur.
3094 4999 3245 5058 Unde
3261 4999 3329 5055 'et
3355 5002 3553 5072 passim
3584 5011 3694 5056 tum
3733 5001 3794 5059 in

2209 5070 2295 5126 ltis
2320 5071 2444 5136 lib.,
2467 5079 2574 5141 tum
2599 5070 2650 5124 itt
2673 5069 3064 5126 Collationibus
3090 5081 3249 5126 vocat
3273 5069 3428 5128 suum
3457 5073 3790 5141 cmnobium,

2207 5142 2344 5196 alias
2368 5140 2673 5196 coenobium
2697 5141 2891 5212 Syriae,
2922 5141 2973 5193 in
2997 5157 3102 5212 quo
3131 5143 3301 5210 prima
3327 5147 3454 5198 vita:
3477 5140 3794 5198 monasticae

2207 5213 2507 5284 rudimenta
2536 5211 2889 5284 perceperat,
2919 5211 3062 5282 quod
3104 5214 3272 5284 Syria:
3317 5229 3439 5284 pars
3484 5215 3556 5268 sit
3579 5213 3791 5279 Iudaea,

2207 5226 2507 5267 rudimenta
2535 5226 2852 5333 perceperat
2874 5252 2889 5277 ,
2919 5226 3062 5282 quoa
3104 5226 3272 5284 syria:
3317 5229 3439 5284 pars
3484 5226 3556 5268 stt
3579 5226 3791 5279 suumn,

2207 5281 2408 5352 in.qua
2435 5282 2710 5354 Betftleem
2737 5283 2862 5354 sita,
2884 5293 2944 5354 ut
2972 5291 3157 5338 notum
3185 5292 3298 5347 est;
3321 5285 3450 5339 alibi
3477 5286 3795 5354 expressius

2206 5353 2666 5425 Bethleemiticum
2687 5373 2700 5420 ;
2724 5353 2851 5425 alibi
2875 5352 3168 5425 spelaeum,
3198 5354 3250 5408 itt
3277 5370 3385 5425 quo
3411 5352 3671 5410 Dominus
3688 5369 3795 5425 gno-

2202 5438 2316 5496 sier
2341 5427 2409 5480 de
2457 5424 2576 5496 aula
2604 5424 2745 5496 uteri
2768 5423 3048 5496 ivirginalis
3093 5423 3341 5496 effulsit]
3364 5426 3453 5480 lib.
3485 5441 3563 5487 tv,
3607 5442 3654 5481 c.
3687 5423 3791 5496 ὄις

2205 5495 2394 5552 Collat.
2425 5495 2485 5552 Η
2507 5534 2522 5560 ,
2551 5511 2596 5548 c.
2632 5493 2658 5546 1
2687 5500 2736 5548 et
2763 5495 2828 5558 5;
2876 5492 3063 5548 Collat.
3099 5493 3186 5558 17,
3219 5512 3264 5550 c.
3293 5492 3403 5551 ἵει
3432 5496 3517 5560 5).
3551 5495 3793 5552 Meminit

2203 5569 2447 5637 ejusdem
2483 5564 2793 5637 monasterii
2823 5566 3308 5637 el__monacborum
3351 5566 3410 5622 S.
3452 5564 3794 5637 Epiphanius

2205 5634 2258 5694 in
2288 5641 2447 5708 epist.
2490 5635 2556 5689 ad
2584 5634 3447 5709 Joannem_llierosolytnitanum.
3478 5634 3533 5692 οἰ
3561 5638 3640 5709 D.
3662 5636 3793 5692 Hie-

2204 5703 2630 5785 ron.'_epist_._ad
2677 5703 3011 5785 Marcellam,
3048 5703 3297 5785 ubiheam
3344 5708 3647 5785 invitat‘ad
3693 5722 3793 5764 rus

2204 5775 2690 5843 Betbleemiticum,
2724 5775 2818 5832 ubi
2837 5776 2936 5833 sita
2967 5789 3122 5836 erant
3150 5778 3247 5836 illa
3276 5779 3623 5838 monasteria.
