4026 6334
509 302 614 362 135

1822 299 2100 357 JOANNIS
2137 297 2450 357 CASSIANI

3675 299 3784 362 136

527 419 583 475 in
608 416 712 472 hoc
738 414 954 472 fervore
985 413 1204 487 spiritus
1241 413 1480 485 reperiat
1509 412 1836 469 constitutos
1857 454 1872 481 ,
1903 428 1967 469 ac
1995 429 2092 484 per
2119 420 2173 478 Α
2206 429 2464 470 auroram
2489 412 2642 469 ﬁnire
2666 413 2864 481 solent,
2892 414 3141 471 similiter
3163 414 3431 488 hodieque
3457 417 3777 488 decantant,

515 521 685 568 totum
709 509 820 566 diei
849 521 1064 579 tempus
1112 507 1473 564 ferventiores
1516 505 1970 576 sollicitioresque
1997 521 2091 562 cu-

512 603 752 669 stodiat,
798 612 1136 672 praeparatos
1179 615 1274 657 eos
1317 599 1620 670 suscipiens
1668 600 1734 654 ad
1781 597 2095 654 conﬂictum

511 706 568 753 ct
608 707 796 751 contra
842 695 1093 750 diurnam
1143 694 1345 750 diaboli
1392 693 1832 750 colluctationem
1875 699 2095 746 noctur-

513 805 708 846 narum
749 788 1012 846 exercitio
1043 787 1347 859 vigiliarum
1379 801 1442 843 ac
1470 785 1706 858 spiritali
1744 782 2096 841 meditatione

516 883 782 939 ﬁrmatos.
1334 876 1351 900 ‘

1112 971 1342 1030 CAPUT
1397 971 1488 1029 Vl.

559 1086 710 1154 Quod
735 1085 866 1140 nihil
893 1085 958 1140 sit
988 1102 1020 1138 a
1060 1086 1346 1140 senioribus
1387 1085 1715 1138 immutatum
1743 1083 1808 1138 de
1838 1083 2052 1154 antiquo

623 1159 804 1241 ordine
828 1157 1145 1228 psalmorum
1161 1198 1176 1224 ,
1207 1173 1324 1212 cum
1354 1157 1607 1210 matutina
1633 1164 1942 1210 statueretur
1963 1152 2100 1210 sole-

629 1241 838 1284 mmtas.

587 1346 726 1402 Illud
752 1359 968 1416 quoque
1013 1358 1178 1400 nosse
1223 1343 1484 1398 debemus
1530 1339 1668 1398 nihil
1714 1357 1745 1397 a
1795 1338 2101 1397 senioribus

520 1439 724 1497 nostris
745 1439 837 1507 qui
867 1449 892 1476 λ
921 1437 1060 1493 hanc
1080 1435 1328 1493 eamdem
1351 1436 1666 1490 matutinam
1699 1432 2099 1490 solemnitatem

527 1529 652 1585 addi
677 1528 875 1584 debere
896 1536 1246 1592 censuerunt,
1270 1527 1339 1582 de
1365 1527 1582 1596 antiqua
1607 1525 1938 1596 psalmorum
1965 1539 2097 1580 con-

523 1623 811 1680 suetudine
855 1623 1199 1678 immutatum
1225 1637 1242 1677 :
1287 1620 1385 1676 sed
1414 1621 1604 1675 eodem
1633 1619 1826 1674 ordine
1856 1617 2098 1684 Missam,

522 1733 630 1788 quo
663 1717 844 1784 prius,
871 1716 925 1770 in
957 1715 1238 1771 nocturnis
1265 1709 1631 1769 conventibus
1662 1722 1926 1783 perpetuo
1955 1711 2100 1766 cele-

2203 507 2256 564 id
2285 515 2404 576 est,
2460 508 2814 563 centesimum
2851 509 3320 580 quadragesimum
3356 522 3609 568 octavum
3638 513 3792 584 psal-

2203 617 2373 666 mum,
2407 601 2562 671 cujus
2591 602 2798 658 initium
2829 611 2931 667 est,
2963 603 3198 659 Laudate
3226 603 3504 660 Dominum
3532 608 3596 661 de
3615 609 3786 676 cretis,

2202 702 2257 750 et
2305 693 2542 764 reliquos
2582 695 2674 764 qui
2724 705 3062 764 sequuntur;
3105 697 3605 768 quinquagesimum
3649 714 3788 756 vero

2200 785 2468 858 psalmum
2497 830 2512 853 ,
2559 794 2615 841 et
2639 789 3031 858 sexagesimum
3060 789 3394 858 secundum,
3435 802 3490 846 et
3515 791 3792 861 octogesi-

2207 895 2355 936 mum
2409 894 2633 946 nonum,
2663 890 2684 918 ε
2712 879 2837 935 huic
2885 881 3113 938 novellae
3156 882 3489 939 solemuitati
3536 885 3791 940 novimus

2205 971 2375 1028 fuisse
2403 971 2710 1042 deputatas.
2753 973 2995 1044 Denique
3017 990 3113 1046 per
3133 975 3340 1032 Italiam
3361 976 3632 1048 hodieque
3651 992 3793 1032 con-

2206 1065 2491 1118 summatis
2555 1065 2967 1120 matutinalibus
3034 1068 3247 1137 hymnis
3305 1069 3790 1140 quinquagesitnus

2203 1156 2444 1226 psalmus
2491 1155 2545 1211 in
2593 1157 2858 1212 universis
2903 1159 3149 1215 ecclesiis
3197 1161 3444 1228 canitur,
3491 1163 3634 1232 quod
3674 1177 3786 1220 non

2203 1247 2420 1304 aliunde
2449 1263 2610 1319 quam
2644 1250 2842 1306 exinde
2875 1259 3105 1306 tractum
3131 1266 3252 1309 esse
3281 1267 3390 1310 non
3414 1253 3626 1310 dubito.

2805 1385 3033 1442 CAPUT
3072 1384 3185 1440 VII.

2208 1478 2357 1550 Quod
2379 1478 2424 1532 ei
2451 1479 2537 1547 qui
2563 1479 2631 1532 ad
2661 1479 2908 1532 diurnam
2940 1479 3259 1550 orationem,
3285 1486 3559 1549 antequam
3585 1481 3788 1550 primus

2283 1549 2500 1618 finiatur
2542 1550 2810 1620 psalmus,
2861 1567 2960 1603 non
3009 1549 3316 1610 occurrerit,
3374 1549 3657 1604 oratorium
3705 1553 3795 1604 in-

2278 1620 2442 1673 troire
2467 1636 2568 1673 non
2591 1621 2739 1672 liceat
2760 1637 2777 1672 :
2805 1621 2858 1673 in
2881 1621 3143 1674 nocturnis
3169 1629 3338 1674 autem
3358 1637 3518 1690 usque
3545 1623 3613 1674 ad
3633 1622 3796 1691 ﬁnem

2281 1692 2493 1745 secundi
2537 1691 2724 1761 psalmi
2751 1691 3013 1745 veniabilis
3036 1707 3183 1744 mora
3208 1692 3294 1744 sit.

523 1810 752 1864 bratam.
805 1807 1016 1864 Etenim
1047 1805 1076 1846 1³
1105 1807 1334 1878 hymnos
1372 1821 1508 1875 quos
1552 1806 1610 1860 in
1650 1807 1750 1861 hac
1794 1804 2012 1875 regione
2035 1803 2102 1858 ad
2136 1840 2185 1902 Β
2278 1802 2329 1857 Is
2359 1819 2489 1858 vero
2515 1805 2607 1870 qui
2632 1805 2683 1859 in
2716 1804 2920 1874 Tertia,
2943 1805 3132 1872 Sexta,
3160 1806 3245 1859 vel
3273 1804 3446 1872 Nona,
3476 1806 3796 1876 priusquam

523 1903 843 1958 matutinam
871 1915 1142 1971 excepere
1183 1891 1586 1956 solemnitatem
1611 1940 1627 1966 ,
1660 1899 1713 1954 in
1747 1899 1854 1953 tlnc
1886 1908 2108 1952 noctur-

523 2009 714 2050 narum
747 1991 1080 2066 vigiliarum,
1110 2007 1247 2062 quas
1269 1999 1391 2062 post
1413 1991 1676 2060 gallorum
1715 1998 1932 2044 cantum
1970 1997 2096 2043 ante

2213 1895 2452 1964 psalmus
2481 1905 2690 1964 cceptus
2720 1897 2954 1961 liniatur,
2979 1896 3047 1951 ad
3078 1899 3377 1953 orationem
3403 1913 3511 1953 non
3533 1915 3799 1955 occurre-

2205 1988 2298 2054 rit,
2327 1988 2554 2044 ulterius
2576 1986 2604 2026 (ι
2633 1989 2932 2046 oratorium
2965 1989 3194 2048 introire
3222 2008 3326 2048 non
3359 1991 3544 2062 audet,
3574 2007 3674 2048 nec
3705 2007 3800 2049 se-

1592 2125 1849 2184 ALARDI
1889 2125 2120 2182 ΟΑΖᾹΞΙ
2160 2125 2721 2182 COMMENTARIUS.

526 2253 802 2325 indigestio
823 2258 1036 2325 fructum
1064 2248 1256 2325 faciat,
1293 2245 1384 2300 sed
1404 2242 1649 2325 inanitas.
1677 2241 1744 2297 Et
1765 2241 2074 2325 paulo-post
2099 2259 2110 2292 :

528 2312 664 2378 Esto,
680 2324 862 2376 cicada
883 2312 1138 2382 noctiuin,
1181 2318 1295 2371 lava
1330 2331 1418 2382 per
1457 2312 1688 2382 singulas
1726 2323 1897 2366 noctes
1931 2312 2116 2365 lectunt

532 2406 693 2448 tuum.
711 2395 884 2462 vigila,
899 2403 947 2447 et
959 2393 1053 2462 ﬁas
1066 2393 1195 2462 sicut
1217 2386 1448 2462 passer
1471 2383 1769 2462 solitudine,
1783 2383 1945 2462 psalle
1960 2383 2116 2462 spiri-

529 2475 605 2528 tu,
631 2451 795 2536 psalle
815 2474 861 2517 et
875 2451 1056 2536 sensu.
1094 2461 1327 2514 Joanties
1346 2451 1807 2536 Qlitnac‘usGradn
1832 2451 1896 2506 I9
1921 2470 1934 2505 :
1973 2451 2116 2536 Vigi-

531 2524 643 2588 lans'
664 2537 841 2588 oculus
867 2534 1045 2603 expiat
1074 2540 1316 2603 mentem,
1365 2527 1671 2603 immodicus
1697 2539 1906 2603 somnus
1933 2524 2114 2603 obtun-

531 2606 627 2665 dit,
648 2621 692 2659 et
715 2593 1207 2659 excwcat'animam.
1251 2596 1475 2666 Pervigil
1504 2593 2115 2666 monachtts‘fornicatio-

531 2664 870 2729 nismimicus
891 2691 908 2738 ;
932 2670 1307 2726 somniculosus
1329 2664 1445 2720 vero
1473 2664 1851 2719 contubernalis
1878 2665 1990 2733 ejus
2012 2674 2107 2738 est.

537 2745 741 2811 Vigilite
764 2736 1054 2798 incendium
1081 2740 1310 2794 libidinis
1340 2740 1586 2811 frangunt
1615 2777 1629 2801 ,
1661 2748 1816 2805 atque
1842 2751 1872 2787 a
1899 2736 2112 2811 somniis

531 2806 769 2868 liberant.
799 2813 1044 2881 Suﬂ‘asus
1073 2812 1311 2881 lacrymis
1338 2806 1538 2881 oculus,
1574 2817 1906 2881 tenerumque
1935 2821 2021 2857 cor
2043 2806 2112 2858 ad

531 2887 614 2940 sui
637 2877 917 2938 custodiam
943 2891 1164 2936 erectum
1185 2877 1518 2950 cogitationes
1535 2877 1828 2950 cautissime
1856 2877 2108 2950 obseruat,

531 2958 668 3010 cibos
696 2955 925 3024 fornacis
952 2954 1226 3024 iuniorem
1252 2947 1507 3024 consumit
1535 2993 1548 3016 ,
1591 2947 1851 3024 passiones
1875 2948 2106 3012 edomat,

534 3018 762 3096 lingudm
789 3023 1072 3096 restringit,
1095 3031 1140 3078 et
1161 3019 1413 3096 reprimit,
1441 3018 1690 3096 fugatque
1717 3018 2101 3088 phantasmata.

540 3091 1096 3175 Vigilaits__monachus
1116 3091 1370 3175 piscator
1409 3091 1776 3175 cogitationes,
1809 3103 1994 3175 easque
2019 3105 2109 3158 per

531 3159 961 3235 tranquillitatem
1009 3159 1174 3219 noctis
1203 3160 1452 3235 facillime
1474 3159 1528 3213 et
1558 3159 1917 3227 considerare,
1949 3169 1995 3212 et
2023 3174 2110 3235 ca-

531 3255 648 3305 pere
663 3230 859 3306 potest.
895 3235 992 3290 Dei
1018 3245 1222 3288 amator
1238 3232 1691 3306 monachustntoz
1716 3238 1771 3282 ut
1797 3245 1961 3306 sonus
1977 3230 2109 3306 tuba:

531 3299 865 3376 increpuerit,
891 3307 960 3360 ad
985 3306 1270 3376 orationem
1296 3318 1513 3366 vacans,
1544 3301 1695 3376 littus
1714 3308 1779 3376 _e_t_
1801 3299 1999 3376 hilaris
2013 3300 2104 3376 die

533 3379 601 3449 c_it
624 3395 636 3430 :
672 3369 1016 3449 Euge,'eug_e!
1050 3375 1328 3447 Negligens
1355 3387 1515 3426 vero:
1543 3369 1636 3449 Yte
1656 3373 1802 3449 mihi,
1830 3386 1905 3425 ea!
1931 3371 2057 3423 mihi
2087 3372 2108 3425 .'

531 3441 1021 3519 Diuitias'agricolte
1060 3441 1272 3500 eat'ar'ea
1300 3443 1634 3519 et_torculari
1671 3441 1965 3519 colligunt;
1997 3457 2106 3519 mo-

532 3518 686 3572 nachi
731 3513 850 3573 vero
881 3535 999 3595 suas
1040 3533 1195 3595 opes_,
1228 3513 1919 3595 et‘scientiam.vespertinis
1943 3513 2106 3593 niaxi-
2132 3534 2177 3595 ρ

532 3605 631 3647 nte.
660 3591 1018 3652 nocturnisque
1047 3582 1367 3640 orationibus
1386 3624 1401 3650 ,
1448 3592 1496 3636 et
1531 3583 1693 3636 animi
1723 3582 2107 3636 exercitationi-

533 3659 628 3712 bus
657 3669 990 3731 congregant.
1035 3654 1212 3731 Finita
1249 3655 1336 3708 die
1374 3655 1632 3731 venditor,
1666 3655 1952 3731 monachus
1989 3668 2106 3731 ccio

570 3723 821 3785 salmodia
848 3723 1018 3799 finita,
1043 3728 1272 3782 residens
1297 3734 1561 3799 computat
1589 3730 1813 3778 lucrum.
1851 3723 1976 3799 Ilmc
2005 3724 2104 3779 SS.

577 3810 758 3867 atres;
805 3795 858 3856 ei
907 3801 1057 3870 plura
1104 3799 1242 3870 apud
1289 3797 1444 3870 Idan.
1481 3797 1776 3870 Dnrantum
1815 3795 1995 3870 videre
2025 3805 2110 3870 cst

535 3871 652 3941 (lib.
681 3865 814 3926 tute.
845 3865 928 3940 4):
975 3870 1110 3924 Vide
1143 3865 1312 3922 etiam
1341 3865 1773 3941 inferiusnotata
1800 3865 1869 3941 ad
1897 3879 2013 3933 cap.
2050 3867 2102 3919 8.

606 3950 634 3978 ⁸
665 3943 836 4009 Quam
869 3936 1009 3994 nunc
1033 3941 1294 4009 Primam,
1325 3952 1433 4009 seu
1447 3936 1688 4009 cilicium
1725 3936 1919 3990 Prima:
1951 3949 2109 4009 voca-

533 4026 653 4066 mus
673 4005 781 4076 ,'ut
816 4011 1181 4076 distinguatur
1210 4022 1240 4060 a
1271 4006 1573 4070 Laudibus,
1602 4007 1725 4074 quia
1767 4008 1951 4076 prima
1975 4005 2106 4058 hora

535 4081 640 4136 diei
668 4074 1124 4140 artiﬁcialis—sive
1147 4087 1268 4146 post
1286 4078 1419 4130 solis
1441 4086 1619 4130 ortum
1640 4075 1905 4146 celebrari
1924 4074 2104 4141 debet,

534 4161 594 4222 ut
615 4152 813 4206 indicat
839 4145 1237 4222 hymnus_:.lam
1267 4146 1400 4222 lucis
1429 4145 1755 4222 ortosidere,
1785 4146 1934 4222 idest
1959 4147 2104 4222 sole;

533 4221 773 4289 itemque
801 4216 1029 4276 collecta
1063 4218 1229 4282 Deus,
1261 4218 1348 4289 qui
1379 4216 1448 4268 ad
1487 4218 1794 4289 principium
1819 4216 1974 4287 hujus
2006 4217 2108 4268 diei

535 4309 630 4346 nos
661 4287 920 4361 peruenire
950 4291 1150 4361 fecisti,
1175 4287 1281 4361 etc.
1316 4287 1444 4354 Quze
1479 4287 1694 4361 quidem
1732 4287 1942 4361 Ifrnna,
1983 4302 2105 4361 cum

534 4378 600 4417 ex
623 4357 888 4418 seintentia
912 4357 1132 4416 Patrum
1163 4357 1233 4412 ad
1263 4361 1494 4424 reliquas
1519 4358 1703 4422 horas,
1727 4357 1840 4413 sive
1863 4357 2109 4411 horarias

535 4448 726 4503 preces
767 4432 1009 4489 Cassiani
1055 4431 1255 4503 saeculo
1295 4427 1474 4481 addita
1515 4428 1732 4490 luisset,
1765 4441 1823 4482 ut
1864 4430 2108 4503 superius

537 4500 739 4558 dictum
783 4513 901 4567 est,
951 4501 1304 4557 nihilominus
1339 4511 1518 4554 tamen
1561 4507 1868 4553 statuerunt
1896 4500 1968 4551 illi
2013 4514 2109 4551 no-

535 4583 730 4629 cturno
751 4576 928 4628 ol‘ticto
958 4571 1086 4627 nihil
1120 4571 1338 4626 omnino
1375 4570 1800 4634 detrahendum;
1834 4569 1927 4622 sed
1957 4585 2108 4624 eum-

535 4645 657 4699 dem
692 4645 1018 4714 psalmoruin
1041 4657 1364 4714 numerum,
1386 4650 1438 4694 et
1459 4641 1704 4714 ordinem
1725 4656 1846 4714 esse
1871 4642 2110 4714 retinen-

535 4710 704 4768 dnmf
729 4717 795 4770 Et
840 4719 942 4769 hoc
987 4725 1103 4776 est,
1135 4712 1283 4782 quod
1318 4711 1405 4766 hic
1445 4712 1664 4777 dicitur,
1712 4710 1888 4765 eodem
1928 4710 2110 4764 ordine

540 4785 757 4840 Missam
788 4786 842 4856 (i.
872 4802 924 4841 e.
955 4783 1230 4854 Ofﬁcium)
1261 4783 1314 4836 in
1343 4792 1607 4838 nocturnis
1637 4782 1965 4837 conventibus
1995 4797 2111 4851 per-

535 4867 687 4928 petuo
713 4857 1034 4928 celebratam.

607 4927 634 4966 ι)
669 4931 908 4982 Psaltnos
935 4927 1022 4981 hic
1042 4935 1202 4981 vocat
1233 4925 1462 4996 hymnos
1482 4967 1498 4993 ,
1532 4933 1593 4980 ut
1609 4940 1677 4980 ex
1708 4925 1888 4980 verbis
1917 4939 2110 4978 conse-

536 5000 826 5068 quentibus
873 4998 1074 5066 liquet,
1117 4996 1575 5068 nechincongrne.
1620 4997 1750 5068 l\'ani
1790 4997 2106 5068 Psalterium

536 5066 673 5128 apud
729 5070 987 5126 Hebraeos
1038 5069 1177 5123 liber
1225 5066 1558 5138 Hymnorum
1616 5067 1946 5122 inSt-ribitur.
2002 5066 2108 5121 Sed

541 5142 826 5212 Dionysius
879 5141 1036 5196 vertit
1078 5139 1332 5212 Psaltnos
1371 5153 1470 5212 pro
1515 5139 1753 5212 faciliore
1803 5138 2108 5212 intellectu;

539 5207 971 5282 quandoquidem
1008 5211 1211 5282 usitato
1238 5225 1388 5282 more
1416 5209 1666 5282 loquendi
1704 5209 1892 5278 llytnui
1924 5207 2111 5263 Eccle-

539 5279 791 5337 siasticia
823 5283 1054 5339 Psalmis
1085 5279 1354 5335 Davidicis
1383 5281 1808 5349 distinguantur,
1840 5287 1900 5334 ut
1929 5292 2112 5334 natum

537 5363 640 5406 CSI.

614 5431 634 5454 π
669 5420 861 5478 Prima:
888 5423 1028 5494 apud
1062 5424 1210 5494 ipsos
1235 5436 1424 5476 recens
1456 5420 1747 5490 institutae,
1775 5429 1832 5476 ut
1863 5420 2112 5489 superius

539 5502 868 5547 anttolatutn.

610 5559 635 5598 ἀ
669 5562 900 5617 Ονειιιιτῑὶ
923 5564 1128 5619 oblivio
1157 5565 1352 5621 merito
1379 5564 1534 5618 nobis
1568 5562 1876 5632 objiciatur,
1905 5562 1949 5616 si
1981 5561 2110 5617 illud

543 5632 758 5685 silentio
808 5647 1208 5702 praetereamus.
1256 5636 1486 5690 Proinde
1531 5635 1761 5689 notanda
1815 5635 1869 5688 in
1921 5633 2111 5700 primis

544 5702 642 5758 SS.
677 5709 744 5765 l'u
778 5719 890 5757 rum
921 5706 1087 5773 elogia
1109 5748 1122 5769 ,
1152 5708 1345 5773 quibus
1389 5707 1612 5761 oratorii
1665 5721 1816 5758 usum
1842 5745 1858 5771 ,
1900 5705 2110 5757 institu-

547 5773 853 5835 liOIWmuHc
903 5792 1207 5840 exponunt,
1239 5788 1295 5834 et
1328 5795 1375 5832 et
1399 5778 1726 5832 nnnendant.
1765 5779 1825 5831 ι).
1858 5775 2109 5846 Augusti-

2137 4892 2187 4952 D

2221 2257 2322 2295 nus
2345 2242 2508 2319 epist.
2537 2239 2660 2305 ﬁt,
2686 2237 3003 2319 ad‘Proh‘am
3026 2258 3042 2319 ξ
3073 2239 3140 2296 In
3171 2243 3418 2319 oratorio,
3445 2245 3634 2319 inquit,
3665 2266 3802 2319 prae.

2219 2321 2295 2364 ter
2323 2311 2636 2388 oran_di,_et_
2663 2310 2918 2378 psallendi
2949 2313 3146 2388 cultum
3183 2315 3386 2388 penitus
3423 2310 3556 2369 nihil
3582 2310 3793 2388 agatur,

2218 2391 2276 2454 ut
2322 2383 2516 2454 nomini
2547 2383 2664 2454 huic
2697 2391 2744 2434 et
2775 2397 2930 2454 opera
2957 2383 3157 2454 jugiter
3197 2385 3424 2454 impensa
3463 2383 3796 2443 concordent.

2219 2453 2289 2505 Et
2317 2447 2508 2530 rhrsus
2620 2447 2973 2530 Regulacap:
2995 2447 3068 2508 5':
3095 2453 3159 2508 In
3182 2447 3406 2530 oratorio
3428 2474 3573 2511 nemo
3597 2460 3799 2530 aliquid

2216 2535 2367 2589 agat,
2400 2524 2499 2575 nisi
2531 2523 2584 2575 id
2607 2523 2674 2575 ad
2702 2523 2836 2590 quod
2868 2526 3059 2591 factum
3089 2535 3206 2579 est:
3237 2527 3374 2580 unde
3399 2536 3448 2581 et
3484 2523 3799 2584 nomen'ac-

2217 2594 2376 2669 cepit.
2415 2591 2518 2647 Ubi
2561 2593 2710 2669 H_ngo
2750 2609 2779 2647 a
2826 2593 2884 2648 S.
2925 2593 3163 2669 Victore
3187 2598 3326 2669 scite
3351 2600 3620 2653 annotavit
3650 2604 3797 2669 quod

2219 2663 2486 2736 Dominus
2520 2665 2891 2736 universorum
2910 2707 2924 2729 ,
2944 2679 3062 2736 non
3089 2667 3263 2721 solum
3296 2666 3364 2722 de
3391 2671 3636 2736 personis
3664 2663 3800 2726 reti-

2219 2736 2338 2788 nuit
2367 2734 2467 2788 sibi
2497 2737 2707 2802 aliquos
2727 2733 2793 2787 ad
2824 2735 3238 2789 ministrantium
3258 2778 3272 2798 ,
3297 2747 3353 2791 ut
3384 2733 3660 2795 ininistros
3691 2741 3797 2798 Ec-

2214 2805 2416 2868 clesiae;
2439 2807 2533 2858 sed
2570 2814 2625 2859 et
2645 2806 2712 2858 de
2735 2804 2896 2858 rebus
2921 2806 3160 2860 decimas
3189 2807 3256 2860 ad
3285 2809 3653 2865 ministrorum
3671 2827 3797 2868 sus-

2216 2877 2568 2946 tentationem
2601 2894 2613 2928 :
2649 2877 2716 2928 de
2767 2875 3102 2943 temporibus
3139 2877 3258 2932 dies
3287 2881 3592 2946 solemnes;
3621 2891 3675 2936 ct
3725 2885 3797 2939 de

2213 2945 2346 3001 locis
2366 2947 2542 3015 aliqua
2573 2948 2676 3000 sibi
2707 2946 3024 3016 specialiter
3045 2950 3434 3016 appropriavit,
3462 2951 3526 3006 ad
3551 2945 3796 3008 servien-

2213 3016 2339 3071 dum
2388 3016 2522 3081 sibi;
2571 3017 2711 3072 inter
2753 3033 2872 3086 quin
2903 3027 2988 3072 est
3025 3020 3321 3074 oratorium
3345 3061 3358 3083 ,
3401 3023 3450 3074 id
3483 3032 3601 3088 est,
3637 3023 3796 3080 locus

2211 3089 2444 3142 orationi
2473 3087 2776 3142 dedicatus.
2811 3091 2872 3142 Ι).
2902 3090 3258 3156 Augustinum
3285 3102 3502 3146 secutus
3527 3087 3594 3147 B.
3621 3094 3792 3151 Bene-
3886 3123 3891 3128 -

2211 3157 2387 3230 dictus
2415 3176 2536 3222 cap.
2563 3157 2634 3215 52
2663 3159 2880 3230 Regula:
2908 3177 2922 3212 :
2961 3158 3256 3215 Oratorium
3277 3202 3291 3225 ,
3337 3161 3546 3230 inquit,
3591 3164 3687 3218 hoc
3719 3168 3787 3220 sit

2210 3228 2348 3298 quod
2377 3230 2565 3305 dicitur
2577 3247 2599 3305 ί
2623 3246 2711 3305 nec
2737 3228 3015 3305 quidquam
3046 3231 3288 3305 ibialiud
3319 3228 3640 3305 geraturﬁ(id
3671 3246 3791 3304 est,

2211 3311 2424 3367 agatur,
2457 3301 2539 3354 vel
2573 3301 2694 3373 t‘iat)
2723 3310 2812 3373 aut
2836 3303 3092 3354 condatur
3117 3302 3194 3372 (id
3221 3301 3332 3373 est,
3349 3301 3662 3373 reponatur,
3699 3301 3794 3363 vel

2209 3369 2602 3440 constituatur)
2643 3369 2716 3425 ait
2757 3369 3228 3426 Turrecrematus.
3259 3372 3315 3427 In
3357 3369 3603 3431 oratorio
3642 3369 3790 3433 enim

2216 3457 2321 3495 non
2354 3441 2515 3514 modo
2547 3442 2679 3514 nihil
2711 3441 2972 3514 agendum
3013 3453 3094 3497 est
3116 3483 3130 3507 ,
3169 3444 3270 3498 nisi
3314 3445 3380 3498 ad
3421 3447 3563 3514 quod
3592 3447 3793 3504 factum

2209 3522 2292 3566 est
2321 3529 2334 3564 :
2371 3512 2463 3566 sed
2493 3513 2655 3567 etiam
2685 3511 2817 3566 nihil
2840 3513 3210 3582 reponendum
3239 3515 3306 3569 ad
3329 3511 3653 3580 custodiam,
3678 3519 3786 3574 nisi

2209 3582 2349 3650 qum]
2379 3582 2443 3636 ad
2472 3583 2714 3636 divinum
2743 3584 2944 3638 cultum
2985 3585 3274 3653 pertineat.
3312 3587 3562 3642 Secundo
3595 3599 3793 3645 nolan-

2211 3653 2335 3706 dutn
2372 3653 2681 3723 hujusmodi
2716 3654 2888 3708 locum
2908 3697 2922 3720 ,
2953 3671 3060 3724 quo
3093 3654 3280 3712 lideles
3308 3656 3375 3710 ad
3405 3659 3665 3713 orandum
3685 3700 3701 3724 ,
3735 3670 3793 3716 et

2210 3724 2620 3778 sacriﬁcandum
2668 3725 2966 3779 convenire
3007 3725 3218 3792 solent,
3249 3730 3415 3781 variis
3453 3744 3515 3782 ac
3557 3729 3792 3786 diversis

2212 3803 2322 3848 tum
2349 3794 2487 3861 apud
2517 3793 2756 3858 Graecos,
2778 3805 2889 3849 tum
2921 3796 3060 3865 apud
3092 3796 3312 3851 Latinos
3337 3800 3646 3854 nominibus
3668 3817 3793 3857 esse

2210 3867 2529 3934 appellatum
2563 3882 2575 3918 :
2612 3883 2640 3920 e
2669 3867 2870 3934 quibus
2902 3875 3078 3920 tamen
3106 3867 3219 3922 luec
3247 3869 3527 3924 usitatiora
3551 3912 3566 3936 ,
3604 3882 3660 3925 et
3699 3886 3793 3927 ce-

2212 3936 2440 4009 lebriora
2470 3947 2770 3990 noscuntur
2792 3955 2812 4009 εν
2831 3937 3079 4009 ecclesia,
3105 3939 3424 4000 oratorium,
3449 3940 3640 3995 domus
3664 3943 3785 4009 Dei,

2210 4017 2265 4060 et
2291 4006 2656 4071 Dominicnm,
2687 4008 2906 4061 basilica
2925 4049 2938 4067 .
2965 4010 3226 4076 templum
3245 4052 3258 4073 ,
3293 4016 3676 4065 sanetuarium.
3713 4006 3793 4069 De

2212 4076 2427 4130 nomine
2457 4077 2702 4132 ecclesia:
2743 4077 3040 4133 Wallridus
3087 4079 3314 4134 Strabus
3358 4082 3450 4135 lib.
3491 4083 3558 4136 de
3605 4081 3792 4138 Rebus

2212 4146 2422 4220 Eccle<.
2449 4162 2567 4216 cap.
2593 4150 2624 4204 6
2651 4166 2665 4206 :
2699 4147 2932 4202 Ecclesia
2954 4191 2967 4212 ,
2995 4151 3195 4218 inquit,
3228 4149 3462 4204 Grmcum
3485 4167 3668 4206 nomen
3687 4166 3786 4220 est,

2211 4226 2257 4269 et
2285 4218 2639 4284 interpretatur
2667 4223 2991 4287 convocatio,
3024 4222 3100 4274 vel
3131 4233 3435 4288 conventus,
3473 4239 3585 4276 cum
3612 4227 3678 4277 sit
3709 4218 3792 4279 vel

2211 4292 2462 4357 generalis
2504 4302 2796 4344 sanctorum
2839 4293 3010 4344 unitas
3044 4293 3093 4344 in
3125 4309 3225 4344 una
3251 4292 3382 4360 fide,
3428 4304 3474 4347 et
3514 4294 3793 4350 dilectione

2211 4362 2485 4428 conjuncta
2515 4375 2531 4411 :
2573 4363 2705 4414 unde
2743 4378 2844 4414 una
2871 4402 2884 4422 ,
2911 4372 2957 4414 et
2987 4361 3241 4414 catholica
3272 4364 3465 4416 dicitur
3505 4363 3743 4418 Ecclesia
3773 4383 3791 4421 :

2211 4428 2289 4482 vel
2317 4429 2634 4498 singulorum
2659 4434 2875 4484 societas
2897 4442 3072 4485 sancta
3091 4434 3318 4486 locorum
3343 4449 3362 4486 :
3386 4435 3520 4488 unde
3541 4447 3586 4487 et
3613 4437 3794 4491 inulta:

2212 4500 2452 4574 dicuntur
2493 4499 2754 4558 Ecclesite.
2787 4501 2980 4555 Tamen
3028 4505 3180 4556 etiam
3215 4505 3327 4568 ipsa
3357 4505 3538 4558 domus
3561 4547 3576 4571 ,
3606 4508 3658 4558 in
3688 4524 3794 4574 qua

2211 4571 2278 4623 ad
2308 4571 2481 4624 divina
2510 4576 2584 4628 t'el
2613 4574 2886 4636 discenda,
2918 4574 2993 4626 vel
3015 4574 3319 4627 celebranda
3352 4577 3580 4630 conuenit
3617 4571 3797 4630 multi-

2213 4643 2336 4694 tudo
2363 4642 2618 4710 fidelium,
2648 4644 2858 4696 ecclesia
2908 4654 3136 4714 vocatur.
3168 4644 3371 4698 Harant
3395 4647 3626 4708 exempla
3656 4647 3796 4714 Apo-

2212 4714 2375 4786 stolus
2419 4715 2680 4777 insinttat,
2727 4715 2943 4786 dicens:
2979 4713 3045 4767 Ut
3089 4716 3344 4770 exhiberet
3373 4717 3467 4768 sibi
3513 4713 3794 4786 gloriosam

2215 4783 2515 4857 ecclesiam,
2581 4802 2682 4857 n_on
2727 4784 3007 4857 habentem
3087 4788 3343 4857 maculam,
3387 4783 3548 4855 neque
3603 4803 3794 4857 rugam

2217 4853 2441 4924 (Ep/tes:
2458 4856 2550 4924 7v).
2586 4853 2686 4918 Et,
2715 4855 2858 4924 Sicut
2891 4854 2942 4905 in
2973 4859 3203 4910 omnibus
3241 4853 3471 4910 ecclesiis
3493 4853 3795 4912 sanctorum

2213 4922 2602 4999 doceo(_1b5d.).
2632 4923 3069 4999 EtLMnlieresin
3117 4926 3330 4980 ecclesia
3351 4937 3550 4980 taceant
3574 4927 3716 4991 (Ibid
3747 4931 3791 4999 ).

2212 4992 2279 5047 Et
2308 4992 2468 5048 ntulta
2491 4992 2571 5049 his
2602 4994 2813 5050 similia.
2838 4994 3196 5066 Unusquisque
3219 5001 3373 5051 etiam
3401 5001 3675 5052 electorum
3697 4992 3797 5053 αό-

2215 5083 2326 5119 ntus
2359 5076 2407 5119 et
2432 5069 2692 5138 templum
2739 5067 2830 5138 Dei
2873 5068 3084 5128 dicitur,
3117 5068 3244 5138 sicui
3269 5070 3550 5132 Apostolus
3588 5080 3632 5122 et
3659 5087 3791 5138 suo,

2215 5149 2260 5208 et
2291 5136 2586 5208 prophetico
2618 5137 2886 5206 conﬁrmat
2910 5138 3141 5205 exemplo
3161 5153 3179 5192 :
3202 5137 3501 5208 Templum,
3530 5136 3792 5208 inquiens‘,

2217 5205 2314 5260 Dei
2343 5205 2574 5260 sanctum
2605 5220 2698 5273 est,
2718 5205 2864 5274 quod
2893 5209 3010 5260 estis
3035 5225 3146 5272 vos,
3173 5211 3304 5262 sicut
3332 5205 3454 5261 dicit
3492 5205 3746 5264 Dominus
3774 5205 3793 5264 ὲ

2253 5280 2334 5331 uia
2362 5279 2684 5342 inhabitabo,
2721 5291 2766 5332 et
2824 5279 3151 5332 inambulabo
3180 5281 3234 5333 in
3265 5279 3441 5333 vobis:
3472 5281 3533 5333 lit
3564 5283 3786 5347 reliqua.

2253 5297 2334 5331 uta
2362 5297 2684 5342 tnnamtaoo,
2721 5297 2766 5332 et
2824 5297 3151 5332 manwutaoo
3180 5297 3234 5333 tn
3265 5297 3441 5333 vobis:
3472 5297 3533 5333 (tl
3564 5297 3786 5347 rcuqua.

2217 5297 2287 5403 ἵει
2321 5347 2506 5403 Petrus
2536 5365 2554 5403 :
2602 5349 2719 5422 Vos
2740 5359 2994 5422 tamquam
3024 5349 3224 5422 lapides
3250 5350 3376 5411 rivi,
3400 5353 3791 5422 superanti/ica-

2219 5422 2341 5474 ntini
2365 5422 2545 5473 domus
2594 5419 2884 5489 spiritales,
2915 5431 3018 5474 etc.
3053 5421 3229 5490 Sicut:
3247 5437 3369 5492 ergo
3397 5419 3571 5476 ecclesi
3589 5443 3601 5473 ι
3626 5423 3676 5474 in
3705 5439 3795 5476 ec-

2218 5492 2408 5557 clesia,
2444 5492 2517 5543 sic
2553 5494 2728 5542 nia/tte
2765 5492 2974 5556 donius,
3007 5501 3054 5544 et
3085 5493 3276 5556 templa
3314 5495 3364 5545 in
3393 5494 3546 5545 domo
3589 5492 3710 5556 Dei,
3739 5503 3792 5546 et

2218 5563 2406 5632 templo
2427 5563 2746 5614 conveniunt.
2780 5560 2901 5613 Haec
2926 5563 3031 5615 ille.
3061 5562 3229 5616 Porro
3261 5565 3504 5618 ecclesia!
3529 5579 3558 5616 a
3583 5563 3794 5618 Graecis

2215 5648 2360 5702 smpe
2389 5639 2649 5707 vocantur
2673 5633 2928 5707 εὐκτήρια,
2955 5643 3008 5684 et
3031 5648 3064 5707 ρ
3094 5633 3297 5707 Latinis
3324 5634 3583 5707 oratoria,
3616 5642 3676 5686 ut
3696 5648 3794 5707 su:

2216 5701 2494 5775 pertusas
2533 5701 2594 5754 D.
2627 5701 2924 5775 Augusiino
2950 5714 3003 5756 et
3029 5705 3319 5758 Benedicto
3341 5706 3513 5756 visum
3547 5713 3646 5764 est.
3680 5703 3794 5775 Sed

2215 5772 2272 5833 et
2302 5775 2567 5828 Eusebius
2603 5773 2697 5828 lib.
2728 5789 2761 5828 ιι
2802 5772 3003 5830 Ilistor.
3038 5791 3158 5843 cap.
3201 5777 3266 5831 Ili
3297 5789 3364 5830 ex
3406 5775 3629 5829 Philone
3659 5774 3795 5834 dicit
