4026 6334
454 534 541 583 ter
568 526 823 596 expiare;
855 526 955 584 sed
979 544 1047 584 ne
1071 529 1125 585 in
1152 544 1213 585 ea
1239 528 1477 598 quidem,
1503 544 1630 600 quae
1656 536 1779 600 post
1808 536 1919 584 tres
1946 528 2043 585 ho-

449 629 542 672 ras
566 618 675 671 erit
702 626 954 673 secutura
986 619 1327 685 solemnitas,
1356 610 1776 687 admittendum,
1809 619 1911 675 nisi
1942 634 2041 690 pro

449 708 780 779 negligentia
806 712 1059 780 praesenti
1088 711 1375 768 confestim
1406 728 1535 768 vera
1575 708 1883 769 humilitate
1912 711 2040 768 sub-

450 794 629 856 nixius
678 801 998 860 Satisfacere
1050 800 1414 862 festinaverit.
1469 807 1528 862 In
1576 808 1863 863 nocturnis
1910 821 2042 862 vero

448 895 846 949 conventiculis
884 910 1055 967 usque
1082 896 1149 951 ad
1194 898 1496 954 secundum
1531 899 1802 968 psalmum
1832 882 2043 970 praebe-

449 992 538 1041 tur
576 987 812 1042 tardanti
844 986 1062 1057 dilatio,
1105 989 1180 1045 ita
1211 990 1536 1058 dumtaxat,
1569 999 1628 1046 ut
1664 1000 1949 1062 antequam
1984 989 2045 1045 ll-

448 1081 566 1136 nito
605 1081 797 1137 eodem
827 1082 1038 1152 psalmo
1067 1083 1269 1141 fratres
1297 1084 1353 1140 in
1382 1085 1631 1141 oratione
1661 1084 2041 1155 procumbunt,

446 1174 804 1243 semetipsum
834 1176 1244 1247 congregationi
1274 1177 1521 1233 inserere
1550 1186 1715 1247 atque
1738 1175 2046 1232 admiscere

416 1254 702 1333 'festinet;
749 1267 925 1347 eidem
972 1270 1333 1338 proculdubio
1370 1272 1731 1342 increpationi
1767 1285 1832 1326 ac
1865 1268 2045 1342 pinni-

357 5880 415 5948 Ι

447 1357 661 1429 tentiis,
707 1373 869 1429 quam
916 1360 1306 1431 praediximus,
1359 1362 1765 1435 subjiciendus,
1819 1363 1864 1417 si
1905 1363 2046 1417 ultra

1773 316 2058 377 JOANNIS
2092 316 2407 378 CASSIANI

452 432 635 492 sciens
668 445 1007 505 nequaquam
1043 448 1105 493 se
1125 449 1287 508 posse
1316 435 1545 493 desidiae
1567 449 1680 492 suo:
1709 450 1908 491 noxam
1936 436 2041 492 ali-
2065 443 2115 503 Α
2144 443 2500 510 praestitutam
2543 436 2819 496 dilationis
2861 436 3052 494 horam
3090 434 3177 495 vel
3232 431 3509 494 modicum
3546 428 3734 490 tarda-'-
3763 438 3787 509 ,ί
3814 438 3827 441 “

2141 534 2302 591 verit.

2736 662 2966 722 CAPUT
3005 662 3142 721 VIII.

2149 803 2373 874 Vigilite,
2415 818 2529 874 qua:
2555 819 2588 856 a
2616 818 2825 871 vespera
2855 800 3186 874 illucescente
3222 798 3433 874 sabbato
3459 797 3734 874 celebran-

2213 869 2498 1001 lu;,bquem
2528 869 2771 945 temporis
2800 872 3012 929 modum
3043 879 3276 937 teneant,
3309 871 3390 925 vel
3414 885 3517 941 quo
3547 869 3734 925 ordine

2216 964 2270 1001 ce
2294 964 2320 1001 e
2355 956 2555 1001 rentur.

2210 1078 2356 1136 Sane
2376 1088 2401 1117 ι
2422 1074 2636 1150 vigilias
2660 1094 2780 1149 quae
2801 1077 3030 1149 singulis
3058 1074 3493 1133 hebdomadibus
3507 1090 3539 1131 a
3554 1072 3584 1115 ι»
3608 1089 3737 1132 ves-

2143 1189 2274 1246 pera
2318 1173 2668 1230 illucescente
2704 1173 2937 1230 sabbato
2974 1172 3355 1242 celebrantur,
3401 1171 3607 1227 idcirco
3642 1184 3735 1227 se-

2145 1267 2332 1323 niores
2371 1265 2590 1323 hiemali
2631 1274 2903 1337 tempore,
2930 1279 3038 1335 quo
3067 1274 3257 1320 noctes
3285 1269 3412 1319 sunt
3435 1262 3732 1334 longiores,

2150 1369 2174 1399 ο
2202 1374 2370 1430 usque
2404 1358 2473 1414 ad
2502 1368 2752 1429 quartum
2780 1358 3051 1429 gallorum
3076 1367 3296 1414 cantum
3334 1371 3432 1426 per
3459 1365 3737 1413 monaste-

1522 1476 1783 1532 ALARDI
1822 1473 2062 1533 GAZEI
2099 1474 2665 1533 COMMENTARIUS.

444 1566 937 1640 responsoriorum.
969 1568 1174 1637 Quarta
1205 1580 1293 1626 est
1325 1570 1622 1640 prostratio
1648 1570 1703 1624 in
1751 1575 1955 1625 terram
1992 1569 2047 1625 in

445 1638 555 1692 ﬁne
586 1638 874 1710 horarum,
908 1640 1025 1695 sive
1054 1640 1234 1710 operis
1264 1638 1468 1707 divini,
1502 1657 1669 1709 usque
1705 1640 1833 1695 dum
1875 1640 2046 1696 abbas

446 1723 569 1763 eum
596 1709 839 1762 absolvat
870 1712 937 1764 ab
968 1710 1067 1764 hac
1096 1709 1488 1767 Satislactione.
1525 1712 1720 1766 Forma
1745 1721 1924 1766 autem
1958 1726 2044 1766 sa-

2146 1577 2453 1640 repugnant.
2494 1564 2752 1640 Nonnulli
2780 1567 2956 1622 mortis
2993 1569 3327 1622 meditatione
3354 1583 3408 1623 se
3454 1578 3735 1640 exercent.

2148 1655 2213 1693 etc
2229 1638 2526 1708 hujusmodi
2553 1640 2958 1710 consideratione
2978 1640 3418 1710 compunctionem
3438 1638 3534 1692 sibi
3557 1639 3739 1710 acquig

2147 1726 2261 1764 rere
2288 1707 2568 1764 studentes.
2602 1707 2687 1764 Ea:
2714 1711 2792 1764 Itis
2817 1709 3051 1765 omnibus
3080 1707 3237 1779 primi
3260 1709 3377 1776 illi,
3414 1719 3459 1763 et
3490 1707 3739 1777 postremi

446 1780 767 1850 tisfactiouis
786 1794 881 1849 pro
902 1781 1112 1835 levibus
1127 1783 1302 1850 culpis
1332 1784 1403 1837 ita
1428 1781 1815 1850 praescribitur,
1847 1782 2040 1838 eodem
2070 1778 2119 1839 B
2146 1781 2350 1835 diurnis
2376 1780 2602 1835 excubiis
2639 1780 2903 1846 insistunt,
2931 1780 3141 1835 secundi
3167 1796 3283 1836 vero
3305 1781 3601 1835 monasticw
3622 1780 3737 1834 vita:

446 1848 867 1924 Turrecremato
895 1848 1320 1919 commentante,
1352 1861 1408 1910 et
1430 1848 1735 1923 explicante
1764 1870 1779 1909 :
1815 1854 1917 1917 Qui
1944 1870 2038 1924 pro

446 1921 641 1974 levibus
661 1919 828 1990 culpis
851 1924 1358 1996 excommunicuntur
1378 1924 1453 1996 (id
1479 1919 1581 1989 est,
1606 1919 2037 1995 sequestrantur)

446 1999 720 2065 tantum__a
758 2008 963 2058 mensa,
1009 1994 1062 2047 in
1103 1998 1336 2049 oratorio
1378 1994 1746 2065 satisfaciant:
1785 1995 1940 2049 sicuti
1973 1994 2039 2051 ex

447 2073 603 2131 parte
631 2062 831 2117 dictum
874 2076 959 2119 est
988 2067 1041 2118 in
1070 2065 1237 2133 priori
1268 2065 1440 2120 forma
1460 2108 1474 2129 ,
1506 2062 1761 2120 videlicet
1786 2074 1846 2119 ut
1879 2065 2036 2132 tales,

445 2142 829 2203 permanentes
852 2144 1030 2189 tamen
1057 2137 1108 2189 in
1137 2136 1260 2189 loco
1278 2151 1377 2191 suo
1400 2137 1453 2190 in
1476 2135 1737 2204 oratorio,
1768 2151 1868 2190 nec
1894 2137 2038 2206 psal-

445 2218 625 2270 mum,
660 2219 769 2276 nec‘
801 2206 1153 2275 antiphonatn
1184 2206 1419 2262 debeant
1444 2207 1755 2276 imponere,
1786 2222 1885 2260 nec
1930 2208 2040 2263 lec-

444 2276 622 2330 tiones
665 2272 934 2330 recitaref
964 2277 1098 2332 item
1132 2276 1186 2330 in
1223 2276 1329 2333 line
1370 2272 1622 2332 horarum
1668 2272 1938 2345 projicere
1979 2292 2039 2333 se

445 2345 763 2417 debeontin
797 2354 1020 2413 terram,
1055 2348 1194 2401 sicut
1220 2350 1471 2417 superius
1502 2359 1583 2404 cst
1609 2348 1951 2412 Ordinatum,
1984 2356 2040 2404 et

444 2432 603 2490 usque
635 2416 698 2472 ad
719 2418 1008 2490 jussionem
1032 2418 1232 2490 abbatis
1263 2416 1361 2473 hoc
1384 2420 1576 2490 faciant
1599 2462 1615 2486 ,
1645 2417 1681 2474 i.
1700 2434 1758 2490 Ae.
1782 2419 2039 2490 impleant

445 2488 730 2553 continue,
772 2501 931 2556 usque
970 2488 1095 2543 dum
1135 2489 1290 2544 abbas
1322 2487 1627 2554 benedicat,
1669 2487 1877 2558 signum
1906 2532 1921 2557 ,
1952 2489 2038 2544 vel

445 2559 669 2613 verbum
699 2559 1093 2615 benedictionis
1118 2561 1319 2616 dando.
1352 2562 1429 2615 lla
1453 2560 1902 2617 Turrecrematus
1933 2558 2038 2615 Re-

449 2630 628 2700 gulam
661 2641 962 2697 experiens.

516 2708 545 2739 α
570 2701 781 2769 Vigilia:
825 2700 913 2755 hic
935 2709 990 2756 et
1016 2701 1217 2772 passim
1239 2712 1502 2757 vocantur
1524 2709 1800 2772 nocturna:
1826 2715 2035 2770 preces,

444 2779 499 2826 et
528 2780 850 2839 conventus,
900 2772 953 2826 in
985 2771 1183 2840 quibus
1208 2772 1320 2836 illi,
1348 2782 1403 2829 et
1426 2774 1514 2827 alii
1544 2771 1796 2827 monachi
1823 2772 2038 2827 illorum

445 2842 697 2913 exemplo
728 2842 794 2899 de
825 2849 985 2897 nocte
1018 2843 1343 2912 j‘ervigilare
1364 2887 1378 2911 ,
1426 2853 1481 2898 et
1511 2853 1781 2913 tamquam
1840 2844 2037 2899 milites

442 2912 759 2985 spiritales,
809 2928 905 2968 seu
951 2914 1205 2985 custodes
1250 2930 1413 2985 supra
1463 2912 1653 2985 muros
1698 2913 2036 2970 Hierusalem

442 2984 720 3038 constituti
750 2986 1019 3040 excubare
1070 2984 1268 3039 solent.
1321 2984 1464 3039 ’llinc
1491 2984 1555 3038 D.
1592 2985 1951 3054 Hieronymus
1982 2986 2037 3041 in

441 3068 564 3123 cap.
596 3069 651 3108 tv
680 3055 890 3110 Daniel.
936 3069 1200 3125 enarratis
1233 3056 1327 3125 illa,
1354 3056 1515 3110 verba
1550 3071 1564 3109 :
1597 3054 1662 3109 Et
1713 3070 1852 3121 ecce,
1888 3055 2035 3125 vigil,

2143 1852 2407 1921 propiores
2459 1861 2613 1914 sunt;
2645 1853 2781 1906 tertii
2806 1868 2921 1905 vero
2948 1851 3250 1921 inferiorem
3273 1851 3540 1921 ambulant
3574 1851 3735 1907 viam.

2150 1918 2341 1977 Verum
2368 1938 2431 1976 ea;
2451 1923 2717 1978 devotione
2732 1932 2781 1978 et
2799 1923 2985 1976 virtute
3006 1918 3335 1989 offerentium
3357 1918 3499 1975 Deus
3521 1937 3737 1977 munera

2140 1994 2379 2063 suscipit,
2413 2004 2457 2046 et
2488 1995 2729 2048 aestimat.
2776 1992 2902 2049 Haec
2952 1992 3043 2048 ille
3072 1992 3141 2049 de
3170 1990 3448 2049 monachis
3478 1991 3562 2047 sui
3592 2002 3734 2048 tem-

2142 2067 2290 2136 poris
2317 2062 2502 2136 (Grad.
2552 2065 2663 2136 10).

2209 2132 2237 2173 δ
2268 2132 2504 2191 Sabbato
2553 2132 2900 2191 illucescente
2923 2175 2939 2200 ,
2996 2133 3049 2191 id
3087 2142 3192 2201 est,
3225 2133 3514 2191 inchoante
3552 2150 3582 2190 a
3609 2149 3737 2192 ves-

2141 2219 2291 2274 pera,
2314 2205 2398 2260 vel
2421 2205 2849 2275 paraplirastice,
2880 2213 2939 2261 ut
2956 2205 3270 2277 Dionysius,
3295 2206 3347 2259 in
3364 2216 3522 2261 nocte
3541 2206 3736 2277 feriam

2139 2286 2346 2332 sextam
2371 2274 2631 2345 sequente
2671 2293 2685 2329 :
2717 2292 2839 2331 nam
2888 2274 3433 2346 sabbati'observatio
3453 2276 3593 2346 apud
3626 2276 3736 2334 He-

2144 2346 2321 2402 braeos
2351 2363 2382 2402 ιι
2410 2361 2640 2413 vespera
2676 2347 2995 2418 incipiebat,
3020 2347 3122 2402 hoc
3145 2356 3252 2409 est,
3284 2345 3570 2418 decidente
3590 2348 3732 2416 sole,

2140 2425 2197 2472 et
2234 2418 2287 2472 in
2315 2433 2595 2486 vesperam
2628 2416 2930 2473 desinebat.
2957 2417 3053 2472 Est
3082 2427 3264 2472 autem
3295 2416 3385 2473 hic
3432 2418 3734 2474 observan-

2140 2487 2268 2542 dum
2297 2488 2437 2557 apud
2462 2489 2582 2543 illos
2611 2486 2904 2544 monachos
2928 2497 3037 2543 tam
3060 2489 3259 2554 noctis,
3285 2503 3445 2557 quam
3466 2489 3571 2545 diei
3601 2488 3732 2546 sab-

2139 2557 2308 2613 batini
2334 2561 2683 2630 peculiarem,
2710 2570 2764 2615 et
2786 2559 2857 2614 ab
2882 2559 3003 2615 aliis
3046 2559 3317 2630 diversam
3348 2558 3517 2616 fuisse
3561 2574 3732 2617 caere-

2140 2627 2421 2701 moniam,
2482 2641 2537 2685 et
2588 2631 3025 2686 observationem
3082 2627 3289 2701 (Leuit.
3341 2629 3538 2701 xsttt).
3594 2629 3733 2688 Nam

2140 2699 2353 2771 vigilias
2403 2710 2697 2757 nocturnas
2740 2701 2909 2756 multo
2962 2700 3229 2771 longiores
3273 2711 3329 2756 et
3372 2699 3733 2759 soleinniores

2141 2770 2452 2838 habebant;
2483 2772 2553 2826 ita
2590 2781 2647 2827 ut
2679 2781 2846 2827 totam
2885 2773 3003 2827 fere
3042 2770 3259 2827 noctem
3307 2772 3631 2840 insomnem,
3676 2782 3730 2832 et

2141 2842 2454 2913 pervigilem
2485 2844 2771 2911 ducerent,
2824 2842 3021 2911 partim
3077 2843 3301 2911 privatis
3343 2843 3729 2910 orationibus,

2143 2913 2334 2981 partim
2377 2913 2571 2969 ciliciis
2612 2913 2933 2980 nocturnis,
2988 2921 3044 2969 et
3095 2913 3373 2969 canonicis
3427 2925 3727 2971 vacantes:

2140 2981 2349 3039 duabus
2391 2994 2596 3039 tantum
2643 2985 2790 3040 boris
2818 2984 2919 3039 sub
2951 2984 3114 3040 tinem
3168 2985 3340 3040 noctis
3392 2985 3459 3040 ad
3505 2983 3729 3045 brevem

2140 3068 2410 3127 somnum,
2434 3065 2489 3110 et
2513 3057 2751 3127 quietem
2773 3056 3094 3127 captandam
3112 3055 3215 3127 sibi
3242 3054 3533 3127 concessis,
3556 3070 3729 3127 usque

441 3133 491 3217 ει
512 3134 720 3208 sanctus
746 3126 811 3182 de
838 3125 962 3217 δειξίο
981 3123 1270 3217 Ιιίεδρεηάὶι.
1303 3124 1409 3217 Pio
1440 3126 1604 3197 vigili,
1633 3126 1803 3217 ipqqit
1825 3167 1839 3189 ,
1873 3123 2037 3217 Theo:
2064 3154 2110 3217 Ο
2141 3123 2267 3217 dum
2299 3141 2491 3217 altiora
2513 3123 2928 3210 adventante'ad
2942 3125 3232 3217 Matutinos
3252 3126 3510 3209 psalmos,
3539 3127 3591 3181 ld
3614 3123 3725 3217 est,

442 3194 584 3249 datio
640 3197 808 3267 ipsum
860 3196 1206 3267 Chaldaicum
1260 3194 1853 3264 vet'bum'posuit‘Hir,
1900 3197 2037 3267 quod

439 3284 534 3340 per
557 3277 657 3321 tres
684 3269 880 3323 litteras
919 3269 1043 3340 Ain,
1072 3266 1201 3333 Jan,
1226 3277 1276 3322 et
1316 3268 1416 3340 Res
1441 3267 1710 3340 scribitur.
1759 3266 2035 3340 §igniﬁcat

439 3337 613 3411 autem
631 3340 869 3411 angelos,
908 3338 1044 3411 quod
1066 3355 1266 3409 semper
1294 3339 1524 3411 vigilant,
1567 3346 1613 3391 et
1643 3337 1711 3390 ad
1751 3337 1849 3392 Dei
1874 3340 2035 3407 impe-

439 3408 575 3462 rium
597 3408 913 3479 sint’parati.
942 3408 1089 3463 Unde
1130 3416 1177 3463 et
1201 3427 1293 3464 nos
1338 3409 1525 3463 crebris
1570 3412 2033 3477 pernoctatiouibus

438 3480 705 3533 imitamur
724 3481 1029 3549 angelorum
1056 3480 1253 3549 ofﬁcia.
1289 3480 1433 3534 Idem
1457 3481 1617 3545 epist.
1647 3482 1738 3544 55,
1766 3480 1831 3533 ad
1866 3480 2031 3548 liipa-

437 3551 580 3623 rium
613 3567 628 3607 :
656 3550 813 3619 Quod
826 3551 955 3605 dicis
983 3550 1333 3623 Vigilantiam
1371 3551 1576 3623 vigilias
1604 3552 1882 3623 exsecrari,
1907 3552 2032 3623 facit

436 3619 537 3675 hoc
580 3634 760 3676 contra
780 3619 1079 3677 vocabulum
1104 3638 1275 3687 suum,
1309 3631 1365 3676 ut
1391 3619 1512 3677 velit
1540 3620 1766 3675 dormire
1798 3619 2031 3731 Vigilan-

439 3692 543 3731 ιὸηε
590 3701 639 3731 Μ
685 3710 785 3731 nnn
840 3694 986 3731 nudi!
1016 3692 1334 3731 .intmlnrnm
1390 3694 1644 3731 Ilirpnlpm
1672 3710 1685 3723 ο
1742 3692 1829 3731 ςδι-
1927 3710 2028 3731 smn

438 3692 559 3758 tius,
590 3701 639 3747 et
684 3710 788 3748 non
840 3694 986 3747 audit
1015 3692 1338 3748 Saloutorem
1390 3694 1685 3746 dicentem:
1739 3692 1879 3747 Sic?
1927 3710 2030 3747 non

438 3765 673 3834 potuistis
698 3781 800 3818 una
823 3766 949 3819 liora
979 3764 1194 3833 vigilare
1218 3780 1418 3817 mecum
1440 3765 1465 3817 ?
1503 3762 1745 3835 Vigilate,
1770 3772 1817 3817 et
1859 3773 2028 3828 orate,

434 3842 501 3888 tte
523 3835 720 3889 intretis
746 3836 800 3889 in
836 3837 1187 3905 tentationem.
1225 3835 1454 3905 Spiritus
1482 3843 1753 3903 promptus
1795 3844 1867 3887 est
1897 3835 2033 3905 ,‘7sed

437 3919 559 3977 caro
590 3906 824 3977 inﬁrma
853 3904 1070 3977 (Matth.
1096 3903 1277 3973 xxtv).
1314 3903 1381 3977 Et
1406 3907 1479 3958 in
1507 3906 1609 3957 alio
1641 3906 1752 3977 loco
1777 3904 2027 3975 praplteta

436 3974 679 4045 decantat
710 3992 729 4029 :
767 3974 946 4028 Media
976 3984 1122 4045 nocte
1169 3976 1438 4045 surgebam
1481 3974 1836 4045 uticonﬁterer
1874 3974 2027 4041 super

436 4043 638 4116 iudicia
669 4055 781 4111 tua,
814 4045 1031 4098 Domine
1063 4044 1234 4116 (l’sal.
1260 4043 1468 4113 CXVIII).
1495 4044 1800 4116 _Dominum
1830 4062 2028 4115 quoque

436 4116 493 4170 in
520 4115 799 4187 Evangelia
845 4114 1166 4187 pernoctasse
1213 4116 1428 4185 legimus
1460 4114 1614 4187 (Luc.
1648 4114 1848 4187 γήρει
1896 4132 2024 4184 apo-

438 4189 594 4258 stolos
618 4185 822 4240 clausos
847 4185 1048 4240 carcere
1067 4193 1176 4239 tota
1204 4196 1349 4239 nocte
1372 4186 1632 4258 vigilasse,
1662 4195 1717 4238 ut
1744 4185 1861 4258 illis
1884 4187 2025 4256 psal-

439 4257 659 4312 lentibus
685 4267 823 4310 terra
852 4265 1145 4328 quateretur
1178 4298 1192 4322 ,
1248 4257 1433 4310 custos
1477 4257 1695 4328 carectis
1745 4257 1972 4328 crederet
2003 4300 2018 4324 ,

438 4330 764 4400 magistratus
792 4325 1061 4400 etr‘civitas
1092 4338 1400 4400 terrerentur
1428 4327 1561 4397 (Act.
1596 4325 1729 4400 XVI).
1772 4327 2022 4400 Loquitur

437 4398 641 4472 gaulus
663 4417 684 4472 _:
714 4399 948 4453 Orationi
974 4399 1492 4472 insistitevigilantes
1521 4400 1573 4452 in
1593 4415 1651 4452 ea
1668 4398 1891 4472 (galeas.
1917 4401 2015 4472 tv).

436 4468 507 4543 Et
531 4472 586 4524 in
612 4470 723 4543 alio
770 4467 1039 4543 locogyln
1088 4467 1287 4543 vigiliis
1327 4470 1612 4543 frequenter
1649 4467 1725 4539 (II
1755 4470 1877 4543 Cat:
1914 4467 2015 4541 ιιι).

2141 3195 2327 3251 laudes
2354 3197 2639 3252 Matutinas
2669 3205 3017 3253 vocarentur.
3050 3195 3217 3266 Cujus
3244 3195 3514 3253 rationem
3546 3196 3730 3254 reddit

2144 3268 2345 3338 Auctor
2375 3283 2495 3338 cap.
2527 3267 2581 3323 9.
2622 3268 2773 3323 Diem
2828 3283 2957 3323 vero
3001 3267 3209 3322 sabbati
3258 3268 3449 3323 festum
3498 3267 3731 3336 agebant

2139 3352 2293 3393 more
2314 3337 2610 3394 Orientalis
2643 3338 2917 3403 Ecclesiae,
2947 3353 3046 3394 nec
3070 3353 3136 3392 eo
3162 3339 3250 3394 die
3274 3337 3591 3407 jejunabant
3612 3379 3627 3404 ,
3667 3349 3728 3395 ut

2137 3407 2261 3463 aliis
2290 3408 2503 3481 diebus,
2532 3420 2590 3463 ut
2620 3409 2757 3481 inira
2783 3410 2943 3463 latius
2968 3408 3286 3481 ostendetur
3314 3407 3465 3480 (Cap.
3500 3409 3536 3465 5
3562 3418 3612 3465 et
3644 3409 3727 3481 6).

2212 3488 2235 3518 (⁵
2284 3479 2627 3552 Simpliciter
2660 3479 2798 3534 dixit
2822 3480 3071 3547 superius
3096 3479 3306 3552 :“Ante
3323 3479 3576 3552 gallorum
3604 3479 3729 3537 can.

2137 3557 2264 3621 tum.
2302 3550 2369 3604 Et
2397 3549 2511 3620 post
2541 3549 2802 3621 gallorum
2838 3562 3068 3606 cantum.
3118 3550 3219 3604 Hic
3246 3549 3430 3605 addito
3454 3566 3682 3606 numero
3708 3570 3723 3604 :

2140 3618 2412 3693 Usquead
2438 3618 2677 3692 quartum
2700 3623 2963 3693 gallorum
2990 3631 3216 3685 cantum.
3251 3622 3415 3691 Cujus
3442 3624 3729 3693 occasione

2134 3691 2333 3760 aliquid
2362 3691 2649 3747 dicendum
2678 3691 2888 3747 videtur
2930 3692 2999 3748 de
3017 3692 3144 3762 galli
3167 3701 3327 3747 cantu
3346 3732 3360 3755 ,
3388 3707 3482 3748 seu
3508 3692 3723 3762 gallici-

2135 3763 2261 3834 nio,
2289 3762 2517 3834 ejusque
2552 3765 2785 3827 ratione,
2812 3774 2866 3819 et
2893 3762 3289 3833 signiﬁcatione
3310 3803 3325 3829 ,
3348 3773 3481 3834 tam
3502 3778 3568 3818 ex
3598 3779 3726 3829 pro-

2132 3830 2496 3904 fanis,'qua'm
2523 3849 2588 3890 ex
2621 3834 2793 3889 sacris
2823 3830 3135 3889 auctoribus
3157 3875 3173 3898 ,
3220 3833 3361 3901 quod
3392 3848 3499 3888 non
3545 3836 3725 3904 solum

2132 3902 2200 3956 ad
2226 3902 2387 3973 hujus
2407 3920 2553 3974 cap.,
2577 3905 2673 3976 sed
2702 3915 2757 3960 et
2786 3905 3021 3976 plurium
3049 3903 3355 3976 Scriptura;
3373 3918 3543 3976 sacra:
3573 3902 3725 3962 Ioco-

2133 3988 2254 4028 rum
2288 3973 2696 4046 intelligentiam
2743 3973 3033 4046 conducat.
3086 3973 3252 4046 Igitur
3280 3974 3489 4031 Plinius
3539 3975 3634 4031 lib.
3686 3992 3724 4034 ι

2129 4045 2343 4118 cap.2l
2383 4064 2396 4101 :
2433 4043 2716 4118 Proxime,
2740 4045 2915 4118 inquit
2957 4043 3207 4118 (scilicet
3233 4055 3356 4116 post
3390 4059 3626 4115 potiones
3654 4048 3674 4115 )
3701 4089 3720 4115 ,

2128 4114 2352 4184 gloriam
2384 4117 2604 4171 sentiunt
2624 4126 2670 4171 et
2699 4117 2752 4171 hi
2776 4114 3257 4187 vi’giles'nocturni',
3290 4114 3418 4187 quos
3438 4114 3722 4175 excitandis

2126 4188 2185 4259 in
2201 4202 2357 4258 Opera
2377 4186 2697 4253 mortalibus,
2720 4186 2999 4259 somnoque
3012 4186 3501 4259 rumpendonatura
3520 4191 3720 4258 genuit.

2128 4255 2338 4311 Norant
2374 4259 2571 4331 sidera,
2603 4267 2674 4331 ret
2717 4269 2889 4313 ternas
2916 4255 3265 4331 distinguunt
3309 4255 3467 4311 horas
3496 4255 3722 4314 interdiu

2126 4336 2303 4383 cantu.
2358 4328 2487 4384 Cum
2530 4330 2638 4384 sole
2687 4340 2805 4385 eunt
2860 4328 3720 4398 cubituquuartaquecastrensi

2124 4399 2323 4468 vigilia,
2381 4399 2448 4453 ad
2502 4418 2693 4465 curas,
2750 4399 3075 4470 laboremque
3122 4397 3378 4454 revocant.
3429 4397 3542 4453 Nec
3589 4399 3717 4455 solis

2128 4478 2297 4524 ortum
2324 4473 2544 4539 incautis
2569 4472 2837 4542 patiuntur
2858 4472 3098 4540 obrepere
3122 4510 3137 4535 ,
3168 4471 3398 4541 diemque
3433 4473 3721 4542 venientem

430 4539 678 4613 Dormigt
698 4541 869 4611 itaque
902 4538 1376 4613 Vigilantiushetab
1391 4538 2023 4613 eaterntinatore/Egypti
2048 4538 2103 4598 D
2130 4543 2369 4597 nuntiant
2402 4538 2599 4609 cantu';
2639 4544 2812 4609 ipsum
2844 4538 3212 4613 itera;cantunt
3243 4538 3431 4613 plausu
3476 4540 3715 4597 laterum.

436 4628 552 4667 sum
578 4610 843 4682 rEgypttis
871 4610 1127 4666 dormiens
1155 4610 1454 4679 suﬁ‘ocetur.
1486 4612 1613 4666 Haec
1650 4613 1709 4666 Ι).
1758 4610 2019 4683 Hierony-

433 4697 556 4753 mus
619 4682 1019 4753 Scripturarum
1063 4692 1118 4736 et
1145 4685 1510 4752 exemplorum
1540 4682 2012 4752 locupletissimus.

431 4751 707 4809 Praeclare
735 4751 914 4808 itidem
943 4755 1179 4809 Joannes
1210 4751 1478 4808 tilunacus
1511 4751 1681 4823 nuper
1723 4754 1919 4808 citatus
1947 4754 2017 4811 de

431 4826 821 4880 monachorum
850 4824 1068 4894 vigiliis,
1120 4832 1175 4879 et
1223 4826 1496 4878 nocturnis
1543 4826 1815 4880 exercitiis
1846 4826 2018 4881 disse-

430 4910 560 4952 rens
585 4897 636 4951 in
661 4897 803 4950 hunc
826 4902 1041 4949 modum
1065 4912 1078 4947 :
1116 4894 1169 4947 Tt
1187 4896 1352 4948 rrenis
1375 4895 1599 4966 quidem,
1625 4912 1686 4949 ac
1718 4896 2016 4951 mortalibus

431 4966 634 5039 regibus
656 4967 743 5038 qui
765 4975 957 5033 astant,
982 4966 1072 5020 alii
1093 4966 1338 5039 expediti,
1362 4984 1423 5020 ac
1451 4967 1580 5019 nudi
1607 4966 1854 5039 fereﬁsunt
1878 4983 1899 5032 ;
1921 4966 2017 5021 alii

432 5036 623 5108 fasces,
655 5036 1003 5109 aliiclypeos.
1054 5037 1144 5090 alii
1197 5036 1399 5109 gladios
1444 5045 1634 5091 tenent.
1692 5038 1783 5092 Est
1839 5047 2014 5093 autem

429 5110 639 5179 ingens,
673 5108 835 5179 atque
856 5109 1271 5179 incomparabilis
1318 5108 1600 5175 primorum
1638 5116 1704 5163 ad
1749 5118 2016 5177 sequentes

430 5177 747 5245 differentia.
798 5177 1138 5250 Quippe'alii
1196 5180 1402 5250 proprie
1445 5180 1649 5250 cegnati
1694 5181 1829 5247 regis
1883 5195 2013 5247 esse,

428 5258 583 5316 atque
613 5251 1003 5322 familiarissimi
1032 5249 1194 5322 solent
1221 5268 1233 5303 :
1259 5249 1312 5301 hi
1334 5266 1449 5304 vero
1482 5249 1635 5317 servi,
1671 5258 1719 5304 et
1751 5251 2016 5303 ministri:

429 5326 479 5374 et
504 5319 762 5391 ista'quid.
783 5338 827 5373 nt
851 5322 923 5375 ita
950 5338 1002 5375 se
1024 5319 1226 5374 habent.
1256 5323 1363 5392 Age
1394 5337 1528 5385 vero,
1548 5322 1661 5391 jam
1678 5337 1767 5374 nos
1789 5336 2017 5391 quoque,

428 5406 655 5463 quonam
698 5393 871 5463 modo
897 5393 952 5446 in
1006 5396 1321 5463 vespertinis,
1365 5392 1663 5463 diurnisque
1690 5392 2017 5463 conventibus

430 5468 482 5533 et
503 5462 817 5533 orationibus
843 5462 973 5525 Deo,
998 5472 1044 5517 et
1073 5462 1183 5533 regi
1222 5471 1393 5516 nostra
1418 5465 1701 5517 assistimus
1723 5508 1736 5529 ,
1777 5462 2018 5517 solertius

426 5531 783 5605 inspiciamus.
816 5533 1062 5605 Quidam
1090 5531 1224 5587 enim
1254 5536 1305 5587 in
1332 5533 1629 5605 vespertinis
1677 5535 2020 5605 pernoctatio-

425 5601 582 5657 nibus
602 5603 968 5673 expeditissimi
989 5622 1021 5657 a
1042 5621 1166 5659 cura
1196 5604 1377 5659 mundi
1397 5601 1594 5673 ,puras
1631 5601 1701 5658 ad
1728 5605 2015 5659 orationem

427 5672 714 5745 extendunt
768 5689 973 5745 manus.
1021 5677 1126 5730 Alii
1155 5693 1268 5731 cum
1298 5672 1615 5745 psalmorum
1666 5674 2018 5732 modulatione

427 5742 700 5800 assistunt.
752 5744 858 5799 Alii
887 5745 1096 5821 lectioni
1119 5749 1282 5821 magis
1302 5742 1632 5821 incumbunt.
1666 5746 1893 5816 Quidam
1923 5764 2015 5816 per

590 5830 841 5895 manuum
862 5832 929 5874 ex
946 5817 1247 5886 inﬁrmitaie
1266 5818 1483 5877 viriliter
1508 5817 1752 5876 adversus
1778 5822 2013 5880 somnum

2125 4612 2216 4668 Sic
2249 4614 2357 4669 ille.
2412 4613 2604 4669 Cicero
2630 4615 2725 4669 lib.
2770 4627 2807 4667 tt
2852 4611 2919 4667 de
2971 4610 3354 4669 Divinatione:
3392 4610 3719 4669 Democritus

2122 4685 2328 4756 quidem
2351 4686 2557 4756 optimis
2582 4684 2743 4739 verbis
2784 4684 3009 4756 arplicat
3059 4700 3149 4737 cur
3201 4693 3319 4738 ante
3367 4682 3532 4737 lucent
3582 4683 3712 4754 galli
3806 4736 3813 4742 .

2123 4754 2311 4809 canant
2337 4772 2356 4811 :
2388 4754 2619 4822 Depulso
2646 4756 2779 4808 enim
2805 4754 2869 4807 de
2890 4763 3092 4822 pectore
3116 4798 3130 4822 ,
3164 4766 3212 4809 et
3233 4756 3286 4808 in
3335 4768 3483 4808 omne
3524 4769 3716 4823 corpus

2125 4826 2307 4889 diviso,
2330 4836 2377 4879 et
2403 4824 2696 4895 modiﬁcato
2720 4824 2829 4878 cibo
2852 4836 3034 4881 cantus
3063 4826 3212 4895 edge
3259 4825 3428 4895 quiete
3455 4826 3673 4881 satiatos
3696 4841 3717 4880 :

2122 4898 2212 4968 qui
2238 4897 2443 4966 quidem
2484 4893 2683 4950 silentio
2708 4896 2871 4968 noctis
2897 4895 2994 4968 (ut
3020 4897 3091 4951 ait
3116 4893 3320 4949 Ennius
3346 4894 3570 4968 )Afavent
3599 4898 3718 4968 fauo

2124 4965 2307 5031 cibus;
2337 4982 2527 5039 rursus
2549 4979 2723 5039 cantu,
2753 4965 3303 5039 plausuquepremunt
3343 4966 3474 5021 alas.
3519 4966 3720 5039 Suidas

2122 5040 2442 5112 tangentis
2468 5036 2591 5108 (AI.
2625 5035 2858 5112 rogaturi]
2894 5055 2907 5091 :
2952 5035 3103 5104 Quis,
3137 5038 3327 5112 inquit.
3380 5036 3720 5112 vocalissitntg

2121 5110 2203 5181 avi
2222 5108 2379 5181 intra
2389 5114 2522 5181 cedes
2543 5108 2821 5181 persuasit,
2837 5108 2901 5181 ut
2914 5118 3189 5163 nocturnas
3210 5109 3365 5181 horas
3382 5108 3717 5181 numeraret?

2122 5179 2186 5234 D.
2220 5177 2449 5234 Basilius
2479 5177 2664 5234 ho'tnil.
2696 5181 2729 5235 8
2761 5181 2812 5234 in
2843 5179 3183 5235 Hexameron
3210 5197 3222 5232 :
3258 5179 3338 5232 Ad
3368 5194 3526 5249 opera
3550 5179 3713 5248 conﬁ-

2120 5250 2301 5305 cienda
2327 5257 2377 5303 te
2404 5250 2675 5317 familiaris
2704 5267 2767 5305 ac
2798 5251 3079 5306 domestica
3116 5250 3297 5305 excitet
3350 5251 3456 5304 ales
3485 5288 3502 5316 ,
3562 5258 3718 5305 acuta

2120 5320 2450 5375 inclamitans
2480 5338 2600 5375 voce
2629 5362 2645 5387 ,
2697 5331 2953 5393 cantuque
2998 5338 3092 5376 suo
3118 5318 3303 5393 solem
3331 5321 3505 5375 adhuc
3557 5319 3715 5393 longe

2120 5394 2468 5446 advenientem
2495 5393 2809 5464 prwdiccns,
2837 5391 3049 5462 cumque
3076 5391 3358 5447 viatoribus
3386 5406 3536 5464 mane
3554 5391 3716 5464 evigi-

2128 5466 2264 5528 lans,
2289 5474 2338 5517 et
2364 5465 2433 5517 ad
2461 5462 2583 5519 suos
2612 5463 2830 5527 labores,
2860 5474 3010 5533 atque
3059 5479 3272 5518 messem
3298 5462 3557 5533 agricolas
3587 5462 3715 5533 edu-

2127 5550 2244 5589 cens
2271 5534 2487 5589 (edibus.
2522 5534 2718 5591 Verum
2759 5531 3161 5603 elegantissime
3202 5531 3343 5589 hanc
3390 5533 3518 5603 galli
3560 5531 3717 5601 galli-

2126 5605 2280 5663 nacei
2306 5606 2688 5676 proprietatem
2710 5603 2979 5676 praedicat
3024 5604 3095 5676 ι)ἶ
3112 5674 3124 5676 ᾼ
3142 5605 3463 5676 Ambrosius
3495 5603 3717 5676 hymno

2126 5673 2456 5744 Matutinali,
2493 5678 2608 5732 sive
2632 5674 2725 5744 qui
2754 5673 2821 5731 ad
2846 5675 3036 5733 laudes
3078 5674 3364 5731 Matutinas
3401 5673 3510 5731 diei
3539 5673 3717 5730 domi-

2126 5690 2456 5744 tuatuttnau,
2493 5690 2608 5732 srve
2671 5690 2725 5731 ut
2754 5690 2821 5731 au
2846 5690 3036 5733 tauaes
3078 5690 3364 5731 matutinas
3401 5690 3510 5731 utet
3539 5690 3716 5730 comt-

2125 5749 2265 5804 nicte
2302 5749 2425 5804 cani
2470 5690 2817 5877 solethujus
2847 5746 2966 5817 ipse
3014 5755 3205 5805 auctor
3254 5754 3392 5803 teste
3447 5746 3611 5803 etiam
3647 5744 3716 5827 ρ.

2129 5820 2429 5877 Augustino
2454 5818 2551 5877 lib.
2581 5832 2603 5877 ι
2678 5825 2904 5877 etracta.
2936 5833 3058 5877 can.
3084 5817 3222 5877 21).
3263 5816 3323 5877 in
3368 5831 3479 5877 auo
3521 5814 3715 5876 multi-

2129 5820 2429 5893 Augustino
2454 5818 2551 5878 lib.
2581 5832 2603 5879 ι
2628 5814 2904 5879 Retracto.
2936 5833 3058 5894 cap.
3084 5817 3222 5893 Si),
3263 5816 3323 5879 in
3368 5831 3479 5892 quo
3521 5814 3715 5876 multi-

2655 5934 2783 5961 κριὲ)
2818 5934 2859 5952 ’-

3745 712 3771 799 ³ι
