4026 6334
515 261 688 307 κ’³³

394 320 508 396 145

1703 328 1987 390 JOANNIS
2023 324 2343 390 CASSIANI

3559 324 3679 409 ut

393 445 571 505 noctis
613 443 913 502 refectione
942 446 1208 502 contenti.
1238 444 1391 512 Quod
1429 458 1530 500 nos
1570 459 1782 516 quoque
1822 447 1971 502 omni
1998 449 2048 508 Α
2075 447 2256 501 verius
2292 442 2540 509 dixerim,
2591 455 2697 498 non
2725 438 2997 513 superﬂua
3019 482 3034 510 ,
3081 440 3177 499 sed
3212 445 3524 498 necessaria
3557 457 3658 497 vo-

395 539 781 598 o'bservatione
803 537 1086 594 custodire
1107 537 1379 603 convenit,
1410 545 1468 590 ut
1499 536 1707 591 scilicet
1732 537 1977 593 contenti

391 648 589 691 somno
616 633 708 703 qui
753 631 910 687 nobis
947 640 1075 701 post
1112 629 1419 699 vigiliarum
1457 630 1674 685 Missam
1702 645 1874 698 usque
1908 630 1974 684 ad

393 726 534 782 lucis
559 724 873 795 indulgetur
901 721 1213 787 adventum,
1243 720 1296 776 id
1326 728 1430 789 est,
1463 735 1634 790 usque
1662 720 1728 775 ad
1757 718 1976 774 matuti-

393 832 499 874 nos
540 816 782 887 psalmos
818 856 833 882 ,
892 822 1062 869 totum
1102 814 1360 882 deinceps
1400 812 1542 867 diem
1585 811 1639 866 in
1689 825 1852 881 opere
1914 824 1978 865 ac

394 910 721 966 necessariis
765 908 1034 963 ducamus
1078 905 1309 970 ofﬁciis;
1365 917 1432 958 ne
1482 918 1764 967 somnum,
1817 916 1978 972 quem

391 1004 543 1058 nacti
585 1001 994 1067 subtraximus,
1039 1013 1320 1055 resumere
1357 1013 1453 1069 per
1494 996 1637 1052 diem
1676 996 1977 1066 vigiliarum

391 1095 717 1152 lassitudine
749 1102 805 1150 et
834 1094 1096 1149 inanitate
1127 1092 1423 1162 compulsi,
1459 1107 1566 1146 non
1598 1098 1705 1144 tam
1735 1088 1977 1158 requiem

393 1187 618 1257 corpori
644 1186 1020 1254 subtraxisse,
1054 1198 1214 1254 quam
1244 1183 1443 1251 quietis
1488 1192 1697 1251 tempus
1727 1190 1781 1235 et
1808 1181 1982 1235 refec-

393 1281 601 1337 tionem
633 1285 961 1332 nocturnam
996 1286 1365 1332 commulasse
1399 1273 1704 1329 videamur.
1743 1272 1981 1327 Nullate—

393 1387 498 1427 nus
524 1372 672 1426 enim
704 1369 912 1440 poterit
940 1367 1145 1437 fragilis
1167 1382 1296 1421 caro
1315 1368 1389 1420 ita
1415 1365 1578 1420 totius
1602 1365 1774 1419 noctis
1799 1364 1983 1433 quiete

393 1464 671 1528 fraudari,
712 1472 770 1518 ut
813 1478 912 1532 per
951 1470 1378 1530 consequentem
1422 1460 1569 1515 diem
1612 1460 1733 1515 sine
1777 1457 1982 1513 dormi-

394 1554 603 1609 tatione
632 1554 829 1608 mentis
859 1552 1138 1622 animique
1177 1560 1397 1621 torpore
1437 1551 1817 1607 inconcussam
1859 1563 1983 1618 pos-

395 1650 465 1704 sit
488 1662 709 1705 servare
737 1646 1098 1717 vigilantiam.
1126 1646 1262 1712 Qua:
1303 1644 1633 1714 impedietur
1658 1658 1723 1697 ex
1756 1642 1858 1697 hoc
1885 1656 1983 1712 po-

398 1740 541 1807 tius,
586 1755 747 1810 quam
790 1737 1102 1809 iuvabitur;
1142 1734 1250 1791 nisi
1285 1743 1409 1805 post
1434 1734 1735 1805 vigiliarum
1766 1734 1981 1788 Missam

395 1832 573 1888 somni
600 1830 1157 1902 quantulumcumque
1193 1825 1513 1898 gustaverit.
1547 1826 1616 1880 Et
1644 1825 1845 1880 idcirco
1872 1824 1981 1879 sal-
2006 1828 2055 1888 B

397 1934 507 1981 tem
531 1924 689 1978 unius
710 1923 858 1978 bene
881 1936 1067 1992 sopor,
1091 1918 1546 1990 quemadmodum
1576 1917 1833 1982 diximus,
1858 1923 1983 1970 ante

396 2015 534 2073 lucis
564 2014 854 2071 adventum
886 2015 929 2070 si
956 2013 1120 2069 fuerit
1156 2012 1483 2083 impartitus,
1513 2010 1843 2066 lucrabimur
1866 2024 1984 2063 ont-

395 2122 495 2163 nes
535 2107 835 2177 vigiliarum
874 2106 1076 2171 horas,
1114 2118 1251 2174 quas
1288 2112 1401 2159 tota
1446 2112 1604 2159 nocte
1644 2104 1696 2157 in
1739 2102 1983 2159 oratione

398 2201 859 2270 consumpsimus,
884 2198 1258 2270 imparticutes
1287 2206 1493 2253 naturae
1515 2196 1661 2267 quod
1690 2212 1847 2251 suum
1874 2203 1981 2262 est,

396 2307 500 2349 nec
521 2293 779 2348 habentes
803 2292 1186 2348 necessitatem
1217 2291 1529 2348 resumendi
1554 2306 1649 2360 per
1678 2291 1819 2348 diem
1841 2290 1985 2361 quod

396 2386 544 2441 nocti
582 2385 973 2441 subtraximus.
1016 2384 1211 2439 Totum
1251 2384 1395 2439 enim
1427 2384 1580 2438 carni
1615 2382 1742 2437 huic
1770 2382 1988 2451 procul-

398 2476 563 2532 dubio
601 2475 825 2544 reddet,
848 2476 1095 2547 quisquis
1133 2474 1182 2530 ei
1213 2490 1321 2529 non
1353 2475 1750 2529 rationabiliter
1775 2484 1983 2544 partem

398 2567 761 2638 subtrahere,
807 2569 905 2625 sed
937 2577 1107 2624 totum
1159 2569 1448 2625 tentaverit
1475 2568 1748 2638 denegare
1768 2610 1783 2637 ,
1815 2577 1869 2624 et
1889 2609 1904 2635 ,
1928 2575 1989 2624 ut

2078 536 2241 592 luerit
2266 544 2567 605 amputare.
2587 532 2819 604 Propter
2834 535 2974 605 quod
3000 535 3207 605 majore
3228 533 3420 590 fenore
3444 549 3668 591 necesse

2078 637 2164 693 est
2198 627 2410 698 vigilias
2456 627 2835 696 compensari,
2875 629 2921 681 si
2960 626 3165 683 fuerint
3189 641 3364 697 usque
3392 627 3461 681 ad
3488 626 3667 683 lucem

2081 718 2479 775 inconsiderata
2492 717 3020 789 atqueirrationabili
3044 717 3324 774 nimietate
3346 727 3665 788 protractae.

2078 812 2316 883 Ideoque
2355 827 2449 868 eas
2477 821 2503 850 α
2533 812 2824 883 tripartitis
2864 812 3201 883 distinguunt
3227 812 3458 884 olﬁciis,
3501 823 3560 870 ut
3588 814 3664 871 la-

2080 905 2181 961 bor
2215 906 2319 961 hac
2343 905 2660 962 diversitate
2684 906 2892 962 divisus
2919 906 3284 962 delectatione
3310 907 3544 977 quadam
3570 909 3669 964 de-

2081 996 2372 1053 fectionem
2405 998 2651 1067 corporis
2681 997 2910 1053 relevet.
2948 996 3083 1053 Nam
3134 1013 3259 1052 cum
3286 1007 3495 1054 stantes
3528 1000 3663 1054 anti-

2083 1088 2292 1157 phonas
2323 1097 2441 1143 tres
2461 1087 2888 1157 concinuerunt,
2928 1085 3076 1141 humi
3110 1097 3231 1156 post
3259 1088 3377 1142 baro
3402 1088 3486 1145 vel
3516 1089 3667 1144 sedi--

2078 1177 2218 1233 libus
2247 1176 2567 1232 humillimis
2596 1176 2914 1242 insidentes,
2944 1186 3056 1232 tres
3079 1178 3318 1247 psalmos
3339 1193 3447 1233 uno
3476 1178 3670 1234 modu—

2080 1272 2226 1326 lante
2270 1270 2637 1340 respondent,
2677 1270 2767 1340 qui
2800 1283 2980 1326 tamen
3012 1269 3210 1341 singuli
3238 1285 3269 1324 a
3297 1270 3522 1340 singulis
3554 1271 3665 1326 ira:

2080 1361 2256 1417 tribus
2280 1362 2516 1417 vicissim
2563 1361 2982 1418 succedentibus
3016 1362 3119 1416 sibi
3147 1361 3481 1430 praebentur,
3505 1368 3666 1432 atque

2082 1454 2167 1508 his
2194 1453 2297 1509 sub
2322 1452 2513 1509 eadem
2553 1454 2738 1523 quiete
2781 1451 3154 1509 residentibus
3196 1460 3379 1506 ternas
3408 1451 3664 1521 adjiciunt

2083 1544 2366 1602 lectiones.
2410 1544 2594 1615 Itaque
2634 1544 2694 1600 ﬁt
2726 1555 2788 1599 ut
2825 1559 3146 1615 corporeum
3179 1544 3484 1600 minuentes
3513 1544 3662 1601 labo-

2081 1650 2197 1692 rem
2217 1676 2234 1704 ,
2267 1635 2495 1707 Vigilias
2530 1650 2658 1693 suas
2688 1635 2895 1707 majore
2929 1635 3236 1693 intentione
3273 1636 3477 1693 mentis
3510 1651 3659 1693 exer-

2085 1738 2262 1784 ceant.

2681 1820 2916 1893 ,CAPUT
2956 1822 3049 1879 ιχ.

2088 1936 2257 2003 Quare
2281 1936 2601 1992 illucescente
2628 1938 2723 2009 die,
2736 1938 2931 1992 sabbati
2991 1936 3196 2009 Vigilia:
3214 1947 3425 1993 statuta:
3451 1940 3553 1994 sint
3573 1979 3586 2005 ,
3620 1947 3669 1993 et

2155 2024 2317 2081 quare
2344 2024 2433 2081 per
2457 2025 2657 2062 onmem
2689 2007 2974 2077 Orientem,
3012 2007 3262 2064 absolutio
3278 2010 3474 2081 jejunii
3504 2011 3557 2064 in
3585 2010 3671 2064 die

2156 2079 2353 2133 sabbati
2383 2089 2742 2148 prtesumatur.

2156 2195 2304 2262 Quas
2322 2209 2351 2249 a
2370 2202 2617 2265 tempore
2642 2195 3048 2265 praedicationis
3059 2195 3389 2264 apostolicae,
3416 2209 3523 2263 quo
3546 2192 3673 2249 reli-

2087 2288 2177 2358 gio
2207 2303 2269 2343 ac
2289 2287 2420 2342 ﬁdes
2446 2286 2755 2343 Christiana
2783 2287 3003 2343 fundata
3025 2298 3130 2354 est,
3169 2286 3198 2325 δ
3236 2303 3334 2357 per
3359 2287 3670 2343 universum

2088 2381 2363 2437 Orientem
2396 2380 2601 2436 idcirco
2642 2389 2902 2436 statutum
2940 2389 3025 2437 est
3063 2382 3411 2437 illucescente
3444 2381 3672 2437 sabbato

2088 2473 2289 2531 debere
2316 2473 2597 2543 celebrari,
2635 2473 2782 2545 quod
2812 2474 3043 2530 Domino
3076 2483 3130 2531 et
3162 2474 3441 2531 Salvatore
3484 2482 3674 2530 nostro

2086 2576 2238 2624 sexta
2253 2578 2275 2607 α
2307 2567 2520 2623 sabbati
2546 2566 2830 2636 cruciﬁxo,
2851 2568 3105 2639 discipuli
3125 2567 3301 2623 adhuc
3325 2566 3531 2624 recenti
3555 2566 3675 2639 ejus

1468 2722 1727 2778 ALARDI
1767 2722 2000 2779 GAZIEI
2038 2723 2602 2786 COMMENTARIUS.

401 2841 597 2897 dicitur
617 2840 973 2912 gallicinium.
1006 2839 1221 2895 Marcus
1250 2853 1380 2909 ergo
1404 2838 1482 2893 rei
1505 2838 1559 2893 in
1593 2838 1755 2912 Petro
1776 2849 1941 2912 gestae
1964 2883 1980 2905 ,

401 2923 462 2968 ut
493 2929 522 2966 a
550 2909 712 2968 Petro
752 2912 996 2967 audierat
1027 2951 1043 2974 ,
1094 2918 1396 2964 accuratam
1429 2909 1774 2977 perscribens
1821 2910 1988 2965 histo-

398 2986 556 3050 riam,
590 2984 868 3051 utriusque
896 2991 1087 3036 cantus
1129 2980 1258 3049 galli
1310 2980 1593 3036 meminit:
1629 2979 1821 3049 reliqui
1854 2996 1987 3036 vero

401 3063 512 3109 tres
537 3052 1235 3124 evangelistzeposterioris
1264 3059 1469 3106 tantum
1507 3058 1696 3104 cantus
1720 3051 1842 3119 galli
1869 3067 1985 3124 me-

400 3121 701 3190 minerunt,
738 3133 796 3176 ut
817 3122 911 3192 qtti
932 3122 1002 3177 sit
1030 3121 1355 3188 prmeipuns,
1392 3132 1447 3176 et
1475 3136 1502 3173 a
1534 3136 1640 3192 quo
1664 3135 1787 3190 pars
1815 3122 1988 3176 noctis

402 3195 612 3250 dicatur
640 3193 991 3265 gallicinium,
1019 3191 1110 3248 Sic
1133 3192 1242 3246 ille.
1267 3192 1423 3247 Nulla
1448 3207 1576 3265 ergo
1598 3191 1981 3265 discrepantia,
2016 3218 2039 3265 ft

402 3266 497 3320 sed
524 3248 732 3319 sumina
760 3263 1044 3318 concordia
1066 3304 1078 3325 ,
1132 3272 1187 3316 et
1215 3248 1539 3318 consensio“
1558 3263 1698 3316 inter
1745 3248 1985 3332 E'vange;
2012 3248 2058 3311 C

402 3334 552 3390 listas
577 3333 755 3407 quoad
779 3334 909 3403 galli
951 3341 1187 3407 cantum.
1214 3332 1375 3407 _Nam
1422 3342 1477 3388 et
1525 3342 1650 3407 ante
1696 3348 1982 3407 auroram,

402 3408 544 3475 quod
578 3403 788 3473 tempus
816 3404 1033 3473 proprie
1054 3403 1382 3475 gallicinium
1406 3403 1706 3475 appellatur
1732 3444 1747 3469 ,
1792 3404 1986 3475 Petrus

402 3473 489 3531 t’er
517 3476 792 3531 Christum
822 3476 1077 3546 negavit;
1120 3484 1179 3528 ut
1204 3474 1508 3539 Matthreus,
1534 3473 1724 3537 Lucas,
1753 3484 1806 3546 et
1825 3473 1987 3546 Joan—

402 3561 502 3601 nes
531 3547 806 3602 scribunt:
842 3544 1064 3615 etquod
1088 3546 1228 3615 idem
1254 3554 1357 3609 est,
1390 3552 1676 3612 antequam
1707 3544 1877 3613 gallus
1906 3545 1986 3599 bis

405 3626 690 3682 cantaret,
752 3615 921 3670 semel
944 3614 1016 3670 ad
1068 3614 1300 3670 mediam
1352 3625 1592 3677 noctem,
1630 3616 1821 3669 iterum
1861 3625 1988 3671 ante

405 3703 690 3752 auroram,
749 3696 830 3741 ter
878 3686 1069 3741 Petrus
1113 3686 1370 3752 negavit,
1426 3695 1485 3739 ut
1534 3686 1746 3740 Marcus
1798 3687 1988 3741 scribit

404 3756 562 3828 (Vide
588 3757 861 3811 Malduna.
907 3757 962 3828 in
1008 3772 1121 3824 cap.
1155 3772 1281 3810 xxvr
1311 3755 1549 3825 Matt/2.).
1601 3757 1683 3828 Et
1698 3756 1798 3828 hoc
1827 3757 1988 3811 modo

402 3826 789 3898 intelligendus
812 3829 876 3881 Ι).
906 3826 1266 3898 Hieronymus
1296 3829 1349 3880 in
1374 3841 1493 3895 cap.
1528 3842 1616 3898 xxi
1647 3826 1817 3880 Esaiae
1846 3828 1985 3881 scri-

402 3896 881 3965 bensz'Apostolus
938 3896 1119 3950 Petrus
1172 3906 1445 3965 antequam
1492 3897 1661 3966 gallus
1710 3906 1986 3960 cantaret,

404 3970 601 4023 scilicet
627 3970 847 4023 secundo
879 3977 1054 4032 cantu,
1090 3976 1179 4037 iter
1225 3966 1505 4020 Dominum
1551 3967 1793 4037 negarit:
1853 3968 1989 4032 quod

404 4040 572 4093 media
599 4054 703 4092 nam
724 4036 1044 4107 intelligitur.
1075 4036 1357 4106 Postquam
1383 4046 1553 4089 autem
1582 4036 1682 4089 nox
1704 4039 1985 4106 pra’cessit,

406 4118 455 4164 et
485 4110 633 4177 coepit
660 4108 769 4162 dies
797 4107 1214 4177 appropinquare
1235 4148 1249 4167 ,
1304 4109 1558 4175 superatis
1603 4109 1784 4159 media:
1829 4109 1991 4163 noctis

406 4180 648 4244 tenebris,
689 4189 737 4232 et
765 4176 908 4248 gallo
937 4178 1065 4232 lucis
1099 4178 1281 4230 nuntio
1306 4189 1596 4234 resonante.
1629 4178 1765 4244 ﬂevit
1791 4194 1988 4243 amare,

406 4258 454 4302 et
468 4249 720 4304 intellexit
744 4258 1002 4316 peccatum
1019 4264 1189 4311 suum,
1215 4256 1262 4300 et
1282 4263 1340 4302 eo
1360 4249 1584 4318 tempore
1607 4248 1771 4300 dicere
1790 4250 1954 4318 potuit
1970 4262 1990 4300 :

406 4320 488 4375 Ad
507 4336 769 4389 vesperam
798 4319 1146 4372 demorabitur
1160 4320 1336 4389 ﬂetus,
1367 4326 1414 4389 et
1442 4318 1510 4370 ad
1534 4320 1840 4371 matutinum
1862 4319 1992 4389 laeti-

406 4391 478 4444 tia
516 4390 535 4461 (
566 4388 924 4461 Psal._xxgtx)_.
958 4389 1066 4461 sed
1096 4388 1356 4443 hactenus
1381 4388 1760 4461 degallicinio,
1782 4398 1837 4443 et
1864 4388 1989 4459 galli

405 4458 569 4516 cantu
601 4475 699 4529 pro
723 4458 890 4527 hujus
910 4459 1011 4514 loci
1044 4461 1327 4513 occasione
1359 4460 1489 4513 satis
1516 4458 1737 4513 dictum.
1796 4490 1803 4497 -

481 4540 509 4569 ει
557 4530 762 4598 Nempe
793 4531 951 4584 trium
1004 4531 1417 4598 antiphonarum
1470 4529 1792 4599 (legendum
1844 4533 1986 4585 enim

406 4602 729 4678 antiphonas
756 4609 884 4678 tres,
914 4609 972 4654 ut
1002 4600 1289 4678 Dionysius
1311 4610 1361 4653 et
1376 4600 1716 4678 ‘aliicodices
1746 4600 1987 4678 habent)
2014 4618 2064 4678 ι)
2092 4614 2194 4658 est.

406 4681 458 4726 et
498 4675 660 4726 trium
690 4672 1050 4740 psalmorum,
1093 4670 1151 4725 et
1191 4671 1348 4724 trium
1376 4670 1689 4736 lectionum,
1724 4680 1783 4725 ut
1829 4670 1986 4735 paulo

404 4751 530 4811 post
558 4744 797 4812 exponit.
830 4742 949 4812 Quo
995 4742 1218 4812 equoco
1263 4741 1534 4809 colligitur
1563 4741 1719 4810 quale
1748 4740 1981 4796 ofﬁcium

404 4810 732 4868 nocturnum
758 4811 1041 4866 habuerint
1077 4810 1184 4882 illi“
1208 4812 1478 4873 monachi,
1533 4827 1710 4882 quove
1752 4813 1855 4866 ritu
1882 4853 1898 4879 ,
1930 4822 1987 4868 et

404 4883 569 4939 modo
596 4882 728 4937 illud
764 4882 1092 4951 peregerint.
1144 4880 1274 4935 Nam
1320 4882 1496 4951 primo
1548 4880 1666 4937 loco
1716 4882 1986 4938 habebant

404 4963 519 5009 tres
542 4954 885 5022 antiphonas,
914 4953 1016 5006 hoc
1045 4960 1127 5006 est
1164 4966 1355 5008 suaves
1384 4954 1663 5008 cantioiies
1690 4953 1791 5007 sibi
1816 4969 1844 5005 a
1872 4969 1982 5008 ma-

401 5024 613 5150 Loribus
638 5023 886 5089 traditas,
912 5038 1042 5093 quas
1072 5037 1193 5077 cum
1224 5024 1402 5092 aliqua
1435 5024 1795 5078 modulatione
1825 5039 1986 5079 cane-

443 5103 537 5148 ant
572 5104 777 5150 stantes
800 5134 816 5150 .
868 5106 921 5148 et
945 5095 1109 5148 erecti
1135 5109 1148 5147 :
1182 5102 1238 5146 ut
1286 5095 1463 5147 solent
1494 5094 1633 5150 anud
1659 5109 1759 5148 nos
1788 5093 1984 5148 invita-

443 5103 537 5148 ant
572 5104 777 5150 stantes
800 5134 816 5160 ,
868 5106 921 5148 et
945 5095 1109 5148 erecti
1135 5109 1148 5147 :
1182 5102 1238 5146 ut
1286 5095 1463 5147 solent
1494 5094 1633 5162 apud
1659 5109 1759 5148 nos
1788 5093 1984 5148 invita-

404 5164 543 5218 toria
598 5180 719 5222 cum
770 5164 978 5233 psalmo
1034 5164 1382 5232 nonagesimo
1434 5172 1622 5233 quarto
1686 5164 1980 5220 decantari.

404 5234 611 5290 Deinde
666 5236 835 5302 humi,
888 5234 979 5289 vel
1027 5234 1284 5289 sedilibus
1330 5234 1644 5289 humillimis
1686 5233 1984 5290 insidentes

405 5314 521 5359 tres
553 5306 788 5374 psalmos
820 5320 928 5359 uno
979 5304 1282 5369 inchoante,
1316 5314 1370 5358 et
1401 5303 1749 5373 praecinente.
1804 5308 1984 5361 caeteri

404 5376 754 5445 succinebant
782 5392 795 5427 :
821 5376 910 5445 qui
940 5389 1058 5430 mos
1083 5376 1222 5445 apud
1272 5375 1553 5443 plerosque
1605 5374 1830 5428 usitatus
1855 5419 1870 5444 ,
1921 5391 1985 5432 ac

404 5444 685 5515 [autiliaris
739 5446 858 5512 fuit,
889 5455 945 5499 ut
976 5444 1127 5515 patet
1172 5459 1237 5500 ex
1270 5445 1495 5513 epistola
1542 5444 1606 5498 D.
1663 5444 1843 5498 Basilii
1892 5445 1979 5503 6'5.

404 5514 589 5569 Tertio
616 5514 831 5569 demum
860 5514 1001 5583 loco,
1044 5515 1255 5572 Ternas.
1301 5515 1717 5585 aitrCassianus.
1772 5517 1987 5585 adjicie-

406 5587 531 5640 bant
562 5586 800 5657 lectiones
824 5601 846 5650 ;
870 5599 989 5657 cum
1020 5587 1159 5657 apud
1189 5584 1473 5657 [Egyptios
1500 5586 1800 5657 monachos
1838 5584 1985 5644 unus

407 5663 615 5710 tantum
652 5656 889 5726 psalmos
929 5655 1241 5714 decantaret
1264 5655 1284 5718 ξ
1301 5655 1541 5713 ὀιειθνὶε
1570 5656 1621 5710 in
1647 5658 1863 5719 silentio
1889 5672 1985 5714 au-

407 5726 782 5796 scultantibus.
806 5726 957 5794 Quod
976 5728 1189 5796 quidem
1212 5728 1446 5783 ofﬁcium
1470 5742 1593 5782 cum
1614 5727 1776 5783 breve
1797 5728 1985 5785 admo-

409 5795 537 5856 dum
566 5796 809 5858 videatur
838 5795 1242 5864 comparatione
1296 5798 1466 5859 ofﬁcii
1519 5799 1750 5861 aliorum
1794 5815 1986 5864 month

1724 5986 1801 5995 4ιστ.

2093 2841 2467 2915 chorum._qui_
2486 2841 2779 2915 duodecim,
2798 2845 3036 2915 psalmos
3056 2858 3175 2900 cum
3198 2845 3411 2900 cteteris
3432 2845 3671 2915 partibus

2091 2911 2144 2966 in
2176 2911 2501 2981 quotidianis
2528 2912 2735 2981 Vigiliis
2766 2911 3032 2970 habebant
3059 2956 3072 2978 ,
3125 2924 3182 2969 ut
3210 2930 3308 2969 suo
3348 2911 3466 2970 loco
3494 2916 3670 2971 visum

2092 2991 2205 3053 est;
2235 2997 2572 3054 consequens
2598 2998 2720 3039 esse
2747 2985 2960 3040 videtur
2988 2994 3081 3039 aut
3100 2987 3443 3054 antiphonas,
3475 2996 3527 3041 et
3560 2987 3662 3042 lec-

2092 3052 2398 3126 tionesillas
2425 3052 2591 3126 fuisse
2612 3054 2899 3109 admodum
2925 3056 3177 3126 prolixas,
3210 3052 3301 3111 aut
3322 3052 3464 3113 lente
3486 3058 3672 3114 admo‘

2092 3122 2219 3179 dum
2248 3164 2265 3188 ,
2319 3125 2579 3193 graviter,
2609 3135 2661 3180 et
2692 3122 2938 3179 tractim'
2966 3126 3131 3181 fuisse
3179 3127 3487 3182 decantatas
3519 3145 3533 3189 ;
3583 3139 3672 3184 aut

2095 3195 2373 3249 residuum
2405 3195 2581 3249 noctis
2608 3196 2839 3261 spatium
2891 3197 3011 3250 aliis
3040 3198 3259 3265 privatis
3290 3198 3632 3254 orationibus
3655 3240 3669 3263 .

2090 3272 2144 3336 et
2168 3266 2605 3320 meditationibus
2632 3266 2797 3320 fuisse
2836 3268 3174 3336 impensum:
3206 3283 3328 3323 cum
3362 3284 3545 3333 unam,
3574 3280 3661 3324 aut

2089 3334 2317 3391 alteram
2350 3337 2720 3391 tantummodo
2748 3334 2933 3391 horam
2961 3346 3083 3404 post
3114 3338 3276 3392 totius
3302 3342 3475 3394 noctis
3505 3356 3644 3395 excu

2088 3405 2332 3480 biastut
2361 3408 2439 3461 ait
2486 3409 2717 3477 Auctor,
2774 3408 2878 3480 sibi
2929 3419 3269 3462 reservarent
3311 3411 3378 3465 ad
3430 3413 3671 3480 corporis

2090 3476 2554 3548 refocillationem,
2614 3486 2670 3532 et
2713 3479 2970 3548 quietem,
3000 3489 3057 3532 ut
3085 3480 3284 3534 dictum
3315 3490 3398 3536 est
3421 3524 3435 3545 ,
3488 3476 3555 3536 ne
3584 3483 3669 3538 vel

2090 3548 2259 3619 nimia
2278 3547 2615 3612 lassitudine,
2642 3558 2695 3603 et
2722 3547 3001 3619 pervigilio
3021 3548 3348 3618 delicerent;
3374 3551 3457 3607 vel
3477 3568 3672 3609 somno

2090 3618 2324 3688 interdiu
2352 3626 2726 3688 gravarentur.

2098 3690 2102 3695 ’
2159 3686 2269 3742 hld
2316 3686 2426 3755 est,
2478 3704 2575 3758 per
2621 3686 2901 3743 universas
2950 3690 3193 3746 Orientis
3250 3691 3554 3759 Ecclesias,
3602 3704 3664 3749 ut

2090 3760 2252 3828 paulo
2300 3772 2423 3829 post
2472 3761 2707 3829 exponit.
2754 3761 2911 3815 Facta
2950 3762 3091 3816 enim
3124 3761 3390 3818 divisione
3441 3764 3668 3819 Romani

2090 3830 2326 3903 imperii,
2373 3830 2593 3903 duobus
2623 3832 2882 3886 videlicet
2929 3832 3350 3903 imperatoribus
3397 3834 3450 3889 in
3483 3844 3669 3903 partes

2090 3901 2526 3972 succedentibus,
2558 3901 2797 3956 Ecclesia
2825 3902 3187 3957 Occidentalis
3228 3904 3368 3958 dicta
3405 3901 3510 3971 est,
3552 3922 3673 3972 qua:

2097 3970 2682 4045 imperioAOcci‘dentali
2722 3974 3140 4045 continebatur;
3183 3974 3475 4029 Orientalis
3516 3970 3670 4045 vero,

2091 4055 2207 4114 qua;
2255 4042 2541 4114 Orientali.
2590 4043 2685 4097 Illa
2733 4044 2967 4109 Italiam,
3013 4042 3374 4107 Germaniam.
3416 4042 3672 4114 Galliam,

2092 4110 2327 4167 Africam
2371 4112 2850 4179 complectebatur.
2897 4114 3050 4169 Unde
3081 4126 3130 4167 et
3178 4115 3441 4173 Romana.
3474 4126 3529 4171 et
3559 4110 3669 4171 La;

2094 4182 2224 4251 tina,
2255 4183 2710 4258 siveLatinqrum
2748 4185 2988 4258 Ecclesia
3019 4185 3161 4258 dicta
3189 4192 3293 4239 est.
3328 4186 3453 4241 Ηωο
3484 4187 3671 4258 Illyri-

2091 4266 2238 4318 cum,
2273 4252 2847 4328 Syriam,rAE1gyptum_,
2891 4255 3173 4328 Graeciam,
3207 4257 3445 4324 aliasque
3490 4252 3672 4328 regio-

2093 4337 2191 4377 nes
2218 4339 2411 4380 versus
2456 4325 2720 4381 orientem
2749 4325 2917 4379 solem
2948 4326 3097 4379 sitas.
3130 4326 3403 4381 Caeterum
3430 4329 3531 4381 ista
3560 4325 3672 4383 Ec-

2092 4393 2378 4449 clesiarum
2418 4395 2695 4450 distinctio
2737 4411 2847 4450 non
2893 4410 2957 4450 ex
3004 4396 3107 4449 situ
3154 4396 3327 4458 orbis,
3371 4399 3669 4454 secundum

2091 4472 2340 4536 exactam
2383 4468 2905 4536 cosmographornm
2932 4466 3352 4533 descriptionem
3394 4470 3527 4522 facta
3561 4479 3669 4533 est,

2092 4534 2190 4590 sed
2218 4534 2787 4608 proAratione’partiti
2823 4537 3048 4592 Romani
3091 4537 3324 4608 imperii,
3371 4549 3429 4592 ut
3465 4540 3669 4593 diutum

2280 4605 2385 4661 nde
2415 4607 2543 4662 illud
2570 4605 2790 4673 aecidit,
2817 4617 2875 4661 ut
2901 4605 3319 4678 interdum‘qum
3350 4609 3404 4662 in
3437 4609 3670 4664 meridie

2091 4674 2273 4743 potius
2301 4678 2631 4733 collocanda:
2654 4688 2865 4745 essent,
2894 4678 3037 4733 inter
3056 4674 3361 4734 Orientales
3387 4680 3673 4748 reperian-

2086 4754 2177 4799 tur
2213 4758 2618 4813 annumeratae;
2660 4757 2717 4803 et
2745 4759 2936 4802 contra
2982 4749 3363 4804 Occidentales
3408 4751 3537 4804 item
3585 4751 3669 4805 di-
3704 4770 3710 4774 ·

2087 4825 2302 4882 cantur,
2330 4832 2452 4886 quae
2477 4828 2739 4890 spectant
2767 4819 2832 4873 ad
2865 4818 3163 4887 Meridiem,
3197 4831 3289 4874 aut
3315 4819 3660 4890 Septentrio-

2091 4901 2249 4961 nem;
2304 4902 2415 4961 non
2444 4889 2833 4961 _alia_quidem
2884 4892 3112 4955 ratione,
3159 4906 3318 4958 quam
3370 4889 3514 4961 quod
3558 4891 3668 4947 illa:

2086 4956 2398 5030 ()rientalis,
2442 4958 2526 5014 ha:
2572 4956 2934 5030 occidentalis
2977 4956 3402 5030 partes‘essent'
3433 4962 3666 5028 imperii.

2085 5026 2199 5093 Qua
2226 5026 2293 5098 de
2324 5042 2384 5083 re
2426 5030 2595 5085 semel
2627 5028 2715 5086 hic
2742 5026 2995 5084 lectorem
3031 5033 3292 5087 monitum
3329 5031 3473 5087 volui
3492 5026 3521 5098 ;'
3540 5046 3667 5088 cum

2086 5112 2230 5167 saepe
2258 5096 2419 5167 hujus
2449 5100 2815 5155 distinctionis
2843 5100 3045 5156 Auctor
3071 5103 3400 5157 meminerit.

2161 5177 2184 5206 °
2207 5166 2264 5221 ιιι
2291 5180 2393 5237 est,
2426 5170 2559 5226 feria
2607 5183 2783 5226 sexta.
2814 5171 2946 5225 Nam
2995 5174 3132 5242 apud
3171 5173 3426 5227 Hebraeos
3471 5174 3670 5230 sabba-

2091 5246 2286 5312 tumuct
2301 5256 2407 5312 pro
2435 5250 2543 5294 tota
2579 5242 2937 5307 hebdomada,
2971 5252 3028 5297 et
3070 5258 3169 5312 pro
3198 5244 3430 5312 septimo
3460 5244 3668 5300 hebdo-

2089 5308 2262 5383 madis
2300 5310 2389 5383 die
2434 5313 2698 5381 accipitur
2727 5330 2739 5365 :
2767 5329 2998 5382 cumque
3045 5308 3211 5367 totam
3258 5308 3528 5383 signiﬁcat
3572 5317 3670 5372 he-

2088 5378 2409 5454 bdomadam
2437 5423 2467 5454 ,ξ
2503 5378 2707 5451 primus
2754 5384 2873 5439 dies
2911 5378 3262 5441 hebdomade
3308 5378 3483 5454 prima
3539 5386 3667 5441 sab-

2091 5449 2222 5516 bati,
2269 5449 2541 5506 secundus
2586 5454 2819 5509 secunda
2852 5454 3083 5520 sabbati,
3114 5449 3325 5510 tertius'
3353 5456 3507 5511 tertia
3540 5460 3670 5511 sab-

2093 5520 2226 5595 bati,
2251 5523 2555 5592 eodemque
2576 5525 3044 5595 modorscquentes
3065 5525 3182 5580 dies
3203 5527 3565 5595 appellantur.
3596 5527 3664 5584 ι).

2090 5590 2534 5666 Hieronymus—in
2564 5594 2785 5666 epistol.
2810 5595 2875 5647 ad
2906 5595 3183 5649 Hedibiam
3208 5590 3402 5666 quaest.
3433 5598 3468 5652 4
3500 5613 3520 5651 :
3545 5597 3667 5653 Una

2086 5663 2531 5737 sabbati,jinquit,
2561 5665 2843 5737 ﬂaminica
2885 5663 3240 5737 intelligenda
3260 5678 3333 5720 est
3362 5684 3381 5720 :
3404 5671 3525 5737 quia
3553 5686 3667 5723 om-

2085 5734 2165 5809 nis
2190 5735 2524 5809 hebdomade:
2552 5736 2606 5791 in
2636 5736 2927 5804 sabbatum,
2963 5747 3011 5792 et
3037 5734 3090 5792 in
3130 5739 3371 5809 primam,
3406 5734 3454 5794 et
3481 5755 3665 5796 secun-

2084 5806 2227 5874 dam,
2263 5814 2311 5863 et
2346 5807 2572 5876 tertiam,
2621 5815 2669 5863 et
2696 5817 2955 5880 quartam,
2998 5818 3045 5868 et
3083 5806 3331 5883 quintam,
3376 5819 3426 5868 et
3462 5821 3669 5877 certant
3746 5874 3765 5884 _
