4026 6334
266 337 370 399 ηδ

790 338 881 397 DE
916 336 1399 398 C(ENOBIORUM
1432 338 1674 398 INSTIT.
1717 335 1842 396 LIB.
1882 336 1971 396 Ill.
1992 367 2064 382 —
2087 338 2178 398 DE
2216 338 2496 400 DIURNIS
2529 338 3012 401 ORATIONIBUS.

3399 342 3535 424 ,ιω

268 454 527 530 passione
555 454 821 525 perculsi,
850 455 1136 527 pervigiles
1164 463 1276 511 tota
1315 468 1475 511 nocte
1506 456 1842 521 manserunt,
1872 456 1926 520 Α
1949 460 2054 523 est,
2088 452 2410 509 hebdomadi
2442 454 2644 520 pariter
2679 464 2736 510 et
2772 453 3003 526 ogdoadi
3042 439 3285 511 eamdem
3318 463 3532 527 partem
3590 450 3597 463 ’

269 549 581 605 nullatenus
611 548 809 619 quietis
832 556 1082 604 somnum
1116 547 1292 604 oculis
1334 550 1449 604 suis
1487 547 1853 617 indulgentes.

190 688 197 691 _
270 640 639 708 Quamobrem
682 655 752 697 ex
800 640 893 697 illo
936 650 1182 710 tempore
1209 648 1236 679 ⁸
1266 641 1393 697 huic
1431 640 1575 695 nocti
1604 640 1858 709 deputata

270 734 579 805 vigiliarum
602 733 924 789 solemnitas
954 747 1124 803 usque
1152 734 1206 789 in
1236 733 1560 790 hodiernum
1589 734 1733 790 diem
1761 748 1858 803 per

270 827 592 881 universum
632 824 912 882 Orientem
957 826 1210 882 similiter
1249 828 1591 883 observatur.
1626 819 1861 896 ideoque

272 917 367 974 eth
387 918 671 974 absolutio
689 918 883 988 ieiunii
911 928 1033 990 post
1061 919 1367 989 vigiliarum
1398 918 1662 984 laborem,
1689 929 1712 957 ο
1735 916 1863 972 toti-

272 1009 392 1065 dem
420 1009 748 1078 apostolicis
772 1010 905 1064 viris
930 1010 985 1065 in
1014 1009 1103 1065 die
1127 1009 1340 1065 sabbati
1365 1018 1586 1076 statuta,
1617 1023 1725 1065 non
1753 1008 1857 1064 im-

273 1101 469 1156 merito
494 1101 848 1170 prmsumitur
869 1116 965 1172 per
988 1102 1273 1158 universas
1301 1101 1541 1157 Orientis
1568 1102 1855 1170 Ecclesias,

273 1192 581 1250 secundum
640 1194 790 1248 illam
842 1209 1059 1265 quoque
1115 1193 1457 1250 Ecclesiastte
1506 1195 1857 1262 sententiam,

274 1301 388 1356 qua:
413 1287 551 1342 licet
577 1285 775 1342 habeat
804 1295 861 1341 et
887 1286 1053 1341 alium
1080 1286 1365 1357 mysticum
1402 1300 1645 1355 sensum,
1680 1295 1860 1343 tamen

275 1377 340 1431 ab
370 1377 479 1432 hoc
506 1392 726 1448 quoque
755 1391 863 1432 nou
897 1376 1175 1444 abhorret,
1205 1392 1312 1447 quo
1331 1374 1358 1415 ά
1389 1372 1605 1449 otiique
1643 1377 1777 1445 diei,
1808 1377 1861 1433 id

1958 545 2323 602 solemnitatis
2342 545 2621 616 impartire
2651 547 3023 617 pratcipimur,
3047 545 3120 601 ita
3148 546 3375 603 dicentis
3404 564 3417 600 :
3449 546 3538 605 Da

1957 648 2152 711 partem
2167 637 2248 693 Itis
2263 647 2476 711 septem,
2496 648 2542 693 et
2560 640 2766 710 quidem
2784 639 2865 693 Itis
2883 648 2995 694 octo
3009 638 3233 709 (Eccles.
3253 640 3351 712 xl).
3374 649 3398 681 ε
3415 639 3540 697 Non

1959 730 2103 786 enim
2131 730 2198 786 ad
2222 730 2655 787 communionem
2680 730 2993 786 festivitatis
3011 730 3248 787 Judaica:
3267 732 3540 789 absolutio

1959 820 2062 877 ista
2083 820 2277 891 ieiunii
2308 821 2609 890 reputauda
2630 830 2733 888 est,
2758 821 2844 877 his
2868 823 3165 891 przesertim
3190 823 3281 893 qui
3301 823 3369 879 ab
3391 823 3543 879 omni

1961 913 2183 970 Judaica
2210 914 2598 983 superstitione
2626 914 2789 970 alieni
2817 924 3209 981 monstrantur,
3241 914 3336 971 sed
3360 915 3428 970 ad
3453 930 3545 984 re;

1959 1005 2259 1063 factionem
2304 1022 2468 1078 quam
2509 1007 2743 1063 diximus
2782 1008 2910 1063 lassi
2954 1009 3200 1077 corporis
3236 1008 3541 1077 pertinere;

1960 1100 2104 1170 quod
2130 1115 2228 1171 per
2259 1108 2400 1156 totas
2420 1101 2546 1155 anni
2568 1099 2895 1170 septimanas
2915 1098 3115 1170 iugiter
3144 1099 3322 1170 quinis
3347 1098 3545 1155 diebus

1957 1193 2231 1264 ieiunans,
2250 1193 2353 1248 nisi
2375 1192 2593 1248 duobus
2612 1191 2805 1247 saltem
2824 1191 3159 1262 interpositis
3178 1189 3543 1248 refocillatum

1960 1285 2147 1353 fuerit,
2170 1285 2331 1342 facile
2356 1285 2623 1352 lassescit,
2652 1298 2717 1340 ac
2746 1283 2943 1341 delicit.

1307 1490 1568 1546 ALARDI
1606 1489 1843 1547 GAZEI
1877 1489 2439 1550 COMMENTARIUS.

277 1584 473 1641 sabbati
502 1584 754 1639 dividitur
773 1599 793 1638 :
817 1584 1207 1655 quametltnici
1235 1584 1521 1651 idolorum,
1562 1594 1611 1655 et
1638 1585 1864 1640 elemen-

278 1669 442 1712 torum
497 1655 792 1709 nominibus
832 1653 1128 1722 appellant.
1186 1653 1279 1710 Sic
1329 1670 1519 1710 rursus
1570 1653 1865 1712 Cassianus

279 1730 374 1783 lib.
411 1741 467 1781 tv
496 1740 620 1796 cap.
659 1725 724 1780 19
767 1727 1043 1779 secundant
1072 1724 1266 1779 sabbati
1294 1725 1431 1780 dixit
1459 1739 1557 1795 pro
1599 1724 1733 1780 feria
1778 1740 1866 1782 se-

279 1798 549 1922 c“ingrati
578 1865 788 1923 scilicet
817 1866 1139 1933 sabbatinm,
1165 1880 1283 1931 seu,
1314 1882 1437 1936 qua:
1467 1865 1678 1921 sabbati
1719 1866 1862 1923 diem

281 1938 577 1995 antecedit.
627 1937 706 1992 Ea
742 1938 884 1993 enim
918 1950 1076 1993 nocte
1105 1937 1393 2008 prolixius,
1441 1946 1495 1993 et
1539 1936 1861 2006 solemnius,

280 1993 437 2076 quam
496 2008 624 2062 aliis
673 2008 921 2063 noctibus
974 1993 1298 2078 vigilabant,
1354 1993 1417 2061 a'c
1476 1993 1942 2076 pernoctabaniB

279 2078 611 2141 Orientales,
641 2078 946 2148 praesertim
994 2077 1265 2143 monachi,
1299 2089 1355 2133 ut
1396 2078 1602 2133 dietum
1648 2088 1754 2145 est,
1797 2079 1869 2135 ob

281 2152 544 2204 rationem
573 2148 663 2204 hic
688 2148 1034 2219 expressam.

342 2219 371 2258 ι’
395 2221 508 2274 Hoc
536 2229 643 2285 est,
666 2220 927 2289 ieiunium
968 2219 1215 2283 solvitur,
1248 2226 1303 2275 et
1350 2218 1653 2289 relaxatur,
1688 2218 1777 2274 vel
1808 2227 1868 2275 ut

282 2291 505 2347 verbum
534 2288 706 2345 verbo
736 2291 955 2358 propius
983 2290 1234 2355 accedat,
1284 2304 1312 2343 a
1338 2288 1542 2358 ieiunio
1573 2289 1865 2344 absolvun-

282 2377 365 2415 tur
394 2361 616 2416 fratres.
650 2361 932 2416 Mirabitur
962 2362 1134 2415 lector
1174 2361 1470 2415 monachos
1506 2360 1626 2414 illos
1651 2375 1756 2414 non
1780 2360 1867 2429 je-

282 2434 539 2501 iunasse;
588 2432 686 2487 sed
716 2431 938 2486 omnino
962 2429 1228 2501 ieiunium
1257 2430 1488 2485 solvisse
1510 2430 1598 2486 die
1628 2430 1860 2499 sabbati,

281 2500 401 2556 cum
431 2503 554 2557 aliis
581 2502 764 2571 quinis
806 2501 998 2555 diebus
1031 2500 1107 2571 ad,
1127 2516 1409 2570 vesperam
1458 2515 1626 2570 usque
1652 2502 1861 2571 ieiuna.

284 2583 423 2639 rent,
448 2583 507 2628 et
530 2570 717 2629 eodie
745 2571 970 2641 perinde
1000 2585 1064 2625 ac
1092 2570 1221 2625 feria
1248 2581 1420 2634 sexta,
1448 2570 1722 2640 ieiunare,
1760 2572 1863 2628 hoc

284 2653 384 2708 est,
429 2644 501 2697 ab
550 2658 650 2698 esu
697 2642 940 2697 carnium
985 2642 1257 2696 abstinere
1297 2643 1589 2696 Christiani
1629 2644 1860 2699 soleant.

289 2714 482 2793 gerum
506 2716 661 2793 scire
701 2712 866 2793 debet
892 2711 1085 2793 hac_in_
1115 2722 1270 2793 parte
1300 2712 1571 2793 diversam
1608 2713 1863 2768 Ecclesiae

284 2783 575 2839 Orientalis
601 2785 670 2838 ab
696 2781 1036 2838 Oceidentali
1064 2781 1232 2837 fuisse
1273 2786 1621 2847 sententiam,
1658 2793 1713 2838 et
1733 2798 1863 2838 con-

287 2855 644 2909 suetudinem.
686 2853 820 2908 Nam
848 2852 1150 2907 Orientales
1180 2862 1238 2909 et
1280 2852 1452 2908 Graeci
1480 2854 1719 2909 sabbatis
1748 2868 1862 2909 om-

287 2927 415 2979 nino
441 2940 548 2980 non
572 2925 928 2994 ieiunabant;
975 2939 1043 2978 ne
1079 2923 1297 2993 quidem
1331 2924 1385 2978 in
1414 2924 1859 2993 Quadragesima,

288 2997 448 3066 idque
485 3011 553 3051 ex
587 2995 899 3066 traditione,
921 3002 985 3066 et
1030 3009 1237 3066 canone
1263 2995 1494 3064 quodam
1541 2996 1858 3066 apostolico,

285 3064 392 3134 quo
416 3066 683 3135 ieiunium
722 3064 930 3120 sabbati
959 3065 1274 3134 prohibetur
1303 3065 1516 3121 clericis
1560 3065 1662 3119 sub
1689 3066 1859 3133 depo-

285 3139 520 3202 sitionis,
549 3137 706 3191 laicis
748 3135 851 3189 sub
881 3136 1459 3190 exeommuuicationis
1499 3151 1680 3204 pruna.
1708 3135 1861 3193 Unde

288 3210 347 3262 lt.
380 3208 622 3278 lgnatius
667 3206 916 3278 scribens
960 3206 1026 3261 ad
1059 3204 1432 3278 Philippenses
1460 3223 1473 3278 ς
1508 3206 1569 3260 Si
1596 3208 1732 3275 quis,
1777 3209 1861 3261 in-

286 3275 426 3347 quit,
469 3276 1120 3348 Dominicumidiem,‘v_el_
1144 3275 1418 3348 sabbatum
1442 3277 1716 3348 jeiunarit,
1756 3294 1858 3333 uno

2038 1584 2065 1625 ἀ
2088 1587 2241 1643 Diem
2266 1588 2581 1657 septimum,
2605 1585 2658 1642 id
2688 1594 2794 1653 est,
2827 1587 3137 1656 sabbatum,
3166 1585 3545 1654 hebdomadis,

1966 1668 2019 1715 et
2047 1657 2190 1714 diem
2223 1668 2500 1720 octavum,
2534 1657 2587 1712 id
2615 1666 2719 1723 est,
2752 1658 3105 1725 dominicum,
3152 1658 3410 1727 ogdoadis
3446 1673 3549 1712 no-

1970 1730 2116 1783 mine
2145 1728 2409 1798 designat,
2446 1728 2695 1784 alludens
2736 1728 2803 1783 ad
2856 1729 3032 1784 locum
3078 1730 3207 1782 satis
3247 1728 3549 1798 obscurum

1968 1796 2334 1865 Ecclesiastae,
2359 1799 2449 1869 qui
2490 1800 2541 1852 in
2574 1799 2790 1868 vulgata
2818 1800 3061 1854 editione
3109 1799 3190 1853 sic
3231 1799 3394 1854 habet
3425 1816 3438 1853 :
3465 1796 3551 1854 Da

1968 1881 2164 1940 partem
2190 1878 2403 1940 septem,
2436 1884 2527 1922 nec
2555 1885 2669 1940 non,
2700 1880 2746 1925 et
2799 1880 2933 1931 octo,
2975 1884 3079 1940 pro
3101 1883 3209 1937 quo
3242 1869 3403 1924 vertit
3432 1870 3550 1925 Au-

1970 1950 2088 1996 ctor
2116 1955 2183 1995 ex
2213 1939 2586 2009 Septuaginta.
2630 1939 2856 2009 Utrique
2896 1939 3025 2009 ergo
3053 1939 3160 1995 diei
3204 1948 3408 2009 partem
3460 1954 3551 1996 so-

1973 2012 2266 2066 lcmnitatis
2303 2010 2690 2079 impertiebant
2723 2010 3031 2066 Orientales
3057 2028 3070 2063 :
3095 2009 3217 2079 quia
3246 2009 3387 2064 diem
3428 2012 3554 2067 sab-

1974 2028 2266 2066 Ιοηὶηιωιιδ
2303 2028 2372 2064 IIII
2400 2028 2690 2065 ιυινιιοοείῐιι
2723 2028 3031 2066 urtentates
3057 2028 3070 2063 ἓ
3095 2028 3217 2079 qura
3246 2028 3387 2064 atem
3428 2028 3552 2067 εει)-

1968 2082 2101 2147 bati,
2124 2089 2179 2136 et
2205 2080 2348 2135 diem
2371 2028 2709 2135 llominicum
2735 2082 2853 2149 pari
2880 2081 3269 2151 propemodum
3297 2081 3467 2147 cultu,
3496 2090 3552 2138 et

1968 2152 2316 2207 Solemnitate
2374 2151 2779 2213 observabant;
2838 2150 2945 2206 neu
3002 2150 3225 2206 Judaica
3283 2154 3554 2220 supersti-

1969 2221 2141 2288 tione,
2170 2233 2226 2276 ut
2254 2222 2520 2276 Ebionittc
2545 2220 2818 2287 haeretici;
2847 2223 2945 2276 sed
2971 2221 3304 2288 Christiano,
3335 2232 3390 2277 et
3419 2223 3552 2279 reli-

1966 2293 2121 2363 gioso
2148 2306 2334 2363 sensu,
2361 2300 2417 2346 et
2445 2291 2755 2363 ritu.rQuod
2788 2301 2967 2347 autent
2999 2294 3066 2346 ad
3098 2294 3385 2363 mysticum
3414 2308 3547 2349 sen-

1967 2377 2086 2417 sum
2118 2362 2331 2427 attinet,
2361 2378 2521 2431 quctu
2550 2362 2722 2416 eidem
2752 2363 3037 2417 sententite
3066 2362 3313 2418 attribuit
3338 2374 3549 2429 auctor,

1967 2433 2033 2488 D.
2068 2434 2427 2503 Hieronymus
2456 2433 2867 2503 interpretatur,
2902 2433 3043 2503 Dare
3067 2443 3237 2503 partes
3266 2445 3477 2503 septem,
3504 2444 3552 2489 et

1966 2514 2078 2558 octo
2127 2501 2349 2573 (Ere/es.
2400 2517 2476 2569 st,
2514 2501 2771 2557 Ezechiel.
2808 2518 2898 2569 xc,
2954 2501 3554 2574 Al’s.fcxuu),'utrique

1965 2572 2194 2645 credere
2236 2573 2583 2645 Testamento
2624 2574 2912 2642 (Adversus
2941 2572 3434 2645 Luciferianqcap.
3465 2572 3548 2645 Β).

1966 2644 2121 2711 Quod
2146 2645 2305 2697 latius
2329 2643 2604 2713 explicans
2625 2644 2678 2697 in
2706 2647 3102 2698 commentario
3136 2662 3148 2697 :
3171 2643 3237 2697 In
3257 2643 3544 2711 Ezechiele,

1966 2716 2160 2783 inquit,
2208 2724 2419 2787 septey,
2471 2725 2518 2768 et
2567 2725 2685 2787 octo
2735 2716 2929 2787 gradus
2975 2714 3046 2768 ad
3091 2716 3264 2787 templi
3314 2717 3555 2787 leguntur

1964 2784 2271 2840 ascensum.
2310 2784 2379 2837 Et
2425 2796 2538 2854 post
2584 2785 2804 2839 ethicam
2853 2785 2999 2838 illum
3044 2786 3322 2853 psalnmm,
3361 2786 3415 2839 id
3454 2794 3551 2852 est,

1966 2858 2295 2910 centesimum
2338 2866 2592 2921 octavum,
2638 2865 2685 2909 et
2733 2856 3007 2927 decimum,
3040 2856 3266 2927 quinque
3294 2856 3554 2927 graduum

1963 2928 2151 2995 psalmi
2181 2935 2300 2980 sunt
2324 2940 2343 2979 :
2366 2942 2455 2997 per
2482 2942 2609 2994 quos
2633 2926 2854 2996 primum
2876 2925 3143 2979 erudimur
3168 2927 3222 2978 in
3249 2925 3378 2997 lege,
3403 2935 3449 2978 et
3476 2943 3557 2979 sc-

1965 2999 2199 3065 ptcnario
2245 3012 2457 3050 numero
2514 2997 2719 3066 expleto
2749 3037 2764 3061 ,
2814 3004 2989 3063 postea
3033 3012 3123 3066 pir
3167 2996 3450 3065 ogdoadem
3487 2997 3557 3050 ad

1966 3067 2302 3135 Evangelium
2342 3068 2658 3120 scandintus.
2691 3065 3007 3136 Prwcipitur
3036 3065 3166 3136 ergo
3192 3074 3246 3119 ut
3274 3067 3328 3119 in
3358 3077 3558 3120 utrum-

1964 3154 2061 3209 que
2091 3137 2492 3209 Testamentum,
2522 3147 2625 3190 tam
2646 3149 2801 3209 vetus
2822 3135 3016 3209 scilicet
3038 3152 3191 3205 quam
3219 3152 3403 3191 norum
3437 3142 3554 3209 pari

1962 3206 2283 3263 ueneratione
2312 3206 2802 3280 credamusdudtci
2831 3207 3082 3280 dederunt
3108 3217 3305 3279 partim
3336 3206 3549 3280 septem,

1965 3281 2226 3333 credentes
2262 3278 2529 3334 sabbatum
2560 3294 2578 3332 :
2605 3280 2694 3332 sed
2726 3294 2827 3331 non
2857 3278 3106 3332 dederunt
3150 3290 3286 3341 octo,
3329 3278 3557 3333 resurre-

288 3344 515 3421 ezrcepto
545 3351 766 3421 (nempe
799 3345 1069 3421 Pascbgli)
1096 3344 1183 3421 llic
1224 3344 1412 3421 Christi
1442 3344 1753 3421 interfector
1793 3359 1867 3405 est
1895 3356 1941 3421 C
1972 3352 2190 3421 ctionem
2208 3349 2310 3403 diei
2326 3350 2616 3421 ﬂaminica:
2635 3351 2960 3419 deuegantes.
2989 3348 3035 3402 Ε
3054 3351 3310 3403 contrario
3331 3351 3555 3405 hwretici

289 3415 454 3486 (Vide
475 3415 667 3472 Collat.
694 3419 759 3471 2i
798 3433 914 3487 cap.
938 3415 1057 3486 27).
1085 3415 1248 3484 Cujus
1276 3419 1353 3473 rei
1381 3415 1601 3472 causam
1627 3419 1870 3476 referunt

287 3491 583 3559 scriptores
615 3489 670 3542 in
699 3496 961 3559 quosdam
992 3488 1302 3559 haereticos,
1340 3489 1431 3558 qui
1462 3488 1647 3557 primis
1674 3488 1866 3546 Eccle-

286 3561 379 3614 sia:
402 3557 769 3629 temporibus
796 3558 852 3612 in
890 3557 1113 3612 Oriente
1142 3557 1479 3629 potissimum
1510 3561 1687 3613 exorti
1719 3569 1866 3629 sunt,

285 3627 646 3697 quorum'alii
680 3629 1140 3683 resurrectionem
1172 3627 1375 3684 Christi
1412 3630 1698 3698 negabant,
1731 3642 1785 3685 et
1816 3627 1870 3686 in

283 3711 659 3769 contemptum
706 3700 1149 3770 resurrectionis,
1195 3699 1336 3754 diem
1369 3699 1722 3763 dominicum,
1765 3717 1871 3770 quo

285 3770 585 3826 Christiani
618 3771 673 3825 in
703 3771 819 3839 eius
840 3769 1098 3825 memoria
1125 3769 1361 3838 gaudere
1386 3772 1584 3836 solent,
1620 3773 1717 3839 ipsi
1742 3786 1875 3824 con-

288 3852 369 3896 tra
414 3844 471 3896 in
504 3856 762 3907 nitnrore,
805 3842 1083 3909 etieiuuio
1109 3839 1379 3895 ducebant
1409 3859 1421 3893 :
1446 3841 1540 3895 alii
1568 3856 1697 3895 vero
1725 3842 1874 3897 dice-

287 3913 421 3968 bant
448 3913 617 3969 Deum
662 3912 1015 3966 llebrmorum
1053 3910 1239 3982 mundi
1281 3912 1619 3967 conditorem
1658 3922 1712 3966 et
1742 3913 1872 3982 legis

284 3994 570 4038 auctorem
623 3984 826 4036 malum
872 3996 1016 4048 esse,
1064 3980 1444 4051 Christumque
1490 3983 1555 4036 ad
1611 3998 1733 4036 eum
1781 3980 1875 4039 de-

284 4056 616 4109 struendum
666 4055 926 4107 venisse:
959 4063 1014 4106 et
1062 4052 1267 4106 idcirco
1317 4052 1457 4106 diem
1504 4052 1737 4121 sabbati,
1782 4055 1872 4123 qui

282 4124 498 4179 Judeis
541 4126 700 4178 laetus
746 4131 887 4187 erat,
930 4132 985 4178 et
1032 4133 1250 4177 sanctus
1293 4123 1362 4179 ob
1391 4123 1629 4193 quietem
1670 4124 1764 4178 Dei
1806 4126 1874 4179 ab

285 4196 570 4264 operibus,
597 4195 935 4263 ieiunabant,
971 4194 1289 4264 tristemque
1320 4197 1572 4262 agebant,
1606 4194 1658 4247 in
1682 4203 1876 4249 contu-

286 4267 513 4320 meliam
553 4264 857 4330 Creatoris,
901 4272 962 4317 ut
1000 4263 1171 4317 refert
1218 4264 1546 4331 Epiphanius
1578 4264 1778 4319 lla-res.
1804 4264 1871 4318 41

284 4346 335 4389 et
377 4335 480 4389 42.
528 4334 587 4389 In
637 4336 832 4389 horum
882 4334 1062 4403 itaque
1112 4333 1293 4386 odium
1348 4348 1411 4388 ac
1455 4335 1874 4399 detestationem

283 4406 605 4461 Orientales
653 4404 965 4469 orthodoxi,
1006 4404 1165 4459 sicuti
1225 4404 1313 4458 die
1354 4405 1646 4469 dominico,
1701 4406 1772 4459 ita
1821 4414 1878 4461 et

283 4477 526 4532 sabbato
574 4476 842 4539 illicitum,
890 4483 983 4529 aut
1025 4475 1378 4543 incongruum
1429 4475 1699 4529 ducebant
1734 4475 1879 4545 ieiu—

284 4562 471 4612 nare;
520 4561 590 4601 ne
630 4561 758 4600 cum
800 4547 903 4600 illis
952 4545 1224 4599 haereticis
1268 4546 1599 4608 consentire,
1644 4556 1737 4599 aut
1785 4561 1878 4601 eos

283 4617 499 4671 imitari
527 4618 860 4672 viderentur.
888 4617 957 4671 At
982 4629 1118 4669 vero
1147 4617 1198 4669 in
1228 4616 1464 4670 Ecclesia
1489 4615 1676 4669 Latina
1708 4626 1758 4670 et
1776 4616 1881 4671 Oc-

280 4687 580 4752 cidentali,
611 4688 731 4741 aliis
757 4703 825 4743 ex
859 4687 1059 4750 causis,
1094 4702 1226 4752 quas
1264 4688 1510 4755 sequenti
1559 4702 1677 4755 cap.
1711 4702 1876 4755 expo-

282 4774 517 4823 nemus,
542 4758 805 4828 ieiunium
836 4756 1183 4828 sabbatiiam
1213 4757 1340 4811 inde
1384 4758 1454 4810 ab
1480 4757 1611 4825 ipsis
1660 4768 1875 4826 aposto-

280 4830 479 4884 lorum
510 4827 844 4897 temporibus
882 4827 1246 4882 introductum
1275 4838 1327 4882 et
1356 4828 1700 4881 observatum
1739 4830 1873 4893 fuit;

280 4899 444 4969 quod
499 4900 819 4962 etiamnum,
852 4900 995 4969 licet
1040 4897 1355 4965 imperfecte
1399 4899 1767 4969 observatur:
1810 4898 1877 4952 de

278 4967 399 5039 quo
454 4969 746 5037 Gregorius
775 4968 885 5032 Vll,
928 4968 1066 5036 apud
1102 4968 1382 5039 AGratian”
1424 4967 1549 5039 dist.
1602 4968 1679 5021 5:
1718 4969 1875 5035 Quia,

277 5036 503 5111 inquit,
535 5040 643 5095 dies
686 5041 885 5094 sabbati
923 5039 1061 5107 apud
1092 5036 1277 5092 Patres
1320 5039 1372 5091 in
1399 5037 1719 5111 'ubslinentia
1749 5040 1879 5093 cele-

279 5108 394 5166 bris
424 5112 632 5165 habitus
655 5119 750 5173 est,
780 5125 1044 5163 monemus
1076 5119 1128 5161 ut
1157 5110 1462 5177 quicumque
1492 5124 1543 5161 se
1572 5108 1880 5163 Christiana:

278 5184 564 5251 religionis
586 5182 864 5251 participes
890 5195 997 5233 esse
1019 5178 1331 5244 desiderant,
1356 5178 1417 5231 ab
1456 5195 1545 5232 esu
1563 5180 1798 5234 carnium
1824 5197 1882 5234 ea

278 5254 369 5308 die
400 5253 730 5307 abstineant.

358 5336 385 5363 ε
414 5324 512 5377 Sic
541 5337 753 5386 omnes,
786 5334 922 5390 quos
963 5318 1142 5388 legere
1169 5317 1342 5388 potui,
1375 5318 1596 5375 codices
1643 5327 1751 5374 tam
1782 5334 1880 5374 ex-

276 5395 438 5457 cusi,
475 5408 636 5470 quam
678 5390 1369 5470 ms._.At-quorsumnist‘ud_
1397 5391 1607 5470 totidem
1655 5391 1875 5470 eumde

277 5460 540 5519 nurnero
576 5462 664 5517 hic
694 5460 838 5517 nulla
883 5462 956 5515 sit
994 5460 1233 5515 mentio?
1278 5461 1412 5515 Puto
1454 5463 1632 5527 itaque
1663 5461 1875 5513 totidem

276 5548 590 5603 perperam
636 5533 873 5600 positum
900 5546 997 5603 pro
1044 5531 1240 5603 itidem,
1290 5531 1324 5584 i.
1362 5547 1424 5603 re.
1477 5531 1726 5603 similiter
1756 5532 1871 5603 :ita

272 5600 442 5661 enirn
476 5613 530 5657 et
558 5618 748 5658 sensus
769 5600 1040 5669 exituscit,
1071 5610 1123 5653 et
1156 5602 1440 5671 Dionysius
1468 5600 1668 5668 optime
1697 5601 1871 5655 redtli-

270 5677 360 5730 dit
400 5694 418 5728 :
460 5673 613 5729 Unde
640 5684 690 5728 et
717 5673 907 5725 solutio
923 5673 1113 5744 jejunii
1143 5672 1204 5723 ab
1229 5673 1525 5744 apostolicis
1572 5672 1691 5725 viris
1732 5672 1880 5744 insti-

272 5757 405 5800 tuta
456 5756 531 5797 est
570 5745 781 5798 sabbato
817 5741 934 5812 post
962 5744 1323 5812 prtedicturum
1383 5743 1693 5813 Vigiliarum
1737 5741 1879 5798 labo-

272 5835 422 5881 rem,
455 5826 589 5881 (πα,
619 5814 709 5870 ubi
741 5815 888 5868 nulla
924 5813 1261 5883 ambiguitas.

1902 4724 1958 4783 D

1972 3420 2207 3475 Marcion
2237 3429 2283 3474 et
2315 3419 2749 3491 Manicha’us,‘et
2781 3436 2972 3485 omnes,
3013 3421 3099 3487 qui
3140 3430 3355 3475 veterem
3395 3422 3557 3491 legem

1970 3493 2152 3563 r_abido
2196 3507 2283 3545 ore
2322 3491 2604 3563 dilaniant,
2638 3489 2777 3563 dant
2813 3498 3178 3563 partem_octo,
3218 3489 3555 3563 suscipientes

1970 3559 2309 3629 Evangelium
2335 3577 2353 3615 :
2380 3561 2470 3614 sed
2500 3562 2727 3615 eamdem
2772 3559 3057 3627 septenario
3099 3578 3307 3614 numero
3338 3559 3439 3615 non
3465 3563 3558 3615 tri-

1971 3631 2148 3703 buunt,
2188 3632 2349 3703 legem
2397 3640 2608 3703 veterem
2650 3639 2968 3703 respuentes.
3024 3630 3136 3683 Nos
3172 3631 3329 3699 igitur
3355 3634 3558 3701 utrique

1972 3699 2329 3754 Instrumenta
2383 3702 2675 3754 credamus.
2719 3699 2842 3754 Non
2890 3700 3022 3753 enim
3066 3716 3336 3768 possumus
3373 3699 3557 3769 dignos

1973 3773 2251 3836 cruciatus,
2278 3770 2583 3840 dignamque
2608 3786 2806 3841 poenam
2829 3772 2943 3841 jam
2978 3786 3113 3823 nunc
3136 3780 3298 3823 mente
3332 3788 3559 3841 compre-

1974 3842 2216 3912 hendere,
2260 3856 2373 3909 qua:
2404 3841 2629 3912 repo~ita
2660 3851 2733 3894 est
2771 3841 2848 3893 his
2892 3841 2977 3910 qui
3006 3850 3269 3912 versantur
3294 3844 3347 3894 in
3395 3853 3553 3904 terra,

1971 3911 2194 3976 Judceis,
2238 3923 2392 3981 atque
2420 3910 2698 3979 ltiereticis,
2725 3929 2751 3965 e
2778 3912 2973 3983 duobus
3008 3911 3227 3983 alterum
3258 3912 3559 3983 deneganti-

1974 3984 2085 4055 bus.
2138 3983 2269 4055 Haec
2318 3983 2546 4055 mystice
2595 3992 2650 4055 et
2700 3982 2998 4055 allegorice
3049 3982 3112 4037 D.
3170 3982 3554 4055 llicrt~nynitts.

1974 4054 2123 4108 Alias
2151 4053 2315 4107 etiam
2344 4053 2600 4124 mysticas
2632 4054 3107 4124 interpretationes
3132 4054 3297 4106 tradit
3328 4053 3388 4108 ll.
3421 4053 3561 4109 Grc-

1975 4127 2157 4194 gorius
2186 4123 2277 4177 lib.
2321 4122 2464 4177 itva
2492 4124 2686 4177 Mora].
2718 4140 2841 4191 cap.
2868 4122 3002 4194 lita
3031 4124 3279 4177 scribens
3311 4141 3325 4177 :
3354 4124 3458 4179 Per
3478 4141 3561 4179 se-

1975 4192 2270 4267 ptenarium
2298 4210 2589 4261 numerum,
2623 4195 2736 4267 hoc,
2774 4192 2915 4267 quod
2944 4205 3131 4267 septem
3160 4194 3338 4248 diebus
3364 4197 3562 4265 agitur,

1976 4262 2200 4336 prtvsens
2232 4275 2430 4335 tempus
2457 4266 2721 4335 expressit.
2764 4262 2865 4315 Per
2904 4265 3222 4336 octonarium
3256 4282 3373 4336 vero
3398 4262 3563 4319 ritum

1977 4332 2272 4407 perpetuam
2300 4332 2621 4407 designarit:
2645 4348 2797 4407 quunt
2827 4350 2922 4386 sua
2942 4332 3088 4407 nobis
3114 4334 3366 4389 Dominus
3392 4351 3566 4389 resur-

1978 4402 2202 4461 rectione
2251 4402 2510 4475 patefecit.
2560 4402 2834 4458 Dominico
2888 4403 3079 4475 scilicet
3133 4407 3216 4458 die
3257 4407 3560 4471 resurrexit,

1978 4479 2066 4539 qui
2097 4494 2214 4530 cum
2243 4474 2377 4529 diem
2414 4476 2703 4546 septimum,
2743 4474 2796 4525 id
2818 4485 2913 4546 est,
2944 4474 3207 4528 sabbatum
3237 4488 3499 4546 sequatur,
3529 4492 3565 4530 ιι

1980 4548 2273 4600 conditione
2299 4542 2504 4598 octavus
2534 4545 2811 4603 invenitur,
2837 4542 2978 4598 Bene
3016 4555 3183 4599 autem
3214 4542 3406 4601 dicitur
3432 4563 3450 4601 :
3478 4546 3564 4601 Da

1982 4628 2153 4690 partes
2194 4625 2429 4690 septem,_
2459 4631 2552 4668 nec
2593 4632 2696 4667 non
2751 4624 2798 4666 el
2853 4625 3005 4690 octo:
3035 4618 3155 4690 quia
3200 4621 3409 4690 ignoras
3438 4618 3565 4687 quid

1982 4688 2106 4739 ntali
2127 4688 2359 4755 futurum
2386 4686 2450 4738 sit
2486 4701 2637 4757 super
2660 4693 2863 4739 terram.
2900 4686 2970 4738 Ac
3005 4688 3049 4740 si
3079 4686 3252 4757 aperte
3285 4686 3562 4752 diceretur,

1981 4761 2053 4811 sic
2080 4759 2320 4827 dispenso
2360 4756 2682 4827 temporalia,
2729 4763 2783 4807 ut
2828 4766 3068 4824 appetere
3105 4756 3204 4811 non
3244 4758 3560 4811 obliviscaris

1978 4838 2189 4881 (eterna.
2236 4825 2469 4897 Oportet
2492 4842 2709 4896 namque
2736 4834 2791 4877 ut
2827 4829 2881 4879 in
2914 4837 3169 4894 posterum
3212 4829 3333 4882 bene
3363 4828 3562 4897 agendo

1982 4898 2268 4966 provideas,
2296 4898 2385 4967 qui
2411 4896 2473 4949 de
2503 4897 2683 4967 futuro
2698 4896 2922 4966 judicio,
2953 4908 3144 4965 quanta
3173 4896 3433 4952 tribulatio
3478 4913 3565 4951 se-

1980 4965 2194 5037 quatur,
2240 4965 2470 5037 ignoras,
2506 4965 2617 5021 etc.
2664 4965 2835 5021 Porro
2884 4982 3171 5035 germanus
3218 4980 3270 5022 et
3298 4968 3566 5038 litterulis

1984 5038 2225 5104 ejusdem
2261 5037 2544 5090 sententiae
2572 5052 2768 5091 sensus
2796 5052 2918 5091 esse
2948 5038 3177 5107 videtur,
3210 5037 3366 5107 quem
3399 5038 3564 5093 tradit

1984 5107 2179 5162 Franc.
2221 5108 2611 5170 Titelmannus,
2662 5110 2765 5161 hoc
2792 5110 3132 5176 prmutouito,
3162 5108 3300 5177 quod
3347 5119 3562 5173 septem,

1984 5188 2031 5231 et
2061 5188 2173 5231 octo
2201 5193 2359 5233 casns
2398 5186 2524 5231 sunt
2566 5178 2755 5239 dativi,
2788 5176 3238 5246 quemadmodum
3278 5192 3343 5231 ex
3374 5178 3566 5233 Graeco

1985 5250 2175 5317 liquet,
2210 5248 2298 5301 ubi
2325 5249 2588 5302 articulus
2611 5257 2724 5308 τοῖς
2751 5248 2916 5301 dativi
2950 5262 3107 5301 casus
3149 5246 3399 5302 similiter
3432 5248 3567 5302 utri-

1985 5316 2090 5389 que
2115 5319 2465 5388 praeponitur.
2515 5317 2704 5387 Estque
2728 5319 2898 5387 hujus,
2934 5316 3144 5389 inquit,
3166 5318 3414 5371 orationis
3444 5335 3564 5372 sen-

1982 5388 2069 5444 sus
2101 5404 2117 5441 :
2146 5389 2212 5441 da
2240 5397 2435 5458 partem
2473 5389 2603 5457 ipsis
2631 5400 2838 5458 septem,
2886 5396 3038 5458 atque
3078 5388 3232 5458 etiam
3262 5389 3387 5458 ipsis
3426 5400 3565 5456 octo,

1980 5462 2081 5513 sive
2109 5456 2351 5532 septenis,
2393 5467 2437 5510 el
2467 5456 2695 5521 octonis,
2733 5458 2786 5509 id
2825 5456 3210 5532 est,_distribue,
3239 5456 3288 5512 et
3326 5459 3567 5532 disperge

1979 5546 2096 5600 qua:
2123 5530 2296 5588 habes,
2329 5531 2381 5581 in
2423 5544 2595 5581 omnes
2622 5536 2868 5596 quotquot
2908 5526 2998 5577 tibi
3029 5540 3324 5600 occurrant,
3355 5526 3458 5583 sive
3486 5526 3567 5585 se-

1982 5598 2115 5667 ptem
2138 5601 2236 5651 sint
2256 5599 2357 5651 sive
2385 5607 2496 5671 octo
2520 5614 2537 5662 ;
2567 5608 2900 5671 quotcumque
2924 5606 2971 5648 ct
2996 5598 3398 5671 quibuscumque
3424 5609 3565 5669 pote-

1984 5672 2078 5729 ris,
2113 5670 2416 5737 benefucilo.
2451 5670 2573 5722 lla‘c
2603 5668 2719 5737 ille,
2745 5675 2797 5737 ct
2825 5681 2944 5733 qua:
2973 5680 3291 5737 sequuntur.

2060 5752 2083 5777 υ
2106 5740 2158 5792 1‹Ι
2191 5749 2293 5801 est,
2328 5756 2429 5791 non
2464 5749 2666 5807 utcutu
2693 5736 2897 5790 JUliil‘iS
2928 5740 3302 5807 convenirent,
3334 5749 3386 5795 et
3417 5754 3563 5794 com—

1990 5810 2323 5867 municarent
2346 5809 2395 5863 in
2416 5806 2781 5866 celebratione
2800 5847 2815 5869 ,
2842 5816 2894 5861 ct
2918 5812 3304 5876 superstitione
3328 5810 3557 5866 sabbati,
