4026 6334
333 329 434 390 149

855 321 956 398 ns
993 313 1474 390 cmuostonuu
1511 311 1752 372 INSTIT.
1793 309 1902 368 LIB

2006 307 2057 366 ll.
2080 335 2152 353 --
2177 305 2268 364 DE
2305 305 2583 366 DIURNIS
2620 303 3098 366 ORATIONIBUS-

3480 299 3610 384 ,πο

325 449 608 506 Simonem
661 439 1094 498 conﬂictaturum
1141 440 1392 492 asserant
1431 430 1706 502 jejunasse
1753 425 1911 496 (Act.
1941 422 2290 492 Aobsequiis
2317 421 2450 480 nihil
2500 422 2870 488 imminuatur,
2913 421 3224 492 adiectione
3251 423 3466 484 scilicet
3491 425 3608 488 loe-

323 556 422 596 vni
439 541 480 608 ).
515 537 602 594 Ex
629 553 742 608 quo
764 533 936 603 magis
955 539 1180 602 apparet
1206 527 1308 620 hoc
1331 541 1454 582 eum
1482 538 1591 620 non
1621 529 1916 620 consuetu-

325 631 452 688 dine
482 629 747 686 canonica
780 625 999 688 fecisse,
1035 621 1130 677 sed
1159 613 1443 690 praesentis
1475 616 1652 686 potius
1682 613 1918 670 necessi-

324 733 438 781 tate
469 723 780 780 conﬂictus.
816 716 1094 789 Siquidem
1143 723 1198 770 et
1235 713 1308 768 ibi
1356 725 1452 782 pro
1493 711 1594 766 hac
1639 711 1826 768 eadem
1855 724 1915 764 re

321 833 434 876 non
459 814 746 888 generale,
773 813 868 870 sed
893 809 1132 880 speciale
1163 808 1376 864 videtur
1405 806 1600 861 Petrus
1629 804 1914 874 discipulis

321 911 436 965 suis
459 907 734 978 jejunium
763 903 1064 967 indixisse;
1101 899 1248 970 quod
1273 897 1454 968 utique
1482 913 1591 954 non
1619 895 1841 952 fecisset
1867 897 1912 950 si

321 1003 520 1058 scisset
557 999 694 1054 illud
719 996 982 1052 canonica
1027 990 1420 1050 consuetudine
1451 991 1628 1046 solere
1657 987 1862 1044 servari
1895 1005 1907 1041 :

319 1093 464 1148 idem
511 1089 873 1162 proculdubio
899 1087 1060 1142 etiam
1093 1083 1368 1140 dominico
1399 1081 1485 1137 die
1517 1089 1736 1152 paratus
1775 1077 1912 1134 indi-

321 1201 468 1255 cere,
499 1185 545 1242 si
571 1183 887 1242 certaminis
929 1181 1099 1252 ipsius
1129 1180 1184 1234 in
1205 1193 1330 1234 eum
1357 1175 1720 1248 compcgisset
1747 1187 1910 1229 occa-

317 1281 428 1345 sio,
458 1293 562 1336 nec
595 1286 778 1342 tamen
806 1292 875 1334 ex
905 1275 1010 1330 hoc
1055 1273 1238 1330 statim
1265 1270 1521 1338 canonica
1553 1268 1745 1326 fuisset
1765 1267 1909 1338 jeju-

317 1373 394 1430 nii
424 1371 616 1444 regula
651 1368 1043 1443 promulganda
1073 1385 1085 1419 :
1113 1364 1262 1436 quod
1287 1377 1392 1419 non
1423 1361 1697 1432 generalis
1725 1360 1910 1416 obser-

317 1461 464 1520 vatio
485 1471 778 1529 statuerat,
803 1459 900 1518 sed
931 1469 990 1516 ut
1012 1457 1176 1516 semel
1201 1459 1375 1524 tieret,
1399 1455 1541 1512 ratio
1565 1452 1910 1512 necessitatis

319 1563 648 1614 extorserat.

967 1642 1191 1700 CAPUT
1220 1639 1313 1698 XI.

317 1739 384 1798 1η
411 1758 513 1814 quo
539 1741 819 1796 dominica:
845 1738 1270 1814 dieisolemnitas
1317 1735 1380 1790 ab
1429 1733 1656 1790 aliorum
1701 1733 1906 1792 dierum

669 1812 1035 1868 consuetudine
1057 1811 1254 1864 diuersa
1282 1815 1541 1868 teneatur.

388 1925 592 1982 Verum
619 1940 688 1982 ne
709 1925 812 1982 hoc
834 1925 1049 1996 quidem
1079 1922 1458 1994 ignorantium,
1510 1921 1600 1982 die
1630 1920 1904 1978 dominico

317 2033 478 2074 unam
515 2017 898 2073 tantummodo
929 2026 954 2055 ι
987 2017 1206 2072 Missam
1251 2026 1378 2070 ante
1425 2013 1713 2085 prandium
1755 2013 1904 2070 cele-

315 2109 491 2165 brari:
523 2111 578 2166 in
603 2125 709 2180 qua
732 2109 1062 2180 psalmorum
1096 2119 1255 2180 atque
1300 2109 1607 2164 orationum
1653 2121 1748 2162 seu
1795 2106 1906 2162 lec-

319 2203 526 2260 tionum
545 2219 652 2274 pro
677 2204 851 2274 ipsius
875 2203 1118 2260 collectae
1144 2203 1230 2258 vel
1282 2201 1679 2258 communionis
1729 2199 1901 2256 domi-

321 2298 456 2354 nica:
487 2297 794 2358 reverentia
819 2295 1119 2352 solemnius
1144 2295 1346 2366 aliquid
1371 2310 1432 2354 ac
1461 2295 1780 2366 propensius
1802 2297 1904 2352 im-

315 2389 614 2460 pendentes
641 2431 658 2456 ,
697 2390 750 2444 in
805 2388 922 2462 ipsa
962 2389 1200 2446 Tertiam
1225 2431 1242 2458 ,
1313 2389 1640 2462 Sextamque
1701 2392 1902 2462 pariter

315 2492 746 2540 consummatam
773 2489 1043 2553 reputant.
1064 2482 1246 2554 Itaque
1279 2481 1336 2538 fit
1368 2491 1427 2538 ut
1473 2484 1540 2540 de
1589 2483 1895 2540 orationum

2019 517 2224 574 tionum
2255 532 2270 570 :
2301 523 2356 570 et
2399 513 2754 572 nihilominus
2809 513 3116 572 diderentia
3165 516 3416 588 quaedam
3441 561 3458 590 ,
3515 519 3606 578 vel

2019 607 2269 664 remissio
2296 605 2542 663 videatur
2569 607 2827 664 fratribus
2857 607 3127 678 indulgeri
3176 623 3274 680 pro
3297 612 3604 670 reverentia

2021 701 2310 760 dominicae
2329 702 2746 757 resurrectionis
2767 715 2877 771 prae
2909 711 3110 756 caetero
3143 709 3386 773 tempore
3407 719 3530 774 quae
3550 712 3606 763 et

2016 795 2182 852 totius
2207 795 2519 868 septimanae
2539 796 2788 852 videatur
2813 795 3210 850 observantiam
3237 797 3518 865 relaxare,
3545 807 3605 858 et

2015 904 2111 960 pro
2133 889 2230 944 hac
2253 889 2390 960 ipsa,
2415 903 2538 959 quae
2565 887 2994 954 intermiscetur,
3023 889 3254 958 quadam
3285 887 3592 946 differentia

2009 982 2263 1039 eumdem
2289 981 2436 1036 diem
2469 981 2619 1036 velut
2649 980 2896 1036 festivum
2929 989 3184 1049 provocet
3233 997 3454 1038 rursum
3499 997 3591 1038 so-

2011 1073 2244 1132 lemnius
2295 1065 2966 1146 exspectari,'minusque
3013 1073 3176 1128 faciat
3233 1072 3589 1131 hebdomadis

2011 1173 2252 1222 venturae
2265 1165 2466 1236 jejunia
2495 1164 2654 1234 hujus
2675 1165 3080 1236 exspectatione
3118 1165 3332 1222 sentiri.
3363 1165 3590 1238 Semper

2011 1257 2158 1314 enim
2187 1257 2539 1327 requanimius
2567 1256 2822 1328 quaelibet
2867 1256 3114 1327 fatigatio
3159 1257 3476 1322 sustinetur,
3531 1265 3588 1314 et

2013 1351 2131 1408 sine
2160 1349 2380 1406 fastidio
2404 1347 2913 1422 laborimpenditur
2944 1367 2956 1402 :
2993 1350 3038 1404 si
3091 1349 3372 1418 interiecta
3419 1349 3470 1405 ei
3515 1349 3600 1406 vi-

2009 1441 2269 1498 cissitudo
2325 1439 2608 1514 quaadam,
2667 1441 2752 1500 vel
2799 1442 2978 1514 operis
3017 1441 3319 1498 immutatio
3377 1442 3580 1516 qualis-

2009 1549 2242 1606 cumque
2267 1534 2546 1592 succedat.
2609 1603 2836 1662 CAPUT
2867 1605 2962 1662 xu

2013 1697 2210 1764 Quibus
2237 1699 2438 1766 diebus,
2489 1715 2604 1752 cum
2635 1713 2776 1754 emno
2830 1697 3080 1770 fratribus
3129 1696 3414 1770 exhibetur,
3457 1712 3602 1754 acce-

1935 1813 1986 1874 B
2081 1771 2316 1874 (ἐσπείρυε
2343 1771 2410 1822 ad
2433 1771 2756 1874 Zefectiqn'em
2804 1769 3034 1842 psalmus
3064 1785 3165 1823 non
3205 1769 3422 1837 dicatur,
3467 1771 3598 1826 sicut

2083 1841 2196 1911 ﬁeri
2224 1841 2278 1894 in
2303 1843 2535 1914 prandiis
2559 1841 2706 1896 solet.

2083 1931 2326 2004 Denique
2353 1933 2513 1990 etiam
2553 1934 2608 1990 in
2665 1934 2797 2002 ipsis
2820 1934 3036 2000 diebus,
3065 1932 3116 1990 id
3161 1941 3266 2000 cst,
3287 1931 3317 1972 δ
3361 1933 3589 1989 sabbato

2013 2025 2099 2082 vel
2129 2027 2419 2095 dominica,
2453 2041 2550 2084 seu
2575 2029 2784 2083 feriatis
2815 2027 3172 2098 temporibus,
3222 2027 3414 2096 quibus
3445 2027 3589 2096 pari-

2011 2125 2094 2172 ter
2129 2117 2414 2188 prandium
2446 2161 2462 2186 ,
2515 2127 2568 2174 et
2606 2134 2760 2174 caena
2807 2119 2947 2174 solet
2989 2119 3246 2173 fratribus
3297 2117 3584 2184 exhiberi,

2012 2211 2251 2282 psalmus
2280 2211 2346 2268 ad
2377 2227 2660 2282 vesperam
2683 2229 2792 2268 non
2823 2211 3021 2269 dicitur
3055 2231 3068 2264 :
3105 2212 3158 2267 id
3201 2221 3303 2278 est,
3339 2227 3438 2268 nec
3463 2228 3585 2267 cum

2009 2301 2275 2360 accedunt
2307 2303 2374 2360 ad
2395 2317 2603 2360 ctenam
2623 2349 2638 2374 ,
2687 2319 2788 2360 nec
2809 2319 2930 2360 cum
2954 2305 3020 2360 ab
3050 2319 3116 2360 ea
3160 2311 3512 2374 consurgunt,
3543 2313 3598 2361 ut

2007 2395 2150 2452 solet
2177 2395 2292 2452 ﬁeri
2321 2396 2375 2452 in
2418 2396 2749 2452 solemnibus
2780 2396 3040 2468 prandiis,
3079 2397 3161 2452 vel
3195 2397 3452 2452 canonica
3495 2397 3583 2466 je-

2001 2489 2278 2560 juniorum
2291 2489 2612 2556 refectione,
2635 2505 2798 2562 quam
2818 2497 2874 2546 et
2901 2500 2922 2529 ο
2941 2489 3253 2560 ρι’ωςεάεπθ
3279 2495 3546 2546 consuetu
3559 2518 3580 2532 -

1375 2603 1632 2660 ALARDI
1673 2605 1898 2666 ΟΑΖΕΙ
1935 2605 2493 2664 COMMENTARIUS.

325 2693 548 2758 sabbati,
583 2695 880 2750 multorum
933 2695 1198 2752 relatione
1249 2701 1498 2760 testatur,
1549 2695 1626 2750 sic
1667 2696 1898 2751 dicens:

323 2763 414 2818 Est
433 2767 638 2834 quidem
663 2765 772 2838 licet:
793 2767 968 2838 opinio
993 2765 1334 2833 plurimorum
1364 2783 1376 2838 ς
1407 2769 1638 2838 quamvis
1662 2784 1774 2821 eam
1791 2769 1898 2838 [al-

318 2851 424 2890 tam
449 2853 558 2892 esse
587 2836 856 2906 perhibent
891 2837 1118 2910 plerique
1151 2837 1371 2910 Romani
1457 2835 1626 2906 Epist.
1755 2835 1800 2910 ).’
1831 2839 1900 2893 Et

317 2918 432 2976 qua:
461 2917 766 2976 sequuntur
795 2909 1044 2976 superius
1089 2909 1278 2964 relata.
1309 2907 1516 2974 Quibus
1565 2907 1761 2964 verbis
1786 2923 1894 2964 non

316 2977 584 3047 signiﬁcat
617 2981 948 3048 AugnSIinus
979 2995 1100 3050 esse
1152 2977 1462 3050 opinionem
1516 2979 1776 3034 incertam
1827 2980 1896 3036 de

313 3050 720 3120 concertatione
749 3051 890 3104 Petri
919 3065 1038 3104 cum
1069 3049 1318 3114 Simone,
1353 3061 1408 3104 tit
1451 3049 1705 3106 Calvinus
1733 3059 1890 3120 puta—

315 3120 388 3190 vit
459 3119 554 3174 sed
583 3119 654 3176 de
669 3135 828 3176 causa
853 3121 1046 3190 jejuuii
1075 3108 1385 3190 Sabbati,'ut
1413 3131 1557 3176 recte
1586 3108 1890 3176 observavit
1919 3108 1966 3170 C

315 3189 473 3264 Card.
509 3187 921 3262 Bellarmiuusr('
937 3189 1048 3245 Lib.
1075 3207 1090 3246 t
1113 3191 1175 3246 de
1199 3187 1348 3264 Rom.
1379 3191 1576 3264 Rontif.
1604 3209 1716 3264 cap.
1749 3191 1820 3246 25
1847 3193 1888 3264 ).

315 3257 430 3316 Etsi
460 3264 608 3316 enim
631 3271 864 3328 constet,
904 3257 968 3317 ‘ut
994 3273 1242 3318 auctores
1276 3261 1428 3318 citati
1473 3257 1547 3317 et'
1569 3257 1673 3316 alii"
1709 3257 1892 3330 plures

313 3333 658 3388 concorditer
707 3333 946 3404 tradunt,
997 3335 1216 3390 Petrum
1263 3333 1449 3388 Ruina:
1499 3349 1622 3389 cum
1671 3335 1892 3390 Simone

316 3415 680 3476 concertasse,
715 3420 944 3474 eumque
975 3419 1288 3474 superasse:
1330 3415 1504 3476 tamen
1535 3415 1659 3459 ante
1683 3409 1892 3476 Augus-

319 3475 488 3530 tinum
515 3477 700 3530 nullus
724 3477 891 3532 tradit
915 3477 1018 3530 hoc
1047 3479 1241 3530 factum
1279 3490 1398 3532 esse
1437 3475 1522 3530 die
1570 3475 1841 3532 dominico
1873 3494 1890 3534 :

315 3559 490 3616 neque
511 3545 688 3617 pridie
718 3547 1180 3617 essejejunatum,
1211 3563 1384 3614 neque
1413 3555 1692 3616 proriterea
1725 3548 1888 3603 insti-

315 3615 489 3670 tutum
513 3615 734 3672 sabbati
752 3615 1039 3688 jejunium,
1067 3617 1134 3672 de
1164 3615 1268 3686 quo
1297 3619 1350 3674 in
1387 3619 1474 3671 illa
1511 3617 1746 3688 Epistola
1777 3621 1892 3672 dis—

315 3697 466 3758 putat
492 3689 850 3756 Augustinus,
878 3699 933 3745 et
958 3689 1024 3744 de
1052 3705 1156 3754 quo
1186 3689 1398 3744 diversa
1433 3695 1551 3742 erat
1596 3689 1890 3744 multorum

315 3759 518 3830 opinio.
555 3760 704 3826 Idem
737 3775 865 3816 vero
897 3763 1222 3830 Augustinus
1253 3761 1378 3814 alibi
1435 3775 1596 3828 Opera
1627 3759 1687 3814 Β.
1749 3759 1890 3815 Petri

317 3827 594 3886 Simonem
625 3831 950 3900 exstinctum
974 3827 1131 3900 atque
1151 3839 1397 3885 necatum
1425 3831 1890 3897 certocontirmat,

317 3913 440 3956 cum
469 3901 544 3956 ait
578 3920 592 3955 :
627 3899 695 3956 In
733 3903 858 3956 urbe
887 3899 1059 3956 Roma
1085 3899 1146 3955 Β.
1193 3901 1384 3968 Petrus
1424 3899 1688 3968 apostolus
1725 3901 1895 3956 Simo-

316 3987 432 4046 nem
455 3969 697 4046 lingunt,
729 3989 845 4046 tjero
884 3973 1240 4046 omnipotentis
1287 3967 1393 4046 Dei
1426 3967 1612 4046 uirtute
1638 3973 1896 4046 exstinxit

321 4041 434 4112 (De
476 4041 677 4098 Htéres.
711 4043 787 4114 1).
816 4041 1031 4112 Quibus
1063 4043 1240 4098 verbis
1284 4043 1490 4098 nullum
1529 4043 1596 4098 de
1635 4044 1737 4098 hoc
1776 4057 1896 4098 cer-

319 4115 520 4170 tamine
549 4115 834 4170 dubitandi
860 4119 1032 4170 locum
1065 4115 1300 4184 reliquit.

389 4193 414 4221 ⁸
439 4187 660 4242 Missam
686 4201 783 4254 pro
804 4195 1066 4241 conventu
1097 4185 1482 4240 monachorum
1532 4185 1599 4240 ad
1654 4185 1894 4241 officium

317 4255 558 4312 divinum
593 4257 958 4328 peragendum
981 4255 1118 4326 apud
1143 4255 1457 4328 Cassianum
1481 4257 1650 4326 accipi
1671 4259 1778 4328 jam
1798 4257 1896 4311 ali-

319 4329 532 4398 quOties
565 4327 890 4393 monuimus,
925 4335 980 4388 et
1001 4331 1206 4398 Auctor
1243 4329 1356 4398 ipse
1386 4327 1469 4381 hic
1494 4331 1625 4382 satis
1653 4327 1892 4398 indicat:

319 4395 644 4470 quamquam
669 4399 798 4452 nihil
831 4406 974 4454 vetat
1003 4395 1063 4470 in
1089 4397 1190 4452 hoc
1232 4395 1497 4470 conventu
1526 4401 1686 4453 etiam
1721 4397 1896 4452 Missae

318 4469 645 4526 Sacrificium
689 4469 1072 4538 comprehendi

319 4543 570 4598 monachi
602 4541 668 4594 ad
699 4541 981 4596 ecclesiam
1007 4541 1420 4595 conveniebant.
1470 4541 1534 4594 Et
1563 4541 1781 4594 adverte
1813 4541 1900 4598 hic

321 4613 524 4668 nullam
577 4611 694 4666 fieri
737 4616 1064 4666 mentionem
1113 4609 1320 4666 Nonae:
1349 4609 1490 4682 quod
1534 4611 1598 4664 ad
1637 4611 1853 4667 Sextam
1883 4654 1898 4676 ,

321 4685 372 4738 id
397 4693 628 4754 estpost
656 4682 892 4738 ofﬁcium
926 4689 1094 4740 sexta:
1120 4723 1134 4748 ,
1184 4683 1298 4737 sive
1347 4683 1592 4748 meridie,
1647 4691 1702 4736 ut
1733 4685 1901 4738 moris

323 4763 428 4816 est,
481 4753 674 4808 diebus
723 4754 1006 4810 dominicis
1067 4754 1345 4822 prandium
1400 4761 1718 4818 sumerent,
1777 4755 1899 4808 aliis

321 4825 510 4880 diebus
537 4823 604 4896 ad
634 4822 839 4896 Nouato
879 4839 1050 4896 usque
1093 4823 1424 4896 jejtttiantes.
1477 4823 1628 4890 Quod
1672 4833 1902 4896 secutus

322 4897 482 4950 etiam
547 4893 610 4950 D.
661 4893 988 4950 Benedictus
1038 4909 1157 4964 cap.
1209 4893 1272 4950 Η
1329 4895 1550 4964 Regula:
1593 4911 1606 4948 :
1656 4895 1897 4962 Quarta,

320 4967 514 5036 inquit,
537 4977 586 5020 et
607 4977 752 5038 sexta
777 4967 1146 5038 feriajejunent
1172 4982 1326 5038 usque
1349 4967 1416 5020 ad
1441 4966 1646 5019 Nonum
1665 4967 1903 5038 :reliquis

321 5037 498 5108 diebus
526 5038 596 5091 ad
633 5037 848 5092 Sextum
875 5039 1180 5108 prandeant.
1213 5037 1384 5092 Unam
1419 5053 1546 5108 ergo
1575 5038 1788 5090 Missam
1815 5037 1902 5092 die

321 5107 596 5164 dominico
633 5117 759 5162 ante
791 5107 1073 5176 prandium
1129 5107 1502 5174 celebrabant,
1553 5109 1674 5178 quia
1735 5109 1902 5162 semel

323 5187 528 5248 tantum
568 5179 622 5234 in
647 5179 936 5234 ecclesiam
967 5179 1385 5245 conveniebant,
1429 5180 1608 5248 ibique
1664 5179 1902 5233 ofﬁcium

323 5247 562 5305 divinum
597 5253 860 5306 continue
905 5251 1271 5320 peragebant,
1316 5249 1456 5319 quod
1503 5247 1625 5320 aliis
1667 5249 1858 5303 diebus
1887 5291 1901 5314 ,

324 5323 540 5376 Statutis
579 5321 753 5388 horis,
781 5319 974 5390 nempe
1005 5321 1208 5384 Tertia,
1241 5323 1426 5386 Sexta,
1479 5319 1628 5374 Nona
1663 5335 1761 5388 per
1817 5321 1904 5374 in-

325 5395 564 5515 hers-alliil
595 5393 849 5474 privatim
898 5391 1296 5462 pcrsolvcbant,
1333 5401 1392 5446 ut
1443 5391 1672 5445 lt.betur
1721 5406 1842 5460 cap.
1873 5393 1906 5444 2

366 5479 480 5515 UlllS
533 5481 656 5515 l)l‘l.

366 5463 480 5517 uius
513 5465 656 5517 libri.

453 5534 750 5590 Sabbatum
775 5540 830 5590 et
854 5533 1213 5600 Dominicam,
1239 5533 1460 5589 feriatos
1490 5533 1604 5589 dies
1633 5579 1646 5600 ,
1696 5547 1790 5586 seu
1831 5533 1906 5588 fo-

327 5602 460 5658 riata
483 5615 730 5674 tempora
757 5618 1028 5676 nuncupat
1059 5622 1073 5661 :
1106 5607 1227 5674 quia
1269 5616 1497 5672 utroque
1528 5605 1614 5676 die
1637 5605 1908 5658 ferieban-

329 5683 435 5749 t_ur,
460 5685 513 5731 et
544 5677 612 5731 ab
639 5691 806 5749 opere
841 5674 1102 5732 vacabant
1131 5677 1460 5749 Orientales
1490 5680 1512 5749 (
1539 5674 1824 5749 Palladius
1853 5677 1908 5729 in

331 5743 489 5818 _Laus.
521 5743 686 5818 cap.7
720 5747 762 5816 );
791 5758 1080 5816 utrumque
1105 5749 1305 5804 festum
1355 5755 1410 5802 et
1441 5743 1694 5803 festivum
1743 5747 1909 5801 habe-

331 5813 455 5878 bant
499 5813 796 5878 sacrosque
829 5813 1134 5880 conventus
1181 5829 1288 5875 tam
1329 5819 1417 5876 die
1469 5818 1704 5880 sabbati,
1745 5833 1906 5886 quam

1127 4487 1138 4522 :
1187 4469 1342 4550 cujus
1387 4483 1564 4550 causa
1613 4471 1895 4550 praecipue
1925 4487 1978 4550 ι)

2003 2697 2280 2754 dominico
2317 2699 2592 2771 agebant,
2617 2705 2678 2752 ut
2699 2697 2950 2767 superius
2975 2697 3180 2771 dictum
3235 2706 3319 2771 est
3351 2715 3364 2754 :
3401 2699 3594 2771 qua‘hi-

2011 2785 2173 2838 quam
2205 2785 2310 2824 non
2335 2768 2687 2826 dubitandum
2715 2777 2909 2836 praeter
2941 2769 3165 2822 sabbata
3189 2779 3242 2824 et
3273 2768 3594 2838 dominicas,

2003 2839 2105 2912 alia
2154 2839 2338 2912 itidem
2376 2851 2618 2912 tempora
2655 2839 2842 2894 feriata
2861 2849 2928 2912 Aet
2955 2839 3072 2912 dies
3123 2839 3395 2895 solemnes
3440 2847 3592 2912 apud

2003 2911 2124 2966 illos
2149 2911 2443 2976 exstitisse,
2479 2909 2672 2980 quibus
2697 2925 2806 2965 non
2852 2909 3196 2979 jejunabant,
3231 2912 3324 2964 sed
3355 2909 3592 2980 prande-

1999 2995 2058 3036 re
2095 2995 2158 3036 ac
2209 2997 2426 3038 coenare
2457 2993 2710 3052 poterant
2761 2990 2818 3034 ut
2871 2981 3169 3052 sabbatinis
3199 2991 3254 3036 et
3297 2982 3590 3041 dominicis

1997 3053 2204 3120 diebus,
2232 3069 2354 3108 cum
2378 3051 2567 3108 eadem
2595 3051 2912 3108 czeremonia
2947 3061 2998 3106 et
3025 3051 3344 3108 discriminc
3369 3055 3440 3110 ab
3466 3057 3592 3112 aliis

1998 3123 2188 3194 diebus
2215 3139 2335 3192 quae
2371 3125 2458 3178 hic
2490 3133 2806 3194 tanguntur.

2071 3205 2092 3233 ο
2133 3193 2298 3250 Vetus
2329 3193 2715 3250 monachorum
2764 3195 3126 3260 consuetudo,
3185 3195 3450 3264 psalmos,
3501 3199 3588 3254 vel

1997 3265 2251 3338 hymnos,
2281 3267 2566 3338 refectioni
2597 3265 2928 3338 praemittere
2955 3281 3018 3320 ac
3049 3266 3404 3338 subiungere:
3441 3270 3590 3327 unde

1995 3337 2458 3392 ctmsueludinarii
2492 3337 2568 3392 illi
2621 3337 2781 3404 dicti;
2833 3337 2996 3406 idque
3031 3338 3281 3406 exemplo
3333 3337 3584 3406 Christi,

1995 3411 2086 3478 qui
2117 3423 2239 3478 pom
2268 3424 2475 3478 sacram
2505 3423 2714 3463 caenam
2747 3425 2868 3462 cum
2898 3407 3178 3476 discipulis
3207 3409 3472 3474 hymnum
3502 3413 3586 3466 di-

1995 3477 2374 3550 Xis>e_l¢{gitur.
2405 3477 2470 3532 Et
2489 3479 2678 3550 hymno
2709 3480 3089 3550 dictoexierunt
3120 3481 3184 3550 in
3226 3490 3450 3533 montem
3479 3483 3596 3536 Uli-

1995 3551 2092 3602 veti
2135 3547 2345 3624 (Matth.
2379 3547 2541 3614 xxvi,
2567 3549 2738 3624 Marc.
2771 3565 2864 3624 xiv
2891 3551 2930 3618 ).
2973 3547 3074 3624 Ubi
3095 3549 3402 3624 _Grmce3.al
3430 3554 3594 3624 ὑμνή-

1996 3641 2201 3680 σαντες.
2225 3620 2272 3672 id
2297 3629 2540 3686 est,cum
2571 3620 2782 3673 laudem
2797 3619 2907 3672 Deo
2937 3619 3425 3676 cecinissent.lla:c
3445 3619 3594 3678 enim

1997 3691 2096 3743 tria
2119 3691 2303 3744 Grmca
2331 3689 2492 3744 dictio
2521 3689 2916 3758 complectitur,
2941 3703 3134 3758 nempe
3159 3690 3391 3756 laudem,
3411 3703 3464 3747 et
3493 3694 3594 3750 Dei

1996 3761 2228 3824 laudem,
2260 3769 2314 3814 et
2336 3763 2625 3822 canticum,
2657 3763 2770 3813 sive
2803 3761 3014 3814 laudem
3046 3775 3168 3814 cum
3199 3771 3392 3828 cantu,
3439 3773 3584 3820 teste

1998 3833 2294 3901 Augustino
2327 3832 2379 3885 in
2411 3831 2672 3901 psalmum
2704 3845 2872 3901 Lutt.
2913 3829 3170 3901 Suntqui
3205 3841 3398 3898 putent
3426 3833 3586 3888 Citri-

1997 3899 2138 3972 stum
2173 3899 2426 3956 usitatum
2455 3902 2695 3972 aliquem
2721 3900 3032 3956 Judauorum
3063 3899 3320 3972 hymnum
3349 3905 3590 3960 cecinis-

2000 3987 2058 4027 se
2091 3971 2372 4044 (Walfrid.
2415 3973 2478 4027 de
2511 3973 2614 4044 reb.
2647 3971 2849 4026 Eccles.
2873 3971 3115 4042 cap.ﬂ5§
3151 3971 3415 4037 Radulph.
3450 3975 3596 4031 Tun-

1997 4061 2164 4114 grens.
2194 4043 2343 4114 prop.
2373 4046 2504 4112 1.3).
2532 4043 2665 4098 Nam
2697 4044 3054 4114 Evangeltstte
3086 4045 3241 4111 quasi
3285 4045 3354 4099 de
3381 4047 3516 4100 nsita
3531 4057 3587 4102 to

1997 4101 2204 4188 byntuo
2235 4101 2421 4170 dicunt
2521 4114 2590 4168 Et
2625 4115 2816 4186 hymno
2847 4101 3248 4188 Hic!o._Paulus
3299 4101 3592 4188 Burgensis

1997 4187 2188 4240 scribit
2213 4189 2430 4242 Judaeos
2461 4187 2580 4240 loco
2610 4189 2902 4256 gratiarum
2932 4186 3162 4238 actionis
3205 4186 3426 4254 septem
3443 4191 3586 4256 psal-

1999 4271 2116 4310 mos
2147 4261 2374 4312 recitare
2405 4259 2616 4324 solitos,
2641 4257 2694 4310 id
2717 4263 2818 4320 est,
2840 4271 2869 4310 a
2891 4258 3098 4326 psalmo
3126 4259 3425 4312 centesimo
3449 4261 3592 4314 duo-

1997 4328 2408 4402 decimo,_cujus
2439 4329 2652 4382 initium
2673 4339 2754 4382 est
2773 4347 2792 4402 :_
2809 4326 3062 4402 Laudare,
3095 4329 3262 4402 pueri,
3283 4327 3591 4402 Dominum,

2001 4415 2168 4467 usque
2194 4399 2258 4452 ad
2293 4399 2554 4467 psalmum
2591 4399 2946 4454 centesimum
2999 4399 3270 4452 decimum
3311 4399 3594 4456 octavum.

2005 4471 2110 4524 Alii
2139 4470 2407 4524 Christum
2427 4485 2620 4540 novum
2639 4471 2868 4540 aliquem
2901 4469 3158 4540 hymnum
3179 4474 3554 4540 composuisse
3579 4489 3595 4526 :

2004 4541 2078 4594 Ita
2112 4545 2278 4594 refert
2307 4539 2640 4594 Maldonatus
2670 4539 2760 4608 (In
2790 4555 2994 4611 erxxvr
3047 4539 3238 4593 Matth.
3271 4541 3310 4610 ).
3346 4544 3594 4611 Chryso-

2003 4621 2212 4664 stomus
2243 4611 2781 4682 enarransverbailla
2805 4609 3042 4664 Mattltmi
3073 4627 3084 4662 :
3117 4611 3362 4678 Audiant,
3391 4609 3591 4682 inquit,

2003 4685 2307 4752 quicumque
2345 4681 2478 4736 velut
2511 4685 2650 4752 porci
2709 4681 3007 4750 simpliciter
3061 4681 3434 4736 manducantes
3473 4681 3596 4737 cum

2004 4753 2240 4806 ebrietate
2266 4761 2502 4824 surgunt,
2535 4769 2652 4806 cum
2678 4753 2876 4824 deceret
2887 4755 3084 4824 gratias
3113 4769 3280 4824 agere.
3305 4763 3348 4804 et
3369 4755 3420 4824 in
3450 4754 3598 4824 hym-

2005 4841 2127 4878 num
2159 4810 2384 4878 mensam
2416 4810 2664 4878 desinere.
2703 4823 2856 4876 Philo
2877 4810 3096 4876 Iudaeus
3127 4810 3178 4876 iit
3212 4823 3348 4876 libro
3380 4823 3448 4876 de
3481 4810 3594 4878 Vita

2005 4897 2418 4964 contemplativa
2453 4897 2654 4964 primos
2685 4895 2804 4948 illos
2832 4893 3054 4948 Ascetas
3087 4893 3494 4964 Alexandrinos
3525 4893 3596 4948 ad

2009 4962 2248 5020 mensam
2303 4962 2529 5036 hymnos
2569 4965 2828 5018 cecinisse
2869 4966 3072 5036 tradit:
3123 4962 3478 5036 Priusquam,
3515 4965 3599 5018 in-

2006 5038 2145 5106 quit,
2175 5035 2514 5100 discumbant,
2531 5044 2720 5090 stantes
2737 5052 2839 5088 una
2861 5038 2989 5089 serie
3007 5035 3258 5106 decenter,
3289 5035 3600 5106 sublatisque

2007 5105 2074 5161 ad
2099 5109 2278 5161 coelum
2307 5107 2541 5161 manibus
2567 5117 2714 5175 atque.
2734 5107 2916 5172 oculis,
2948 5105 3278 5171 hisquoniam
3307 5105 3602 5159 didicerunt

2007 5189 2234 5250 spectare
2256 5179 2514 5244 coelestia;
2553 5179 2676 5240 illis,
2709 5189 2882 5247 utpote
2929 5175 3242 5250 incorruptis
3287 5191 3319 5228 α
3377 5177 3602 5250 muneri.

2009 5245 2119 5316 bus,
2146 5259 2444 5318 etaquazstu
2465 5250 2664 5312 illicito,
2686 5245 2956 5317 precantur
2974 5255 3026 5298 ut
3053 5245 3156 5318 Deo
3183 5246 3380 5318 placeat
3407 5248 3459 5300 id
3471 5263 3602 5300 con-

2009 5315 2194 5374 vivium
2227 5315 2520 5374 {absolutis
2561 5315 2792 5390 precibus
2818 5318 3046 5390 seniores
3097 5315 3444 5390 discumbunt,
3493 5329 3601 5390 etc.

2009 5393 2076 5446 Et
2107 5393 2240 5446 iul'ra
2264 5411 2276 5444 :
2307 5391 2438 5444 Tum
2465 5386 2583 5458 ille]
2606 5405 2802 5458 praeses
2818 5386 3111 5456 )assurgens
3138 5387 3380 5456 hymnum
3407 5390 3460 5442 in
3487 5389 3602 5442 lau-

2011 5463 2126 5516 dem
2155 5461 2250 5516 Dei
2284 5463 2478 5532 primus
2501 5463 2662 5527 canit,
2685 5469 2959 5514 uutrccens
2981 5473 3010 5508 a
3036 5473 3090 5510 se
3127 5461 3488 5532 compasitum,
3513 5469 3600 5513 aut

2009 5529 2336 5604 desmnptum
2375 5533 2435 5585 ab
2462 5535 2632 5600 aliquo
2677 5543 2846 5604 vntum
2893 5537 3138 5604 rotarum.
3173 5529 3459 5604 Prmsulem
3483 5547 3603 5604 mox

2010 5601 2278 5658 imitantur
2301 5604 2467 5658 δίεισνὶ
2495 5604 2689 5654 decenti
2721 5601 2918 5668 ordne,
2945 5601 3176 5654 omnibus
3221 5603 3410 5655 intente
3453 5603 3602 5672 quie-

2013 5687 2156 5746 taque
2181 5673 2601 5734 auscultantibus,
2630 5681 2968 5746 prattcrquam
2989 5673 3042 5724 in
3063 5673 3166 5746 ﬁne
3193 5674 3366 5743 hymni
3388 5715 3402 5736 ,
3432 5681 3603 5726 extre-

2011 5743 2194 5816 mirque
2221 5747 2490 5808 clausula;
2523 5753 2643 5794 tunc
2685 5744 2816 5816 enim
2849 5743 3076 5816 universi
3097 5760 3295 5816 uocem
3317 5745 3602 5816 extollunt,

2013 5813 2118 5874 etc.
2163 5819 2225 5874 D.
2271 5817 2630 5882 Hieronymus
2663 5813 2818 5884 epist.
2862 5815 2953 5882 22,
2977 5813 3044 5870 ad
3086 5813 3430 5872 Eustochium
3457 5855 3474 5884 ,
3534 5815 3604 5874 do
