4026 6334
395 107 427 143 χ

678 129 706 151 ἢ
1220 142 1244 169 1.

1768 216 2051 280 JOANNIS
2087 221 2403 284 CASSIANI

3631 230 3739 291 l5!

447 320 646 386 dinarii
674 328 864 401 psalmi
901 332 1084 388 solent
1129 340 1184 388 et
1206 332 1500 404 subsequi:
1532 333 1631 390 sed
1664 339 2037 395 tantummodo
2060 356 2117 417 Α
2140 342 2276 400 chos
2304 342 2407 400 ista
2435 344 2682 415 refectio,
2713 361 2817 404 nec
2841 360 3033 406 omnes
3054 348 3125 405 ad
3158 360 3277 409 eam
3307 348 3605 407 convenire
3634 366 3732 407 co-

445 420 678 492 simplici
706 422 952 479 oratione
984 423 1121 479 facta
1146 425 1414 481 accedunt
1439 425 1505 480 ad
1536 440 1775 494 caenam,
1800 443 2032 500 eamque

445 525 663 570 rursum
690 524 1083 587 consurgentes
1117 516 1184 571 ab
1232 518 1368 589 ipsa,
1400 518 1513 575 sola
1536 521 1785 576 oratione
1806 522 2031 577 conclu-

448 605 602 675 dunt,
631 605 778 679 quod
802 607 1012 664 scilicet
1051 609 1482 667 extraordinaria
1535 612 1607 667 sit
1653 613 1794 669 inter
1840 629 2030 669 mona-

418 693 425 725 ⁷
1513 724 1775 781 ALARDI
1809 725 2045 783 cum
2082 727 2651 793 COMMENTARIUS.

412 2291 427 2330 l

448 815 731 874 monachis
755 814 1019 887 Egyptiis
1044 830 1249 886 agens:
1277 813 1407 870 Post
1450 814 1632 871 horam
1653 856 1668 880 ,
1698 814 1792 887 ait,
1847 831 2039 870 nonam

447 891 503 943 in
549 903 817 942 commune
850 890 1171 941 concurritur
1200 904 1220 941 .'
1253 887 1436 954 psalmi
1468 897 1730 954 resonant,
1751 886 2041 956 Scriptura:

449 960 748 1030 recitantur
778 974 847 1030 es
867 973 1031 1023 more,
1053 967 1100 1010 et
1128 958 1392 1030 completis
1422 957 1736 1012 orationibus
1758 1002 1774 1026 ,
1818 959 2041 1030 cunctis~

485 1044 548 1083 ue
589 1028 944 1096 residentibus,
993 1037 1098 1084 etc.
1144 1028 1341 1084 Dehinc
1389 1038 1703 1099 consurgunt
1749 1028 1961 1096 pariter,
1991 1038 2042 1084 et

446 1046 548 1152 καθ
589 1046 944 1096 restaentwus,
993 1046 1098 1084 etc.
1144 1046 1341 1084 uentnc
1389 1046 1703 1099 consurgunt
1749 1046 1961 1096 pariter,
1991 1046 2041 1084 et

487 1114 641 1170 ειτηηο
681 1100 840 1182 dicto,
872 1102 940 1153 ad
950 1100 1218 1223 bprtcsepia
1244 1101 1480 1165 redeunt,
1508 1100 1563 1155 id
1591 1110 1695 1169 est,
1723 1099 1790 1154 ad
1814 1099 2041 1155 cellulas

447 1185 581 1223 suas
608 1169 627 1223 l
652 1169 780 1223 Vide
809 1169 947 1223 Ense
986 1211 999 1223 .
1031 1171 1121 1223 ιώ.
1154 1186 1191 1223 ιι
1223 1169 1364 1223 Hist.
1395 1186 1443 1223 c.
1468 1171 1535 1223 10
1559 1169 1602 1223 ).
1633 1171 1833 1223 Verum
1865 1181 1921 1223 ut
1947 1185 2038 1223 re-

447 1169 581 1241 suas
608 1169 780 1240 (Vide
809 1169 1005 1241 Eusebl
1031 1171 1121 1224 lib.
1154 1186 1191 1225 ιι
1223 1169 1364 1225 Hist.
1395 1186 1443 1225 c.
1468 1169 1602 1241 10).
1633 1171 1833 1226 Verum
1865 1181 1921 1225 ut
1947 1185 2038 1227 re-

450 1240 552 1296 bus
584 1242 743 1296 seriis
763 1241 968 1312 aliquid
995 1240 1186 1312 ludicri
1217 1240 1611 1297 admisceamus
1633 1286 1648 1310 ,
1699 1252 1754 1297 et
1779 1242 2039 1310 spiritua-

450 1312 562 1366 lem
591 1311 974 1367 austeritatem
1002 1311 1229 1381 alicujus
1252 1312 1363 1382 joci
1394 1312 1660 1369 suavitate
1684 1381 1690 1382 ί
1712 1312 2034 1371 condiamus

451 1382 621 1454 (quod
649 1382 823 1438 Graeci
849 1384 1185 1460 «ἦτροεπελίαν
1210 1381 1592 1460 vocant.Arist.
1609 1400 1659 1439 tv
1675 1381 1844 1460 Elh‘ic.
1877 1400 1924 1439 c.
1952 1381 2033 1454 8),

453 1462 780 1525 succurrunt
819 1455 950 1509 mihi
995 1455 1096 1509 hac
1126 1455 1409 1510 occasione
1438 1470 1627 1510 versus
1658 1456 1877 1525 quidam
1910 1469 2037 1525 per-

451 1524 642 1597 lepidi,
664 1535 729 1597 et
751 1527 1012 1581 memoria
1038 1526 1208 1595 digni,
1240 1541 1375 1597 quos
1405 1526 1457 1580 in
1483 1535 1701 1582 vetusto
1716 1524 2036 1597 codicems.

452 1610 544 1649 me
575 1595 770 1664 legisse
801 1596 1038 1663 memini,
1057 1595 1539 1666 quibus'consueta
1564 1614 1761 1652 mensae
1787 1596 2033 1652 benedic-

452 1666 530 1719 tio
555 1673 610 1738 et
637 1667 932 1738 gratiarum
954 1670 1122 1731 actio,
1155 1675 1265 1722 tam
1292 1668 1346 1723 in
1374 1668 1564 1723 diebus
1608 1667 1819 1738 jejunii,
1873 1682 2035 1736 quam

2139 443 2359 504 gantur,
2389 437 2496 493 nisi
2525 447 2619 494 aut
2648 441 2927 511 peregrini
2947 442 3038 510 qui
3057 441 3477 513 supervenerint
3505 442 3730 510 fratres,

2139 537 2231 582 aut
2262 528 2317 583 hi
2351 544 2488 600 quos
2516 530 2805 589 infirmitas
2834 533 3110 605 corporis,
3145 542 3242 591 aut
3272 536 3493 607 propria
3540 534 3736 593 invitat

2141 618 2410 676 voluntas.

2142 821 2360 903 quidam
2387 822 2577 903 frater,
2608 826 2699 898 qui
2729 825 2865 884 forte
2882 827 3152 901 jejunium
3191 843 3303 888 non
3340 831 3600 903 amabat,
3636 846 3742 890 suo

2146 892 2306 949 modo
2332 892 2669 952 versificatus
2691 907 2808 954 est:

2271 985 2598 1061 anﬁteamttr
2615 1004 2741 1051 amo,
2760 994 2876 1061 quia
2900 1005 3090 1061 clerum
3113 990 3327 1061 veSpere
3344 997 3520 1048 clamo.

2270 1048 2379 1100 Odi'
2389 1052 2697 1118 Memoriam,
2721 1048 2836 1119 quia
2855 1057 2984 1108 tollit
3006 1048 3220 1122 vespere
3245 1073 3454 1110 cmnam.

2215 1133 2356 1217 Quia
2381 1136 2866 1217 nimiru_m,___cum_
2896 1158 3004 1217 non
3036 1142 3314 1217 jejuuatur
3340 1184 3381 1217 ,ᾼ
3410 1143 3744 1217 inchoantur

2142 1208 2330 1282 gratim
2360 1208 2627 1263 versiculo
2658 1210 2751 1267 illo
2776 1228 2791 1269 :
2824 1208 3183 1282 Conﬁtean'tur
3198 1215 3312 1280 tibi,
3342 1208 3587 1281 Domine,
3631 1232 3744 1282 ont-

2140 1277 2234 1332 nia
2261 1293 2415 1360 opera
2440 1288 2548 1360 tua,
2574 1289 2681 1360 etc.
2700 1282 2842 1360 Cum
2870 1277 3162 1352 jejunatur,
3192 1300 3224 1339 a
3252 1277 3524 1360 versiculo
3550 1277 3582 1339 :V
3606 1279 3744 1357 ,Με-

2140 1350 2361 1427 muriam
2386 1350 2507 1427 fecit
2528 1350 3100 1427 mirabiliumsu’orum,
3149 1366 3255 1411 etc.
3281 1354 3578 1427 Utramque
3606 1350 3743 1413 vero

2141 1417 2583 1477 benedictionem
2633 1438 2793 1478 versu
2825 1417 3166 1482 claudicante
3193 1417 3625 1497 complexus'est
3651 1445 3666 1479 :

2264 1511 2349 1563 Bis
2365 1513 2630 1564 comedent
2656 1511 2841 1566 Oculi:
2867 1520 3058 1564 tantum
3081 1514 3237 1566 semel
3261 1516 3455 1577 Edent;

2141 1594 2195 1651 id
2224 1606 2330 1662 est,
2359 1597 2416 1652 in
2447 1598 2638 1654 diebus
2663 1612 2768 1653 non
2792 1597 3007 1667 jejunii,
3038 1588 3331 1654 inchoa‘lur
3359 1598 3676 1655 benedictio
3703 1614 3735 1654 a

2146 1667 2421 1740 versiculo
2454 1686 2466 1721 :
2504 1668 2657 1740 Oculi
2697 1670 2927 1723 omnium
2953 1670 3006 1723 in
3033 1681 3080 1723 te
3102 1679 3329 1740 sperant,
3362 1670 3604 1735 Domine,
3628 1680 3743 1725 etc.

452 1748 564 1790 non
580 1728 795 1810 jejunii,
827 1752 891 1792 ex
925 1728 1208 1793 versiculis
1233 1728 1815 1809 psalniortim,'quibus
1844 1728 2034 1794 lllCllO-
2066 1728 2111 1788 Β
2141 1737 2196 1792 ln
2229 1738 2424 1810 diebus
2447 1754 2597 1793 vero-
2614 1739 2833 1809 jejunii,
2867 1755 2898 1794 a
2922 1728 3195 1797 versiculo
3224 1760 3237 1794 :
3262 1728 3434 1794 Edent
3455 1728 3743 1810 pauperes,
3774 1751 3779 1755 ‘

453 1806 1293 1878 antur,distincteexprimunthr
1317 1819 1371 1866 et
1390 1806 1763 1881 designantur.
1778 1809 1870 1865 Sic
1890 1812 2038 1864 enim

2145 1816 2194 1863 et
2217 1809 2608 1875 saturabuntur,
2626 1819 2733 1866 etc.
2762 1811 3180 1881 Sicillelepidus
3203 1811 3560 1867 versiﬁcator.

466 1902 3739 1928 mw

1408 1950 1894 2059 LIBER
1981 1950 2776 2078 QUIARTUS.

1562 2093 1649 2144 DE
1680 2091 2038 2144 lNSTlTUTIS
2072 2090 2623 2148 RENUNTIANTIUM.

960 2220 1191 2278 CAPUT
1221 2220 1510 2279 PRIMUM.

524 2314 605 2370 De
634 2313 901 2370 canonico
930 2314 1093 2369 modo
1129 2314 1482 2384 psalmorum,
1520 2322 1684 2385 atque
1735 2316 2045 2371 orationum

452 2405 545 2476 qui
568 2405 766 2462 debeat
810 2405 863 2460 in
905 2405 1116 2461 diurnis
1141 2407 1536 2463 conventiculis
1563 2423 1661 2478 per
1713 2410 2044 2464 monasteria

451 2499 739 2567 custodiri,
764 2498 833 2553 ad
856 2508 882 2536 ⁸
910 2500 1303 2557 institutionem
1334 2502 1475 2571 ejus,
1504 2501 1598 2571 qui
1621 2502 1897 2557 renuntiat
1920 2501 2046 2557 huic

449 2593 678 2664 mundo,
695 2595 1021 2650 narrationis
1039 2609 1138 2649 nos
1165 2593 1356 2651 ordine
1378 2605 1713 2666 provocante
1726 2595 2043 2655 transimus:

450 2686 800 2741 conditiones
824 2689 877 2741 in
902 2687 1116 2757 primis,
1147 2687 1347 2757 quibus
1387 2687 1464 2753 hi,
1516 2688 1609 2757 qui
1653 2687 1721 2742 ad
1758 2688 2044 2744 Dominum

451 2779 698 2834 converti
725 2778 970 2848 cupiunt,
1024 2778 1358 2849 recipiantur
1413 2780 1467 2835 in
1525 2780 1813 2846 ccenobiis,
1866 2780 2038 2848 brevi,

451 2878 714 2940 quantum
745 2884 1055 2941 possumus,
1087 2871 1370 2927 studentes
1422 2886 1675 2928 sermone
1705 2873 2036 2943 complecti;

451 2962 699 3034 quaedam
721 2963 933 3020 scilicet
957 2963 1026 3021 de
1060 2962 1463 3036 Egyptiorum,
1499 2966 1746 3035 quaedam
1786 2967 1855 3022 de
1886 2965 1912 3005 δ
1937 2966 2044 3022 Ta-

2147 2227 2252 2282 suh
2282 2241 2389 2282 uno
2436 2226 2633 2283 abbate
2658 2234 2922 2299 reguntur
2947 2269 2962 2298 ,
3024 2234 3279 2300 tantaque
3317 2228 3379 2284 ﬁt
3424 2228 3741 2286 obedientia

2150 2320 2238 2376 hic
2267 2330 2374 2375 tam
2406 2320 2644 2391 prolixus
2673 2322 3059 2379 Monachorum
3111 2338 3374 2379 numerus
3419 2325 3568 2379 omni
3619 2340 3741 2381 ιιινο

2147 2413 2353 2468 seniori
2382 2427 2483 2469 suo
2532 2413 2802 2481 subditus,
2835 2425 3034 2485 quanta
3066 2431 3177 2471 non
3224 2424 3399 2487 potest
3453 2416 3596 2486 apud
3640 2433 3741 2473 nos

2149 2521 2289 2563 unus
2313 2507 2402 2563 uni
2447 2507 2535 2563 vel
2558 2508 2781 2565 obedire
2811 2525 2909 2580 pro
2933 2508 3146 2566 modico
3178 2518 3450 2581 tempore,
3470 2511 3564 2567 vel
3594 2525 3740 2583 prae-

2149 2616 2293 2660 esse.

2772 2717 3001 2777 CAPUT
3039 2720 3107 2776 ll.

2223 2834 2377 2903 Quod
2400 2836 2469 2889 ad
2509 2833 2744 2890 ultimam
2779 2850 2939 2907 usque
2962 2842 3270 2890 senectutem
3307 2835 3448 2907 apud
3480 2851 3565 2891 eos
3610 2812 3691 2899 ind

2627 2906 2864 2962 coenobiis
2914 2917 3250 2978 perseverent.

453 3057 938 3113 bcnnensiotarum
965 3059 1166 3128 regulis
1189 3058 1517 3125 admiscens,
1552 3074 1784 3129 quorum
1816 3059 1868 3115 in
1890 3059 2036 3116 The-

2218 3045 2459 3114 Quorum
2483 3053 2592 3101 tam
2621 3045 2776 3115 longa
2806 3045 3211 3114 perseverantia
3232 3085 3247 3110 ,
3273 3054 3328 3101 et
3352 3044 3630 3102 humilitas
3656 3056 3737 3102 at.

453 3150 613 3207 baide
661 3160 746 3207 est
783 3150 1089 3207 emnobium
1125 3192 1141 3218 ,
1194 3160 1399 3221 quanto
1452 3167 1679 3208 numero
1726 3153 2039 3224 populosius

452 3243 690 3311 cunctis,
715 3252 861 3300 tanto
895 3245 1321 3300 conversationis
1360 3244 1541 3315 rigore
1582 3246 1900 3302 districtius.
1943 3245 2031 3301 Si-

451 3337 673 3407 quidem
719 3338 774 3393 in
815 3352 882 3393 eo
911 3337 1198 3409 plusquam
1258 3348 1281 3376 ο
1309 3337 1549 3409 quinque
1601 3339 1768 3394 millia
1817 3338 2048 3394 fratrum

2144 3153 2257 3212 que
2294 3138 2565 3209 subjectio
2615 3135 3071 3206 quemadmodum
3104 3146 3215 3191 tam
3253 3136 3507 3194 diuturna
3536 3139 3737 3207 pardus

2148 3242 2255 3303 ret,
2298 3248 2471 3305 quave
2500 3232 2838 3288 institutione
2880 3230 3183 3298 formetur,
3217 3246 3313 3300 per
3352 3246 3512 3300 quam
3564 3247 3740 3303 usque

2150 3326 2259 3387 add
2282 3330 2556 3385 incurvam
2583 3332 2856 3381 senectam
2885 3324 2939 3379 in
2958 3323 3209 3380 coenobio
3236 3326 3738 3394 perseverent,opi-

1498 3432 1757 3488 ALABDl
1794 3431 2025 3488 GAZEI
2062 3419 2630 3487 COMMENTARIUS.

580 3524 870 3580 Rationem
898 3523 1173 3579 insinuare
1212 3523 1578 3593 videturtcur
1606 3522 1733 3578 huic
1783 3523 1921 3578 libro
1952 3537 2045 3593 pe-

450 3592 710 3653 culiarem
742 3600 885 3662 hunc
931 3595 1142 3649 titulum
1172 3593 1364 3649 fecerit
1393 3611 1405 3646 :
1442 3592 1789 3649 De-institutis
1834 3594 2048 3649 Renun-

455 3668 698 3722 n’nntium
728 3683 746 3721 :
774 3665 1032 3737 quodhic
1054 3663 1397 3734 peculiariter
1436 3673 1657 3719 acturus
1681 3665 1751 3719 sit
1789 3665 2046 3737 deinsti-

448 3738 601 3793 tione
629 3734 817 3793 eorum
851 3736 942 3806 qui
982 3737 1185 3791 smculo
1233 3737 1640 3803 renuntiabant,
1668 3746 1723 3792 et
1749 3734 1890 3805 apud
1921 3736 2043 3790 illos

451 3810 643 3864 Patres
670 3809 910 3879 legitime
931 3806 1165 3879 probati
1182 3806 1664 3879 _ingmonachorum
1706 3818 1960 3879 emtum,_
1989 3814 2045 3861 et

446 3880 697 3935 ordinem
723 3876 1149 3946 recipiebantur,
1181 3876 1368 3932 habitu
1392 3888 1683 3946 suscepto,
1733 3888 1786 3932 et
1828 3876 2045 3945 profes-

450 3954 608 4005 sione
638 3950 962 4013 monastica,
992 3948 1109 4002 sive
1157 3962 1424 4016 expressa
1450 3988 1466 4014 ,
1490 3952 1612 4001 sive
1663 3948 1818 4001 tacita
1847 3963 1861 4003 :
1895 3947 2042 4015 quod

449 4022 575 4075 aliis
603 4020 788 4074 verbis
817 4019 953 4073 dixit
981 4018 1044 4072 1).
1081 4017 1419 4089 Benedictus
1443 4058 1457 4081 ,
1502 4018 1579 4089 De
1599 4017 1899 4089 disciplina
1928 4034 2046 4089 sus-

447 4092 802 4161 cipiendorum
825 4091 1049 4157 fratrum
1074 4089 1092 4159 (
1117 4086 1246 4161 Cap.
1278 4090 1348 4143 58
1379 4086 1569 4160 Regni.
1599 4087 1639 4157 ).
1676 4086 1828 4161 Unde
1854 4097 1909 4161 ct
1934 4088 2047 4156 ipsa

449 4159 726 4229 professio
750 4161 884 4214 alias
912 4159 1248 4215 renuntiatio
1288 4159 1653 4229 nuncupatur,
1684 4170 1735 4213 et
1789 4159 1890 4229 ipsi
1920 4172 2046 4228 pro-

449 4233 691 4293 ﬁtentes,
734 4232 1109 4287 renuntiantes
1157 4231 1503 4294 dicebantur,
1552 4230 1688 4284 alias
1738 4229 2045 4285 conversi:

448 4313 506 4357 et
532 4304 598 4357 ad
625 4303 790 4357 Deum
821 4303 1095 4366 converti,
1123 4301 1265 4356 idem
1297 4300 1441 4369 quod
1469 4300 1786 4369 religionem
1814 4299 2045 4369 ingredi,

2160 3517 2379 3579 abbate,
2408 3522 2468 3568 ut
2516 3512 2602 3566 hic
2650 3517 2917 3566 memorat
2939 3506 3247 3565 Cassianus.
3279 3509 3413 3565 Nam
3445 3510 3504 3565 S.
3532 3509 3739 3565 Pacho-

2152 3588 2293 3643 mius
2322 3585 2474 3655 plura
2506 3582 2837 3655 monasteria
2859 3580 3099 3655 condidit
3120 3590 3174 3655 e_t
3200 3582 3430 3655 instituit
3448 3582 3508 3655 in
3525 3580 3737 3655 (Egyp-

2154 3668 2209 3713 to
2246 3668 2303 3714 et
2324 3650 2629 3711 Thebaide.
2671 3650 2738 3707 At
2769 3651 2822 3706 in
2850 3652 3101 3708 emnobio
3121 3651 3459 3708 'l'abennensi
3489 3650 3738 3723 (demto

2152 3729 2468 3798 hicagitur)
2488 3767 2501 3791 ,
2525 3725 2612 3779 cui
2641 3722 2703 3798 S._
2729 3723 3049 3777 Pachomius
3082 3723 3408 3791 praesidebat
3433 3765 3447 3789 ,
3479 3722 3737 3798 quodque

2151 3809 2267 3855 erat
2294 3793 2534 3853 omnium
2560 3796 2882 3858 maximum,
2906 3801 2962 3848 et
2980 3802 3144 3866 caput
3165 3803 3485 3866 eteterorum
3511 3794 3594 3866 (ut
3620 3793 3738 3848 dic-

2153 3879 2264 3926 tum
2291 3867 2422 3939 est),
2444 3882 2508 3922 ex
2534 3881 2642 3934 quo
2661 3866 2831 3939 etiam
2860 3878 2989 3919 suos
3008 3863 3291 3939 praclecms
3312 3873 3366 3919 et
3395 3863 3619 3939 abbates
3642 3878 3737 3919 ac~

2083 3947 2086 3951 ’
2152 3934 2440 4011 οἱρίοίιειιιι,
2486 3951 2591 3990 non
2626 3936 2808 4011 plures
2838 3949 2997 4011 quam
3031 3934 3194 4011 mille
3213 3936 3440 4011 trecenti
3471 3942 3563 4011 aut
3595 3949 3735 4003 qua-

2154 4004 2427 4081 dringenti
2457 4004 2707 4081 monachi
2719 4006 2829 4081 _sub
2857 4004 3049 4059 eodem
3074 4005 3366 4062 Pachomio
3385 4006 3585 4081 vixisse
3612 4020 3733 4081 me:

2156 4075 2456 4138 morantur.
2478 4077 2577 4144 Qui
2607 4076 2825 4145 quidem
2842 4089 3102 4130 numerus
3123 4092 3190 4132 ex
3209 4079 3522 4145 praescripto
3549 4075 3734 4145 angeli

2152 4156 2242 4219 qui
2272 4149 2533 4221 Regulam
2576 4146 2926 4221 monasticam
2982 4146 3156 4201 eidem
3190 4147 3517 4221 dictaverat,
3563 4145 3732 4221 iniu

2152 4217 2379 4288 classes,
2407 4220 2520 4273 sive
2542 4217 2781 4280 ordines,
2807 4217 2953 4288 iusta
2987 4231 3273 4271 numerum
3306 4217 3614 4288 Graecarum
3638 4217 3732 4288 iit-

2149 4286 2416 4359 tcrarum,
2452 4291 2525 4343 ita
2554 4297 2687 4359 erat,
2719 4286 3074 4359 distributus;
3120 4294 3179 4359 ut
3227 4288 3454 4357 singulae
3478 4287 3733 4359 rsingulis

448 4356 540 4428 aut
566 4356 845 4443 proﬁteri.
886 4356 1041 4428 Unde
1084 4356 1375 4443 'titulus'in
1418 4370 1549 4425 Jure
1572 4356 1917 4443 ἳιιηυιιιοοξ
1966 4356 2044 4424 De
2070 4377 2120 4438 υ
2152 4365 2353 4419 litteris
2382 4356 2482 4417 suo
2514 4358 2813 4443 ingenioet
2849 4356 3607 4443 conditioniaccommpdatis
3629 4371 3732 4443 vo-

448 4441 781 4499 conuersione
806 4445 1223 4513 conjugatorum,
1248 4441 1697 4513 idest,_transitu
1726 4442 1803 4513 ad
1823 4441 2042 4513 religio-

444 4530 571 4570 nem
604 4514 760 4586 (bili.
792 4530 849 4569 ιιι
875 4510 1251 4586 Decretalium,
1278 4512 1361 4586 tit,
1404 4510 1471 4567 52
1498 4510 1538 4581 ).
1584 4513 1649 4586 Et
1681 4512 1742 4566 D.
1776 4511 2041 4586 Benedic-

446 4596 533 4640 tus
566 4603 579 4639 :
615 4582 855 4640 ’Noviter
904 4586 1023 4649 quis
1050 4584 1254 4639 veniens
1290 4582 1361 4636 ad
1410 4584 1814 4649 conversionem,
1850 4583 1901 4637 id
1953 4591 2041 4639 est

444 4657 511 4711 ad
538 4667 737 4711 statum
769 4656 1068 4725 religionis.

518 4727 546 4765 ι)
592 4728 849 4782 Tahenna
877 4724 1131 4781 iusulain
1167 4725 1288 4780 Nilo
1311 4724 1552 4791 ﬂumine,
1594 4725 1646 4779 in
1692 4738 1794 4790 qua
1825 4724 1886 4779 S.
1935 4724 2040 4778 Pa-

442 4797 693 4855 chomius
735 4798 950 4867 insigne
1000 4798 1387 4851 monasterium
1426 4796 1692 4863 condidit,
1727 4796 1868 4866 quod
1901 4794 2031 4850 reli-

442 4870 564 4937 quis
592 4870 709 4939 ejus
738 4868 968 4924 inStituti
1000 4877 1183 4938 caput,
1218 4876 1274 4922 et
1329 4867 1499 4922 veluti
1545 4867 2029 4939 metropgliserat,

441 4935 505 4995 tit
557 4935 823 4996 testantur
870 4935 1143 4993 Palladius
1203 4948 1259 4991 ct
1308 4941 1645 4993 Sozomenus
1689 4937 1709 5007 (
1753 4935 2030 5007 Palladius

441 5010 601 5066 Laus.
634 5028 680 5065 c.
707 5011 794 5066 '58.
838 5010 945 5065 Vit.
980 5010 1251 5075 Pacliognii
1279 5026 1297 5072 ,'
1322 5009 1596 5062 Sozomen.
1630 5005 1720 5062 libi.
1752 5023 1808 5061 ιιι
1840 5024 1885 5059 c.
1914 5005 2024 5075 l5).

394 5105 397 5109 ·
439 5084 523 5136 Ah
549 5098 612 5137 ea
636 5082 909 5145 monachi,
940 5083 1030 5151 qui
1056 5069 1332 5135 Pac'honiii
1363 5079 1613 5151 instituta
1638 5069 2024 5147 sequebantur,

440 5152 893 5208 Tabennensiotac
922 5148 1384 5206 et'l‘abennenses
1431 5148 1563 5202 dicti
1592 5157 1740 5214 sunt,
1796 5161 2025 5216 quorum

441 5224 658 5277 vivendi
687 5226 852 5279 ritum
878 5223 1232 5290 institutaque
1281 5220 1592 5274 summatim
1646 5217 2021 5290 describit‘D.

439 5293 802 5364 Hieronymus
853 5286 1282 5364 praefationé__i_n
1328 5290 1595 5364 Regulam
1637 5289 1887 5364 ejusdem
1926 5286 2027 5340 Pa-

438 5360 840 5432 ch0mii,quam
855 5360 1045 5416 Latine
1069 5360 1323 5426 reddidit,
1348 5376 1506 5429 quam
1525 5360 1687 5415 etiam
1720 5360 1787 5413 ad
1809 5360 2015 5414 calcem

438 5434 597 5500 hujus
620 5436 801 5501 operis
828 5434 1199 5501 subjiciemus.
1602 5469 1607 5473 «

514 5499 537 5541 δ
574 5499 791 5571 Septem
825 5499 992 5559 millia
1031 5503 1421 5559 monachorum
1464 5501 1562 5555 sub
1605 5501 1804 5571 Regula
1840 5499 1897 5556 S.
1922 5500 2023 5555 Pa-

438 5574 640 5629 chumii
661 5588 771 5627 uno
808 5576 1110 5644 eodemque
1152 5585 1392 5639 tempore
1418 5574 1631 5644 ,vixisse
1652 5583 1930 5644 testantur
1956 5572 2018 5629 D.

441 5645 829 5714 Hieronymus,
854 5642 1213 5711 Sozomenus,
1247 5643 1598 5713 Nicephorius,
1651 5642 1923 5698 Palladius
1960 5653 2017 5698 ct

438 5714 551 5770 alii.
583 5717 651 5771 At
696 5730 800 5770 non
832 5714 886 5769 in
914 5731 1019 5771 uno
1041 5757 1056 5781 ,
1088 5717 1387 5784 eodemque
1409 5715 1678 5779 cmnobio,
1698 5724 1753 5773 ct
1780 5717 1879 5773 sub
1912 5731 2018 5773 uno

2146 4443 2415 4497 carentur,
2441 4431 2592 4486 verbi
2621 4428 2814 4498 gratia,
2841 4428 3203 4497 simpliciores
3227 4437 3283 4484 et
3320 4428 3677 4484 modestiores
3707 4450 3730 4485 ι

2143 4515 2198 4561 et
2228 4529 2275 4570 o,
2310 4503 2444 4557 vafri
2475 4511 2529 4557 et
2559 4500 2767 4571 dyscoli
2797 4499 3131 4566 CetE,etalii
3158 4500 3384 4555 aliarum
3427 4501 3729 4571 litterarum

2141 4570 2884 4641 nominibusappellarentur,
2900 4572 3331 4642 proutcujusque
3344 4571 3539 4626 littera:
3553 4570 3731 4627 forma

2140 4649 2405 4703 rationem
2432 4645 2556 4697 vitae
2572 4657 2636 4697 ac
2657 4656 2837 4697 mores
2858 4642 3119 4711 cujusque
3145 4642 3336 4698 classis
3365 4651 3489 4712 apte
3515 4642 3731 4696 videre-

2141 4729 2225 4772 tur
2267 4716 2573 4786 exprimere
2612 4729 2627 4770 :
2662 4714 3180 4786 solisspiritual‘ibus
3223 4714 3730 4786 intelligentibusea

2137 4805 2252 4858 quas
2274 4783 2707 4858 signiﬁcabantur
2727 4825 2742 4847 ,
2771 4783 2849 4858 ait
2872 4783 3161 4858 Palladius.
3199 4784 3434 4858 Proinde
3459 4784 3604 4858 quod
3635 4783 3732 4839 hic

2137 4854 2203 4915 de
2229 4854 2499 4930 quinque
2527 4856 2764 4930 millibus
2792 4854 3015 4930 fratrum
3046 4856 3098 4909 in
3122 4872 3239 4930 Διιιιο
3269 4855 3363 4910 illo
3390 4855 3638 4930 coenobio
3669 4862 3729 4909 et

2134 4925 2395 4984 sub'uno'
2414 4928 2612 4981 abbate
2644 4925 2936 4980 viventium
2964 4927 3249 4993 asseritur,
3282 4941 3392 4980 non
3418 4925 3484 4980 ad
3507 4926 3727 4980 Pacho-

2134 5003 2255 5065 mii,
2284 4999 2382 5068 _scd
2414 4998 2481 5051 ad
2511 5000 2807 5068 posteriora
2839 5005 3084 5065 tempora
3107 4995 3449 5053 referendum
3480 4996 3722 5062 videtur:

2131 5066 2329 5142 quibus
2352 5066 2610 5125 credibile
2648 5077 2736 5142 est
2765 5069 3378 5142 monachorumcmtum
3408 5068 3473 5121 ad
3505 5074 3731 5142 tantum

2132 5137 2415 5197 numerum
2446 5140 2773 5211 excrevisse.
2798 5137 3006 5211 Namct
3033 5138 3098 5194 ι).
3133 5139 3497 5211 Hieronymus
3518 5139 3729 5211 inrepi-

2129 5214 2267 5268 stola
2300 5214 2368 5268 ad
2417 5210 2771 5267 Eustochium
2822 5209 3012 5264 scribit
3056 5212 3110 5264 in
3154 5209 3354 5265 eodem
3375 5211 3493 5266 loco
3526 5209 3729 5266 Nitriae

2128 5285 2348 5339 circiter
2406 5283 2642 5354 quinque
2708 5279 2871 5337 millia
2936 5279 3126 5337 divisis
3171 5281 3378 5337 cellulis
3436 5281 3725 5338 habitasse

2127 5354 2324 5426 (Epist.
2348 5354 2438 5422 22,
2463 5371 2511 5408 c.
2537 5353 2648 5421 M).

2198 5420 2224 5463 ἀ
2253 5420 2476 5481 Incurva
2525 5420 2776 5479 senectus
2800 5436 2919 5492 quae
2942 5420 3191 5478 homines
3220 5422 3401 5480 reddit
3430 5424 3719 5489 incurvos,

2125 5505 2181 5554 et
2200 5498 2528 5558 silicernios,
2555 5496 2633 5550 sic
2660 5495 2834 5548 dictos
2854 5493 2998 5566 quod
3024 5496 3244 5549 incurvo
3265 5510 3495 5566 corpore
3515 5494 3721 5561 silices,

2126 5571 2178 5624 id
2210 5583 2313 5633 est,
2347 5570 2568 5621 humum
2584 5574 2828 5619 cernant.
2853 5565 2928 5621 De
2948 5569 3048 5623 hac
3061 5580 3234 5634 porro
3257 5565 3501 5622 veterum
3527 5579 3722 5621 mona-

2122 5642 2349 5696 chorum
2406 5646 2461 5693 ct
2508 5637 2958 5691 anachoretarum
3007 5637 3346 5706 lotigrevitate
3390 5648 3444 5692 et
3472 5649 3717 5693 extrema

2122 5720 2398 5773 senectute
2418 5722 2640 5780 agemus
2667 5708 2772 5763 alio
2795 5707 2914 5764 loco
2948 5708 3051 5779 (Ad
3072 5707 3205 5763 Coll.
3235 5711 3290 5775 5,
3319 5724 3438 5779 cap.
3471 5708 3524 5779 1)
