4026 6334
184 387 208 421 ᾇ

245 317 340 382 I53

634 320 730 379 DE
767 320 1252 387 C(ENOBIORUM
1292 323 1537 382 INS’I‘I'I‘.
1576 324 1710 383 LIB.
1751 324 1842 383 IV.
1871 323 2053 383 —DE
2092 323 2477 384 INSTI'IUTIS
2515 320 3109 382 RENUNTIANTIUM.

3405 314 3522 382 188

244 471 336 515 no,
384 469 487 512 nos
525 466 659 513 ,ηιο
707 460 892 514 omnia
940 459 1142 516 debere
1191 443 1573 533 perstringere.
1618 443 1912 519 .TamaA
1937 438 2124 497 blimia
2167 438 2516 510 perfectionis
2545 438 2759 510 fastigia
2788 439 2979 494 talium
3025 436 3301 494 initiorum
3327 436 3519 495 funda-

245 562 464 619 namque
489 558 599 619 est,
619 562 881 621 quamam
902 553 1178 609 neminem
1204 553 1255 607 in
1272 553 1616 609 monasteriis
1636 556 1835 611 nostris

251 643 546 713 ingressum
570 658 641 699 ne
664 659 810 701 anno
839 645 1059 716 quidem
1083 646 1294 717 integro
1322 646 1562 704 tenuisse
1588 647 1835 704 memini-

249 750 361 790 mus
382 776 401 801 ,
421 745 482 794 ut
503 750 630 791 cum
653 737 1074 793 renuntiationis
1096 752 1287 794 eorum
1319 738 1613 810 primordia
1636 740 1834 799 videri-

251 842 389 895 mus,
419 843 767 901 consequens
796 829 965 888 fuisse
1008 830 1395 905 intelligamus,
1430 842 1489 889 ut
1512 834 1566 891 in
1600 843 1707 892 tam
1738 852 1832 894 su—

1942 539 2123 588 menta
2151 541 2563 602 consurgerent.

2549 602 2774 661 CAPUT
2813 602 2902 660 III.

2012 694 2126 761 Qua
2151 694 2385 749 examine
2420 696 2681 820 probetuir,
2710 695 2795 766 qui
2820 696 2874 749 in
2902 696 3129 752 coenobio
3160 689 3446 767 suscipien-

2648 783 2710 820 us
2741 775 2834 820 est.

2006 839 2171 912 Igitur
2197 838 2224 879 ιι
2248 839 2493 896 ambiens
2539 775 2834 911 quisuinii-ii
2858 837 3096 894 coenobii
3139 836 3307 909 recipi
3351 837 3518 894 disci-

1302 949 1562 1007 ALAIlDI
1599 952 1828 1011 GAZIEI
1866 952 2439 1012 COMMENTARIUS.

310 1076 339 1105 ι
363 1065 692 1137 Ambiguum
718 1065 892 1123 videri
920 1073 1218 1136 potestquo
1234 1065 1427 1122 referri
1449 1066 1686 1123 debeant
1715 1070 1816 1126 ista

243 1138 430 1201 verba;
463 1153 532 1192 an
576 1138 643 1192 ad
685 1138 1168 1208 perseverantiam,
1204 1137 1585 1205 humilitatem,
1611 1149 1666 1194 et
1687 1142 1820 1197 sub-

244 1209 553 1278 iectionem,
584 1209 653 1264 de
699 1211 895 1278 quibus
942 1223 1142 1277 supra:
1177 1223 1245 1263 an
1293 1208 1361 1264 ad
1419 1210 1815 1268 institutionem

244 1281 353 1352 sive
375 1294 630 1347 examen,
662 1280 728 1335 de
753 1297 863 1352 quo
891 1279 1002 1350 agit
1029 1294 1151 1349 cap.
1179 1282 1443 1352 sequenti,
1469 1281 1622 1351 cujus
1652 1284 1815 1339 etiam

243 1350 395 1421 paulo
430 1360 563 1407 ante
605 1350 889 1408 meminit:
924 1361 981 1406 ut
1024 1366 1212 1406 sensus
1261 1351 1350 1416 sit,
1396 1350 1598 1407 tantum
1648 1354 1816 1412 fuisse

242 1437 486 1495 examen,
521 1432 582 1495 ei
607 1424 1002 1492 probationem,
1045 1421 1361 1495 quatiebat
1388 1422 1515 1495 ipso
1566 1425 1814 1495 ingressu

224 1488 370 1563 apud
401 1488 523 1567 illos
540 1488 955 1567 Tabennenses,
978 1502 1034 1548 ut
1050 1488 1227 1567 simile
1244 1508 1348 1567 non
1377 1488 1542 1567 fuerit
1559 1488 1813 1567 examen,

243 1580 326 1620 seu
354 1565 695 1633 probatio,et
722 1567 984 1621 institutio
1004 1564 1130 1619 anni
1154 1564 1345 1633 integri
1375 1565 1426 1618 in
1464 1564 1811 1624 monasteriis

245 1636 499 1691 Cassiani.
534 1638 607 1691 At
637 1638 787 1705 prior
832 1637 1135 1692 intellectus
1155 1644 1210 1691 et
1243 1638 1543 1704 promptior
1580 1649 1633 1693 et
1664 1654 1820 1694 com-

244 1706 451 1764 modior
477 1718 706 1777 apparet
733 1727 746 1764 :
774 1710 891 1764 vult
920 1709 1063 1763 enim
1093 1706 1397 1777 significare
1428 1718 1627 1763 tantam
1656 1710 1821 1768 fuisse

245 1778 454 1834 illorum
505 1779 900 1849 constantiam,
933 1779 1285 1835 humilitatem
1314 1819 1329 1844 ,
1361 1786 1417 1833 et
1456 1780 1820 1838 obedientiam

245 1849 316 1903 vel
345 1850 566 1919 abipsis
598 1851 882 1915 tirociniis,
916 1866 1010 1906 seu
1036 1852 1207 1920 prima
1237 1849 1576 1906 institutione
1600 1892 1615 1916 ,
1641 1863 1695 1907 et
1717 1868 1819 1909 no-

246 1921 443 1987 vitiatu;
472 1931 529 1975 ut
552 1922 749 1976 mirum
783 1939 889 1977 non
912 1922 981 1977 sit
1010 1936 1104 1976 eos
1134 1920 1199 1974 ad
1226 1936 1492 1976 summam
1525 1922 1815 1989 perfectio-

1924 1070 2142 1141 quidem
2171 1072 2406 1126 instituti
2432 1071 2718 1143 vestigium
2739 1072 2942 1141 pressit
2961 1071 3023 1127 D.
3039 1071 3363 1128 Benedictus
3385 1074 3515 1130 dum

1925 1150 2037 1197 tres
2063 1143 2267 1212 gradus
2309 1144 2647 1210 probationis
2683 1143 2949 1209 instituit,
2983 1152 3041 1199 ut
3087 1144 3295 1198 notavit
3316 1145 3515 1200 Turre—
3577 1154 3591 1169 ‘

1923 1223 2241 1270 crematus:
2272 1215 2502 1279 Quorum
2544 1216 2740 1283 primus
2767 1254 2783 1278 ,
2820 1214 3022 1284 inquit,
3077 1223 3149 1269 est
3195 1215 3264 1268 ad
3309 1224 3511 1284 portam

1924 1286 2256 1355 monasterii,
2289 1295 2532 1355 quatuor,
2559 1294 2646 1339 aut
2673 1286 2895 1355 quinque
2922 1285 3135 1351 diebus;
3157 1287 3407 1339 secundus
3435 1293 3511 1340 est

1896 1354 1977 1408 ‘in
2009 1354 2140 1409 cella
2177 1358 2471 1427 hospitum,
2506 1354 2705 1410 duobus
2742 1356 3043 1427 mensibus;
3074 1356 3252 1411 tertius
3280 1356 3334 1410 in
3374 1356 3509 1410 cella

1923 1426 2469 1493 nouitiorum,’decem
2518 1428 2791 1482 mensibus.
2834 1426 3145 1483 Secundum
3193 1426 3508 1483 institutum

1924 1495 2026 1568 fuit
2054 1498 2253 1553 veteris
2282 1500 2592 1554 vestimenti
2624 1497 2968 1568 exspoliatio,
2991 1506 3047 1553 et
3077 1498 3200 1553 novi
3225 1498 3501 1554 inductio:

1924 1566 1994 1639 de
2044 1584 2154 1637 quo
2181 1568 2477 1624 Cassianus
2507 1585 2627 1639 cap.
2672 1566 2736 1633 5,
2785 1567 3134 1637 Pacltomius,
3186 1568 3419 1623 Basilius
3456 1576 3512 1639 et

1923 1637 2272 1706 Benedictus,
2306 1640 2392 1694 ubi
2416 1637 2599 1709 supra.
2614 1639 2867 1707 Quiritus
2890 1639 3318 1709 antiquissimus,
3351 1646 3407 1695 et
3433 1638 3503 1694 ab

1923 1711 2290 1780 apostolorum
2324 1713 2612 1766 traditione
2656 1719 2947 1780 receptus,
2995 1719 3057 1764 ut
3095 1710 3229 1765 infra
3273 1712 3507 1765 dicetur.

1924 1779 2051 1836 Inde
2088 1796 2217 1837 vero
2255 1796 2374 1835 mos
2402 1783 2672 1847 obtinuit,
2714 1791 2770 1835 ut
2795 1780 2982 1836 novitii
3016 1781 3255 1836 habitum
3287 1782 3506 1851 religio-

1920 1864 2038 1923 sum
2061 1851 2311 1907 deterant
2330 1896 2345 1920 ,
2371 1852 2684 1908 distinctum
2713 1861 2891 1907 tamen
2922 1852 2990 1906 ab
3012 1851 3197 1907 habitu
3226 1851 3508 1923 professo-

1924 1937 2063 1977 rum.
2096 1923 2369 1988 Tertium,
2399 1932 2457 1978 ut
2485 1924 2688 1979 novitio
2725 1923 2860 1977 nihil
2887 1923 3112 1979 omnino
3150 1924 3415 1978 bonorum
3445 1922 3502 1977 in

245 2006 357 2064 nem
386 1994 439 2047 in
467 2000 712 2064 extrema
738 2002 1017 2050 senectute
1040 1991 1353 2061 pervenisse
1387 2010 1399 2044 :
1430 1994 1574 2064 quod
1602 2008 1672 2049 ex
1696 2011 1818 2052 ver-
1850 1992 1895 2054 Β
1922 1994 2313 2049 monasterium
2343 1994 2545 2050 inferre
2576 1996 2795 2057 liceret,
2830 2009 2897 2048 ne
2925 1994 3180 2059 pecunias
3199 1993 3417 2064 quidem
3449 1993 3504 2047 in

252 2062 327 2135 bis
352 2063 711 2135 sequentibus
735 2065 1025 2135 colligitur.

302 2132 513 2206 l{Hanc
550 2132 945 2191 institutionem
980 2134 1049 2190 de
1090 2133 1383 2206 probandis
1433 2143 1489 2189 et
1533 2135 1821 2206 diligenter

245 2205 609 2274 explorandis,
642 2221 746 2263 nec
772 2208 949 2261 subito
977 2204 1323 2260 admittendis
1350 2205 1416 2259 iis
1448 2208 1539 2275 qui
1563 2204 1814 2266 monachi

246 2276 350 2348 fieri
384 2276 615 2340 vellent,
647 2276 705 2332 S.
727 2277 1051 2333 Pachomius
1082 2275 1151 2331 ab
1180 2276 1372 2348 angelo
1402 2274 1623 2346 Regula:
1651 2279 1820 2348 ipsius

249 2345 507 2417 dictatore
543 2348 752 2417 accepit
778 2390 792 2413 ,
823 2363 1052 2415 eamque
1076 2348 1192 2401 suis
1222 2345 1817 2417 'I‘abennensiotis'tra-

245 2416 389 2491 didit.
424 2417 518 2474 Sic
546 2416 695 2491 enim
723 2419 883 2474 habet
905 2418 1167 2491 articulus
1186 2416 1259 2491 26
1290 2418 1533 2485 ejusdem
1575 2420 1814 2491 Regulae,

247 2489 538 2562 interprete
566 2490 629 2544 D.
657 2490 1013 2562 Hieronymo:
1034 2489 1095 2545 Si
1117 2489 1231 2562 quis
1251 2492 1518 2562 accesserit
1540 2492 1607 2544 ad
1629 2489 1819 2546 ostium

245 2561 534 2617 monasterii
560 2562 736 2616 volens
759 2560 950 2616 saeculo
992 2561 1309 2627 renuntiare,
1336 2569 1387 2613 et
1425 2560 1649 2628 fratrum
1696 2579 1819 2619 con-

247 2633 436 2701 gregari
462 2648 712 2699 numero,
746 2650 850 2688 non
874 2631 1071 2687 habebit
1099 2630 1336 2685 intrandi
1365 2639 1702 2700 potestatem;
1724 2636 1817 2688 sed

245 2705 376 2777 prius
397 2704 741 2777 nuntiabituri
762 2703 909 2758 Patri
957 2702 1291 2777 monasterii,
1316 2712 1363 2755 et
1398 2704 1618 2777 manebit
1638 2708 1817 2777 paucis

247 2773 411 2846 diebus
432 2775 563 2846 foris
581 2784 702 2829 ante
712 2775 971 2846 januam;
993 2782 1040 2829 et
1052 2773 1616 2846 docebitnrorationem
1638 2773 1819 2831 Domi-

248 2845 407 2898 nicam
430 2842 477 2899 et
507 2842 1004 2917 Psalmos,quantos
1030 2844 1253 2917 potuerit
1277 2842 1469 2917 discere
1491 2860 1508 2917 ,f
1532 2854 1578 2899 et
1595 2846 1817 2916 diligen-

246 2920 317 2967 ter
334 2918 422 2987 sui
443 2912 855 2987 experimentum
875 2912 1047 2980 dabit}
1077 2930 1137 2968 ne
1157 2914 1291 2983 forte
1310 2912 1508 2987 aliquid
1542 2912 1734 2984 fecerit,
1765 2928 1816 2973 et

246 2986 468 3059 turbatus
496 2985 564 3040 ad
586 2986 768 3041 horam
786 2987 1073 3059 discesserit
1093 3001 1110 3049 ;
1132 2995 1225 3038 aut
1251 2985 1546 3059 snbaliqua
1571 2997 1817 3059 potestate

245 3056 318 3119 sit,
340 3068 386 3112 et
410 3068 588 3112 utrunt
612 3059 775 3128 possit
817 3058 1108 3112 renuntiare
1134 3056 1431 3128 parentibus
1451 3056 1583 3122 suis,
1610 3069 1657 3113 et
1687 3077 1814 3127 pro-

242 3128 395 3213 priam
440 3128 745 3213 facultatem
790 3127 1222 3213 contemnere.§i
1249 3143 1365 3181 eum
1394 3127 1812 3213 rideriitt_ap_tunt

242 3200 303 3250 ad
318 3199 516 3263 omnia,
558 3210 683 3254 tunc
706 3199 974 3256 docebitur
1013 3209 1059 3253 et
1086 3199 1311 3268 reliquas
1338 3203 1631 3254 monasterii
1658 3202 1815 3257 disci-

241 3271 419 3338 plinas,
454 3286 586 3341 quas
621 3274 793 3339 facere
840 3271 1039 3338 debeat,
1067 3270 1349 3339 quibusque
1377 3271 1602 3337 servire,
1635 3274 1738 3327 sive
1757 3276 1811 3329 in

240 3342 444 3396 collecta
464 3341 703 3397 omnium
738 3348 983 3413 fratrum,
1012 3342 1115 3395 sive
1149 3341 1221 3413 in,
1244 3343 1393 3395 domo
1418 3342 1505 3394 cui
1533 3343 1813 3402 tradendus

240 3420 322 3484 est,
360 3414 471 3467 sive
511 3414 564 3467 in
588 3412 824 3468 uescendi
877 3413 1054 3468 ordine
1078 3420 1163 3484 ;et
1207 3412 1484 3484 instructus
1511 3423 1666 3484 atque
1695 3434 1813 3478 per-

239 3483 393 3557 fectus
418 3485 478 3537 in
523 3484 662 3537 omni
692 3500 844 3554 opere
891 3485 1024 3557 bono
1071 3482 1314 3557 fratribus
1352 3482 1637 3557 copuletur.
1676 3487 1818 3544 Tunc

243 3555 510 3621 nudabunt
533 3571 650 3610 eum
672 3556 985 3610 uestimentis
1016 3554 1347 3609 swcularibns
1370 3597 1383 3621 ,
1408 3554 1452 3609 et
1479 3557 1694 3612 induent
1724 3560 1820 3615 Ita-

238 3620 387 3680 bitum
427 3629 810 3681 monachorum
848 3643 867 3682 :
896 3627 1132 3681 tradetur
1170 3626 1415 3692 ostiario,
1462 3637 1519 3681 ut
1567 3631 1820 3688 orationis

238 3703 455 3766 tempore
485 3697 717 3753 adducat
737 3714 850 3753 cum
876 3699 930 3751 in
956 3706 1279 3764 conspectum
1303 3699 1534 3752 omnium
1557 3704 1779 3768 fratrum
1797 3720 1817 3759 :

236 3768 415 3822 sedebit
455 3768 514 3822 in
553 3785 618 3824 eo
664 3770 778 3824 loco
810 3771 864 3823 in
901 3785 1000 3839 quo
1028 3769 1074 3841 ei
1104 3778 1416 3841 praceptum
1436 3772 1613 3841 fuerit.
1648 3773 1817 3827 Vesti-

238 3848 400 3911 menta
432 3849 638 3905 autem,
660 3856 775 3909 qua:
800 3838 973 3895 secum
1008 3838 1289 3911 detulerat,
1308 3838 1559 3911 accipient
1585 3844 1673 3910 qui
1696 3846 1816 3899 huic

234 3908 302 3960 rei
337 3912 614 3981 prapositi
656 3908 773 3965 sunt
796 3927 814 3965 :
837 3921 886 3965 et
933 3909 1220 3979 inferentur
1258 3910 1309 3963 in
1337 3908 1698 3978 repositorium
1721 3957 1735 3978 ,
1766 3926 1817 3971 et

235 3983 449 4054 eruntin
471 3991 726 4052 potestate
748 3982 997 4054 principis
1020 3982 1336 4054 monasterii.
1372 3984 1496 4037 llmc
1523 3983 1615 4040 ibi.
1643 3985 1813 4052 Quam

234 4053 676 4125 gonstitntionem
729 4052 1269 4125 etiam‘aliil’atres
1316 4055 1487 4108 secuti
1539 4066 1686 4121 sunt,
1718 4057 1814 4125 qui

234 4117 461 4191 [tegulas
494 4126 825 4180 monasticas
848 4122 1326 4191 conscripserunt,
1363 4133 1488 4188 puta
1522 4117 1811 4182 monacho-

233 4204 344 4264 rum
378 4194 715 4264 patriarchae
763 4195 825 4249 1).
859 4194 1085 4248 Basilius
1109 4234 1125 4259 ,
1159 4202 1213 4247 et
1258 4193 1322 4264 1).
1354 4194 1714 4260 Benedictus,
1758 4207 1817 4253 ut

233 4261 651 4338 suiscuiusque
684 4265 818 4338 locis
861 4266 1049 4338 videre
1078 4273 1195 4338 esti
1218 4263 1424 4338 (Basil.
1465 4267 1518 4319 in
1540 4267 1673 4338 Reg.
1706 4272 1811 4338 fus.

233 4347 274 4385 e.
306 4334 407 4401 l0,
436 4333 637 4391 Bened.
672 4353 719 4389 c.
752 4336 823 4392 58
869 4335 1133 4406 Regulte).
1164 4333 1272 4390 Sed
1311 4344 1369 4390 ut
1414 4340 1480 4390 atl
1523 4333 1814 4394 Auctorem

232 4413 478 4477 nostrum
520 4408 834 4471 redeamus;
866 4410 991 4477 quia
1038 4406 1287 4475 probatio
1314 4406 1380 4461 ad
1414 4406 1813 4476 professionem

230 4474 490 4541 refertur,
524 4486 579 4530 et
614 4478 667 4532 in
707 4493 770 4533 ea
805 4474 1124 4533 terminatur
1153 4486 1207 4532 et
1235 4474 1577 4544 completur:
1605 4479 1813 4535 idcirco

230 4547 539 4611 promiscue
570 4546 687 4603 fere
716 4547 826 4618 agit
853 4549 906 4602 in
937 4547 1039 4602 hoc
1064 4547 1202 4602 libro
1233 4558 1340 4603 tant
1366 4548 1436 4603 de
1467 4549 1809 4617 probatione,

228 4628 338 4694 quae
369 4628 460 4673 est
508 4619 756 4694 inchoata
786 4619 1133 4694 renuntiatio,
1166 4634 1327 4694 quam
1348 4619 1416 4674 de
1446 4619 1806 4694 professione,

229 4689 278 4737 in
307 4703 413 4756 qua
441 4693 664 4759 proprie
687 4699 745 4746 et
764 4689 1003 4757 perfecte
1021 4691 1363 4744 renuntiatur
1390 4692 1590 4745 sarculo
1620 4708 1633 4744 :
1666 4692 1812 4747 unde

226 4769 438 4831 sumpta
466 4759 631 4826 hujus
658 4761 782 4816 libri
811 4761 1099 4831 peculiaris
1125 4760 1529 4830 inscriptiozbe
1556 4761 1816 4817 lnstitutis

227 4824 692 4898 Renisntiantinm,
743 4824 956 4898 id'est,
990 4824 1358 4901 proﬁtentium
1399 4832 1816 4900 monachalnm,

224 4911 329 4970 seu
351 4901 529 4955 vitam
560 4902 921 4958 monasticam
944 4943 958 4968 ,
990 4911 1049 4956 ut
1086 4902 1287 4956 dictum
1320 4913 1424 4957 est.
1472 4903 1702 4959 Proinde
1729 4905 1818 4970 ju-

224 4969 361 5023 Vcrit
393 4971 490 5026 hic
522 4975 835 5028 snnuuatint
867 4982 1129 5028 annntare
1155 4988 1275 5040 quae
1303 4972 1505 5026 fuerint
1532 4975 1673 5042 apud
1716 4969 1815 5030 ve-

224 5047 365 5096 teres
398 5042 531 5098 illos
563 5045 859 5100 monachos
901 5044 1145 5097 instituta
1179 5044 1655 5109 Renuntiantinm,
1702 5047 1818 5101 sive

223 5111 308 5175 qui
340 5113 508 5177 ritus,
534 5130 655 5182 quae
684 5118 845 5178 ratio,
865 5127 917 5170 et
938 5117 1133 5168 modus
1157 5125 1264 5168 tam
1288 5116 1626 5183 probationis
1648 5131 1811 5181 quam

224 5183 608 5255 professionis,
633 5186 743 5251 vel,
763 5193 823 5240 ut
836 5185 896 5239 D.
912 5186 1237 5240 Benedictus
1260 5187 1644 5255 loquitur,quae
1660 5188 1819 5241 disci-

220 5252 846 5326 plirtaisuscipiendorum
874 5259 1113 5326 fratrum.
1138 5252 1376 5310 Primum
1407 5252 1568 5325 igitur
1602 5256 1818 5312 institu-

221 5336 329 5375 tum
360 5324 492 5391 fuit,
516 5335 573 5380 ut
601 5328 847 5382 venienti
870 5324 936 5380 ad
961 5328 1345 5381 monasterium
1369 5324 1814 5392 ttt’reciperetur,

222 5409 327 5466 non
352 5398 544 5450 statim
565 5397 900 5465 praeberetur
922 5399 1195 5466 ingressus
1213 5414 1228 5463 ;
1245 5398 1337 5451 sed
1364 5412 1460 5465 pro
1481 5398 1704 5462 foribus,
1730 5399 1816 5455 vel

220 5464 284 5517 ad
310 5464 602 5521 introitum
635 5469 952 5522 monasterii
982 5464 1063 5522 'ad
1108 5468 1313 5538 aliquot
1361 5464 1480 5522 dies
1504 5469 1808 5538 jnberetur,

218 5544 311 5588 aut
340 5538 628 5593 sineretur
647 5542 944 5604 excubare,
970 5538 1036 5593 ad
1066 5539 1395 5606 probandam
1428 5540 1546 5607 ejus
1567 5539 1816 5593 volunta-

218 5613 347 5678 tem,
378 5607 780 5677 humilitatem,
805 5610 1160 5663 constantiam
1181 5652 1194 5675 ,
1220 5621 1325 5665 etc.
1358 5610 1524 5678 Cujus
1556 5610 1633 5664 rei
1664 5625 1816 5664 com-

218 5677 372 5749 plura
426 5682 679 5747 exempla
728 5680 1036 5749 suppeditat
1080 5680 1348 5734 Palladius
1381 5677 1447 5733 in
1480 5680 1764 5734 Lansiacis
1796 5699 1809 5734 :

218 5747 310 5820 sed
335 5763 516 5820 unum
545 5750 784 5806 maxime
802 5747 1158 5805 memorabile
1181 5751 1331 5806 Pauli
1359 5750 1639 5820 simplicis,
1667 5751 1814 5818 quod

218 5815 415 5876 lectori
448 5818 751 5879 videndum
799 5821 1280 5879 et.admirandum
1326 5815 1601 5892 relinquo.
1628 5815 1813 5895 ’C'ujus

1921 2077 2266 2120 communem
2285 2079 2440 2120 usum
2470 2064 2784 2120 monasterii
2799 2064 3180 2129 conferendas,
3196 2063 3251 2118 ut
3274 2063 3504 2119 habetur

1919 2147 2042 2203 cap.
2065 2136 2125 2199 At;
2141 2136 2281 2206 quod
2305 2139 2358 2190 in
2383 2136 2491 2191 illis
2515 2135 2794 2191 monachis
2819 2135 2918 2191 fuit
2940 2135 3216 2206 singulare
3234 2150 3387 2206 :cum
3409 2133 3506 2206 alii

1919 2204 2186 2329 plerique,
2203 2207 2370 2262 etiam
2392 2221 2421 2260 a
2439 2216 2681 2277 tempore
2701 2207 3101 2275 apostolorum,
3118 2205 3161 2259 si
3177 2204 3301 2275 quid
3330 2205 3497 2260 habe-

1956 2284 2051 2329 ant
2071 2278 2125 2329 in
2147 2277 2367 2329 saeculo.
2384 2277 2724 2329 monasteriis
2744 2278 3079 2329 conferrent.
3100 2276 3225 2329 dum
3246 2273 3495 2329 monachi

1956 2284 2051 2330 ant
2071 2273 2125 2330 in
2147 2277 2367 2342 saeculo,
2384 2273 2724 2332 monasteriis
2740 2273 3079 2340 conferrent,
3100 2273 3225 2331 dum
3246 2273 3495 2330 monachi

1920 2345 2116 2401 fiebant
2140 2348 2278 2417 (Act.
2305 2350 2401 2417 tv),
2427 2356 2484 2402 ιη
2523 2348 2663 2403 infra
2685 2347 3215 2413 dicetur.Quartum,
3247 2357 3307 2401 ut
3336 2345 3503 2417 frater

1919 2414 2166 2489 receptus
2182 2414 2378 2473 annum
2392 2419 2662 2489 integrum
2679 2417 2779 2473 sub
2796 2418 3103 2489 obedientia
3116 2427 3172 2472 et
3188 2414 3503 2489 monasterii

1920 2486 2207 2559 disciplina
2231 2486 2574 2559 probaretur.
2598 2489 2839 2559 lntellige
2870 2489 2937 2543 de
2966 2488 3336 2559 adultis,sive
3363 2487 3497 2559 adu-5

1918 2556 2247 2614 lescentibus
2272 2603 2287 2629 ,
2321 2574 2427 2615 non
2456 2559 2522 2614 de
2554 2560 2738 2629 pueris
2759 2556 2900 2627 {aut
2928 2558 3331 2629 impuberibus.
3351 2556 3503 2629 Quod

1915 2629 2121 2701 quidem
2146 2627 2345 2700 tempus
2367 2627 2704 2701 probationis,
2728 2632 2843 2685 sive
2867 2627 3180 2697 novitiatus,
3204 2646 3234 2682 a
3256 2627 3364 2701 SS.
3393 2628 3497 2681 Pa-

1917 2700 2081 2753 tribus
2122 2698 2382 2755 indultum
2409 2702 2509 2771 fuit
2537 2710 2642 2755 tam
2666 2701 2721 2753 in
2751 2705 2977 2771 favorem
3002 2701 3227 2754 conuersi
3251 2740 3267 2767 ,
3300 2698 3496 2771 idest,

1918 2771 2128 2837 novitii,
2156 2788 2308 2841 quam
2336 2769 2656 2837 monasterii;
2676 2780 2729 2824 ut
2750 2769 2798 2826 et
2814 2771 2906 2826 ille
2922 2787 3085 2825 mores
3102 2771 3341 2841 istius,et
3365 2769 3505 2841 istud

1916 2856 2082 2911 mores
2106 2839 2248 2896 illius
2269 2842 2437 2897 ualeat
2464 2843 2718 2911 experiri,
2744 2845 2820 2898 ait
2849 2842 3193 2897 Innocentius
3226 2840 3289 2895 III
3319 2839 3496 2911 ponti-

1917 2909 2026 2985 [εκ.
2053 2914 2070 2981 (
2085 2913 2218 2985 Cap.
2242 2914 2322 2967 Ad
2346 2909 2715 2985 Apostolicam,
2752 2913 2821 2985 de
2843 2912 3136 2985 Regulam).
3169 2911 3321 2985 Unde
3351 2920 3405 2965 et

1920 2981 2240 3056 Benedictus
2263 2981 2433 3040 tribus
2464 2985 2568 3040 illis
2586 2984 2847 3056 gradibus
2881 2981 3216 3056 probationis
3241 2981 3505 3056 supradi-

1916 3053 2019 3126 ctis
2054 3068 2255 3109 annum
2288 3057 2555 3126 integrum
2591 3052 2654 3111 ct
2690 3052 2896 3124 aliquot
2918 3054 3036 3109 dies
3064 3052 3492 3126 comprehendit.

1916 3123 2172 3190 Quintum
2192 3166 2208 3192 ,
2238 3134 2295 3181 ut
2322 3123 2425 3196 pet:
2450 3127 2503 3181 id
2531 3134 2745 3196 tempus
2779 3123 3109 3181 novittorum
3130 3136 3194 3196 et
3219 3123 3498 3196 juniorum

1919 3195 2191 3250 humilitas
2254 3194 2339 3252 et'
2382 3194 2688 3253 obedienti‘a
2767 3196 2940 3252 modis
2996 3195 3246 3250 omnibus
3305 3194 3504 3266 proba-

1916 3273 2069 3338 retur
2116 3279 2171 3322 et
2217 3279 2577 3323 exerceretur
2608 3286 2621 3322 :
2650 3269 2722 3323 de
2752 3282 2856 3338 qua
2897 3266 3267 3338 Cassianusia
3313 3280 3444 3338 cap._
3469 3265 3503 3321 4

1921 3335 2035 3408 fere
2061 3352 2232 3408 usque
2254 3339 2321 3393 ad
2348 3338 2508 3393 tinem
2532 3338 2676 3405 libri,
2702 3334 2999 3408 praesertim
3024 3352 3144 3407 cap.
3168 3335 3375 3408 i0,ubi
3397 3334 3500 3389 ait:

1927 3405 2093 3462 Tanta
2139 3405 2466 3481 observantia
2498 3405 2799 3463 obedientiae
2851 3409 3046 3481 liegula
3090 3405 3403 3481 custoditur,
3448 3413 3507 3461 ut

1913 3480 2154 3549 juniores
2192 3480 2383 3550 absque
2413 3481 2676 3551 prmpositi
2703 3481 2785 3534 sui
2829 3478 3066 3551 scientia,
3098 3480 3175 3533 vel
3211 3478 3501 3551 permissu,

1920 3548 2023 3603 non
2060 3553 2228 3605 solum
2267 3548 2370 3605 non
2404 3548 2629 3605 audeant
2668 3558 2817 3607 extra
2845 3549 3029 3604 cellam
3074 3548 3405 3620 egredissed
3437 3564 3502 3601 ne

1921 3621 2020 3691 ipsi
2044 3621 2248 3690 quidem
2266 3622 2526 3675 communi
2555 3629 2602 3674 et
2633 3622 2862 3675 naturali
2892 3618 3181 3674 necessitati
3208 3618 3507 3691 satisfacere

1920 3689 2016 3744 sua
2045 3692 2349 3745 auctoritate
2379 3701 2729 3761 prwsumant:
2758 3692 2927 3759 sicque
2957 3692 3197 3745 uniuersa
3226 3689 3503 3761 complgre,

1918 3776 2248 3831 quacumque
2275 3755 2465 3832 fuerint
2510 3761 2573 3815 ab
2618 3778 2676 3815 eo
2717 3755 2999 3832 praecepta,
3039 3770 3295 3832 tamquam
3324 3755 3355 3809 ἁ
3394 3755 3506 3812 Deo

1919 3829 2021 3885 sint
2049 3829 2245 3888 caelitus
2273 3829 2444 3901 edita,
2485 3834 2597 3887 sine
2628 3829 2739 3887 ulla
2784 3829 3103 3885 discussione
3143 3829 3505 3901 festinant,_ut

1920 3919 2309 3987 nonnumquam
2335 3898 2496 3985 etiam.
2529 3901 2869 3975 impossibilia
2905 3902 2999 3984 sibi
3031 3898 3368 3987 imperatam
3396 3898 3500 3987 [ide

1918 3989 1981 4027 ac
2010 3967 2275 4029 devotione
2302 3967 2630 4044 suscipiant,
2666 3986 2720 4028 ut
2758 3982 2864 4027 tota
2909 3967 3124 4041 virtute,
3153 3986 3214 4024 ac
3251 3967 3507 4044 sinc_ulla

1920 4047 2092 4099 cordis
2115 4039 2457 4113 hasitalione,
2504 4062 2564 4099 ea
2591 4039 2835 4117 perficere
2863 4051 2908 4117 e_t
2942 4039 3295 4117 consummare
3335 4039 3508 4092 nitan-

1919 4122 2026 4181 tur,
2050 4126 2159 4173 etc.
2193 4110 2457 4184 Sextum,
2492 4125 2553 4171 ut
2582 4110 2758 4170 annua
2784 4114 3108 4185 probatione
3136 4110 3374 4181 expleta,
3406 4125 3505 4164 tto-

1919 4187 2214 4264 v_itii_,_qui
2247 4189 2457 4264 habiles
2504 4194 2560 4242 et
2607 4187 2799 4264 idonei.
2838 4187 3175 4264 viderentur,
3208 4196 3508 4264 congrega-

1920 4259 2050 4314 tioni
2083 4253 2313 4313 fratrum
2344 4260 2705 4323 sociarentur,
2748 4255 2803 4312 id
2846 4267 2928 4310 est
2952 4297 2967 4321 ,
3007 4257 3073 4310 ad
3108 4253 3507 4325 professionem

1917 4329 2361 4405 admitterentur,
2380 4322 2832 4405 professionem,
2878 4322 3135 4396 inquam,
3168 4322 3503 4405 quoad-sub-

1918 4401 2205 4474 stantiam,
2242 4391 2488 4474 eamdem
2535 4415 2658 4455 cum
2688 4414 2753 4454 ea
2799 4391 2969 4468 quam
3013 4411 3156 4474 nunc
3187 4391 3395 4474 novitii
3429 4391 3509 4474 fa-

1919 4470 2094 4537 ciunt,
2136 4465 2329 4541 nempe
2354 4471 2517 4525 trium
2541 4465 3180 4541 votorumfpaupertatis
3197 4506 3212 4531 ,
3232 4465 3511 4541 castitatis

1917 4550 1971 4596 et
1994 4538 2342 4596 obedientiae.
2366 4541 2499 4595 Nam
2528 4543 2596 4597 de
2617 4540 2958 4611 professione
2979 4547 3036 4611 et
3054 4538 3215 4611 votis
3232 4539 3285 4590 in
3308 4549 3509 4611 genere

1919 4612 2169 4667 meminit
2197 4612 2492 4667 Cassianus
2530 4606 2653 4681 cap.
2682 4610 2788 4677 55,
2829 4610 2921 4665 ubi
2960 4608 3095 4681 dicit
3131 4608 3299 4681 abbas
3332 4606 3512 4681 Pynu—

1920 4683 2077 4751 phius
2102 4698 2277 4754 partas
2301 4677 2633 4754 gravissimas
2655 4690 2978 4754 prwparatas
3006 4680 3077 4754 iis
3089 4682 3175 4748 qui
3203 4678 3409 4754 Regulqr
3430 4677 3513 4754 in-_

1842 4746 1892 4805 D
1918 4746 2238 4807 stitutionem
2273 4746 2440 4824 tepide
2486 4746 2924 4824 neglig'entcrque»
2947 4746 3140 4824 fuerint
3166 4746 3439 4824 exsecuti,
3464 4752 3514 4798 et

1920 4824 2203 4897 secundum
2230 4813 2369 4897 qudd
2401 4813 2926 4897 profeisi'sunt,'vel
2947 4813 3087 4891 quod
3124 4819 3189 4873 ab
3213 4813 3514 4897 .ltoritini'bus

1921 4883 2508 4964 creduntur,'-frucius'
2537 4895 2688 4964 etiam
2747 4883 3001 4964 congruos
3055 4887 3347 4964 sanctitatis
3400 4883 3513 4939 Deo

1921 4965 2161 5018 exhibere
2187 4958 2520 5035 neglexerint.
2552 4963 2739 5018 Melius
2770 4958 2866 5017 est'
2892 4963 3055 5027 enim,
3089 4958 3292 5029 inquit,
3322 4972 3510 5010 secun-

1920 5036 2049 5108 dum
2086 5036 2445 5105 Scripturam,
2493 5052 2593 5090 non
2627 5051 2804 5108 not-ere
2827 5076 2841 5101 ,
2888 5048 3045 5104 quam
3082 5043 3261 5108 vovere
3288 5036 3513 5108 ,oetunon

1922 5107 2155 5161 reddere.
2192 5096 2255 5161 Et
2285 5121 2407 5176 cap.
2433 5096 2689 5174 seiluenti
2717 5096 2881 5170 dicit,
2901 5096 3242 5176 'tnnnachntn
3274 5096 3511 5176 similent

1922 5192 2045 5233 esse
2072 5178 2273 5233 debere
2305 5166 2597 5243 cruciﬁxit),
2631 5177 2721 5246 qui
2769 5166 2876 5231 non
2924 5174 3101 5246 solum
3130 5185 3237 5223 non
3271 5166 3514 5246 ambulat

1925 5265 2033 5318 quo
2062 5251 2198 5314 vnlt,
2233 5263 2331 5303 nec
2362 5250 2486 5305 facit
2513 5237 2662 5318 quod
2684 5247 2823 5312 vult,
2853 5244 3085 5318 rsedﬂnec
3112 5247 3291 5310 potest
3319 5237 3512 5318 auibu-

1926 5306 2058 5386 lare,
2089 5306 2197 5374 nec'
2218 5319 2417 5389 aliquid
2451 5306 2649 5384 facere,
2677 5318 2780 5372 nisi
2809 5306 2879 5371 ab
2898 5315 3019 5389 alio
3045 5306 3350 5389 moveatur:
3372 5306 3516 5361 Rur-

1925 5406 2018 5445 sus
2041 5378 2161 5459 cap.
2185 5391 2255 5445 58
2276 5378 2426 5455 dicit,
2443 5378 2761 5444 monachum
2787 5384 3178 5461 perfectionem
3211 5378 3516 5461 professum

1925 5477 2032 5516 non
2066 5457 2183 5515 leve
2204 5471 2477 5529 peccatum
2507 5461 2811 5533 admittere,
2837 5457 2880 5510 si
2904 5470 2988 5533 ea,
3019 5467 3139 5533 quae
3161 5461 3287 5533 sunt
3307 5457 3514 5533 imper-

1925 5535 2086 5597 fecta,
2121 5524 2379 5587 sectetur.
2406 5535 2481 5587 De
2502 5534 2641 5585 vctis
2674 5529 2857 5583 itidem
2892 5524 3140 5597 singulis,
3173 5530 3229 5576 et
3258 5524 3310 5576 in
3347 5524 3517 5597 parti-

1923 5592 2124 5669 culari,
2168 5605 2241 5658 ita
2294 5604 2497 5658 diserte
2539 5610 2593 5655 et
2638 5612 2899 5668 expresse
2952 5594 3213 5669 loquitur,
3265 5601 3322 5669 u_t
3353 5592 3517 5660 plane

1922 5663 2196 5743 signiticet
2249 5684 2512 5744 quatquot
2580 5663 2953 5744 mettachatnm
3020 5663 3512 5744 amplectebantur,

1925 5737 2095 5800 tribus
2126 5745 2232 5800 illis
2268 5737 2413 5799 votis
2453 5743 2500 5797 si
2548 5756 2654 5795 non
2696 5739 2972 5808 explicite,
3025 5737 3217 5791 saltem
3269 5737 3429 5786 tacite
3459 5738 3516 5783 et

1906 5816 2329 5895 'interpretative
2368 5812 2673 5880 susceptis,
2715 5824 2779 5864 ex
2812 5808 3148 5865 institutione
3197 5809 3514 5871 sanctorum
