  <div class='ocr_page' id='page_1' title='image "/cluster/home/n/w/nwhite01/storage/ocr_20150623/49/hvd.32044015471543/083.png"; bbox 0 0 4026 6334; ppageno 0'>
   <div class='ocr_carea' id='block_1_1' title="bbox 514 370 644 455">
    <p class='ocr_par' dir='ltr' id='par_1_1' title="bbox 514 370 644 455">
     <span class='ocr_line' id='line_1_1' title="bbox 514 370 644 455; baseline 0.015 -2"><span class='ocrx_word' id='word_1_1' title='bbox 514 370 644 455; x_wconf 56' lang='lat'><strong>.455</strong></span> 
     </span>
    </p>
   </div>
   <div class='ocr_carea' id='block_1_2' title="bbox 1852 364 3460 426">
    <p class='ocr_par' dir='ltr' id='par_1_2' title="bbox 1852 364 3460 426">
     <span class='ocr_line' id='line_1_2' title="bbox 1852 364 3460 426; baseline 0 0"><span class='ocrx_word' id='word_1_2' title='bbox 1852 365 2133 426; x_wconf 78' lang='lat' dir='ltr'><strong>JOANNIS</strong></span> <span class='ocrx_word' id='word_1_3' title='bbox 2169 364 2481 425; x_wconf 78' lang='lat' dir='ltr'><strong>CASSIANI</strong></span> <span class='ocrx_word' id='word_1_4' title='bbox 3424 369 3460 426; x_wconf 69' lang='grc' dir='ltr'><em>ί</em></span> 
     </span>
    </p>
   </div>
   <div class='ocr_carea' id='block_1_3' title="bbox 3703 349 3810 436">
    <p class='ocr_par' dir='ltr' id='par_1_3' title="bbox 3703 349 3810 436">
     <span class='ocr_line' id='line_1_3' title="bbox 3703 349 3810 436; baseline 0.056 -6"><span class='ocrx_word' id='word_1_5' title='bbox 3703 349 3810 436; x_wconf 69' lang='lat' dir='ltr'><strong>tsi</strong></span> 
     </span>
    </p>
   </div>
   <div class='ocr_carea' id='block_1_4' title="bbox 538 476 3795 560">
    <p class='ocr_par' dir='ltr' id='par_1_4' title="bbox 538 476 3795 560">
     <span class='ocr_line' id='line_1_4' title="bbox 538 476 3795 560; baseline 0.001 -17"><span class='ocrx_word' id='word_1_6' title='bbox 538 488 764 560; x_wconf 88' lang='lat' dir='ltr'><strong>plinam,</strong></span> <span class='ocrx_word' id='word_1_7' title='bbox 797 500 906 542; x_wconf 92' lang='lat' dir='ltr'><strong>non</strong></span> <span class='ocrx_word' id='word_1_8' title='bbox 938 492 1066 543; x_wconf 91' lang='lat' dir='ltr'><strong>ante</strong></span> <span class='ocrx_word' id='word_1_9' title='bbox 1101 498 1326 558; x_wconf 82' lang='lat' dir='ltr'><strong>prorsus</strong></span> <span class='ocrx_word' id='word_1_10' title='bbox 1357 484 1679 552; x_wconf 78' lang='lat' dir='ltr'><strong>admittitur,</strong></span> <span class='ocrx_word' id='word_1_11' title='bbox 1725 497 1884 557; x_wconf 86' lang='lat' dir='ltr'><strong>quam</strong></span> <span class='ocrx_word' id='word_1_12' title='bbox 1926 483 2118 539; x_wconf 89' lang='lat' dir='ltr'><strong>diebus</strong></span> <span class='ocrx_word' id='word_1_13' title='bbox 2146 489 2196 548; x_wconf 79' lang='grc' dir='ltr'><strong>Α</strong></span> <span class='ocrx_word' id='word_1_14' title='bbox 2222 484 2414 541; x_wconf 91' lang='lat' dir='ltr'><strong>Sciunt</strong></span> <span class='ocrx_word' id='word_1_15' title='bbox 2439 484 2582 542; x_wconf 88' lang='lat' dir='ltr'><strong>enim</strong></span> <span class='ocrx_word' id='word_1_16' title='bbox 2619 498 2741 541; x_wconf 88' lang='lat' dir='ltr'><strong>eum</strong></span> <span class='ocrx_word' id='word_1_17' title='bbox 2773 486 2874 542; x_wconf 85' lang='lat' dir='ltr'><strong>sub</strong></span> <span class='ocrx_word' id='word_1_18' title='bbox 2917 484 3235 543; x_wconf 85' lang='lat' dir='ltr'><strong>monasterii</strong></span> <span class='ocrx_word' id='word_1_19' title='bbox 3265 483 3552 557; x_wconf 80' lang='lat' dir='ltr'><strong>disciplina</strong></span> <span class='ocrx_word' id='word_1_20' title='bbox 3578 476 3795 545; x_wconf 64' lang='lat' dir='ltr'><strong>diu&#39;tbrs</strong></span> 
     </span>
    </p>
   </div>
   <div class='ocr_carea' id='block_1_5' title="bbox 538 577 2121 651">
    <p class='ocr_par' dir='ltr' id='par_1_5' title="bbox 538 577 2121 651">
     <span class='ocr_line' id='line_1_5' title="bbox 538 577 2121 651; baseline -0.003 -13"><span class='ocrx_word' id='word_1_21' title='bbox 538 581 750 647; x_wconf 86' lang='lat' dir='ltr'><strong>decem,</strong></span> <span class='ocrx_word' id='word_1_22' title='bbox 780 581 865 636; x_wconf 86' lang='lat' dir='ltr'><strong>vel</strong></span> <span class='ocrx_word' id='word_1_23' title='bbox 908 595 974 636; x_wconf 90' lang='lat' dir='ltr'><strong>eo</strong></span> <span class='ocrx_word' id='word_1_24' title='bbox 1006 582 1235 651; x_wconf 81' lang='lat' dir='ltr'><strong>amplius</strong></span> <span class='ocrx_word' id='word_1_25' title='bbox 1259 594 1357 650; x_wconf 91' lang='lat' dir='ltr'><strong>pro</strong></span> <span class='ocrx_word' id='word_1_26' title='bbox 1385 578 1597 634; x_wconf 83' lang='lat' dir='ltr'><strong>foribus</strong></span> <span class='ocrx_word' id='word_1_27' title='bbox 1641 579 1950 648; x_wconf 87' lang='lat' dir='ltr'><strong>excubans,</strong></span> <span class='ocrx_word' id='word_1_28' title='bbox 1982 577 2121 633; x_wconf 88' lang='lat' dir='ltr'><strong>indi-</strong></span> 
     </span>
    </p>
   </div>
   <div class='ocr_carea' id='block_1_6' title="bbox 538 670 2120 744">
    <p class='ocr_par' dir='ltr' id='par_1_6' title="bbox 538 670 2120 744">
     <span class='ocr_line' id='line_1_6' title="bbox 538 670 2120 744; baseline -0.003 -13"><span class='ocrx_word' id='word_1_29' title='bbox 538 675 680 731; x_wconf 84' lang='lat' dir='ltr'><strong>cium</strong></span> <span class='ocrx_word' id='word_1_30' title='bbox 713 674 1131 744; x_wconf 67' lang='lat' dir='ltr'><strong>perseverantiae</strong></span> <span class='ocrx_word' id='word_1_31' title='bbox 1156 712 1173 741; x_wconf 88' lang='lat'><strong>,</strong></span> <span class='ocrx_word' id='word_1_32' title='bbox 1222 687 1287 729; x_wconf 89' lang='lat' dir='ltr'><strong>ac</strong></span> <span class='ocrx_word' id='word_1_33' title='bbox 1341 671 1593 729; x_wconf 84' lang='lat' dir='ltr'><strong>desiderii</strong></span> <span class='ocrx_word' id='word_1_34' title='bbox 1658 672 1777 739; x_wconf 89' lang='lat' dir='ltr'><strong>sui,</strong></span> <span class='ocrx_word' id='word_1_35' title='bbox 1812 670 2120 743; x_wconf 74' lang='lat' dir='ltr'><strong>pariterque</strong></span> 
     </span>
    </p>
   </div>
   <div class='ocr_carea' id='block_1_7' title="bbox 532 760 2119 835">
    <p class='ocr_par' dir='ltr' id='par_1_7' title="bbox 532 760 2119 835">
     <span class='ocr_line' id='line_1_7' title="bbox 532 760 2119 835; baseline -0.002 -15"><span class='ocrx_word' id='word_1_36' title='bbox 532 765 863 831; x_wconf 75' lang='lat' dir='ltr'><strong>humilitatis</strong></span> <span class='ocrx_word' id='word_1_37' title='bbox 901 779 965 820; x_wconf 89' lang='lat' dir='ltr'><strong>ac</strong></span> <span class='ocrx_word' id='word_1_38' title='bbox 1011 764 1287 835; x_wconf 72' lang='lat' dir='ltr'><strong>patientiae</strong></span> <span class='ocrx_word' id='word_1_39' title='bbox 1340 764 1814 819; x_wconf 89' lang='lat' dir='ltr'><strong>demonstraverit.</strong></span> <span class='ocrx_word' id='word_1_40' title='bbox 1872 760 2119 832; x_wconf 88' lang='lat' dir='ltr'><strong>Cumque</strong></span> 
     </span>
    </p>
   </div>
   <div class='ocr_carea' id='block_1_8' title="bbox 543 854 2113 926">
    <p class='ocr_par' dir='ltr' id='par_1_8' title="bbox 543 854 2113 926">
     <span class='ocr_line' id='line_1_8' title="bbox 543 854 2113 926; baseline -0.003 -13"><span class='ocrx_word' id='word_1_41' title='bbox 543 856 785 913; x_wconf 89' lang='lat' dir='ltr'><strong>omnium</strong></span> <span class='ocrx_word' id='word_1_42' title='bbox 809 854 1245 926; x_wconf 52' lang='lat' dir='ltr'><strong>praetereuntium</strong></span> <span class='ocrx_word' id='word_1_43' title='bbox 1273 854 1499 911; x_wconf 80' lang='lat' dir='ltr'><strong>fratrum</strong></span> <span class='ocrx_word' id='word_1_44' title='bbox 1529 855 1755 926; x_wconf 75' lang='lat' dir='ltr'><strong>genibus</strong></span> <span class='ocrx_word' id='word_1_45' title='bbox 1778 854 2113 924; x_wconf 81' lang='lat' dir='ltr'><strong>provolutus,</strong></span> 
     </span>
    </p>
   </div>
   <div class='ocr_carea' id='block_1_9' title="bbox 537 948 2117 1019">
    <p class='ocr_par' dir='ltr' id='par_1_9' title="bbox 537 948 2117 1019">
     <span class='ocr_line' id='line_1_9' title="bbox 537 948 2117 1019; baseline -0.001 -13"><span class='ocrx_word' id='word_1_46' title='bbox 537 958 594 1006; x_wconf 89' lang='lat' dir='ltr'><strong>et</strong></span> <span class='ocrx_word' id='word_1_47' title='bbox 617 949 685 1004; x_wconf 92' lang='lat' dir='ltr'><strong>ab</strong></span> <span class='ocrx_word' id='word_1_48' title='bbox 714 948 980 1006; x_wconf 86' lang='lat' dir='ltr'><strong>universis</strong></span> <span class='ocrx_word' id='word_1_49' title='bbox 1008 949 1077 1006; x_wconf 92' lang='lat' dir='ltr'><strong>de</strong></span> <span class='ocrx_word' id='word_1_50' title='bbox 1102 948 1366 1005; x_wconf 88' lang='lat' dir='ltr'><strong>industria</strong></span> <span class='ocrx_word' id='word_1_51' title='bbox 1406 948 1670 1005; x_wconf 90' lang='lat' dir='ltr'><strong>refutatus</strong></span> <span class='ocrx_word' id='word_1_52' title='bbox 1698 956 1860 1018; x_wconf 90' lang='lat' dir='ltr'><strong>atque</strong></span> <span class='ocrx_word' id='word_1_53' title='bbox 1887 948 2117 1019; x_wconf 85' lang='lat' dir='ltr'><strong>despec-</strong></span> 
     </span>
    </p>
   </div>
   <div class='ocr_carea' id='block_1_10' title="bbox 534 1039 2122 1113">
    <p class='ocr_par' dir='ltr' id='par_1_10' title="bbox 534 1039 2122 1113">
     <span class='ocr_line' id='line_1_10' title="bbox 534 1039 2122 1113; baseline 0 -16"><span class='ocrx_word' id='word_1_54' title='bbox 534 1048 645 1108; x_wconf 90' lang='lat' dir='ltr'><strong>tus,</strong></span> <span class='ocrx_word' id='word_1_55' title='bbox 672 1051 941 1112; x_wconf 88' lang='lat' dir='ltr'><strong>tamquam</strong></span> <span class='ocrx_word' id='word_1_56' title='bbox 968 1042 1059 1113; x_wconf 90' lang='lat' dir='ltr'><strong>qui</strong></span> <span class='ocrx_word' id='word_1_57' title='bbox 1084 1057 1195 1098; x_wconf 90' lang='lat' dir='ltr'><strong>non</strong></span> <span class='ocrx_word' id='word_1_58' title='bbox 1223 1041 1519 1113; x_wconf 80' lang='lat' dir='ltr'><strong>religionis,</strong></span> <span class='ocrx_word' id='word_1_59' title='bbox 1540 1040 1637 1097; x_wconf 89' lang='lat' dir='ltr'><strong>sed</strong></span> <span class='ocrx_word' id='word_1_60' title='bbox 1659 1039 1998 1096; x_wconf 87' lang='lat' dir='ltr'><strong>necessitatis</strong></span> <span class='ocrx_word' id='word_1_61' title='bbox 2021 1039 2122 1097; x_wconf 76' lang='lat' dir='ltr'><strong>ob—</strong></span> 
     </span>
    </p>
   </div>
   <div class='ocr_carea' id='block_1_11' title="bbox 2226 577 3806 651">
    <p class='ocr_par' dir='ltr' id='par_1_11' title="bbox 2226 577 3806 651">
     <span class='ocr_line' id='line_1_11' title="bbox 2226 577 3806 651; baseline 0.003 -17"><span class='ocrx_word' id='word_1_62' title='bbox 2226 592 2356 634; x_wconf 90' lang='lat' dir='ltr'><strong>num</strong></span> <span class='ocrx_word' id='word_1_63' title='bbox 2387 592 2508 633; x_wconf 87' lang='lat' dir='ltr'><strong>esse</strong></span> <span class='ocrx_word' id='word_1_64' title='bbox 2536 592 2643 633; x_wconf 90' lang='lat' dir='ltr'><strong>non</strong></span> <span class='ocrx_word' id='word_1_65' title='bbox 2671 593 2854 650; x_wconf 88' lang='lat' dir='ltr'><strong>posse,</strong></span> <span class='ocrx_word' id='word_1_66' title='bbox 2877 578 2975 635; x_wconf 90' lang='lat' dir='ltr'><strong>sed</strong></span> <span class='ocrx_word' id='word_1_67' title='bbox 3008 593 3077 635; x_wconf 88' lang='lat' dir='ltr'><strong>ne</strong></span> <span class='ocrx_word' id='word_1_68' title='bbox 3103 577 3429 634; x_wconf 79' lang='lat' dir='ltr'><strong>humilitatis</strong></span> <span class='ocrx_word' id='word_1_69' title='bbox 3451 580 3690 651; x_wconf 82' lang='lat' dir='ltr'><strong>quidem,</strong></span> <span class='ocrx_word' id='word_1_70' title='bbox 3712 591 3806 641; x_wconf 90' lang='lat' dir='ltr'><strong>aut</strong></span> 
     </span>
    </p>
   </div>
   <div class='ocr_carea' id='block_1_12' title="bbox 2225 670 3804 744">
    <p class='ocr_par' dir='ltr' id='par_1_12' title="bbox 2225 670 3804 744">
     <span class='ocr_line' id='line_1_12' title="bbox 2225 670 3804 744; baseline 0.004 -17"><span class='ocrx_word' id='word_1_71' title='bbox 2225 670 2545 727; x_wconf 70' lang='lat' dir='ltr'><strong>obedientiaa</strong></span> <span class='ocrx_word' id='word_1_72' title='bbox 2584 672 3053 743; x_wconf 87' lang='lat' dir='ltr'><strong>apprehensurum</strong></span> <span class='ocrx_word' id='word_1_73' title='bbox 3094 686 3220 729; x_wconf 85' lang='lat' dir='ltr'><strong>esse</strong></span> <span class='ocrx_word' id='word_1_74' title='bbox 3255 672 3546 744; x_wconf 81' lang='lat' dir='ltr'><strong>virtutem,</strong></span> <span class='ocrx_word' id='word_1_75' title='bbox 3579 688 3683 730; x_wconf 92' lang='lat' dir='ltr'><strong>nec</strong></span> <span class='ocrx_word' id='word_1_76' title='bbox 3712 675 3804 734; x_wconf 83' lang='lat' dir='ltr'><strong>illa</strong></span> 
     </span>
    </p>
   </div>
   <div class='ocr_carea' id='block_1_13' title="bbox 2224 764 3799 837">
    <p class='ocr_par' dir='ltr' id='par_1_13' title="bbox 2224 764 3799 837">
     <span class='ocr_line' id='line_1_13' title="bbox 2224 764 3799 837; baseline 0.002 -16"><span class='ocrx_word' id='word_1_77' title='bbox 2224 765 2456 822; x_wconf 88' lang='lat' dir='ltr'><strong>coenobii</strong></span> <span class='ocrx_word' id='word_1_78' title='bbox 2497 771 2819 837; x_wconf 85' lang='lat' dir='ltr'><strong>paupertate</strong></span> <span class='ocrx_word' id='word_1_79' title='bbox 2845 779 2910 820; x_wconf 91' lang='lat' dir='ltr'><strong>ac</strong></span> <span class='ocrx_word' id='word_1_80' title='bbox 2946 764 3287 821; x_wconf 87' lang='lat' dir='ltr'><strong>districtione</strong></span> <span class='ocrx_word' id='word_1_81' title='bbox 3316 770 3631 821; x_wconf 88' lang='lat' dir='ltr'><strong>contentum</strong></span> <span class='ocrx_word' id='word_1_82' title='bbox 3659 767 3799 836; x_wconf 84' lang='lat' dir='ltr'><strong>fore,</strong></span> 
     </span>
    </p>
   </div>
   <div class='ocr_carea' id='block_1_14' title="bbox 2222 856 3806 930">
    <p class='ocr_par' dir='ltr' id='par_1_14' title="bbox 2222 856 3806 930">
     <span class='ocr_line' id='line_1_14' title="bbox 2222 856 3806 930; baseline -0.001 -14"><span class='ocrx_word' id='word_1_83' title='bbox 2222 859 2270 916; x_wconf 91' lang='lat' dir='ltr'><strong>si</strong></span> <span class='ocrx_word' id='word_1_84' title='bbox 2302 860 2353 916; x_wconf 94' lang='lat' dir='ltr'><strong>in</strong></span> <span class='ocrx_word' id='word_1_85' title='bbox 2374 858 2711 915; x_wconf 89' lang='lat' dir='ltr'><strong>conscientia</strong></span> <span class='ocrx_word' id='word_1_86' title='bbox 2729 856 2849 929; x_wconf 84' lang='lat' dir='ltr'><strong>ejus</strong></span> <span class='ocrx_word' id='word_1_87' title='bbox 2870 857 3113 928; x_wconf 81' lang='lat' dir='ltr'><strong>pecunia:</strong></span> <span class='ocrx_word' id='word_1_88' title='bbox 3137 856 3692 930; x_wconf 87' lang='lat' dir='ltr'><strong>quantulumcumque</strong></span> <span class='ocrx_word' id='word_1_89' title='bbox 3720 858 3806 914; x_wconf 88' lang='lat' dir='ltr'><strong>la-</strong></span> 
     </span>
    </p>
   </div>
   <div class='ocr_carea' id='block_1_15' title="bbox 2222 950 3808 1022">
    <p class='ocr_par' dir='ltr' id='par_1_15' title="bbox 2222 950 3808 1022">
     <span class='ocr_line' id='line_1_15' title="bbox 2222 950 3808 1022; baseline 0 -13"><span class='ocrx_word' id='word_1_90' title='bbox 2222 952 2463 1009; x_wconf 81' lang='lat' dir='ltr'><strong>titaverit</strong></span> <span class='ocrx_word' id='word_1_91' title='bbox 2493 951 2625 1008; x_wconf 88' lang='lat' dir='ltr'><strong>:sed</strong></span> <span class='ocrx_word' id='word_1_92' title='bbox 2652 950 2746 1007; x_wconf 92' lang='lat' dir='ltr'><strong>ubi</strong></span> <span class='ocrx_word' id='word_1_93' title='bbox 2777 952 3013 1022; x_wconf 86' lang='lat' dir='ltr'><strong>primum</strong></span> <span class='ocrx_word' id='word_1_94' title='bbox 3042 959 3229 1007; x_wconf 82' lang='lat' dir='ltr'><strong>exorta</strong></span> <span class='ocrx_word' id='word_1_95' title='bbox 3256 950 3421 1007; x_wconf 89' lang='lat' dir='ltr'><strong>fuerit</strong></span> <span class='ocrx_word' id='word_1_96' title='bbox 3447 951 3693 1022; x_wconf 87' lang='lat' dir='ltr'><strong>qualibet</strong></span> <span class='ocrx_word' id='word_1_97' title='bbox 3711 966 3808 1009; x_wconf 87' lang='lat' dir='ltr'><strong>oc-</strong></span> 
     </span>
    </p>
   </div>
   <div class='ocr_carea' id='block_1_16' title="bbox 2218 1042 3805 1114">
    <p class='ocr_par' dir='ltr' id='par_1_16' title="bbox 2218 1042 3805 1114">
     <span class='ocr_line' id='line_1_16' title="bbox 2218 1042 3805 1114; baseline -0.002 -11"><span class='ocrx_word' id='word_1_98' title='bbox 2218 1047 2441 1104; x_wconf 87' lang='lat' dir='ltr'><strong>casione</strong></span> <span class='ocrx_word' id='word_1_99' title='bbox 2471 1043 2790 1113; x_wconf 89' lang='lat' dir='ltr'><strong>commotio,</strong></span> <span class='ocrx_word' id='word_1_100' title='bbox 2818 1042 2848 1083; x_wconf 73' lang='lat' dir='ltr'><strong>b</strong></span> <span class='ocrx_word' id='word_1_101' title='bbox 2874 1043 3071 1101; x_wconf 82' lang='lat' dir='ltr'><strong>ﬁducia</strong></span> <span class='ocrx_word' id='word_1_102' title='bbox 3102 1042 3264 1114; x_wconf 86' lang='lat' dir='ltr'><strong>stipis</strong></span> <span class='ocrx_word' id='word_1_103' title='bbox 3293 1043 3435 1101; x_wconf 88' lang='lat' dir='ltr'><strong>illius</strong></span> <span class='ocrx_word' id='word_1_104' title='bbox 3461 1043 3762 1104; x_wconf 81' lang='lat' dir='ltr'><strong>animatum</strong></span> <span class='ocrx_word' id='word_1_105' title='bbox 3786 1087 3805 1114; x_wconf 91' lang='lat'><strong>,</strong></span> 
     </span>
    </p>
   </div>
   <div class='ocr_carea' id='block_1_17' title="bbox 539 1132 2108 1211">
    <p class='ocr_par' dir='ltr' id='par_1_17' title="bbox 539 1132 2108 1206">
     <span class='ocr_line' id='line_1_17' title="bbox 539 1132 2108 1206; baseline -0.001 -17"><span class='ocrx_word' id='word_1_106' title='bbox 539 1142 694 1190; x_wconf 89' lang='lat' dir='ltr'><strong>tentu</strong></span> <span class='ocrx_word' id='word_1_107' title='bbox 724 1134 1115 1190; x_wconf 85' lang='lat' dir='ltr'><strong>monasterium</strong></span> <span class='ocrx_word' id='word_1_108' title='bbox 1155 1142 1307 1206; x_wconf 89' lang='lat' dir='ltr'><strong>optet</strong></span> <span class='ocrx_word' id='word_1_109' title='bbox 1344 1134 1545 1191; x_wconf 88' lang='lat' dir='ltr'><strong>intrare</strong></span> <span class='ocrx_word' id='word_1_110' title='bbox 1569 1149 1584 1191; x_wconf 87' lang='lat'><strong>:</strong></span> <span class='ocrx_word' id='word_1_111' title='bbox 1609 1141 1636 1171; x_wconf 80' lang='grc' dir='ltr'>ι</span> <span class='ocrx_word' id='word_1_112' title='bbox 1659 1132 1872 1202; x_wconf 84' lang='lat' dir='ltr'><strong>injuriis</strong></span> <span class='ocrx_word' id='word_1_113' title='bbox 1900 1145 2108 1203; x_wconf 84' lang='lat' dir='ltr'><strong>quoque</strong></span> 
     </span>
    </p>
   </div>
   <div class='ocr_carea' id='block_1_18' title="bbox 2208 1132 3807 1211">
    <p class='ocr_par' dir='ltr' id='par_1_18' title="bbox 2218 1136 3807 1211">
     <span class='ocr_line' id='line_1_18' title="bbox 2218 1136 3807 1211; baseline -0.003 -13"><span class='ocrx_word' id='word_1_114' title='bbox 2218 1144 2481 1199; x_wconf 87' lang='lat' dir='ltr'><strong>continuo</strong></span> <span class='ocrx_word' id='word_1_115' title='bbox 2502 1139 2573 1197; x_wconf 91' lang='lat' dir='ltr'><strong>de</strong></span> <span class='ocrx_word' id='word_1_116' title='bbox 2602 1139 2939 1197; x_wconf 86' lang='lat' dir='ltr'><strong>monasterio</strong></span> <span class='ocrx_word' id='word_1_117' title='bbox 2962 1178 2979 1206; x_wconf 90' lang='lat'><strong>,</strong></span> <span class='ocrx_word' id='word_1_118' title='bbox 3007 1137 3159 1195; x_wconf 91' lang='lat' dir='ltr'><strong>velut</strong></span> <span class='ocrx_word' id='word_1_119' title='bbox 3197 1136 3363 1195; x_wconf 88' lang='lat' dir='ltr'><strong>funda</strong></span> <span class='ocrx_word' id='word_1_120' title='bbox 3389 1146 3626 1208; x_wconf 84' lang='lat' dir='ltr'><strong>rotante,</strong></span> <span class='ocrx_word' id='word_1_121' title='bbox 3657 1136 3807 1211; x_wconf 82' lang='lat' dir='ltr'><strong>fugi-</strong></span> 
     </span>
    </p>
   </div>
   <div class='ocr_carea' id='block_1_19' title="bbox 533 1225 2105 1298">
    <p class='ocr_par' dir='ltr' id='par_1_19' title="bbox 533 1225 2105 1298">
     <span class='ocr_line' id='line_1_19' title="bbox 533 1225 2105 1298; baseline -0.001 -16"><span class='ocrx_word' id='word_1_122' title='bbox 533 1235 589 1282; x_wconf 88' lang='lat' dir='ltr'><strong>et</strong></span> <span class='ocrx_word' id='word_1_123' title='bbox 617 1226 1124 1298; x_wconf 86' lang='lat' dir='ltr'><strong>exprobrationibus</strong></span> <span class='ocrx_word' id='word_1_124' title='bbox 1165 1226 1349 1282; x_wconf 86' lang='lat' dir='ltr'><strong>multis</strong></span> <span class='ocrx_word' id='word_1_125' title='bbox 1395 1226 1635 1293; x_wconf 72' lang='lat' dir='ltr'><strong>affectus,</strong></span> <span class='ocrx_word' id='word_1_126' title='bbox 1670 1225 2105 1295; x_wconf 81' lang='lat' dir='ltr'><strong>experimentum</strong></span> 
     </span>
    </p>
   </div>
   <div class='ocr_carea' id='block_1_20' title="bbox 530 1316 2108 1390">
    <p class='ocr_par' dir='ltr' id='par_1_20' title="bbox 530 1316 2108 1390">
     <span class='ocr_line' id='line_1_20' title="bbox 530 1316 2108 1390; baseline -0.003 -13"><span class='ocrx_word' id='word_1_127' title='bbox 530 1317 743 1377; x_wconf 81' lang='lat' dir='ltr'><strong>dederit</strong></span> <span class='ocrx_word' id='word_1_128' title='bbox 771 1318 1090 1376; x_wconf 87' lang='lat' dir='ltr'><strong>constantiae</strong></span> <span class='ocrx_word' id='word_1_129' title='bbox 1114 1334 1256 1387; x_wconf 68' lang='lat' dir='ltr'><strong>suae,</strong></span> <span class='ocrx_word' id='word_1_130' title='bbox 1279 1318 1556 1390; x_wconf 85' lang='lat' dir='ltr'><strong>qualisque</strong></span> <span class='ocrx_word' id='word_1_131' title='bbox 1582 1316 1793 1373; x_wconf 84' lang='lat' dir='ltr'><strong>futurus</strong></span> <span class='ocrx_word' id='word_1_132' title='bbox 1814 1319 1884 1373; x_wconf 90' lang='lat' dir='ltr'><strong>sit</strong></span> <span class='ocrx_word' id='word_1_133' title='bbox 1906 1318 1961 1374; x_wconf 92' lang='lat' dir='ltr'><strong>in</strong></span> <span class='ocrx_word' id='word_1_134' title='bbox 1988 1326 2108 1373; x_wconf 89' lang='lat' dir='ltr'><strong>ten-</strong></span> 
     </span>
    </p>
   </div>
   <div class='ocr_carea' id='block_1_21' title="bbox 530 1410 2107 1484">
    <p class='ocr_par' dir='ltr' id='par_1_21' title="bbox 530 1410 2107 1484">
     <span class='ocr_line' id='line_1_21' title="bbox 530 1410 2107 1484; baseline -0.003 -14"><span class='ocrx_word' id='word_1_135' title='bbox 530 1414 855 1480; x_wconf 86' lang='lat' dir='ltr'><strong>tationibus,</strong></span> <span class='ocrx_word' id='word_1_136' title='bbox 908 1413 1324 1484; x_wconf 89' lang='lat' dir='ltr'><strong>opprobriorum</strong></span> <span class='ocrx_word' id='word_1_137' title='bbox 1384 1411 1667 1469; x_wconf 87' lang='lat' dir='ltr'><strong>tolerantia</strong></span> <span class='ocrx_word' id='word_1_138' title='bbox 1714 1410 2107 1478; x_wconf 85' lang='lat' dir='ltr'><strong>declaraverit;</strong></span> 
     </span>
    </p>
   </div>
   <div class='ocr_carea' id='block_1_22' title="bbox 531 1503 2109 1578">
    <p class='ocr_par' dir='ltr' id='par_1_22' title="bbox 531 1503 2109 1578">
     <span class='ocr_line' id='line_1_22' title="bbox 531 1503 2109 1578; baseline 0 -17"><span class='ocrx_word' id='word_1_139' title='bbox 531 1515 692 1578; x_wconf 91' lang='lat' dir='ltr'><strong>atque</strong></span> <span class='ocrx_word' id='word_1_140' title='bbox 722 1506 796 1561; x_wconf 86' lang='lat' dir='ltr'><strong>ita</strong></span> <span class='ocrx_word' id='word_1_141' title='bbox 824 1505 991 1562; x_wconf 90' lang='lat' dir='ltr'><strong>fuerit</strong></span> <span class='ocrx_word' id='word_1_142' title='bbox 1022 1505 1302 1577; x_wconf 90' lang='lat' dir='ltr'><strong>explorato</strong></span> <span class='ocrx_word' id='word_1_143' title='bbox 1324 1503 1519 1560; x_wconf 89' lang='lat' dir='ltr'><strong>mentis</strong></span> <span class='ocrx_word' id='word_1_144' title='bbox 1547 1504 1746 1560; x_wconf 92' lang='lat' dir='ltr'><strong>ardore</strong></span> <span class='ocrx_word' id='word_1_145' title='bbox 1776 1512 2060 1574; x_wconf 90' lang='lat' dir='ltr'><strong>susceptus</strong></span> <span class='ocrx_word' id='word_1_146' title='bbox 2094 1521 2109 1561; x_wconf 91' lang='lat'><strong>:</strong></span> 
     </span>
    </p>
   </div>
   <div class='ocr_carea' id='block_1_23' title="bbox 531 1597 2114 1671">
    <p class='ocr_par' dir='ltr' id='par_1_23' title="bbox 531 1597 2114 1671">
     <span class='ocr_line' id='line_1_23' title="bbox 531 1597 2114 1671; baseline 0.001 -16"><span class='ocrx_word' id='word_1_147' title='bbox 531 1598 809 1671; x_wconf 79' lang='lat' dir='ltr'><strong>diligentia</strong></span> <span class='ocrx_word' id='word_1_148' title='bbox 837 1614 1044 1656; x_wconf 88' lang='lat' dir='ltr'><strong>summa</strong></span> <span class='ocrx_word' id='word_1_149' title='bbox 1074 1598 1424 1671; x_wconf 88' lang='lat' dir='ltr'><strong>perquiritur,</strong></span> <span class='ocrx_word' id='word_1_150' title='bbox 1457 1613 1527 1654; x_wconf 91' lang='lat' dir='ltr'><strong>ne</strong></span> <span class='ocrx_word' id='word_1_151' title='bbox 1560 1597 1629 1654; x_wconf 91' lang='lat' dir='ltr'><strong>de</strong></span> <span class='ocrx_word' id='word_1_152' title='bbox 1667 1598 1905 1669; x_wconf 88' lang='lat' dir='ltr'><strong>pristinis</strong></span> <span class='ocrx_word' id='word_1_153' title='bbox 1945 1597 2114 1657; x_wconf 90' lang='lat' dir='ltr'><strong>facul-</strong></span> 
     </span>
    </p>
   </div>
   <div class='ocr_carea' id='block_1_24' title="bbox 532 1689 2106 1763">
    <p class='ocr_par' dir='ltr' id='par_1_24' title="bbox 532 1689 2106 1763">
     <span class='ocr_line' id='line_1_24' title="bbox 532 1689 2106 1763; baseline 0 -17"><span class='ocrx_word' id='word_1_154' title='bbox 532 1691 726 1747; x_wconf 85' lang='lat' dir='ltr'><strong>tatibus</strong></span> <span class='ocrx_word' id='word_1_155' title='bbox 754 1691 868 1747; x_wconf 86' lang='lat' dir='ltr'><strong>suis</strong></span> <span class='ocrx_word' id='word_1_156' title='bbox 896 1690 1177 1747; x_wconf 85' lang='lat' dir='ltr'><strong>inhaeserit</strong></span> <span class='ocrx_word' id='word_1_157' title='bbox 1202 1691 1253 1747; x_wconf 92' lang='lat' dir='ltr'><strong>ei</strong></span> <span class='ocrx_word' id='word_1_158' title='bbox 1286 1689 1373 1746; x_wconf 85' lang='lat' dir='ltr'><strong>vel</strong></span> <span class='ocrx_word' id='word_1_159' title='bbox 1403 1690 1562 1746; x_wconf 89' lang='lat' dir='ltr'><strong>unius</strong></span> <span class='ocrx_word' id='word_1_160' title='bbox 1588 1690 1796 1746; x_wconf 89' lang='lat' dir='ltr'><strong>nummi</strong></span> <span class='ocrx_word' id='word_1_161' title='bbox 1828 1692 2106 1763; x_wconf 88' lang='lat' dir='ltr'><strong>contagio.</strong></span> 
     </span>
    </p>
   </div>
   <div class='ocr_carea' id='block_1_25' title="bbox 2216 1242 2418 1291">
    <p class='ocr_par' dir='ltr' id='par_1_25' title="bbox 2216 1242 2418 1291">
     <span class='ocr_line' id='line_1_25' title="bbox 2216 1242 2418 1291; baseline -0.015 -1"><span class='ocrx_word' id='word_1_162' title='bbox 2216 1242 2394 1291; x_wconf 89' lang='lat' dir='ltr'><strong>turum</strong></span> <span class='ocrx_word' id='word_1_163' title='bbox 2404 1273 2418 1287; x_wconf 89' lang='lat'><strong>.</strong></span> 
     </span>
    </p>
   </div>
   <div class='ocr_carea' id='block_1_26' title="bbox 2820 1343 3178 1402">
    <p class='ocr_par' dir='ltr' id='par_1_26' title="bbox 2820 1343 3178 1402">
     <span class='ocr_line' id='line_1_26' title="bbox 2820 1343 3178 1402; baseline -0.006 -1"><span class='ocrx_word' id='word_1_164' title='bbox 2820 1343 3048 1402; x_wconf 81' lang='lat' dir='ltr'><strong>CAPUT</strong></span> <span class='ocrx_word' id='word_1_165' title='bbox 3085 1343 3178 1401; x_wconf 83' lang='lat' dir='ltr'><strong>IV.</strong></span> 
     </span>
    </p>
   </div>
   <div class='ocr_carea' id='block_1_27' title="bbox 2212 1480 3810 1560">
    <p class='ocr_par' dir='ltr' id='par_1_27' title="bbox 2212 1480 3810 1560">
     <span class='ocr_line' id='line_1_27' title="bbox 2212 1480 3810 1560; baseline -0.012 -15"><span class='ocrx_word' id='word_1_166' title='bbox 2212 1486 2318 1545; x_wconf 83' lang='lat' dir='ltr'><strong>Cur</strong></span> <span class='ocrx_word' id='word_1_167' title='bbox 2340 1486 2612 1560; x_wconf 68' lang='lat' dir='ltr'><strong>facultates</strong></span> <span class='ocrx_word' id='word_1_168' title='bbox 2662 1484 2796 1560; x_wconf 79' lang='lat' dir='ltr'><strong>ejus,</strong></span> <span class='ocrx_word' id='word_1_169' title='bbox 2833 1482 2926 1552; x_wconf 91' lang='lat' dir='ltr'><strong>qui</strong></span> <span class='ocrx_word' id='word_1_170' title='bbox 2969 1481 3599 1560; x_wconf 65' lang='lat' dir='ltr'><strong>coliegio__monaclt_ormn</strong></span> <span class='ocrx_word' id='word_1_171' title='bbox 3644 1480 3810 1539; x_wconf 60' lang='lat' dir='ltr'><strong>mn:</strong></span> 
     </span>
    </p>
   </div>
   <div class='ocr_carea' id='block_1_28' title="bbox 2390 1551 3609 1629">
    <p class='ocr_par' dir='ltr' id='par_1_28' title="bbox 2390 1551 3609 1629">
     <span class='ocr_line' id='line_1_28' title="bbox 2390 1551 3609 1629; baseline -0.003 -16"><span class='ocrx_word' id='word_1_172' title='bbox 2390 1558 2565 1629; x_wconf 42' lang='lat' dir='ltr'><strong>.bitur,</strong></span> <span class='ocrx_word' id='word_1_173' title='bbox 2596 1551 2766 1611; x_wconf 87' lang='lat' dir='ltr'><strong>nolint</strong></span> <span class='ocrx_word' id='word_1_174' title='bbox 2792 1551 3297 1609; x_wconf 59' lang='lat' dir='ltr'><strong>manasteriiiusibus</strong></span> <span class='ocrx_word' id='word_1_175' title='bbox 3325 1551 3609 1625; x_wconf 82' lang='lat' dir='ltr'><strong>applicari.</strong></span> 
     </span>
    </p>
   </div>
   <div class='ocr_carea' id='block_1_29' title="bbox 2282 1689 3812 1765">
    <p class='ocr_par' dir='ltr' id='par_1_29' title="bbox 2282 1689 3812 1765">
     <span class='ocr_line' id='line_1_29' title="bbox 2282 1689 3812 1765; baseline -0.003 -10"><span class='ocrx_word' id='word_1_176' title='bbox 2282 1699 2351 1756; x_wconf 88' lang='lat' dir='ltr'><strong>Et</strong></span> <span class='ocrx_word' id='word_1_177' title='bbox 2370 1697 2572 1755; x_wconf 91' lang='lat' dir='ltr'><strong>idcirco</strong></span> <span class='ocrx_word' id='word_1_178' title='bbox 2603 1706 2626 1737; x_wconf 75' lang='grc' dir='ltr'><strong>ο</strong></span> <span class='ocrx_word' id='word_1_179' title='bbox 2652 1710 2720 1753; x_wconf 89' lang='lat' dir='ltr'><strong>ne</strong></span> <span class='ocrx_word' id='word_1_180' title='bbox 2748 1693 2937 1753; x_wconf 90' lang='lat' dir='ltr'><strong>usibus</strong></span> <span class='ocrx_word' id='word_1_181' title='bbox 2963 1690 3185 1765; x_wconf 90' lang='lat' dir='ltr'><strong>quidem</strong></span> <span class='ocrx_word' id='word_1_182' title='bbox 3215 1689 3452 1749; x_wconf 86' lang='lat' dir='ltr'><strong>coenobii</strong></span> <span class='ocrx_word' id='word_1_183' title='bbox 3495 1690 3812 1764; x_wconf 83' lang='lat' dir='ltr'><strong>profuturas</strong></span> 
     </span>
    </p>
   </div>
   <div class='ocr_carea' id='block_1_30' title="bbox 1595 1809 2737 1872">
    <p class='ocr_par' dir='ltr' id='par_1_30' title="bbox 1595 1809 2737 1872">
     <span class='ocr_line' id='line_1_30' title="bbox 1595 1809 2737 1872; baseline 0.002 -6"><span class='ocrx_word' id='word_1_184' title='bbox 1595 1809 1853 1867; x_wconf 80' lang='lat' dir='ltr'><strong>ALARDI</strong></span> <span class='ocrx_word' id='word_1_185' title='bbox 1889 1810 2123 1871; x_wconf 65' lang='lat' dir='ltr'><strong>GAZEI</strong></span> <span class='ocrx_word' id='word_1_186' title='bbox 2159 1811 2737 1872; x_wconf 79' lang='lat' dir='ltr'><strong>COMMENTARIUS.</strong></span> 
     </span>
    </p>
   </div>
   <div class='ocr_carea' id='block_1_31' title="bbox 529 1901 3813 1977">
    <p class='ocr_par' dir='ltr' id='par_1_31' title="bbox 529 1901 3813 1977">
     <span class='ocr_line' id='line_1_31' title="bbox 529 1901 3813 1977; baseline 0 -15"><span class='ocrx_word' id='word_1_187' title='bbox 529 1901 748 1962; x_wconf 89' lang='lat' dir='ltr'><strong>Patrum</strong></span> <span class='ocrx_word' id='word_1_188' title='bbox 776 1912 833 1961; x_wconf 89' lang='lat' dir='ltr'><strong>et</strong></span> <span class='ocrx_word' id='word_1_189' title='bbox 860 1904 1130 1977; x_wconf 86' lang='lat' dir='ltr'><strong>communi</strong></span> <span class='ocrx_word' id='word_1_190' title='bbox 1158 1903 1500 1977; x_wconf 86' lang='lat' dir='ltr'><strong>observantia</strong></span> <span class='ocrx_word' id='word_1_191' title='bbox 1530 1903 1699 1960; x_wconf 90' lang='lat' dir='ltr'><strong>fuisse</strong></span> <span class='ocrx_word' id='word_1_192' title='bbox 1727 1904 1996 1962; x_wconf 88' lang='lat' dir='ltr'><strong>astrictos.</strong></span> <span class='ocrx_word' id='word_1_193' title='bbox 2028 1907 2105 1964; x_wconf 89' lang='lat' dir='ltr'><strong>De</strong></span> <span class='ocrx_word' id='word_1_194' title='bbox 2135 1912 2185 1974; x_wconf 86' lang='grc' dir='ltr'><strong>Β</strong></span> <span class='ocrx_word' id='word_1_195' title='bbox 2207 1912 2273 1964; x_wconf 88' lang='lat' dir='ltr'><strong>de</strong></span> <span class='ocrx_word' id='word_1_196' title='bbox 2301 1910 2529 1963; x_wconf 89' lang='lat' dir='ltr'><strong>claustro</strong></span> <span class='ocrx_word' id='word_1_197' title='bbox 2567 1906 2916 1963; x_wconf 87' lang='lat' dir='ltr'><strong>ventilaberis.</strong></span> <span class='ocrx_word' id='word_1_198' title='bbox 2949 1902 3203 1977; x_wconf 69' lang='lat' dir='ltr'><strong>Craterum</strong></span> <span class='ocrx_word' id='word_1_199' title='bbox 3246 1903 3437 1977; x_wconf 70' lang='lat' dir='ltr'><strong>videris</strong></span> <span class='ocrx_word' id='word_1_200' title='bbox 3463 1905 3712 1977; x_wconf 80' lang='lat' dir='ltr'><strong>impotem</strong></span> <span class='ocrx_word' id='word_1_201' title='bbox 3740 1905 3813 1962; x_wconf 78' lang='lat' dir='ltr'><strong>ad</strong></span> 
     </span>
    </p>
   </div>
   <div class='ocr_carea' id='block_1_32' title="bbox 529 1976 2105 2045">
    <p class='ocr_par' dir='ltr' id='par_1_32' title="bbox 529 1976 2105 2045">
     <span class='ocr_line' id='line_1_32' title="bbox 529 1976 2105 2045; baseline 0.001 -13"><span class='ocrx_word' id='word_1_202' title='bbox 529 1986 658 2032; x_wconf 86' lang='lat' dir='ltr'><strong>voto</strong></span> <span class='ocrx_word' id='word_1_203' title='bbox 684 1977 1014 2045; x_wconf 87' lang='lat' dir='ltr'><strong>paupertatis</strong></span> <span class='ocrx_word' id='word_1_204' title='bbox 1048 1976 1180 2031; x_wconf 90' lang='lat' dir='ltr'><strong>nihil</strong></span> <span class='ocrx_word' id='word_1_205' title='bbox 1212 1978 1524 2044; x_wconf 80' lang='lat' dir='ltr'><strong>expressius</strong></span> <span class='ocrx_word' id='word_1_206' title='bbox 1561 1983 1618 2030; x_wconf 88' lang='lat' dir='ltr'><strong>et.</strong></span> <span class='ocrx_word' id='word_1_207' title='bbox 1642 1977 1974 2033; x_wconf 90' lang='lat' dir='ltr'><strong>enucleatius</strong></span> <span class='ocrx_word' id='word_1_208' title='bbox 1995 1978 2105 2034; x_wconf 92' lang='lat' dir='ltr'><strong>dici</strong></span> 
     </span>
    </p>
   </div>
   <div class='ocr_carea' id='block_1_33' title="bbox 530 2047 2107 2117">
    <p class='ocr_par' dir='ltr' id='par_1_33' title="bbox 530 2047 2107 2117">
     <span class='ocr_line' id='line_1_33' title="bbox 530 2047 2107 2117; baseline 0.001 -15"><span class='ocrx_word' id='word_1_209' title='bbox 530 2047 701 2117; x_wconf 90' lang='lat' dir='ltr'><strong>potuit</strong></span> <span class='ocrx_word' id='word_1_210' title='bbox 725 2062 882 2116; x_wconf 88' lang='lat' dir='ltr'><strong>quam</strong></span> <span class='ocrx_word' id='word_1_211' title='bbox 913 2048 1056 2117; x_wconf 92' lang='lat' dir='ltr'><strong>quod</strong></span> <span class='ocrx_word' id='word_1_212' title='bbox 1088 2049 1228 2102; x_wconf 87' lang='lat' dir='ltr'><strong>inter</strong></span> <span class='ocrx_word' id='word_1_213' title='bbox 1256 2050 1359 2100; x_wconf 89' lang='lat' dir='ltr'><strong>alia</strong></span> <span class='ocrx_word' id='word_1_214' title='bbox 1401 2048 1629 2102; x_wconf 87' lang='lat' dir='ltr'><strong>habetur</strong></span> <span class='ocrx_word' id='word_1_215' title='bbox 1655 2060 1777 2116; x_wconf 84' lang='lat' dir='ltr'><strong>cap.</strong></span> <span class='ocrx_word' id='word_1_216' title='bbox 1817 2049 1915 2114; x_wconf 82' lang='lat'><strong>56,</strong></span> <span class='ocrx_word' id='word_1_217' title='bbox 1966 2059 2024 2104; x_wconf 89' lang='lat' dir='ltr'><strong>ut</strong></span> <span class='ocrx_word' id='word_1_218' title='bbox 2052 2050 2107 2104; x_wconf 89' lang='lat' dir='ltr'><strong>in</strong></span> 
     </span>
    </p>
   </div>
   <div class='ocr_carea' id='block_1_34' title="bbox 530 2116 2106 2191">
    <p class='ocr_par' dir='ltr' id='par_1_34' title="bbox 530 2116 2106 2191">
     <span class='ocr_line' id='line_1_34' title="bbox 530 2116 2106 2191; baseline 0.003 -20"><span class='ocrx_word' id='word_1_219' title='bbox 530 2116 629 2191; x_wconf 69' lang='lat' dir='ltr'><strong>liae</strong></span> <span class='ocrx_word' id='word_1_220' title='bbox 656 2120 906 2191; x_wconf 84' lang='lat' dir='ltr'><strong>nuditate,</strong></span> <span class='ocrx_word' id='word_1_221' title='bbox 927 2116 1102 2191; x_wconf 68' lang='lat' dir='ltr'><strong>quam</strong></span> <span class='ocrx_word' id='word_1_222' title='bbox 1140 2134 1317 2173; x_wconf 90' lang='lat' dir='ltr'><strong>coram</strong></span> <span class='ocrx_word' id='word_1_223' title='bbox 1360 2116 1470 2191; x_wconf 78' lang='lat' dir='ltr'><strong>Deo</strong></span> <span class='ocrx_word' id='word_1_224' title='bbox 1512 2126 1560 2191; x_wconf 88' lang='lat' dir='ltr'><strong>e_t</strong></span> <span class='ocrx_word' id='word_1_225' title='bbox 1602 2118 1801 2190; x_wconf 81' lang='lat' dir='ltr'><strong>angelis</strong></span> <span class='ocrx_word' id='word_1_226' title='bbox 1829 2122 1942 2191; x_wconf 89' lang='lat' dir='ltr'><strong>ejus</strong></span> <span class='ocrx_word' id='word_1_227' title='bbox 1982 2137 2106 2189; x_wconf 88' lang='lat' dir='ltr'><strong>pro-</strong></span> 
     </span>
    </p>
   </div>
   <div class='ocr_carea' id='block_1_35' title="bbox 531 2188 2104 2260">
    <p class='ocr_par' dir='ltr' id='par_1_35' title="bbox 531 2188 2104 2260">
     <span class='ocr_line' id='line_1_35' title="bbox 531 2188 2104 2260; baseline 0.001 -16"><span class='ocrx_word' id='word_1_228' title='bbox 531 2188 697 2258; x_wconf 84' lang='lat' dir='ltr'><strong>fessus</strong></span> <span class='ocrx_word' id='word_1_229' title='bbox 718 2204 790 2253; x_wconf 88' lang='lat' dir='ltr'><strong>es,</strong></span> <span class='ocrx_word' id='word_1_230' title='bbox 813 2190 881 2242; x_wconf 88' lang='lat' dir='ltr'><strong>ad</strong></span> <span class='ocrx_word' id='word_1_231' title='bbox 902 2189 1057 2260; x_wconf 82' lang='lat' dir='ltr'><strong>ﬁnem</strong></span> <span class='ocrx_word' id='word_1_232' title='bbox 1070 2205 1228 2260; x_wconf 88' lang='lat' dir='ltr'><strong>usque</strong></span> <span class='ocrx_word' id='word_1_233' title='bbox 1246 2188 1688 2256; x_wconf 79' lang='lat' dir='ltr'><strong>perdures.Quani</strong></span> <span class='ocrx_word' id='word_1_234' title='bbox 1711 2188 2104 2259; x_wconf 78' lang='lat' dir='ltr'><strong>paupertatem,</strong></span> 
     </span>
    </p>
   </div>
   <div class='ocr_carea' id='block_1_36' title="bbox 531 2259 2107 2325">
    <p class='ocr_par' dir='ltr' id='par_1_36' title="bbox 531 2259 2107 2325">
     <span class='ocr_line' id='line_1_36' title="bbox 531 2259 2107 2325; baseline 0.002 -10"><span class='ocrx_word' id='word_1_235' title='bbox 531 2261 645 2315; x_wconf 86' lang='lat' dir='ltr'><strong>sive</strong></span> <span class='ocrx_word' id='word_1_236' title='bbox 668 2260 986 2325; x_wconf 86' lang='lat' dir='ltr'><strong>nuditatem,</strong></span> <span class='ocrx_word' id='word_1_237' title='bbox 1011 2259 1169 2316; x_wconf 84' lang='lat' dir='ltr'><strong>docet</strong></span> <span class='ocrx_word' id='word_1_238' title='bbox 1197 2260 1265 2314; x_wconf 87' lang='lat' dir='ltr'><strong>ab</strong></span> <span class='ocrx_word' id='word_1_239' title='bbox 1293 2260 1404 2314; x_wconf 89' lang='lat' dir='ltr'><strong>illis</strong></span> <span class='ocrx_word' id='word_1_240' title='bbox 1427 2261 1772 2317; x_wconf 87' lang='lat' dir='ltr'><strong>strictissime</strong></span> <span class='ocrx_word' id='word_1_241' title='bbox 1800 2263 1966 2317; x_wconf 83' lang='lat' dir='ltr'><strong>tuisse</strong></span> <span class='ocrx_word' id='word_1_242' title='bbox 1991 2276 2107 2318; x_wconf 89' lang='lat' dir='ltr'><strong>ser-</strong></span> 
     </span>
    </p>
   </div>
   <div class='ocr_carea' id='block_1_37' title="bbox 530 2330 2109 2401">
    <p class='ocr_par' dir='ltr' id='par_1_37' title="bbox 530 2330 2109 2401">
     <span class='ocr_line' id='line_1_37' title="bbox 530 2330 2109 2401; baseline 0.001 -16"><span class='ocrx_word' id='word_1_243' title='bbox 530 2341 732 2396; x_wconf 89' lang='lat' dir='ltr'><strong>vatam,</strong></span> <span class='ocrx_word' id='word_1_244' title='bbox 761 2345 881 2401; x_wconf 88' lang='lat' dir='ltr'><strong>cap.</strong></span> <span class='ocrx_word' id='word_1_245' title='bbox 905 2331 940 2387; x_wconf 69' lang='lat'><strong>5</strong></span> <span class='ocrx_word' id='word_1_246' title='bbox 959 2341 1013 2387; x_wconf 90' lang='lat' dir='ltr'><strong>et</strong></span> <span class='ocrx_word' id='word_1_247' title='bbox 1036 2330 1407 2400; x_wconf 86' lang='lat' dir='ltr'><strong>sequentibus.</strong></span> <span class='ocrx_word' id='word_1_248' title='bbox 1435 2331 1509 2385; x_wconf 91' lang='lat' dir='ltr'><strong>De</strong></span> <span class='ocrx_word' id='word_1_249' title='bbox 1527 2340 1656 2386; x_wconf 89' lang='lat' dir='ltr'><strong>voto</strong></span> <span class='ocrx_word' id='word_1_250' title='bbox 1680 2332 2027 2388; x_wconf 62' lang='lat' dir='ltr'><strong>continentiae</strong></span> <span class='ocrx_word' id='word_1_251' title='bbox 2053 2342 2109 2390; x_wconf 88' lang='lat' dir='ltr'><strong>et</strong></span> 
     </span>
    </p>
   </div>
   <div class='ocr_carea' id='block_1_38' title="bbox 529 2401 2107 2465">
    <p class='ocr_par' dir='ltr' id='par_1_38' title="bbox 529 2401 2107 2465">
     <span class='ocr_line' id='line_1_38' title="bbox 529 2401 2107 2465; baseline 0.001 -7"><span class='ocrx_word' id='word_1_252' title='bbox 529 2401 828 2465; x_wconf 87' lang='lat' dir='ltr'><strong>castitatis,</strong></span> <span class='ocrx_word' id='word_1_253' title='bbox 871 2416 980 2456; x_wconf 90' lang='lat' dir='ltr'><strong>non</strong></span> <span class='ocrx_word' id='word_1_254' title='bbox 1020 2402 1308 2457; x_wconf 87' lang='lat' dir='ltr'><strong>obscurum</strong></span> <span class='ocrx_word' id='word_1_255' title='bbox 1343 2401 1567 2457; x_wconf 81' lang='lat' dir='ltr'><strong>exhibet</strong></span> <span class='ocrx_word' id='word_1_256' title='bbox 1600 2403 1966 2457; x_wconf 87' lang='lat' dir='ltr'><strong>testimonium</strong></span> <span class='ocrx_word' id='word_1_257' title='bbox 1992 2413 2107 2459; x_wconf 91' lang='lat' dir='ltr'><strong>tum</strong></span> 
     </span>
    </p>
   </div>
   <div class='ocr_carea' id='block_1_39' title="bbox 530 2473 2102 2541">
    <p class='ocr_par' dir='ltr' id='par_1_39' title="bbox 530 2473 2102 2541">
     <span class='ocr_line' id='line_1_39' title="bbox 530 2473 2102 2541; baseline 0 -12"><span class='ocrx_word' id='word_1_258' title='bbox 530 2473 584 2529; x_wconf 92' lang='lat' dir='ltr'><strong>in</strong></span> <span class='ocrx_word' id='word_1_259' title='bbox 624 2473 711 2528; x_wconf 90' lang='lat' dir='ltr'><strong>illa</strong></span> <span class='ocrx_word' id='word_1_260' title='bbox 756 2473 1045 2529; x_wconf 79' lang='lat' dir='ltr'><strong>collatione</strong></span> <span class='ocrx_word' id='word_1_261' title='bbox 1088 2473 1338 2528; x_wconf 88' lang='lat' dir='ltr'><strong>monachi</strong></span> <span class='ocrx_word' id='word_1_262' title='bbox 1376 2482 1431 2528; x_wconf 89' lang='lat' dir='ltr'><strong>et</strong></span> <span class='ocrx_word' id='word_1_263' title='bbox 1479 2473 1712 2527; x_wconf 86' lang='lat' dir='ltr'><strong>hominis</strong></span> <span class='ocrx_word' id='word_1_264' title='bbox 1759 2474 1904 2528; x_wconf 91' lang='lat' dir='ltr'><strong>cruci</strong></span> <span class='ocrx_word' id='word_1_265' title='bbox 1937 2473 2102 2541; x_wconf 81' lang='lat' dir='ltr'><strong>afﬁxi,</strong></span> 
     </span>
    </p>
   </div>
   <div class='ocr_carea' id='block_1_40' title="bbox 528 2543 2108 2611">
    <p class='ocr_par' dir='ltr' id='par_1_40' title="bbox 528 2543 2108 2611">
     <span class='ocr_line' id='line_1_40' title="bbox 528 2543 2108 2611; baseline 0.001 -12"><span class='ocrx_word' id='word_1_266' title='bbox 528 2544 713 2600; x_wconf 90' lang='lat' dir='ltr'><strong>dicens</strong></span> <span class='ocrx_word' id='word_1_267' title='bbox 758 2544 1033 2600; x_wconf 84' lang='lat' dir='ltr'><strong>monac/tos</strong></span> <span class='ocrx_word' id='word_1_268' title='bbox 1061 2544 1243 2598; x_wconf 83' lang='lat' dir='ltr'><strong>timore</strong></span> <span class='ocrx_word' id='word_1_269' title='bbox 1283 2543 1376 2597; x_wconf 86' lang='lat' dir='ltr'><strong>Dei</strong></span> <span class='ocrx_word' id='word_1_270' title='bbox 1415 2544 1565 2611; x_wconf 89' lang='lat' dir='ltr'><strong>quasi</strong></span> <span class='ocrx_word' id='word_1_271' title='bbox 1593 2543 1898 2608; x_wconf 79' lang='lat' dir='ltr'><strong>quibusdam</strong></span> <span class='ocrx_word' id='word_1_272' title='bbox 1950 2545 2108 2600; x_wconf 82' lang='lat' dir='ltr'><strong>clavis</strong></span> 
     </span>
    </p>
   </div>
   <div class='ocr_carea' id='block_1_41' title="bbox 530 2614 2108 2684">
    <p class='ocr_par' dir='ltr' id='par_1_41' title="bbox 530 2614 2108 2684">
     <span class='ocr_line' id='line_1_41' title="bbox 530 2614 2108 2684; baseline 0.001 -15"><span class='ocrx_word' id='word_1_273' title='bbox 530 2615 827 2684; x_wconf 66' lang='lat' dir='ltr'><strong>cruci/imos,</strong></span> <span class='ocrx_word' id='word_1_274' title='bbox 850 2625 1085 2684; x_wconf 87' lang='lat' dir='ltr'><strong>oportere</strong></span> <span class='ocrx_word' id='word_1_275' title='bbox 1110 2630 1211 2668; x_wconf 88' lang='lat' dir='ltr'><strong>non</strong></span> <span class='ocrx_word' id='word_1_276' title='bbox 1230 2615 1400 2667; x_wconf 88' lang='lat' dir='ltr'><strong>solum</strong></span> <span class='ocrx_word' id='word_1_277' title='bbox 1428 2614 1727 2667; x_wconf 81' lang='lat' dir='ltr'><strong>carnalibus</strong></span> <span class='ocrx_word' id='word_1_278' title='bbox 1750 2615 1909 2682; x_wconf 89' lang='lat' dir='ltr'><strong>vitiis,</strong></span> <span class='ocrx_word' id='word_1_279' title='bbox 1932 2630 2108 2671; x_wconf 88' lang='lat' dir='ltr'><strong>verum</strong></span> 
     </span>
    </p>
   </div>
   <div class='ocr_carea' id='block_1_42' title="bbox 531 2683 2103 2756">
    <p class='ocr_par' dir='ltr' id='par_1_42' title="bbox 531 2683 2103 2756">
     <span class='ocr_line' id='line_1_42' title="bbox 531 2683 2103 2756; baseline 0.003 -18"><span class='ocrx_word' id='word_1_280' title='bbox 531 2688 686 2756; x_wconf 83' lang='lat' dir='ltr'><strong>etiam</strong></span> <span class='ocrx_word' id='word_1_281' title='bbox 723 2687 845 2755; x_wconf 80' lang='lat' dir='ltr'><strong>ipsis</strong></span> <span class='ocrx_word' id='word_1_282' title='bbox 875 2686 1134 2739; x_wconf 87' lang='lat' dir='ltr'><strong>elementis</strong></span> <span class='ocrx_word' id='word_1_283' title='bbox 1162 2683 1537 2756; x_wconf 81' lang='lat' dir='ltr'><strong>quodammodo</strong></span> <span class='ocrx_word' id='word_1_284' title='bbox 1566 2695 1794 2756; x_wconf 80' lang='lat' dir='ltr'><strong>mortuos</strong></span> <span class='ocrx_word' id='word_1_285' title='bbox 1816 2701 1926 2740; x_wconf 87' lang='lat' dir='ltr'><strong>esse</strong></span> <span class='ocrx_word' id='word_1_286' title='bbox 1949 2684 2103 2756; x_wconf 86' lang='lat' dir='ltr'><strong>(Cap.</strong></span> 
     </span>
    </p>
   </div>
   <div class='ocr_carea' id='block_1_43' title="bbox 530 2754 2107 2825">
    <p class='ocr_par' dir='ltr' id='par_1_43' title="bbox 530 2754 2107 2825">
     <span class='ocr_line' id='line_1_43' title="bbox 530 2754 2107 2825; baseline 0 -13"><span class='ocrx_word' id='word_1_287' title='bbox 530 2754 601 2812; x_wconf 72' lang='lat' dir='ltr'><strong>Bt</strong></span> <span class='ocrx_word' id='word_1_288' title='bbox 621 2766 668 2809; x_wconf 89' lang='lat' dir='ltr'><strong>et</strong></span> <span class='ocrx_word' id='word_1_289' title='bbox 692 2757 809 2823; x_wconf 79' lang='lat'><strong>35),</strong></span> <span class='ocrx_word' id='word_1_290' title='bbox 835 2763 963 2819; x_wconf 90' lang='lat' dir='ltr'><strong>etc.;</strong></span> <span class='ocrx_word' id='word_1_291' title='bbox 985 2764 1095 2809; x_wconf 90' lang='lat' dir='ltr'><strong>tum</strong></span> <span class='ocrx_word' id='word_1_292' title='bbox 1123 2755 1175 2809; x_wconf 92' lang='lat' dir='ltr'><strong>in</strong></span> <span class='ocrx_word' id='word_1_293' title='bbox 1204 2771 1270 2810; x_wconf 93' lang='lat' dir='ltr'><strong>eo</strong></span> <span class='ocrx_word' id='word_1_294' title='bbox 1295 2755 1437 2824; x_wconf 92' lang='lat' dir='ltr'><strong>quod</strong></span> <span class='ocrx_word' id='word_1_295' title='bbox 1466 2754 1878 2825; x_wconf 75' lang='lat' dir='ltr'><strong>diligentissime</strong></span> <span class='ocrx_word' id='word_1_296' title='bbox 1903 2754 1972 2812; x_wconf 86' lang='lat' dir='ltr'><strong>ab</strong></span> <span class='ocrx_word' id='word_1_297' title='bbox 1997 2758 2107 2812; x_wconf 90' lang='lat' dir='ltr'><strong>illis</strong></span> 
     </span>
    </p>
   </div>
   <div class='ocr_carea' id='block_1_44' title="bbox 532 2826 2106 2898">
    <p class='ocr_par' dir='ltr' id='par_1_44' title="bbox 532 2826 2106 2898">
     <span class='ocr_line' id='line_1_44' title="bbox 532 2826 2106 2898; baseline 0.002 -18"><span class='ocrx_word' id='word_1_298' title='bbox 532 2826 882 2881; x_wconf 81' lang='lat' dir='ltr'><strong>observatum</strong></span> <span class='ocrx_word' id='word_1_299' title='bbox 904 2826 1112 2891; x_wconf 88' lang='lat' dir='ltr'><strong>scribit,</strong></span> <span class='ocrx_word' id='word_1_300' title='bbox 1140 2836 1196 2880; x_wconf 91' lang='lat' dir='ltr'><strong>ut</strong></span> <span class='ocrx_word' id='word_1_301' title='bbox 1215 2826 1452 2898; x_wconf 82' lang='lat' dir='ltr'><strong>juniores</strong></span> <span class='ocrx_word' id='word_1_302' title='bbox 1475 2827 1908 2898; x_wconf 75' lang='lat' dir='ltr'><strong>prtzsertimsuas</strong></span> <span class='ocrx_word' id='word_1_303' title='bbox 1932 2843 2106 2883; x_wconf 89' lang='lat' dir='ltr'><strong>omnes</strong></span> 
     </span>
    </p>
   </div>
   <div class='ocr_carea' id='block_1_45' title="bbox 531 2893 2108 2969">
    <p class='ocr_par' dir='ltr' id='par_1_45' title="bbox 531 2893 2108 2969">
     <span class='ocr_line' id='line_1_45' title="bbox 531 2893 2108 2969; baseline 0 -17"><span class='ocrx_word' id='word_1_304' title='bbox 531 2898 899 2969; x_wconf 81' lang='lat' dir='ltr'><strong>cogitationes,</strong></span> <span class='ocrx_word' id='word_1_305' title='bbox 945 2898 1097 2969; x_wconf 86' lang='lat' dir='ltr'><strong>etiam</strong></span> <span class='ocrx_word' id='word_1_306' title='bbox 1136 2893 1551 2969; x_wconf 64' lang='lat' dir='ltr'><strong>occultissimas,</strong></span> <span class='ocrx_word' id='word_1_307' title='bbox 1592 2906 1638 2951; x_wconf 92' lang='lat' dir='ltr'><strong>et</strong></span> <span class='ocrx_word' id='word_1_308' title='bbox 1668 2893 1952 2952; x_wconf 82' lang='lat' dir='ltr'><strong>diabolicas</strong></span> <span class='ocrx_word' id='word_1_309' title='bbox 1982 2915 2108 2969; x_wconf 77' lang='lat' dir='ltr'><strong>sug-</strong></span> 
     </span>
    </p>
   </div>
   <div class='ocr_carea' id='block_1_46' title="bbox 533 2967 2103 3041">
    <p class='ocr_par' dir='ltr' id='par_1_46' title="bbox 533 2967 2103 3041">
     <span class='ocr_line' id='line_1_46' title="bbox 533 2967 2103 3041; baseline 0.001 -18"><span class='ocrx_word' id='word_1_310' title='bbox 533 2967 819 3041; x_wconf 58' lang='lat' dir='ltr'><strong>gestiones,</strong></span> <span class='ocrx_word' id='word_1_311' title='bbox 831 2985 922 3041; x_wconf 88' lang='lat' dir='ltr'><strong>seu</strong></span> <span class='ocrx_word' id='word_1_312' title='bbox 944 2968 1308 3041; x_wconf 70' lang='lat' dir='ltr'><strong>ignitajacula</strong></span> <span class='ocrx_word' id='word_1_313' title='bbox 1337 2967 1917 3041; x_wconf 38' lang='lat' dir='ltr'><strong>sanioriupatefacerent.</strong></span> <span class='ocrx_word' id='word_1_314' title='bbox 1949 2967 2103 3041; x_wconf 77' lang='lat' dir='ltr'><strong>(Cap.</strong></span> 
     </span>
    </p>
   </div>
   <div class='ocr_carea' id='block_1_47' title="bbox 534 3036 2104 3111">
    <p class='ocr_par' dir='ltr' id='par_1_47' title="bbox 534 3036 2104 3111">
     <span class='ocr_line' id='line_1_47' title="bbox 534 3036 2104 3111; baseline 0.003 -20"><span class='ocrx_word' id='word_1_315' title='bbox 534 3036 571 3111; x_wconf 74' lang='lat'><strong>8</strong></span> <span class='ocrx_word' id='word_1_316' title='bbox 592 3048 645 3111; x_wconf 87' lang='lat' dir='ltr'><strong>et</strong></span> <span class='ocrx_word' id='word_1_317' title='bbox 674 3039 753 3111; x_wconf 72' lang='lat'><strong>9.)</strong></span> <span class='ocrx_word' id='word_1_318' title='bbox 779 3039 913 3111; x_wconf 85' lang='lat' dir='ltr'><strong>Hinc</strong></span> <span class='ocrx_word' id='word_1_319' title='bbox 944 3036 1004 3092; x_wconf 90' lang='lat' dir='ltr'><strong>D.</strong></span> <span class='ocrx_word' id='word_1_320' title='bbox 1034 3036 1260 3093; x_wconf 77' lang='lat' dir='ltr'><strong>Basilius</strong></span> <span class='ocrx_word' id='word_1_321' title='bbox 1286 3038 1346 3111; x_wconf 92' lang='lat' dir='ltr'><strong>in_</strong></span> <span class='ocrx_word' id='word_1_322' title='bbox 1368 3036 1587 3111; x_wconf 79' lang='lat' dir='ltr'><strong>Regulis</strong></span> <span class='ocrx_word' id='word_1_323' title='bbox 1612 3036 1716 3094; x_wconf 83' lang='lat' dir='ltr'><strong>fus.</strong></span> <span class='ocrx_word' id='word_1_324' title='bbox 1745 3036 2104 3111; x_wconf 56' lang='lat' dir='ltr'><strong>disput.&#39;cap.</strong></span> 
     </span>
    </p>
   </div>
   <div class='ocr_carea' id='block_1_48' title="bbox 531 3108 2105 3180">
    <p class='ocr_par' dir='ltr' id='par_1_48' title="bbox 531 3108 2105 3180">
     <span class='ocr_line' id='line_1_48' title="bbox 531 3108 2105 3180; baseline 0 -14"><span class='ocrx_word' id='word_1_325' title='bbox 531 3110 602 3166; x_wconf 78' lang='grc'><strong>15</strong></span> <span class='ocrx_word' id='word_1_326' title='bbox 631 3110 777 3164; x_wconf 90' lang='lat' dir='ltr'><strong>serio</strong></span> <span class='ocrx_word' id='word_1_327' title='bbox 823 3110 1080 3180; x_wconf 87' lang='lat' dir='ltr'><strong>admonet</strong></span> <span class='ocrx_word' id='word_1_328' title='bbox 1122 3123 1217 3165; x_wconf 88' lang='lat' dir='ltr'><strong>eos</strong></span> <span class='ocrx_word' id='word_1_329' title='bbox 1259 3108 1351 3180; x_wconf 90' lang='lat' dir='ltr'><strong>qui</strong></span> <span class='ocrx_word' id='word_1_330' title='bbox 1385 3109 1546 3163; x_wconf 88' lang='lat' dir='ltr'><strong>vitam</strong></span> <span class='ocrx_word' id='word_1_331' title='bbox 1589 3108 1944 3164; x_wconf 87' lang='lat' dir='ltr'><strong>monasticam</strong></span> <span class='ocrx_word' id='word_1_332' title='bbox 1983 3108 2105 3166; x_wconf 75' lang='lat' dir='ltr'><strong>cuin</strong></span> 
     </span>
    </p>
   </div>
   <div class='ocr_carea' id='block_1_49' title="bbox 533 3178 2108 3251">
    <p class='ocr_par' dir='ltr' id='par_1_49' title="bbox 533 3178 2108 3251">
     <span class='ocr_line' id='line_1_49' title="bbox 533 3178 2108 3251; baseline 0.002 -17"><span class='ocrx_word' id='word_1_333' title='bbox 533 3180 856 3251; x_wconf 85' lang='lat' dir='ltr'><strong>virginitatis</strong></span> <span class='ocrx_word' id='word_1_334' title='bbox 887 3178 1218 3251; x_wconf 80' lang='lat' dir='ltr'><strong>professione</strong></span> <span class='ocrx_word' id='word_1_335' title='bbox 1243 3178 1521 3249; x_wconf 83' lang='lat' dir='ltr'><strong>suscipere</strong></span> <span class='ocrx_word' id='word_1_336' title='bbox 1562 3180 1750 3234; x_wconf 89' lang='lat' dir='ltr'><strong>nolunt</strong></span> <span class='ocrx_word' id='word_1_337' title='bbox 1777 3181 2000 3237; x_wconf 92' lang='lat' dir='ltr'><strong>omnino</strong></span> <span class='ocrx_word' id='word_1_338' title='bbox 2023 3180 2108 3237; x_wconf 92' lang='lat' dir='ltr'><strong>di-</strong></span> 
     </span>
    </p>
   </div>
   <div class='ocr_carea' id='block_1_50' title="bbox 533 3249 2103 3321">
    <p class='ocr_par' dir='ltr' id='par_1_50' title="bbox 533 3249 2103 3321">
     <span class='ocr_line' id='line_1_50' title="bbox 533 3249 2103 3321; baseline 0.001 -15"><span class='ocrx_word' id='word_1_339' title='bbox 533 3249 827 3321; x_wconf 80' lang='lat' dir='ltr'><strong>mittendos</strong></span> <span class='ocrx_word' id='word_1_340' title='bbox 872 3266 1017 3307; x_wconf 88' lang='lat' dir='ltr'><strong>esse.</strong></span> <span class='ocrx_word' id='word_1_341' title='bbox 1066 3250 1137 3306; x_wconf 87' lang='lat' dir='ltr'><strong>Et</strong></span> <span class='ocrx_word' id='word_1_342' title='bbox 1185 3249 1245 3305; x_wconf 91' lang='lat' dir='ltr'><strong>in</strong></span> <span class='ocrx_word' id='word_1_343' title='bbox 1294 3252 1557 3321; x_wconf 71' lang='lat' dir='ltr'><strong>prooemio</strong></span> <span class='ocrx_word' id='word_1_344' title='bbox 1581 3251 1802 3307; x_wconf 91' lang='lat' dir='ltr'><strong>constit.</strong></span> <span class='ocrx_word' id='word_1_345' title='bbox 1835 3263 2103 3309; x_wconf 83' lang='lat' dir='ltr'><strong>monast.:</strong></span> 
     </span>
    </p>
   </div>
   <div class='ocr_carea' id='block_1_51' title="bbox 533 3319 2107 3395">
    <p class='ocr_par' dir='ltr' id='par_1_51' title="bbox 533 3319 2107 3395">
     <span class='ocr_line' id='line_1_51' title="bbox 533 3319 2107 3395; baseline 0.003 -20"><span class='ocrx_word' id='word_1_346' title='bbox 533 3319 747 3393; x_wconf 86' lang='lat' dir='ltr'><strong>Itaque,</strong></span> <span class='ocrx_word' id='word_1_347' title='bbox 775 3322 982 3395; x_wconf 89' lang='lat' dir='ltr'><strong>inquit,</strong></span> <span class='ocrx_word' id='word_1_348' title='bbox 1007 3322 1098 3392; x_wconf 90' lang='lat' dir='ltr'><strong>qui</strong></span> <span class='ocrx_word' id='word_1_349' title='bbox 1123 3338 1156 3376; x_wconf 89' lang='lat' dir='ltr'><strong>a</strong></span> <span class='ocrx_word' id='word_1_350' title='bbox 1174 3319 1355 3395; x_wconf 82' lang='lat' dir='ltr'><strong>mundi</strong></span> <span class='ocrx_word' id='word_1_351' title='bbox 1382 3322 1598 3395; x_wconf 82' lang='lat' dir='ltr'><strong>vinculis</strong></span> <span class='ocrx_word' id='word_1_352' title='bbox 1629 3321 1759 3395; x_wconf 82' lang='lat' dir='ltr'><strong>liber</strong></span> <span class='ocrx_word' id='word_1_353' title='bbox 1788 3339 1897 3378; x_wconf 88' lang='lat' dir='ltr'><strong>esse</strong></span> <span class='ocrx_word' id='word_1_354' title='bbox 1931 3325 2107 3395; x_wconf 88' lang='lat' dir='ltr'><strong>cupit,</strong></span> 
     </span>
    </p>
   </div>
   <div class='ocr_carea' id='block_1_52' title="bbox 533 3391 2113 3466">
    <p class='ocr_par' dir='ltr' id='par_1_52' title="bbox 533 3391 2113 3466">
     <span class='ocr_line' id='line_1_52' title="bbox 533 3391 2113 3466; baseline 0.002 -19"><span class='ocrx_word' id='word_1_355' title='bbox 533 3391 745 3466; x_wconf 78' lang='lat' dir='ltr'><strong>nuptias</strong></span> <span class='ocrx_word' id='word_1_356' title='bbox 768 3394 905 3447; x_wconf 86' lang='lat' dir='ltr'><strong>velut</strong></span> <span class='ocrx_word' id='word_1_357' title='bbox 915 3391 1130 3466; x_wconf 80' lang='lat' dir='ltr'><strong>pedicas</strong></span> <span class='ocrx_word' id='word_1_358' title='bbox 1149 3391 1402 3462; x_wconf 87' lang='lat' dir='ltr'><strong>quasdam</strong></span> <span class='ocrx_word' id='word_1_359' title='bbox 1422 3393 1556 3466; x_wconf 89' lang='lat' dir='ltr'><strong>fugit</strong></span> <span class='ocrx_word' id='word_1_360' title='bbox 1580 3409 1599 3443; x_wconf 92' lang='lat'><strong><em>:</em></strong></span> <span class='ocrx_word' id='word_1_361' title='bbox 1618 3393 1702 3447; x_wconf 89' lang='lat' dir='ltr'><strong>Itis</strong></span> <span class='ocrx_word' id='word_1_362' title='bbox 1728 3401 1899 3466; x_wconf 81' lang='lat' dir='ltr'><strong>autem</strong></span> <span class='ocrx_word' id='word_1_363' title='bbox 1920 3391 2113 3451; x_wconf 78' lang='lat' dir='ltr'><strong>relictis</strong></span> 
     </span>
    </p>
   </div>
   <div class='ocr_carea' id='block_1_53' title="bbox 534 3464 2112 3537">
    <p class='ocr_par' dir='ltr' id='par_1_53' title="bbox 534 3464 2112 3537">
     <span class='ocr_line' id='line_1_53' title="bbox 534 3464 2112 3537; baseline 0.003 -20"><span class='ocrx_word' id='word_1_364' title='bbox 534 3464 692 3517; x_wconf 87' lang='lat' dir='ltr'><strong>vitam</strong></span> <span class='ocrx_word' id='word_1_365' title='bbox 724 3480 872 3537; x_wconf 84' lang='lat' dir='ltr'><strong>suam</strong></span> <span class='ocrx_word' id='word_1_366' title='bbox 903 3464 1014 3537; x_wconf 86' lang='lat' dir='ltr'><strong>Deo</strong></span> <span class='ocrx_word' id='word_1_367' title='bbox 1038 3473 1318 3537; x_wconf 82' lang='lat' dir='ltr'><strong>consecrat,</strong></span> <span class='ocrx_word' id='word_1_368' title='bbox 1343 3472 1392 3519; x_wconf 83' lang='lat' dir='ltr'><strong>et</strong></span> <span class='ocrx_word' id='word_1_369' title='bbox 1419 3464 2024 3537; x_wconf 53' lang='lat' dir='ltr'><strong>casttheanroﬁtetur,</strong></span> <span class='ocrx_word' id='word_1_370' title='bbox 2055 3474 2112 3521; x_wconf 90' lang='lat' dir='ltr'><strong>ut</strong></span> 
     </span>
    </p>
   </div>
   <div class='ocr_carea' id='block_1_54' title="bbox 535 3534 2111 3606">
    <p class='ocr_par' dir='ltr' id='par_1_54' title="bbox 535 3534 2111 3606">
     <span class='ocr_line' id='line_1_54' title="bbox 535 3534 2111 3606; baseline 0.003 -19"><span class='ocrx_word' id='word_1_371' title='bbox 535 3548 693 3606; x_wconf 81' lang='lat' dir='ltr'><strong>neque</strong></span> <span class='ocrx_word' id='word_1_372' title='bbox 717 3534 945 3604; x_wconf 80' lang='lat' dir='ltr'><strong>facultas</strong></span> <span class='ocrx_word' id='word_1_373' title='bbox 977 3536 1079 3606; x_wconf 84' lang='lat' dir='ltr'><strong>ipsi</strong></span> <span class='ocrx_word' id='word_1_374' title='bbox 1106 3536 1172 3589; x_wconf 88' lang='lat' dir='ltr'><strong>sit</strong></span> <span class='ocrx_word' id='word_1_375' title='bbox 1200 3536 1545 3592; x_wconf 87' lang='lat' dir='ltr'><strong>conversionis</strong></span> <span class='ocrx_word' id='word_1_376' title='bbox 1580 3536 1649 3590; x_wconf 87' lang='lat' dir='ltr'><strong>ad</strong></span> <span class='ocrx_word' id='word_1_377' title='bbox 1679 3534 1908 3605; x_wconf 84' lang='lat' dir='ltr'><strong>nuptias.</strong></span> <span class='ocrx_word' id='word_1_378' title='bbox 1938 3535 2111 3592; x_wconf 91' lang='lat' dir='ltr'><strong>Porro</strong></span> 
     </span>
    </p>
   </div>
   <div class='ocr_carea' id='block_1_55' title="bbox 534 3604 2113 3679">
    <p class='ocr_par' dir='ltr' id='par_1_55' title="bbox 534 3604 2113 3679">
     <span class='ocr_line' id='line_1_55' title="bbox 534 3604 2113 3679; baseline 0.002 -19"><span class='ocrx_word' id='word_1_379' title='bbox 534 3604 605 3679; x_wconf 76' lang='lat' dir='ltr'><strong>de</strong></span> <span class='ocrx_word' id='word_1_380' title='bbox 633 3605 969 3679; x_wconf 10' lang='lat' dir='ltr'><strong>obediengtia,</strong></span> <span class='ocrx_word' id='word_1_381' title='bbox 998 3604 1226 3679; x_wconf 83' lang='lat' dir='ltr'><strong>ejusque</strong></span> <span class='ocrx_word' id='word_1_382' title='bbox 1253 3606 1470 3679; x_wconf 79' lang='lat' dir='ltr'><strong>vinculo</strong></span> <span class='ocrx_word' id='word_1_383' title='bbox 1495 3613 1555 3664; x_wconf 89' lang='lat' dir='ltr'><strong>et</strong></span> <span class='ocrx_word' id='word_1_384' title='bbox 1588 3604 1968 3662; x_wconf 78' lang='lat' dir='ltr'><strong>observatione</strong></span> <span class='ocrx_word' id='word_1_385' title='bbox 1998 3610 2113 3679; x_wconf 88' lang='lat' dir='ltr'><strong>agit</strong></span> 
     </span>
    </p>
   </div>
   <div class='ocr_carea' id='block_1_56' title="bbox 533 3674 2112 3747">
    <p class='ocr_par' dir='ltr' id='par_1_56' title="bbox 533 3674 2112 3747">
     <span class='ocr_line' id='line_1_56' title="bbox 533 3674 2112 3747; baseline 0.003 -16"><span class='ocrx_word' id='word_1_386' title='bbox 533 3674 823 3747; x_wconf 66' lang='lat' dir='ltr'><strong>Cassianus</strong></span> <span class='ocrx_word' id='word_1_387' title='bbox 849 3676 965 3733; x_wconf 89' lang='lat' dir='ltr'><strong>fere</strong></span> <span class='ocrx_word' id='word_1_388' title='bbox 990 3674 1102 3732; x_wconf 84' lang='lat' dir='ltr'><strong>toto</strong></span> <span class='ocrx_word' id='word_1_389' title='bbox 1131 3674 1233 3733; x_wconf 86' lang='lat' dir='ltr'><strong>hoc</strong></span> <span class='ocrx_word' id='word_1_390' title='bbox 1262 3677 1426 3745; x_wconf 88' lang='lat' dir='ltr'><strong>libro,</strong></span> <span class='ocrx_word' id='word_1_391' title='bbox 1457 3685 1517 3733; x_wconf 88' lang='lat' dir='ltr'><strong>ut</strong></span> <span class='ocrx_word' id='word_1_392' title='bbox 1552 3694 1621 3734; x_wconf 90' lang='lat' dir='ltr'><strong>ex</strong></span> <span class='ocrx_word' id='word_1_393' title='bbox 1648 3679 1809 3733; x_wconf 89' lang='lat' dir='ltr'><strong>dictis</strong></span> <span class='ocrx_word' id='word_1_394' title='bbox 1843 3686 1989 3747; x_wconf 85' lang='lat' dir='ltr'><strong>patet</strong></span> <span class='ocrx_word' id='word_1_395' title='bbox 2009 3674 2112 3747; x_wconf 49' lang='lat' dir='ltr'><strong>,‘ct</strong></span> 
     </span>
    </p>
   </div>
   <div class='ocr_carea' id='block_1_57' title="bbox 533 3744 2106 3819">
    <p class='ocr_par' dir='ltr' id='par_1_57' title="bbox 533 3744 2106 3819">
     <span class='ocr_line' id='line_1_57' title="bbox 533 3744 2106 3819; baseline 0.003 -19"><span class='ocrx_word' id='word_1_396' title='bbox 533 3744 736 3819; x_wconf 77' lang='lat' dir='ltr'><strong>clarius</strong></span> <span class='ocrx_word' id='word_1_397' title='bbox 756 3762 825 3803; x_wconf 89' lang='lat' dir='ltr'><strong>ex</strong></span> <span class='ocrx_word' id='word_1_398' title='bbox 849 3748 1197 3818; x_wconf 87' lang='lat' dir='ltr'><strong>sequentibus</strong></span> <span class='ocrx_word' id='word_1_399' title='bbox 1216 3744 1425 3819; x_wconf 89' lang='lat' dir='ltr'><strong>patebit</strong></span> <span class='ocrx_word' id='word_1_400' title='bbox 1450 3766 1464 3802; x_wconf 92' lang='lat'><strong>:</strong></span> <span class='ocrx_word' id='word_1_401' title='bbox 1489 3750 1810 3805; x_wconf 90' lang='lat' dir='ltr'><strong>nominatim</strong></span> <span class='ocrx_word' id='word_1_402' title='bbox 1835 3744 1967 3803; x_wconf 83' lang='lat' dir='ltr'><strong>vero</strong></span> <span class='ocrx_word' id='word_1_403' title='bbox 1988 3744 2106 3819; x_wconf 84' lang='lat' dir='ltr'><strong>cap.</strong></span> 
     </span>
    </p>
   </div>
   <div class='ocr_carea' id='block_1_58' title="bbox 533 3817 2113 3887">
    <p class='ocr_par' dir='ltr' id='par_1_58' title="bbox 533 3817 2113 3887">
     <span class='ocr_line' id='line_1_58' title="bbox 533 3817 2113 3887; baseline 0.003 -15"><span class='ocrx_word' id='word_1_404' title='bbox 533 3817 605 3872; x_wconf 74' lang='grc'><strong>12</strong></span> <span class='ocrx_word' id='word_1_405' title='bbox 653 3817 814 3874; x_wconf 90' lang='lat' dir='ltr'><strong>docet</strong></span> <span class='ocrx_word' id='word_1_406' title='bbox 856 3817 953 3874; x_wconf 90' lang='lat' dir='ltr'><strong>eos</strong></span> <span class='ocrx_word' id='word_1_407' title='bbox 996 3817 1249 3874; x_wconf 83' lang='lat' dir='ltr'><strong>virtutem</strong></span> <span class='ocrx_word' id='word_1_408' title='bbox 1277 3820 1603 3876; x_wconf 69' lang='lat' dir='ltr'><strong>obedientiaa</strong></span> <span class='ocrx_word' id='word_1_409' title='bbox 1631 3821 1703 3875; x_wconf 89' lang='lat' dir='ltr'><strong>ita</strong></span> <span class='ocrx_word' id='word_1_410' title='bbox 1749 3820 2024 3887; x_wconf 88' lang='lat' dir='ltr'><strong>coluisse,</strong></span> <span class='ocrx_word' id='word_1_411' title='bbox 2055 3817 2113 3877; x_wconf 83' lang='lat' dir='ltr'><strong>et</strong></span> 
     </span>
    </p>
   </div>
   <div class='ocr_carea' id='block_1_59' title="bbox 532 3890 2112 3960">
    <p class='ocr_par' dir='ltr' id='par_1_59' title="bbox 532 3890 2112 3960">
     <span class='ocr_line' id='line_1_59' title="bbox 532 3890 2112 3960; baseline 0.003 -18"><span class='ocrx_word' id='word_1_412' title='bbox 532 3891 749 3960; x_wconf 88' lang='lat' dir='ltr'><strong>cunctis</strong></span> <span class='ocrx_word' id='word_1_413' title='bbox 767 3890 1058 3945; x_wconf 89' lang='lat' dir='ltr'><strong>virtutibus</strong></span> <span class='ocrx_word' id='word_1_414' title='bbox 1086 3890 1387 3960; x_wconf 61' lang='lat' dir='ltr'><strong>praetulisse</strong></span> <span class='ocrx_word' id='word_1_415' title='bbox 1405 3932 1421 3958; x_wconf 91' lang='lat'><strong>,</strong></span> <span class='ocrx_word' id='word_1_416' title='bbox 1441 3902 1497 3945; x_wconf 91' lang='lat' dir='ltr'><strong>ut</strong></span> <span class='ocrx_word' id='word_1_417' title='bbox 1527 3892 1650 3946; x_wconf 88' lang='lat' dir='ltr'><strong>huic</strong></span> <span class='ocrx_word' id='word_1_418' title='bbox 1674 3890 1979 3960; x_wconf 74' lang='lat' dir='ltr'><strong>iudicarent</strong></span> <span class='ocrx_word' id='word_1_419' title='bbox 1995 3907 2112 3947; x_wconf 89' lang='lat' dir='ltr'><strong>om-</strong></span> 
     </span>
    </p>
   </div>
   <div class='ocr_carea' id='block_1_60' title="bbox 533 3959 2109 4031">
    <p class='ocr_par' dir='ltr' id='par_1_60' title="bbox 533 3959 2109 4031">
     <span class='ocr_line' id='line_1_60' title="bbox 533 3959 2109 4031; baseline 0.003 -19"><span class='ocrx_word' id='word_1_420' title='bbox 533 3959 623 4031; x_wconf 78' lang='lat' dir='ltr'><strong>nia</strong></span> <span class='ocrx_word' id='word_1_421' title='bbox 653 3961 1046 4030; x_wconf 89' lang='lat' dir='ltr'><strong>postponenda,</strong></span> <span class='ocrx_word' id='word_1_422' title='bbox 1076 3969 1133 4015; x_wconf 88' lang='lat' dir='ltr'><strong>et</strong></span> <span class='ocrx_word' id='word_1_423' title='bbox 1162 3961 1410 4016; x_wconf 89' lang='lat' dir='ltr'><strong>universa</strong></span> <span class='ocrx_word' id='word_1_424' title='bbox 1438 3961 1719 4031; x_wconf 86' lang='lat' dir='ltr'><strong>dispendia</strong></span> <span class='ocrx_word' id='word_1_425' title='bbox 1763 3961 1946 4016; x_wconf 91' lang='lat' dir='ltr'><strong>subire</strong></span> <span class='ocrx_word' id='word_1_426' title='bbox 1976 3963 2109 4017; x_wconf 87' lang='lat' dir='ltr'><strong>mal-</strong></span> 
     </span>
    </p>
   </div>
   <div class='ocr_carea' id='block_1_61' title="bbox 532 4028 2109 4103">
    <p class='ocr_par' dir='ltr' id='par_1_61' title="bbox 532 4028 2109 4103">
     <span class='ocr_line' id='line_1_61' title="bbox 532 4028 2109 4103; baseline 0.003 -20"><span class='ocrx_word' id='word_1_427' title='bbox 532 4028 675 4103; x_wconf 70' lang='lat' dir='ltr'><strong>ient,</strong></span> <span class='ocrx_word' id='word_1_428' title='bbox 724 4028 883 4099; x_wconf 87' lang='lat' dir='ltr'><strong>quam</strong></span> <span class='ocrx_word' id='word_1_429' title='bbox 928 4032 1041 4103; x_wconf 90' lang='lat' dir='ltr'><strong>hoc</strong></span> <span class='ocrx_word' id='word_1_430' title='bbox 1088 4032 1285 4103; x_wconf 89' lang='lat' dir='ltr'><strong>bonum</strong></span> <span class='ocrx_word' id='word_1_431' title='bbox 1327 4033 1381 4086; x_wconf 92' lang='lat' dir='ltr'><strong>in</strong></span> <span class='ocrx_word' id='word_1_432' title='bbox 1431 4028 1611 4103; x_wconf 79' lang='lat' dir='ltr'><strong>aliquo</strong></span> <span class='ocrx_word' id='word_1_433' title='bbox 1637 4031 1868 4087; x_wconf 87' lang='lat' dir='ltr'><strong>violare.</strong></span> <span class='ocrx_word' id='word_1_434' title='bbox 1900 4031 2109 4100; x_wconf 85' lang='lat' dir='ltr'><strong>Habes,</strong></span> 
     </span>
    </p>
   </div>
   <div class='ocr_carea' id='block_1_62' title="bbox 534 4099 2111 4171">
    <p class='ocr_par' dir='ltr' id='par_1_62' title="bbox 534 4099 2111 4171">
     <span class='ocr_line' id='line_1_62' title="bbox 534 4099 2111 4171; baseline 0.003 -18"><span class='ocrx_word' id='word_1_435' title='bbox 534 4099 726 4171; x_wconf 84' lang='lat' dir='ltr'><strong>lector,</strong></span> <span class='ocrx_word' id='word_1_436' title='bbox 780 4102 1080 4171; x_wconf 72' lang='lat' dir='ltr'><strong>praecipuos</strong></span> <span class='ocrx_word' id='word_1_437' title='bbox 1126 4102 1264 4157; x_wconf 87' lang='lat' dir='ltr'><strong>ritus</strong></span> <span class='ocrx_word' id='word_1_438' title='bbox 1292 4110 1350 4158; x_wconf 88' lang='lat' dir='ltr'><strong>et</strong></span> <span class='ocrx_word' id='word_1_439' title='bbox 1397 4099 1737 4157; x_wconf 82' lang='lat' dir='ltr'><strong>conditiones</strong></span> <span class='ocrx_word' id='word_1_440' title='bbox 1766 4109 1877 4159; x_wconf 88' lang='lat' dir='ltr'><strong>tam</strong></span> <span class='ocrx_word' id='word_1_441' title='bbox 1917 4099 2111 4170; x_wconf 51' lang='lat' dir='ltr'><strong>proba;</strong></span> 
     </span>
    </p>
   </div>
   <div class='ocr_carea' id='block_1_63' title="bbox 534 4170 2110 4243">
    <p class='ocr_par' dir='ltr' id='par_1_63' title="bbox 534 4170 2110 4243">
     <span class='ocr_line' id='line_1_63' title="bbox 534 4170 2110 4243; baseline 0.006 -20"><span class='ocrx_word' id='word_1_442' title='bbox 534 4170 702 4243; x_wconf 75' lang='lat' dir='ltr'><strong>t_io_nis</strong></span> <span class='ocrx_word' id='word_1_443' title='bbox 733 4170 896 4241; x_wconf 90' lang='lat' dir='ltr'><strong>quam</strong></span> <span class='ocrx_word' id='word_1_444' title='bbox 927 4170 1282 4243; x_wconf 80' lang='lat' dir='ltr'><strong>professionis</strong></span> <span class='ocrx_word' id='word_1_445' title='bbox 1307 4174 1622 4228; x_wconf 65' lang='lat' dir='ltr'><strong>monasticae</strong></span> <span class='ocrx_word' id='word_1_446' title='bbox 1650 4173 1790 4242; x_wconf 86' lang='lat' dir='ltr'><strong>apud</strong></span> <span class='ocrx_word' id='word_1_447' title='bbox 1812 4177 2110 4232; x_wconf 86' lang='lat' dir='ltr'><strong>monachos</strong></span> 
     </span>
    </p>
   </div>
   <div class='ocr_carea' id='block_1_64' title="bbox 533 4239 2110 4316">
    <p class='ocr_par' dir='ltr' id='par_1_64' title="bbox 533 4239 2110 4316">
     <span class='ocr_line' id='line_1_64' title="bbox 533 4239 2110 4316; baseline 0.004 -21"><span class='ocrx_word' id='word_1_448' title='bbox 533 4239 1018 4316; x_wconf 30' lang='lat' dir='ltr'><strong>&#39;l’_a_benn‘ensiotas,</strong></span> <span class='ocrx_word' id='word_1_449' title='bbox 1040 4245 1156 4316; x_wconf 83' lang='lat' dir='ltr'><strong>sive</strong></span> <span class='ocrx_word' id='word_1_450' title='bbox 1181 4244 1594 4310; x_wconf 86' lang='lat' dir='ltr'><strong>Pachomianos,</strong></span> <span class='ocrx_word' id='word_1_451' title='bbox 1618 4239 1954 4311; x_wconf 79' lang='lat' dir='ltr'><strong>observatas,</strong></span> <span class='ocrx_word' id='word_1_452' title='bbox 1976 4260 2110 4316; x_wconf 79' lang='lat' dir='ltr'><strong>quas</strong></span> 
     </span>
    </p>
   </div>
   <div class='ocr_carea' id='block_1_65' title="bbox 533 4310 1610 4383">
    <p class='ocr_par' dir='ltr' id='par_1_65' title="bbox 533 4310 1610 4383">
     <span class='ocr_line' id='line_1_65' title="bbox 533 4310 1610 4383; baseline 0.005 -18"><span class='ocrx_word' id='word_1_453' title='bbox 533 4310 655 4367; x_wconf 91' lang='lat' dir='ltr'><strong>vide</strong></span> <span class='ocrx_word' id='word_1_454' title='bbox 687 4314 898 4382; x_wconf 89' lang='lat' dir='ltr'><strong>plenius</strong></span> <span class='ocrx_word' id='word_1_455' title='bbox 928 4315 997 4367; x_wconf 89' lang='lat' dir='ltr'><strong>ah</strong></span> <span class='ocrx_word' id='word_1_456' title='bbox 1021 4313 1262 4369; x_wconf 85' lang='lat' dir='ltr'><strong>Auctore</strong></span> <span class='ocrx_word' id='word_1_457' title='bbox 1291 4315 1610 4383; x_wconf 85' lang='lat' dir='ltr'><strong>explicatas.</strong></span> 
     </span>
    </p>
   </div>
   <div class='ocr_carea' id='block_1_66' title="bbox 608 4383 2112 4458">
    <p class='ocr_par' dir='ltr' id='par_1_66' title="bbox 608 4383 2112 4458">
     <span class='ocr_line' id='line_1_66' title="bbox 608 4383 2112 4458; baseline 0.004 -19"><span class='ocrx_word' id='word_1_458' title='bbox 608 4392 635 4419; x_wconf 75' lang='grc'><strong><em>⁸³</em></strong></span> <span class='ocrx_word' id='word_1_459' title='bbox 657 4383 751 4458; x_wconf 75' lang='lat' dir='ltr'><strong>Sic</strong></span> <span class='ocrx_word' id='word_1_460' title='bbox 775 4384 1097 4458; x_wconf 82' lang='lat' dir='ltr'><strong>D._Basilius</strong></span> <span class='ocrx_word' id='word_1_461' title='bbox 1122 4399 1240 4453; x_wconf 91' lang='lat' dir='ltr'><strong>cap.</strong></span> <span class='ocrx_word' id='word_1_462' title='bbox 1259 4386 1416 4458; x_wconf 69' lang='lat' dir='ltr'><strong>7suae</strong></span> <span class='ocrx_word' id='word_1_463' title='bbox 1445 4385 1685 4458; x_wconf 68' lang='lat' dir='ltr'><strong>Regulae,</strong></span> <span class='ocrx_word' id='word_1_464' title='bbox 1711 4394 1765 4443; x_wconf 89' lang='lat' dir='ltr'><strong>et</strong></span> <span class='ocrx_word' id='word_1_465' title='bbox 1786 4388 1962 4458; x_wconf 90' lang='lat' dir='ltr'><strong>ipsum</strong></span> <span class='ocrx_word' id='word_1_466' title='bbox 1990 4388 2112 4445; x_wconf 87' lang='lat' dir='ltr'><strong>imi-</strong></span> 
     </span>
    </p>
   </div>
   <div class='ocr_carea' id='block_1_67' title="bbox 532 4455 2110 4528">
    <p class='ocr_par' dir='ltr' id='par_1_67' title="bbox 532 4455 2110 4528">
     <span class='ocr_line' id='line_1_67' title="bbox 532 4455 2110 4528; baseline 0.005 -21"><span class='ocrx_word' id='word_1_467' title='bbox 532 4459 677 4509; x_wconf 83' lang='lat' dir='ltr'><strong>tatus</strong></span> <span class='ocrx_word' id='word_1_468' title='bbox 722 4455 785 4509; x_wconf 90' lang='lat' dir='ltr'><strong>D.</strong></span> <span class='ocrx_word' id='word_1_469' title='bbox 834 4455 1153 4528; x_wconf 82' lang='lat' dir='ltr'><strong>Benedictus</strong></span> <span class='ocrx_word' id='word_1_470' title='bbox 1182 4472 1302 4526; x_wconf 88' lang='lat' dir='ltr'><strong>cap.</strong></span> <span class='ocrx_word' id='word_1_471' title='bbox 1350 4456 1648 4528; x_wconf 81' lang='lat' dir='ltr'><strong>58zErgo,</strong></span> <span class='ocrx_word' id='word_1_472' title='bbox 1681 4460 1785 4526; x_wconf 90' lang='lat' dir='ltr'><strong>ait,</strong></span> <span class='ocrx_word' id='word_1_473' title='bbox 1810 4455 1863 4513; x_wconf 77' lang='lat' dir='ltr'><strong>si</strong></span> <span class='ocrx_word' id='word_1_474' title='bbox 1903 4463 2110 4515; x_wconf 86' lang='lat' dir='ltr'><strong>veniens</strong></span> 
     </span>
    </p>
   </div>
   <div class='ocr_carea' id='block_1_68' title="bbox 532 4526 2110 4603">
    <p class='ocr_par' dir='ltr' id='par_1_68' title="bbox 532 4526 2110 4603">
     <span class='ocr_line' id='line_1_68' title="bbox 532 4526 2110 4603; baseline 0.005 -26"><span class='ocrx_word' id='word_1_475' title='bbox 532 4527 926 4603; x_wconf 68' lang='lat' dir='ltr'><strong>perseveraverit</strong></span> <span class='ocrx_word' id='word_1_476' title='bbox 949 4527 1162 4597; x_wconf 86' lang='lat' dir='ltr'><strong>pulsans</strong></span> <span class='ocrx_word' id='word_1_477' title='bbox 1187 4571 1203 4596; x_wconf 96' lang='lat'><strong>,</strong></span> <span class='ocrx_word' id='word_1_478' title='bbox 1236 4536 1285 4581; x_wconf 85' lang='lat' dir='ltr'><strong>et</strong></span> <span class='ocrx_word' id='word_1_479' title='bbox 1319 4526 1495 4582; x_wconf 90' lang='lat' dir='ltr'><strong>illatas</strong></span> <span class='ocrx_word' id='word_1_480' title='bbox 1520 4526 1617 4583; x_wconf 86' lang='lat' dir='ltr'><strong>sibi</strong></span> <span class='ocrx_word' id='word_1_481' title='bbox 1642 4530 1863 4603; x_wconf 84' lang='lat' dir='ltr'><strong>injurias</strong></span> <span class='ocrx_word' id='word_1_482' title='bbox 1886 4570 1900 4594; x_wconf 89' lang='lat'><strong>,</strong></span> <span class='ocrx_word' id='word_1_483' title='bbox 1934 4532 2110 4603; x_wconf 85' lang='lat' dir='ltr'><strong>etdif-</strong></span> 
     </span>
    </p>
   </div>
   <div class='ocr_carea' id='block_1_69' title="bbox 531 4594 2105 4671">
    <p class='ocr_par' dir='ltr' id='par_1_69' title="bbox 531 4594 2105 4671">
     <span class='ocr_line' id='line_1_69' title="bbox 531 4594 2105 4671; baseline 0.006 -23"><span class='ocrx_word' id='word_1_484' title='bbox 531 4594 815 4671; x_wconf 75' lang='lat' dir='ltr'><strong>ﬁcultatem</strong></span> <span class='ocrx_word' id='word_1_485' title='bbox 833 4594 1121 4671; x_wconf 76' lang='lat' dir='ltr'><strong>ingressus,</strong></span> <span class='ocrx_word' id='word_1_486' title='bbox 1149 4594 1264 4667; x_wconf 84' lang='lat' dir='ltr'><strong>post</strong></span> <span class='ocrx_word' id='word_1_487' title='bbox 1287 4610 1538 4670; x_wconf 86' lang='lat' dir='ltr'><strong>quatuor,</strong></span> <span class='ocrx_word' id='word_1_488' title='bbox 1581 4611 1672 4657; x_wconf 89' lang='lat' dir='ltr'><strong>aut</strong></span> <span class='ocrx_word' id='word_1_489' title='bbox 1689 4594 1935 4671; x_wconf 61' lang='lat' dir='ltr'><strong>&#39;quinque</strong></span> <span class='ocrx_word' id='word_1_490' title='bbox 1961 4594 2105 4669; x_wconf 77' lang='lat' dir='ltr'><strong>dies,</strong></span> 
     </span>
    </p>
   </div>
   <div class='ocr_carea' id='block_1_70' title="bbox 2185 1973 3813 2052">
    <p class='ocr_par' dir='ltr' id='par_1_70' title="bbox 2185 1973 3813 2052">
     <span class='ocr_line' id='line_1_70' title="bbox 2185 1973 3813 2052; baseline -0.001 -18"><span class='ocrx_word' id='word_1_491' title='bbox 2185 1978 2567 2052; x_wconf 20' lang='lat' dir='ltr'><strong>‘supportan‘da</strong></span> <span class='ocrx_word' id='word_1_492' title='bbox 2609 1994 2767 2052; x_wconf 67' lang='lat' dir='ltr'><strong>onera</strong></span> <span class='ocrx_word' id='word_1_493' title='bbox 2810 1975 3320 2052; x_wconf 61' lang='lat' dir='ltr'><strong>gravia_religionis,</strong></span> <span class='ocrx_word' id='word_1_494' title='bbox 3345 1973 3493 2052; x_wconf 75' lang='lat' dir='ltr'><strong>_Harc</strong></span> <span class='ocrx_word' id='word_1_495' title='bbox 3536 1973 3587 2031; x_wconf 80' lang='lat' dir='ltr'><strong>et</strong></span> <span class='ocrx_word' id='word_1_496' title='bbox 3606 1978 3813 2052; x_wconf 76' lang='lat' dir='ltr'><strong>similia</strong></span> 
     </span>
    </p>
   </div>
   <div class='ocr_carea' id='block_1_71' title="bbox 2206 2044 3810 2123">
    <p class='ocr_par' dir='ltr' id='par_1_71' title="bbox 2206 2044 3810 2123">
     <span class='ocr_line' id='line_1_71' title="bbox 2206 2044 3810 2123; baseline 0.001 -20"><span class='ocrx_word' id='word_1_497' title='bbox 2206 2044 2369 2123; x_wconf 66' lang='lat' dir='ltr'><strong>polest</strong></span> <span class='ocrx_word' id='word_1_498' title='bbox 2394 2051 2451 2123; x_wconf 83' lang='lat' dir='ltr'><strong>ei</strong></span> <span class='ocrx_word' id='word_1_499' title='bbox 2464 2049 2662 2123; x_wconf 85' lang='lat' dir='ltr'><strong>dicere.</strong></span> <span class='ocrx_word' id='word_1_500' title='bbox 2694 2049 2787 2105; x_wconf 91' lang='lat' dir='ltr'><strong>Sic</strong></span> <span class='ocrx_word' id='word_1_501' title='bbox 2812 2044 2930 2104; x_wconf 82' lang='lat' dir='ltr'><strong>ille.</strong></span> <span class='ocrx_word' id='word_1_502' title='bbox 2950 2044 3179 2123; x_wconf 70' lang='lat' dir='ltr'><strong>_Veruri_r_</strong></span> <span class='ocrx_word' id='word_1_503' title='bbox 3205 2056 3263 2102; x_wconf 88' lang='lat' dir='ltr'><strong>ut</strong></span> <span class='ocrx_word' id='word_1_504' title='bbox 3302 2044 3391 2101; x_wconf 91' lang='lat' dir='ltr'><strong>hic</strong></span> <span class='ocrx_word' id='word_1_505' title='bbox 3420 2047 3571 2103; x_wconf 90' lang='lat' dir='ltr'><strong>locus</strong></span> <span class='ocrx_word' id='word_1_506' title='bbox 3603 2048 3810 2123; x_wconf 71' lang='lat' dir='ltr'><strong>insigni</strong></span> 
     </span>
    </p>
   </div>
   <div class='ocr_carea' id='block_1_72' title="bbox 2206 2117 3811 2191">
    <p class='ocr_par' dir='ltr' id='par_1_72' title="bbox 2206 2117 3811 2191">
     <span class='ocr_line' id='line_1_72' title="bbox 2206 2117 3811 2191; baseline -0.001 -14"><span class='ocrx_word' id='word_1_507' title='bbox 2206 2117 2394 2191; x_wconf 77' lang='lat' dir='ltr'><strong>aliquo</strong></span> <span class='ocrx_word' id='word_1_508' title='bbox 2422 2120 2729 2191; x_wconf 86' lang='lat' dir='ltr'><strong>illustretur</strong></span> <span class='ocrx_word' id='word_1_509' title='bbox 2753 2118 3026 2191; x_wconf 82' lang='lat' dir='ltr'><strong>exemplo,</strong></span> <span class='ocrx_word' id='word_1_510' title='bbox 3055 2117 3370 2191; x_wconf 75' lang='lat' dir='ltr'><strong>audiamus,</strong></span> <span class='ocrx_word' id='word_1_511' title='bbox 3403 2132 3607 2191; x_wconf 68' lang='lat' dir='ltr'><strong>quaeso,</strong></span> <span class='ocrx_word' id='word_1_512' title='bbox 3634 2117 3811 2191; x_wconf 63' lang='lat' dir='ltr'><strong>Joan-</strong></span> 
     </span>
    </p>
   </div>
   <div class='ocr_carea' id='block_1_73' title="bbox 2206 2187 3811 2259">
    <p class='ocr_par' dir='ltr' id='par_1_73' title="bbox 2206 2187 3811 2259">
     <span class='ocr_line' id='line_1_73' title="bbox 2206 2187 3811 2259; baseline -0.001 -10"><span class='ocrx_word' id='word_1_513' title='bbox 2206 2187 2331 2249; x_wconf 83' lang='lat' dir='ltr'><strong>netn</strong></span> <span class='ocrx_word' id='word_1_514' title='bbox 2360 2192 2656 2247; x_wconf 89' lang='lat' dir='ltr'><strong>Climacum</strong></span> <span class='ocrx_word' id='word_1_515' title='bbox 2702 2190 2771 2246; x_wconf 91' lang='lat' dir='ltr'><strong>de</strong></span> <span class='ocrx_word' id='word_1_516' title='bbox 2812 2188 3045 2259; x_wconf 85' lang='lat' dir='ltr'><strong>quodam</strong></span> <span class='ocrx_word' id='word_1_517' title='bbox 3076 2187 3404 2243; x_wconf 88' lang='lat' dir='ltr'><strong>monasterio</strong></span> <span class='ocrx_word' id='word_1_518' title='bbox 3426 2187 3529 2242; x_wconf 84' lang='lat' dir='ltr'><strong>ista</strong></span> <span class='ocrx_word' id='word_1_519' title='bbox 3560 2190 3811 2248; x_wconf 86' lang='lat' dir='ltr'><strong>referen-</strong></span> 
     </span>
    </p>
   </div>
   <div class='ocr_carea' id='block_1_74' title="bbox 2207 2259 3811 2334">
    <p class='ocr_par' dir='ltr' id='par_1_74' title="bbox 2207 2259 3811 2334">
     <span class='ocr_line' id='line_1_74' title="bbox 2207 2259 3811 2334; baseline -0.002 -14"><span class='ocrx_word' id='word_1_520' title='bbox 2207 2272 2316 2320; x_wconf 86' lang='lat' dir='ltr'><strong>tem</strong></span> <span class='ocrx_word' id='word_1_521' title='bbox 2345 2262 2566 2334; x_wconf 83' lang='lat' dir='ltr'><strong>(Gradu</strong></span> <span class='ocrx_word' id='word_1_522' title='bbox 2593 2259 2649 2332; x_wconf 69' lang='grc'>4)</span> <span class='ocrx_word' id='word_1_523' title='bbox 2683 2279 2695 2315; x_wconf 89' lang='lat'><strong>:</strong></span> <span class='ocrx_word' id='word_1_524' title='bbox 2727 2260 3058 2334; x_wconf 82' lang='lat' dir='ltr'><strong>Admirabar,</strong></span> <span class='ocrx_word' id='word_1_525' title='bbox 3091 2259 3297 2334; x_wconf 75' lang='lat' dir='ltr'><strong>inquit,</strong></span> <span class='ocrx_word' id='word_1_526' title='bbox 3325 2274 3419 2329; x_wconf 86' lang='lat' dir='ltr'><strong>ego</strong></span> <span class='ocrx_word' id='word_1_527' title='bbox 3443 2259 3555 2334; x_wconf 82' lang='lat' dir='ltr'><strong>illic</strong></span> <span class='ocrx_word' id='word_1_528' title='bbox 3578 2276 3811 2334; x_wconf 54' lang='lat' dir='ltr'><strong>praesens</strong></span> 
     </span>
    </p>
   </div>
   <div class='ocr_carea' id='block_1_75' title="bbox 2208 2330 3805 2399">
    <p class='ocr_par' dir='ltr' id='par_1_75' title="bbox 2208 2330 3805 2399">
     <span class='ocr_line' id='line_1_75' title="bbox 2208 2330 3805 2399; baseline -0.003 -9"><span class='ocrx_word' id='word_1_529' title='bbox 2208 2330 2402 2390; x_wconf 71' lang='lat' dir='ltr'><strong>naviter</strong></span> <span class='ocrx_word' id='word_1_530' title='bbox 2431 2350 2496 2388; x_wconf 78' lang='lat' dir='ltr'><strong>ea:</strong></span> <span class='ocrx_word' id='word_1_531' title='bbox 2523 2330 2713 2388; x_wconf 78' lang='lat' dir='ltr'><strong>steculo</strong></span> <span class='ocrx_word' id='word_1_532' title='bbox 2757 2331 3072 2386; x_wconf 88' lang='lat' dir='ltr'><strong>venientium</strong></span> <span class='ocrx_word' id='word_1_533' title='bbox 3115 2330 3291 2399; x_wconf 81' lang='lat' dir='ltr'><strong>ﬁdem,</strong></span> <span class='ocrx_word' id='word_1_534' title='bbox 3343 2338 3391 2384; x_wconf 85' lang='lat' dir='ltr'><strong>et</strong></span> <span class='ocrx_word' id='word_1_535' title='bbox 3432 2330 3760 2386; x_wconf 84' lang='lat' dir='ltr'><strong>tolerantiam</strong></span> <span class='ocrx_word' id='word_1_536' title='bbox 3786 2374 3805 2397; x_wconf 83' lang='lat'><strong>,</strong></span> 
     </span>
    </p>
   </div>
   <div class='ocr_carea' id='block_1_76' title="bbox 2207 2400 3811 2475">
    <p class='ocr_par' dir='ltr' id='par_1_76' title="bbox 2207 2400 3811 2475">
     <span class='ocr_line' id='line_1_76' title="bbox 2207 2400 3811 2475; baseline -0.001 -15"><span class='ocrx_word' id='word_1_537' title='bbox 2207 2407 2435 2475; x_wconf 88' lang='lat' dir='ltr'><strong>atquein</strong></span> <span class='ocrx_word' id='word_1_538' title='bbox 2460 2403 2757 2475; x_wconf 85' lang='lat' dir='ltr'><strong>ignominiis</strong></span> <span class='ocrx_word' id='word_1_539' title='bbox 2784 2412 2829 2457; x_wconf 90' lang='lat' dir='ltr'><strong>et</strong></span> <span class='ocrx_word' id='word_1_540' title='bbox 2858 2401 3208 2475; x_wconf 83' lang='lat' dir='ltr'><strong>contumeliis,</strong></span> <span class='ocrx_word' id='word_1_541' title='bbox 3236 2410 3288 2475; x_wconf 88' lang='lat' dir='ltr'><strong>_et</strong></span> <span class='ocrx_word' id='word_1_542' title='bbox 3327 2400 3617 2475; x_wconf 81' lang='lat' dir='ltr'><strong>aliquando</strong></span> <span class='ocrx_word' id='word_1_543' title='bbox 3649 2403 3811 2458; x_wconf 79' lang='lat' dir='ltr'><strong>etiam</strong></span> 
     </span>
    </p>
   </div>
   <div class='ocr_carea' id='block_1_77' title="bbox 2209 2471 3811 2544">
    <p class='ocr_par' dir='ltr' id='par_1_77' title="bbox 2209 2471 3811 2544">
     <span class='ocr_line' id='line_1_77' title="bbox 2209 2471 3811 2544; baseline -0.001 -14"><span class='ocrx_word' id='word_1_544' title='bbox 2209 2471 2644 2544; x_wconf 78' lang='lat' dir='ltr'><strong>persecutianibus</strong></span> <span class='ocrx_word' id='word_1_545' title='bbox 2686 2473 3086 2544; x_wconf 83' lang='lat' dir='ltr'><strong>insuperabilem</strong></span> <span class='ocrx_word' id='word_1_546' title='bbox 3136 2471 3486 2541; x_wconf 89' lang='lat' dir='ltr'><strong>patientiam,</strong></span> <span class='ocrx_word' id='word_1_547' title='bbox 3532 2488 3811 2544; x_wconf 13' lang='lat' dir='ltr'><strong>quasinon</strong></span> 
     </span>
    </p>
   </div>
   <div class='ocr_carea' id='block_1_78' title="bbox 2207 2543 3812 2614">
    <p class='ocr_par' dir='ltr' id='par_1_78' title="bbox 2207 2543 3812 2614">
     <span class='ocr_line' id='line_1_78' title="bbox 2207 2543 3812 2614; baseline -0.001 -13"><span class='ocrx_word' id='word_1_548' title='bbox 2207 2543 2410 2601; x_wconf 83' lang='lat' dir='ltr'><strong>tantum</strong></span> <span class='ocrx_word' id='word_1_549' title='bbox 2441 2546 2503 2600; x_wconf 92' lang='lat' dir='ltr'><strong>ab</strong></span> <span class='ocrx_word' id='word_1_550' title='bbox 2529 2545 2742 2613; x_wconf 83' lang='lat' dir='ltr'><strong>abbate,</strong></span> <span class='ocrx_word' id='word_1_551' title='bbox 2780 2544 2871 2600; x_wconf 87' lang='lat' dir='ltr'><strong>sed</strong></span> <span class='ocrx_word' id='word_1_552' title='bbox 2917 2545 2982 2598; x_wconf 90' lang='lat' dir='ltr'><strong>ab</strong></span> <span class='ocrx_word' id='word_1_553' title='bbox 3024 2543 3093 2614; x_wconf 78' lang='lat' dir='ltr'><strong>iis</strong></span> <span class='ocrx_word' id='word_1_554' title='bbox 3115 2557 3317 2614; x_wconf 89' lang='lat' dir='ltr'><strong>quoque</strong></span> <span class='ocrx_word' id='word_1_555' title='bbox 3356 2544 3451 2614; x_wconf 87' lang='lat' dir='ltr'><strong>qui</strong></span> <span class='ocrx_word' id='word_1_556' title='bbox 3492 2543 3639 2614; x_wconf 88' lang='lat' dir='ltr'><strong>longe</strong></span> <span class='ocrx_word' id='word_1_557' title='bbox 3665 2543 3812 2612; x_wconf 84' lang='lat' dir='ltr'><strong>infe-</strong></span> 
     </span>
    </p>
   </div>
   <div class='ocr_carea' id='block_1_79' title="bbox 2207 2611 3812 2688">
    <p class='ocr_par' dir='ltr' id='par_1_79' title="bbox 2207 2611 3812 2688">
     <span class='ocr_line' id='line_1_79' title="bbox 2207 2611 3812 2688; baseline -0.001 -17"><span class='ocrx_word' id='word_1_558' title='bbox 2207 2620 2376 2673; x_wconf 89' lang='lat' dir='ltr'><strong>riores</strong></span> <span class='ocrx_word' id='word_1_559' title='bbox 2399 2626 2566 2680; x_wconf 86' lang='lat' dir='ltr'><strong>erant,</strong></span> <span class='ocrx_word' id='word_1_560' title='bbox 2596 2611 3030 2688; x_wconf 83' lang='lat' dir='ltr'><strong>perpetiebantur.</strong></span> <span class='ocrx_word' id='word_1_561' title='bbox 3061 2611 3251 2688; x_wconf 79' lang='lat' dir='ltr'><strong>Itaque</strong></span> <span class='ocrx_word' id='word_1_562' title='bbox 3281 2611 3657 2688; x_wconf 67' lang='lat' dir='ltr'><strong>mdiﬁcationis</strong></span> <span class='ocrx_word' id='word_1_563' title='bbox 3677 2631 3812 2686; x_wconf 89' lang='lat' dir='ltr'><strong>gra-</strong></span> 
     </span>
    </p>
   </div>
   <div class='ocr_carea' id='block_1_80' title="bbox 2209 2685 3811 2759">
    <p class='ocr_par' dir='ltr' id='par_1_80' title="bbox 2209 2685 3811 2759">
     <span class='ocr_line' id='line_1_80' title="bbox 2209 2685 3811 2759; baseline -0.002 -15"><span class='ocrx_word' id='word_1_564' title='bbox 2209 2690 2301 2753; x_wconf 89' lang='lat' dir='ltr'><strong>tia,</strong></span> <span class='ocrx_word' id='word_1_565' title='bbox 2328 2685 2605 2759; x_wconf 85' lang='lat' dir='ltr'><strong>quemdam</strong></span> <span class='ocrx_word' id='word_1_566' title='bbox 2650 2685 2713 2741; x_wconf 65' lang='lat' dir='ltr'><strong>ea:</strong></span> <span class='ocrx_word' id='word_1_567' title='bbox 2756 2686 3006 2756; x_wconf 79' lang='lat' dir='ltr'><strong>fratribus</strong></span> <span class='ocrx_word' id='word_1_568' title='bbox 3033 2685 3327 2759; x_wconf 75' lang='lat' dir='ltr'><strong>sciscitatus</strong></span> <span class='ocrx_word' id='word_1_569' title='bbox 3378 2700 3531 2759; x_wconf 72' lang='lat' dir='ltr'><strong>sum,</strong></span> <span class='ocrx_word' id='word_1_570' title='bbox 3568 2685 3658 2756; x_wconf 89' lang='lat' dir='ltr'><strong>qui</strong></span> <span class='ocrx_word' id='word_1_571' title='bbox 3684 2698 3811 2741; x_wconf 82' lang='lat' dir='ltr'><strong>ante</strong></span> 
     </span>
    </p>
   </div>
   <div class='ocr_carea' id='block_1_81' title="bbox 2207 2754 3807 2830">
    <p class='ocr_par' dir='ltr' id='par_1_81' title="bbox 2207 2754 3807 2830">
     <span class='ocr_line' id='line_1_81' title="bbox 2207 2754 3807 2830; baseline -0.003 -16"><span class='ocrx_word' id='word_1_572' title='bbox 2207 2754 2498 2830; x_wconf 76' lang='lat' dir='ltr'><strong>quindecim</strong></span> <span class='ocrx_word' id='word_1_573' title='bbox 2521 2774 2683 2813; x_wconf 88' lang='lat' dir='ltr'><strong>annos</strong></span> <span class='ocrx_word' id='word_1_574' title='bbox 2709 2754 2764 2830; x_wconf 85' lang='lat' dir='ltr'><strong>in</strong></span> <span class='ocrx_word' id='word_1_575' title='bbox 2789 2755 3098 2830; x_wconf 72' lang='lat' dir='ltr'><strong>monasterio</strong></span> <span class='ocrx_word' id='word_1_576' title='bbox 3126 2764 3320 2830; x_wconf 80' lang='lat' dir='ltr'><strong>egerat,</strong></span> <span class='ocrx_word' id='word_1_577' title='bbox 3353 2754 3682 2830; x_wconf 72' lang='lat' dir='ltr'><strong>Abbacgrum</strong></span> <span class='ocrx_word' id='word_1_578' title='bbox 3703 2771 3807 2830; x_wconf 84' lang='lat' dir='ltr'><strong>no-</strong></span> 
     </span>
    </p>
   </div>
   <div class='ocr_carea' id='block_1_82' title="bbox 2209 2824 3809 2901">
    <p class='ocr_par' dir='ltr' id='par_1_82' title="bbox 2209 2824 3809 2901">
     <span class='ocr_line' id='line_1_82' title="bbox 2209 2824 3809 2901; baseline -0.003 -16"><span class='ocrx_word' id='word_1_579' title='bbox 2209 2824 2364 2893; x_wconf 78' lang='lat' dir='ltr'><strong>mine.</strong></span> <span class='ocrx_word' id='word_1_580' title='bbox 2394 2846 2547 2901; x_wconf 88' lang='lat' dir='ltr'><strong>quem</strong></span> <span class='ocrx_word' id='word_1_581' title='bbox 2576 2829 2798 2883; x_wconf 75' lang='lat' dir='ltr'><strong>maxime</strong></span> <span class='ocrx_word' id='word_1_582' title='bbox 2824 2826 2969 2896; x_wconf 81' lang='lat' dir='ltr'><strong>afﬁci</strong></span> <span class='ocrx_word' id='word_1_583' title='bbox 2995 2824 3207 2897; x_wconf 78' lang='lat' dir='ltr'><strong>injuriis</strong></span> <span class='ocrx_word' id='word_1_584' title='bbox 3230 2828 3336 2901; x_wconf 80' lang='lat' dir='ltr'><strong>fere</strong></span> <span class='ocrx_word' id='word_1_585' title='bbox 3460 2824 3694 2901; x_wconf 81' lang='lat' dir='ltr'><strong>omnibus</strong></span> <span class='ocrx_word' id='word_1_586' title='bbox 3726 2828 3809 2881; x_wconf 81' lang='lat' dir='ltr'><strong>vi-</strong></span> 
     </span>
    </p>
   </div>
   <div class='ocr_carea' id='block_1_83' title="bbox 2209 2895 3806 2970">
    <p class='ocr_par' dir='ltr' id='par_1_83' title="bbox 2209 2895 3806 2970">
     <span class='ocr_line' id='line_1_83' title="bbox 2209 2895 3806 2970; baseline -0.003 -14"><span class='ocrx_word' id='word_1_587' title='bbox 2209 2895 2419 2967; x_wconf 73' lang='lat' dir='ltr'><strong>debam,</strong></span> <span class='ocrx_word' id='word_1_588' title='bbox 2453 2914 2844 2970; x_wconf 86' lang='lat' dir='ltr'><strong>nonnumquam</strong></span> <span class='ocrx_word' id='word_1_589' title='bbox 2862 2895 3160 2970; x_wconf 37' lang='lat' dir='ltr'><strong>verost—iam</strong></span> <span class='ocrx_word' id='word_1_590' title='bbox 3197 2895 3508 2970; x_wconf 27' lang='lat' dir='ltr'><strong>a‘ministris</strong></span> <span class='ocrx_word' id='word_1_591' title='bbox 3531 2913 3594 2951; x_wconf 78' lang='lat' dir='ltr'><strong>ea:</strong></span> <span class='ocrx_word' id='word_1_592' title='bbox 3623 2914 3806 2970; x_wconf 85' lang='lat' dir='ltr'><strong>mensa</strong></span> 
     </span>
    </p>
   </div>
   <div class='ocr_carea' id='block_1_84' title="bbox 2211 2966 3808 3044">
    <p class='ocr_par' dir='ltr' id='par_1_84' title="bbox 2211 2966 3808 3044">
     <span class='ocr_line' id='line_1_84' title="bbox 2211 2966 3808 3044; baseline -0.002 -18"><span class='ocrx_word' id='word_1_593' title='bbox 2211 2966 2569 3044; x_wconf 82' lang='lat' dir='ltr'><strong>fugari._Erat</strong></span> <span class='ocrx_word' id='word_1_594' title='bbox 2613 2966 2750 3044; x_wconf 79' lang='lat' dir='ltr'><strong>enim</strong></span> <span class='ocrx_word' id='word_1_595' title='bbox 2788 2966 3069 3044; x_wconf 82' lang='lat' dir='ltr'><strong>frate_r_ill_e</strong></span> <span class='ocrx_word' id='word_1_596' title='bbox 3117 2968 3435 3044; x_wconf 74' lang='lat' dir='ltr'><strong>naturaliter</strong></span> <span class='ocrx_word' id='word_1_597' title='bbox 3460 2968 3808 3044; x_wconf 77' lang='lat' dir='ltr'><strong>_l_i_ngute_al_i-_</strong></span> 
     </span>
    </p>
   </div>
   <div class='ocr_carea' id='block_1_85' title="bbox 2209 3037 3809 3112">
    <p class='ocr_par' dir='ltr' id='par_1_85' title="bbox 2209 3037 3809 3112">
     <span class='ocr_line' id='line_1_85' title="bbox 2209 3037 3809 3112; baseline -0.002 -15"><span class='ocrx_word' id='word_1_598' title='bbox 2209 3037 2519 3112; x_wconf 71' lang='lat' dir='ltr'><strong>quantulum</strong></span> <span class='ocrx_word' id='word_1_599' title='bbox 2542 3037 2880 3096; x_wconf 81' lang='lat' dir='ltr'><strong>incontinens.</strong></span> <span class='ocrx_word' id='word_1_600' title='bbox 2909 3039 3151 3112; x_wconf 89' lang='lat' dir='ltr'><strong>Dicebam</strong></span> <span class='ocrx_word' id='word_1_601' title='bbox 3176 3039 3349 3112; x_wconf 82' lang='lat' dir='ltr'><strong>itaque</strong></span> <span class='ocrx_word' id='word_1_602' title='bbox 3368 3038 3435 3092; x_wconf 90' lang='lat' dir='ltr'><strong>ad</strong></span> <span class='ocrx_word' id='word_1_603' title='bbox 3456 3037 3640 3093; x_wconf 78' lang='lat' dir='ltr'><strong>illum:</strong></span> <span class='ocrx_word' id='word_1_604' title='bbox 3657 3039 3809 3112; x_wconf 78' lang='lat' dir='ltr'><strong>Quid</strong></span> 
     </span>
    </p>
   </div>
   <div class='ocr_carea' id='block_1_86' title="bbox 2209 3110 3809 3184">
    <p class='ocr_par' dir='ltr' id='par_1_86' title="bbox 2209 3110 3809 3184">
     <span class='ocr_line' id='line_1_86' title="bbox 2209 3110 3809 3184; baseline -0.001 -16"><span class='ocrx_word' id='word_1_605' title='bbox 2209 3110 2307 3177; x_wconf 87' lang='lat' dir='ltr'><strong>est,</strong></span> <span class='ocrx_word' id='word_1_606' title='bbox 2340 3114 2503 3184; x_wconf 84' lang='lat' dir='ltr'><strong>frater</strong></span> <span class='ocrx_word' id='word_1_607' title='bbox 2529 3112 2819 3183; x_wconf 81' lang='lat' dir='ltr'><strong>Abbacgre,</strong></span> <span class='ocrx_word' id='word_1_608' title='bbox 2850 3111 2992 3184; x_wconf 83' lang='lat' dir='ltr'><strong>quod</strong></span> <span class='ocrx_word' id='word_1_609' title='bbox 3023 3120 3070 3164; x_wconf 89' lang='lat' dir='ltr'><strong>te</strong></span> <span class='ocrx_word' id='word_1_610' title='bbox 3097 3110 3327 3184; x_wconf 82' lang='lat' dir='ltr'><strong>quotidie</strong></span> <span class='ocrx_word' id='word_1_611' title='bbox 3351 3126 3383 3163; x_wconf 91' lang='lat' dir='ltr'><strong>a</strong></span> <span class='ocrx_word' id='word_1_612' title='bbox 3408 3125 3583 3184; x_wconf 73' lang='lat' dir='ltr'><strong>mensa</strong></span> <span class='ocrx_word' id='word_1_613' title='bbox 3609 3111 3809 3184; x_wconf 72' lang='lat' dir='ltr'><strong>expelli</strong></span> 
     </span>
    </p>
   </div>
   <div class='ocr_carea' id='block_1_87' title="bbox 2213 3180 3811 3250">
    <p class='ocr_par' dir='ltr' id='par_1_87' title="bbox 2213 3180 3811 3250">
     <span class='ocr_line' id='line_1_87' title="bbox 2213 3180 3811 3250; baseline -0.001 -10"><span class='ocrx_word' id='word_1_614' title='bbox 2213 3180 2385 3249; x_wconf 84' lang='lat' dir='ltr'><strong>video,</strong></span> <span class='ocrx_word' id='word_1_615' title='bbox 2416 3199 2477 3237; x_wconf 86' lang='lat' dir='ltr'><strong>ac</strong></span> <span class='ocrx_word' id='word_1_616' title='bbox 2506 3180 2894 3250; x_wconf 77' lang='lat' dir='ltr'><strong>nonnumquam</strong></span> <span class='ocrx_word' id='word_1_617' title='bbox 2943 3182 3169 3235; x_wconf 88' lang='lat' dir='ltr'><strong>dormire</strong></span> <span class='ocrx_word' id='word_1_618' title='bbox 3204 3181 3557 3250; x_wconf 65' lang='lat' dir='ltr'><strong>incenatum?</strong></span> <span class='ocrx_word' id='word_1_619' title='bbox 3597 3180 3700 3249; x_wconf 84' lang='lat' dir='ltr'><strong>Qui</strong></span> <span class='ocrx_word' id='word_1_620' title='bbox 3733 3184 3811 3238; x_wconf 82' lang='lat' dir='ltr'><strong>ad</strong></span> 
     </span>
    </p>
   </div>
   <div class='ocr_carea' id='block_1_88' title="bbox 2214 3249 3811 3325">
    <p class='ocr_par' dir='ltr' id='par_1_88' title="bbox 2214 3249 3811 3325">
     <span class='ocr_line' id='line_1_88' title="bbox 2214 3249 3811 3325; baseline 0.001 -17"><span class='ocrx_word' id='word_1_621' title='bbox 2214 3257 2323 3310; x_wconf 68' lang='lat' dir='ltr'><strong>haec</strong></span> <span class='ocrx_word' id='word_1_622' title='bbox 2371 3257 2443 3309; x_wconf 91' lang='lat' dir='ltr'><strong>ita</strong></span> <span class='ocrx_word' id='word_1_623' title='bbox 2486 3249 2804 3325; x_wconf 86' lang='lat' dir='ltr'><strong>respondit:</strong></span> <span class='ocrx_word' id='word_1_624' title='bbox 2830 3252 2995 3325; x_wconf 83' lang='lat' dir='ltr'><strong>Crede</strong></span> <span class='ocrx_word' id='word_1_625' title='bbox 3041 3253 3191 3318; x_wconf 76' lang='lat' dir='ltr'><strong>milii,</strong></span> <span class='ocrx_word' id='word_1_626' title='bbox 3246 3249 3429 3325; x_wconf 84' lang='lat' dir='ltr'><strong>Pater,</strong></span> <span class='ocrx_word' id='word_1_627' title='bbox 3472 3252 3692 3323; x_wconf 87' lang='lat' dir='ltr'><strong>probant</strong></span> <span class='ocrx_word' id='word_1_628' title='bbox 3724 3270 3811 3309; x_wconf 82' lang='lat' dir='ltr'><strong>me</strong></span> 
     </span>
    </p>
   </div>
   <div class='ocr_carea' id='block_1_89' title="bbox 2214 3323 3811 3392">
    <p class='ocr_par' dir='ltr' id='par_1_89' title="bbox 2214 3323 3811 3392">
     <span class='ocr_line' id='line_1_89' title="bbox 2214 3323 3811 3392; baseline -0.003 -10"><span class='ocrx_word' id='word_1_629' title='bbox 2214 3325 2400 3382; x_wconf 79' lang='lat' dir='ltr'><strong>Patres</strong></span> <span class='ocrx_word' id='word_1_630' title='bbox 2426 3327 2544 3392; x_wconf 90' lang='lat' dir='ltr'><strong>mei,</strong></span> <span class='ocrx_word' id='word_1_631' title='bbox 2573 3323 2751 3380; x_wconf 84' lang='lat' dir='ltr'><strong>utrum</strong></span> <span class='ocrx_word' id='word_1_632' title='bbox 2776 3323 3053 3379; x_wconf 82' lang='lat' dir='ltr'><strong>monachus</strong></span> <span class='ocrx_word' id='word_1_633' title='bbox 3075 3340 3187 3379; x_wconf 86' lang='lat' dir='ltr'><strong>esse</strong></span> <span class='ocrx_word' id='word_1_634' title='bbox 3214 3324 3466 3391; x_wconf 85' lang='lat' dir='ltr'><strong>cupiam;</strong></span> <span class='ocrx_word' id='word_1_635' title='bbox 3495 3338 3598 3378; x_wconf 90' lang='lat' dir='ltr'><strong>non</strong></span> <span class='ocrx_word' id='word_1_636' title='bbox 3626 3334 3811 3379; x_wconf 87' lang='lat' dir='ltr'><strong>autem</strong></span> 
     </span>
    </p>
   </div>
   <div class='ocr_carea' id='block_1_90' title="bbox 2214 3393 3811 3467">
    <p class='ocr_par' dir='ltr' id='par_1_90' title="bbox 2214 3393 3811 3467">
     <span class='ocr_line' id='line_1_90' title="bbox 2214 3393 3811 3467; baseline -0.001 -15"><span class='ocrx_word' id='word_1_637' title='bbox 2214 3413 2327 3453; x_wconf 87' lang='lat' dir='ltr'><strong>vere</strong></span> <span class='ocrx_word' id='word_1_638' title='bbox 2343 3398 2397 3452; x_wconf 88' lang='lat' dir='ltr'><strong>id</strong></span> <span class='ocrx_word' id='word_1_639' title='bbox 2410 3397 2631 3466; x_wconf 85' lang='lat' dir='ltr'><strong>faciunt.</strong></span> <span class='ocrx_word' id='word_1_640' title='bbox 2653 3396 2821 3462; x_wconf 85' lang='lat' dir='ltr'><strong>Quam</strong></span> <span class='ocrx_word' id='word_1_641' title='bbox 2836 3411 2930 3467; x_wconf 87' lang='lat' dir='ltr'><strong>ego</strong></span> <span class='ocrx_word' id='word_1_642' title='bbox 2947 3393 3125 3467; x_wconf 81' lang='lat' dir='ltr'><strong>Patris</strong></span> <span class='ocrx_word' id='word_1_643' title='bbox 3138 3394 3458 3467; x_wconf 82' lang='lat' dir='ltr'><strong>aliorumque</strong></span> <span class='ocrx_word' id='word_1_644' title='bbox 3469 3393 3811 3467; x_wconf 81' lang='lat' dir='ltr'><strong>intentionem</strong></span> 
     </span>
    </p>
   </div>
   <div class='ocr_carea' id='block_1_91' title="bbox 2213 3464 3810 3539">
    <p class='ocr_par' dir='ltr' id='par_1_91' title="bbox 2213 3464 3810 3539">
     <span class='ocr_line' id='line_1_91' title="bbox 2213 3464 3810 3539; baseline -0.001 -17"><span class='ocrx_word' id='word_1_645' title='bbox 2213 3484 2317 3522; x_wconf 88' lang='lat' dir='ltr'><strong>non</strong></span> <span class='ocrx_word' id='word_1_646' title='bbox 2348 3464 2623 3539; x_wconf 86' lang='lat' dir='ltr'><strong>ignorans,</strong></span> <span class='ocrx_word' id='word_1_647' title='bbox 2666 3464 2920 3539; x_wconf 79' lang='lat' dir='ltr'><strong>levissime</strong></span> <span class='ocrx_word' id='word_1_648' title='bbox 2960 3481 3022 3539; x_wconf 78' lang='lat' dir='ltr'><strong>ac</strong></span> <span class='ocrx_word' id='word_1_649' title='bbox 3060 3466 3172 3520; x_wconf 88' lang='lat' dir='ltr'><strong>sine</strong></span> <span class='ocrx_word' id='word_1_650' title='bbox 3209 3464 3319 3519; x_wconf 90' lang='lat' dir='ltr'><strong>ulla</strong></span> <span class='ocrx_word' id='word_1_651' title='bbox 3349 3464 3584 3519; x_wconf 84' lang='lat' dir='ltr'><strong>molestia</strong></span> <span class='ocrx_word' id='word_1_652' title='bbox 3624 3467 3810 3539; x_wconf 79' lang='lat' dir='ltr'><strong>omnia</strong></span> 
     </span>
    </p>
   </div>
   <div class='ocr_carea' id='block_1_92' title="bbox 2213 3536 3810 3609">
    <p class='ocr_par' dir='ltr' id='par_1_92' title="bbox 2213 3536 3810 3609">
     <span class='ocr_line' id='line_1_92' title="bbox 2213 3536 3810 3609; baseline -0.002 -15"><span class='ocrx_word' id='word_1_653' title='bbox 2213 3536 2387 3594; x_wconf 57' lang='lat' dir='ltr'><strong>tolero&#39;</strong></span> <span class='ocrx_word' id='word_1_654' title='bbox 2401 3555 2422 3594; x_wconf 66' lang='grc' dir='ltr'><strong><em>ε</em></strong></span> <span class='ocrx_word' id='word_1_655' title='bbox 2440 3547 2487 3592; x_wconf 89' lang='lat' dir='ltr'><strong>et</strong></span> <span class='ocrx_word' id='word_1_656' title='bbox 2506 3553 2622 3592; x_wconf 89' lang='lat' dir='ltr'><strong>ecce</strong></span> <span class='ocrx_word' id='word_1_657' title='bbox 2641 3536 2898 3591; x_wconf 86' lang='lat' dir='ltr'><strong>decimum</strong></span> <span class='ocrx_word' id='word_1_658' title='bbox 2917 3536 3155 3609; x_wconf 87' lang='lat' dir='ltr'><strong>quintum</strong></span> <span class='ocrx_word' id='word_1_659' title='bbox 3170 3540 3289 3609; x_wconf 85' lang='lat' dir='ltr'><strong>jam</strong></span> <span class='ocrx_word' id='word_1_660' title='bbox 3317 3551 3514 3609; x_wconf 77' lang='lat' dir='ltr'><strong>annum</strong></span> <span class='ocrx_word' id='word_1_661' title='bbox 3534 3552 3634 3609; x_wconf 85' lang='lat' dir='ltr'><strong>ago</strong></span> <span class='ocrx_word' id='word_1_662' title='bbox 3662 3536 3810 3591; x_wconf 86' lang='lat' dir='ltr'><strong>istud</strong></span> 
     </span>
    </p>
   </div>
   <div class='ocr_carea' id='block_1_93' title="bbox 2212 3606 3805 3680">
    <p class='ocr_par' dir='ltr' id='par_1_93' title="bbox 2212 3606 3805 3680">
     <span class='ocr_line' id='line_1_93' title="bbox 2212 3606 3805 3680; baseline -0.002 -16"><span class='ocrx_word' id='word_1_663' title='bbox 2212 3611 2465 3680; x_wconf 88' lang='lat' dir='ltr'><strong>cogitans,</strong></span> <span class='ocrx_word' id='word_1_664' title='bbox 2494 3611 2629 3680; x_wconf 86' lang='lat' dir='ltr'><strong>sicut</strong></span> <span class='ocrx_word' id='word_1_665' title='bbox 2666 3616 2713 3663; x_wconf 91' lang='lat' dir='ltr'><strong>et</strong></span> <span class='ocrx_word' id='word_1_666' title='bbox 2750 3608 2891 3680; x_wconf 81' lang='lat' dir='ltr'><strong>ipsi,</strong></span> <span class='ocrx_word' id='word_1_667' title='bbox 2923 3606 3130 3680; x_wconf 84' lang='lat' dir='ltr'><strong>quando</strong></span> <span class='ocrx_word' id='word_1_668' title='bbox 3167 3606 3540 3680; x_wconf 63' lang='lat' dir='ltr'><strong>monasterium</strong></span> <span class='ocrx_word' id='word_1_669' title='bbox 3576 3606 3805 3680; x_wconf 76' lang='lat' dir='ltr'><strong>intravi,</strong></span> 
     </span>
    </p>
   </div>
   <div class='ocr_carea' id='block_1_94' title="bbox 2213 3675 3811 3749">
    <p class='ocr_par' dir='ltr' id='par_1_94' title="bbox 2213 3675 3811 3749">
     <span class='ocr_line' id='line_1_94' title="bbox 2213 3675 3811 3749; baseline -0.001 -13"><span class='ocrx_word' id='word_1_670' title='bbox 2213 3675 2457 3736; x_wconf 54' lang='lat' dir='ltr'><strong>diierunt</strong></span> <span class='ocrx_word' id='word_1_671' title='bbox 2485 3679 2631 3745; x_wconf 82' lang='lat' dir='ltr'><strong>mihi,</strong></span> <span class='ocrx_word' id='word_1_672' title='bbox 2661 3675 2799 3749; x_wconf 85' lang='lat' dir='ltr'><strong>quod</strong></span> <span class='ocrx_word' id='word_1_673' title='bbox 2827 3675 2985 3748; x_wconf 88' lang='lat' dir='ltr'><strong>usque</strong></span> <span class='ocrx_word' id='word_1_674' title='bbox 3003 3678 3070 3732; x_wconf 88' lang='lat' dir='ltr'><strong>ad</strong></span> <span class='ocrx_word' id='word_1_675' title='bbox 3092 3694 3290 3749; x_wconf 78' lang='lat' dir='ltr'><strong>annuat</strong></span> <span class='ocrx_word' id='word_1_676' title='bbox 3334 3677 3404 3736; x_wconf 77' lang='lat'><strong>50</strong></span> <span class='ocrx_word' id='word_1_677' title='bbox 3422 3675 3811 3749; x_wconf 65' lang='lat' dir='ltr'><strong>[isnuntiantes</strong></span> 
     </span>
    </p>
   </div>
   <div class='ocr_carea' id='block_1_95' title="bbox 2211 3745 3814 3824">
    <p class='ocr_par' dir='ltr' id='par_1_95' title="bbox 2211 3745 3814 3824">
     <span class='ocr_line' id='line_1_95' title="bbox 2211 3745 3814 3824; baseline -0.001 -19"><span class='ocrx_word' id='word_1_678' title='bbox 2211 3752 2430 3824; x_wconf 80' lang='lat' dir='ltr'><strong>probare</strong></span> <span class='ocrx_word' id='word_1_679' title='bbox 2457 3745 2701 3824; x_wconf 78' lang='lat' dir='ltr'><strong>solerent.</strong></span> <span class='ocrx_word' id='word_1_680' title='bbox 2726 3749 2793 3804; x_wconf 86' lang='lat' dir='ltr'><strong>Et</strong></span> <span class='ocrx_word' id='word_1_681' title='bbox 2816 3745 2950 3803; x_wconf 83' lang='lat' dir='ltr'><strong>recte</strong></span> <span class='ocrx_word' id='word_1_682' title='bbox 2973 3749 3217 3824; x_wconf 63' lang='lat' dir='ltr'><strong>quidem,</strong></span> <span class='ocrx_word' id='word_1_683' title='bbox 3235 3745 3660 3824; x_wconf 23' lang='lat' dir='ltr'><strong>Pater_._loan‘nes,</strong></span> <span class='ocrx_word' id='word_1_684' title='bbox 3691 3746 3814 3804; x_wconf 82' lang='lat' dir='ltr'><strong>sine</strong></span> 
     </span>
    </p>
   </div>
   <div class='ocr_carea' id='block_1_96' title="bbox 2211 3817 3813 3894">
    <p class='ocr_par' dir='ltr' id='par_1_96' title="bbox 2211 3817 3813 3894">
     <span class='ocr_line' id='line_1_96' title="bbox 2211 3817 3813 3894; baseline -0.001 -19"><span class='ocrx_word' id='word_1_685' title='bbox 2211 3817 2509 3894; x_wconf 76' lang='lat' dir='ltr'><strong>probatione</strong></span> <span class='ocrx_word' id='word_1_686' title='bbox 2535 3823 2668 3877; x_wconf 90' lang='lat' dir='ltr'><strong>enim</strong></span> <span class='ocrx_word' id='word_1_687' title='bbox 2693 3817 3009 3894; x_wconf 31' lang='lat' dir='ltr'><strong>aurum‘non</strong></span> <span class='ocrx_word' id='word_1_688' title='bbox 3036 3820 3324 3889; x_wconf 80' lang='lat' dir='ltr'><strong>perﬁcitur.</strong></span> <span class='ocrx_word' id='word_1_689' title='bbox 3362 3817 3462 3874; x_wconf 87' lang='lat' dir='ltr'><strong>Hic</strong></span> <span class='ocrx_word' id='word_1_690' title='bbox 3482 3818 3642 3894; x_wconf 79' lang='lat' dir='ltr'><strong>igitur</strong></span> <span class='ocrx_word' id='word_1_691' title='bbox 3666 3835 3813 3892; x_wconf 85' lang='lat' dir='ltr'><strong>egre-</strong></span> 
     </span>
    </p>
   </div>
   <div class='ocr_carea' id='block_1_97' title="bbox 2209 3889 3813 3964">
    <p class='ocr_par' dir='ltr' id='par_1_97' title="bbox 2209 3889 3813 3964">
     <span class='ocr_line' id='line_1_97' title="bbox 2209 3889 3813 3964; baseline -0.001 -18"><span class='ocrx_word' id='word_1_692' title='bbox 2209 3889 2327 3964; x_wconf 81' lang='lat' dir='ltr'><strong>gius</strong></span> <span class='ocrx_word' id='word_1_693' title='bbox 2368 3893 2665 3964; x_wconf 72' lang='lat' dir='ltr'><strong>Abbacyrus</strong></span> <span class='ocrx_word' id='word_1_694' title='bbox 2701 3890 2935 3964; x_wconf 77' lang='lat' dir='ltr'><strong>secundo</strong></span> <span class='ocrx_word' id='word_1_695' title='bbox 2971 3906 3108 3945; x_wconf 88' lang='lat' dir='ltr'><strong>anno</strong></span> <span class='ocrx_word' id='word_1_696' title='bbox 3147 3899 3435 3964; x_wconf 58' lang='lat' dir='ltr'><strong>postquam</strong></span> <span class='ocrx_word' id='word_1_697' title='bbox 3473 3889 3813 3964; x_wconf 72' lang='lat' dir='ltr'><strong>adveneram,</strong></span> 
     </span>
    </p>
   </div>
   <div class='ocr_carea' id='block_1_98' title="bbox 2210 3957 3812 4036">
    <p class='ocr_par' dir='ltr' id='par_1_98' title="bbox 2210 3957 3812 4036">
     <span class='ocr_line' id='line_1_98' title="bbox 2210 3957 3812 4036; baseline 0.001 -21"><span class='ocrx_word' id='word_1_698' title='bbox 2210 3957 2446 4036; x_wconf 63' lang='lat' dir='ltr'><strong>migravit</strong></span> <span class='ocrx_word' id='word_1_699' title='bbox 2468 3957 2839 4036; x_wconf 40' lang='lat' dir='ltr'><strong>ad’Dominuln</strong></span> <span class='ocrx_word' id='word_1_700' title='bbox 2862 3963 2916 4036; x_wconf 83' lang='lat' dir='ltr'><strong>in</strong></span> <span class='ocrx_word' id='word_1_701' title='bbox 2935 3957 3247 4036; x_wconf 59' lang='lat' dir='ltr'><strong>monasterio</strong></span> <span class='ocrx_word' id='word_1_702' title='bbox 3266 3957 3664 4036; x_wconf 79' lang='lat' dir='ltr'><strong>_ltoc,Patn&#39;bus,</strong></span> <span class='ocrx_word' id='word_1_703' title='bbox 3687 3957 3812 4036; x_wconf 64' lang='lat' dir='ltr'><strong>qun</strong></span> 
     </span>
    </p>
   </div>
   <div class='ocr_carea' id='block_1_99' title="bbox 2211 4030 3813 4105">
    <p class='ocr_par' dir='ltr' id='par_1_99' title="bbox 2211 4030 3813 4105">
     <span class='ocr_line' id='line_1_99' title="bbox 2211 4030 3813 4105; baseline -0.002 -16"><span class='ocrx_word' id='word_1_704' title='bbox 2211 4030 2482 4105; x_wconf 74' lang='lat' dir='ltr'><strong>deficeret,</strong></span> <span class='ocrx_word' id='word_1_705' title='bbox 2515 4035 2688 4089; x_wconf 89' lang='lat' dir='ltr'><strong>dicens</strong></span> <span class='ocrx_word' id='word_1_706' title='bbox 2715 4048 2733 4087; x_wconf 90' lang='lat'><strong><em>:</em></strong></span> <span class='ocrx_word' id='word_1_707' title='bbox 2761 4030 2968 4088; x_wconf 81' lang='lat' dir='ltr'><strong>Gratias</strong></span> <span class='ocrx_word' id='word_1_708' title='bbox 2997 4048 3093 4104; x_wconf 86' lang='lat' dir='ltr'><strong>ago</strong></span> <span class='ocrx_word' id='word_1_709' title='bbox 3122 4031 3345 4087; x_wconf 87' lang='lat' dir='ltr'><strong>Domino</strong></span> <span class='ocrx_word' id='word_1_710' title='bbox 3378 4041 3463 4105; x_wconf 18' lang='lat' dir='ltr'><strong>Aet_</strong></span> <span class='ocrx_word' id='word_1_711' title='bbox 3486 4033 3626 4105; x_wconf 85' lang='lat' dir='ltr'><strong>vobis</strong></span> <span class='ocrx_word' id='word_1_712' title='bbox 3644 4072 3660 4097; x_wconf 87' lang='lat'><strong>,</strong></span> <span class='ocrx_word' id='word_1_713' title='bbox 3697 4030 3813 4105; x_wconf 67' lang='lat' dir='ltr'><strong>Pa-</strong></span> 
     </span>
    </p>
   </div>
   <div class='ocr_carea' id='block_1_100' title="bbox 2212 4103 3812 4179">
    <p class='ocr_par' dir='ltr' id='par_1_100' title="bbox 2212 4103 3812 4179">
     <span class='ocr_line' id='line_1_100' title="bbox 2212 4103 3812 4179; baseline -0.003 -18"><span class='ocrx_word' id='word_1_714' title='bbox 2212 4103 2314 4162; x_wconf 84' lang='lat' dir='ltr'><strong>tres</strong></span> <span class='ocrx_word' id='word_1_715' title='bbox 2333 4148 2349 4173; x_wconf 94' lang='lat'><strong>,</strong></span> <span class='ocrx_word' id='word_1_716' title='bbox 2376 4106 2515 4179; x_wconf 84' lang='lat' dir='ltr'><strong>quod</strong></span> <span class='ocrx_word' id='word_1_717' title='bbox 2544 4121 2625 4159; x_wconf 89' lang='lat' dir='ltr'><strong>me</strong></span> <span class='ocrx_word' id='word_1_718' title='bbox 2648 4105 2717 4179; x_wconf 85' lang='lat' dir='ltr'><strong>ad</strong></span> <span class='ocrx_word' id='word_1_719' title='bbox 2743 4105 2960 4179; x_wconf 80' lang='lat' dir='ltr'><strong>salutem</strong></span> <span class='ocrx_word' id='word_1_720' title='bbox 2986 4120 3150 4179; x_wconf 85' lang='lat' dir='ltr'><strong>meant</strong></span> <span class='ocrx_word' id='word_1_721' title='bbox 3181 4103 3415 4179; x_wconf 78' lang='lat' dir='ltr'><strong>tentastis</strong></span> <span class='ocrx_word' id='word_1_722' title='bbox 3441 4103 3636 4179; x_wconf 79' lang='lat' dir='ltr'><strong>iugiter</strong></span> <span class='ocrx_word' id='word_1_723' title='bbox 3664 4117 3684 4157; x_wconf 88' lang='lat'><strong><em>:</em></strong></span> <span class='ocrx_word' id='word_1_724' title='bbox 3704 4103 3812 4157; x_wconf 81' lang='lat' dir='ltr'><strong>hac</strong></span> 
     </span>
    </p>
   </div>
   <div class='ocr_carea' id='block_1_101' title="bbox 2207 4174 3813 4233">
    <p class='ocr_par' dir='ltr' id='par_1_101' title="bbox 2207 4174 3813 4233">
     <span class='ocr_line' id='line_1_101' title="bbox 2207 4174 3813 4233; baseline -0.002 0"><span class='ocrx_word' id='word_1_725' title='bbox 2207 4179 2346 4233; x_wconf 87' lang='lat' dir='ltr'><strong>enim</strong></span> <span class='ocrx_word' id='word_1_726' title='bbox 2370 4174 2433 4233; x_wconf 77' lang='lat' dir='ltr'><strong>ea;</strong></span> <span class='ocrx_word' id='word_1_727' title='bbox 2454 4193 2610 4230; x_wconf 89' lang='lat' dir='ltr'><strong>causa</strong></span> <span class='ocrx_word' id='word_1_728' title='bbox 2639 4175 2926 4230; x_wconf 88' lang='lat' dir='ltr'><strong>immunisa</strong></span> <span class='ocrx_word' id='word_1_729' title='bbox 2942 4177 3222 4230; x_wconf 85' lang='lat' dir='ltr'><strong>tentatione</strong></span> <span class='ocrx_word' id='word_1_730' title='bbox 3252 4174 3542 4230; x_wconf 68' lang='lat' dir='ltr'><strong>daemonum</strong></span> <span class='ocrx_word' id='word_1_731' title='bbox 3557 4176 3813 4229; x_wconf 79' lang='lat' dir='ltr'><strong>hactenus</strong></span> 
     </span>
    </p>
   </div>
   <div class='ocr_carea' id='block_1_102' title="bbox 2213 4246 2663 4305">
    <p class='ocr_par' dir='ltr' id='par_1_102' title="bbox 2213 4246 2663 4305">
     <span class='ocr_line' id='line_1_102' title="bbox 2213 4246 2663 4305; baseline -0.002 -2"><span class='ocrx_word' id='word_1_732' title='bbox 2213 4251 2404 4304; x_wconf 87' lang='lat' dir='ltr'><strong>mansi.</strong></span> <span class='ocrx_word' id='word_1_733' title='bbox 2434 4246 2526 4305; x_wconf 85' lang='lat' dir='ltr'><strong>Sic</strong></span> <span class='ocrx_word' id='word_1_734' title='bbox 2553 4248 2663 4303; x_wconf 87' lang='lat' dir='ltr'><strong>ille.</strong></span> 
     </span>
    </p>
   </div>
   <div class='ocr_carea' id='block_1_103' title="bbox 2280 4315 3810 4389">
    <p class='ocr_par' dir='ltr' id='par_1_103' title="bbox 2280 4315 3810 4389">
     <span class='ocr_line' id='line_1_103' title="bbox 2280 4315 3810 4389; baseline -0.002 -15"><span class='ocrx_word' id='word_1_735' title='bbox 2280 4316 2309 4357; x_wconf 67' lang='grc' dir='ltr'><strong>ιι</strong></span> <span class='ocrx_word' id='word_1_736' title='bbox 2353 4317 2635 4389; x_wconf 86' lang='lat' dir='ltr'><strong>Dionysius</strong></span> <span class='ocrx_word' id='word_1_737' title='bbox 2674 4317 3112 4386; x_wconf 83' lang='lat' dir='ltr'><strong>Paraphrastes:</strong></span> <span class='ocrx_word' id='word_1_738' title='bbox 3146 4316 3338 4375; x_wconf 85' lang='lat' dir='ltr'><strong>Statim</strong></span> <span class='ocrx_word' id='word_1_739' title='bbox 3375 4315 3439 4389; x_wconf 87' lang='lat' dir='ltr'><strong>de</strong></span> <span class='ocrx_word' id='word_1_740' title='bbox 3490 4318 3810 4389; x_wconf 80' lang='lat' dir='ltr'><strong>monasterio</strong></span> 
     </span>
    </p>
   </div>
   <div class='ocr_carea' id='block_1_104' title="bbox 2212 4386 3812 4463">
    <p class='ocr_par' dir='ltr' id='par_1_104' title="bbox 2212 4386 3812 4463">
     <span class='ocr_line' id='line_1_104' title="bbox 2212 4386 3812 4463; baseline -0.003 -18"><span class='ocrx_word' id='word_1_741' title='bbox 2212 4390 2373 4463; x_wconf 81' lang='lat' dir='ltr'><strong>fugiet</strong></span> <span class='ocrx_word' id='word_1_742' title='bbox 2401 4386 2673 4463; x_wconf 77' lang='lat' dir='ltr'><strong>animatus</strong></span> <span class='ocrx_word' id='word_1_743' title='bbox 2684 4390 2879 4459; x_wconf 82' lang='lat' dir='ltr'><strong>fiducia</strong></span> <span class='ocrx_word' id='word_1_744' title='bbox 2890 4404 3007 4463; x_wconf 63' lang='lat' dir='ltr'><strong>sua:</strong></span> <span class='ocrx_word' id='word_1_745' title='bbox 3034 4389 3287 4463; x_wconf 67' lang='lat' dir='ltr'><strong>pecuniae,</strong></span> <span class='ocrx_word' id='word_1_746' title='bbox 3320 4387 3455 4463; x_wconf 75' lang='lat' dir='ltr'><strong>velut</strong></span> <span class='ocrx_word' id='word_1_747' title='bbox 3488 4386 3654 4463; x_wconf 80' lang='lat' dir='ltr'><strong>funda</strong></span> <span class='ocrx_word' id='word_1_748' title='bbox 3670 4404 3812 4463; x_wconf 75' lang='lat' dir='ltr'><strong>pra-</strong></span> 
     </span>
    </p>
   </div>
   <div class='ocr_carea' id='block_1_105' title="bbox 2199 4457 3811 4533">
    <p class='ocr_par' dir='ltr' id='par_1_105' title="bbox 2199 4457 3811 4533">
     <span class='ocr_line' id='line_1_105' title="bbox 2199 4457 3811 4533; baseline -0.002 -17"><span class='ocrx_word' id='word_1_749' title='bbox 2199 4457 2390 4533; x_wconf 69' lang='lat' dir='ltr'><strong>jec&#39;tus.</strong></span> <span class='ocrx_word' id='word_1_750' title='bbox 2421 4457 2963 4533; x_wconf 54' lang='lat' dir='ltr'><strong>Sequentii&#39;cap.,Ne</strong></span> <span class='ocrx_word' id='word_1_751' title='bbox 2991 4457 3303 4533; x_wconf 76' lang='lat' dir='ltr'><strong>confidentia</strong></span> <span class='ocrx_word' id='word_1_752' title='bbox 3333 4457 3493 4533; x_wconf 80' lang='lat' dir='ltr'><strong>hujus</strong></span> <span class='ocrx_word' id='word_1_753' title='bbox 3519 4457 3811 4533; x_wconf 81' lang='lat' dir='ltr'><strong>oblationis</strong></span> 
     </span>
    </p>
   </div>
   <div class='ocr_carea' id='block_1_106' title="bbox 2209 4530 3812 4602">
    <p class='ocr_par' dir='ltr' id='par_1_106' title="bbox 2209 4530 3812 4602">
     <span class='ocr_line' id='line_1_106' title="bbox 2209 4530 3812 4602; baseline -0.002 -16"><span class='ocrx_word' id='word_1_754' title='bbox 2209 4530 2422 4602; x_wconf 78' lang='lat' dir='ltr'><strong>inﬂatus</strong></span> <span class='ocrx_word' id='word_1_755' title='bbox 2447 4574 2461 4599; x_wconf 91' lang='lat'><strong>,</strong></span> <span class='ocrx_word' id='word_1_756' title='bbox 2495 4541 2601 4588; x_wconf 89' lang='lat' dir='ltr'><strong>etc.</strong></span> <span class='ocrx_word' id='word_1_757' title='bbox 2635 4531 2806 4587; x_wconf 88' lang='lat' dir='ltr'><strong>Porro</strong></span> <span class='ocrx_word' id='word_1_758' title='bbox 2834 4532 3000 4601; x_wconf 87' lang='lat' dir='ltr'><strong>funda</strong></span> <span class='ocrx_word' id='word_1_759' title='bbox 3029 4531 3169 4602; x_wconf 84' lang='lat' dir='ltr'><strong>dicta</strong></span> <span class='ocrx_word' id='word_1_760' title='bbox 3206 4545 3266 4584; x_wconf 89' lang='lat' dir='ltr'><strong>eo</strong></span> <span class='ocrx_word' id='word_1_761' title='bbox 3293 4530 3451 4602; x_wconf 78' lang='lat' dir='ltr'><strong>quod</strong></span> <span class='ocrx_word' id='word_1_762' title='bbox 3480 4544 3554 4602; x_wconf 60' lang='lat' dir='ltr'><strong>ea</strong></span> <span class='ocrx_word' id='word_1_763' title='bbox 3589 4545 3651 4602; x_wconf 81' lang='lat' dir='ltr'><strong>ea</strong></span> <span class='ocrx_word' id='word_1_764' title='bbox 3681 4530 3812 4600; x_wconf 85' lang='lat' dir='ltr'><strong>fun-</strong></span> 
     </span>
    </p>
   </div>
   <div class='ocr_carea' id='block_1_107' title="bbox 2211 4598 3809 4668">
    <p class='ocr_par' dir='ltr' id='par_1_107' title="bbox 2211 4598 3809 4668">
     <span class='ocr_line' id='line_1_107' title="bbox 2211 4598 3809 4668; baseline -0.001 -11"><span class='ocrx_word' id='word_1_765' title='bbox 2211 4598 2404 4658; x_wconf 82' lang='lat' dir='ltr'><strong>dantur</strong></span> <span class='ocrx_word' id='word_1_766' title='bbox 2452 4598 2698 4668; x_wconf 81' lang='lat' dir='ltr'><strong>lapides,</strong></span> <span class='ocrx_word' id='word_1_767' title='bbox 2747 4598 2969 4667; x_wconf 80' lang='lat' dir='ltr'><strong>idest,</strong></span> <span class='ocrx_word' id='word_1_768' title='bbox 3020 4598 3354 4667; x_wconf 82' lang='lat' dir='ltr'><strong>emittantur,</strong></span> <span class='ocrx_word' id='word_1_769' title='bbox 3406 4600 3482 4654; x_wconf 88' lang='lat' dir='ltr'><strong>ait</strong></span> <span class='ocrx_word' id='word_1_770' title='bbox 3535 4598 3809 4656; x_wconf 83' lang='lat' dir='ltr'><strong>Isidorus.</strong></span> 
     </span>
    </p>
   </div>
   <div class='ocr_carea' id='block_1_108' title="bbox 530 4666 3808 4747">
    <p class='ocr_par' dir='ltr' id='par_1_108' title="bbox 530 4666 3808 4747">
     <span class='ocr_line' id='line_1_108' title="bbox 530 4666 3808 4747; baseline 0.002 -28"><span class='ocrx_word' id='word_1_771' title='bbox 530 4666 669 4720; x_wconf 77' lang='lat' dir='ltr'><strong>visus</strong></span> <span class='ocrx_word' id='word_1_772' title='bbox 710 4667 864 4736; x_wconf 85' lang='lat' dir='ltr'><strong>fuerit</strong></span> <span class='ocrx_word' id='word_1_773' title='bbox 902 4666 1164 4747; x_wconf 75' lang='lat' dir='ltr'><strong>patienter</strong></span> <span class='ocrx_word' id='word_1_774' title='bbox 1214 4666 1435 4739; x_wconf 74' lang='lat' dir='ltr'><strong>portare,</strong></span> <span class='ocrx_word' id='word_1_775' title='bbox 1481 4666 1830 4747; x_wconf 75' lang='lat' dir='ltr'><strong>et_persistere</strong></span> <span class='ocrx_word' id='word_1_776' title='bbox 1875 4666 2110 4747; x_wconf 67' lang='lat' dir='ltr'><strong>petitioni</strong></span> <span class='ocrx_word' id='word_1_777' title='bbox 2134 4666 2189 4728; x_wconf 88' lang='lat' dir='ltr'><strong>D</strong></span> <span class='ocrx_word' id='word_1_778' title='bbox 2214 4673 2472 4747; x_wconf 76' lang='lat' dir='ltr'><strong>(Etgmol.</strong></span> <span class='ocrx_word' id='word_1_779' title='bbox 2499 4666 2594 4747; x_wconf 80' lang='lat' dir='ltr'><strong>lib.</strong></span> <span class='ocrx_word' id='word_1_780' title='bbox 2619 4666 3563 4747; x_wconf 26' lang='lat' dir='ltr'><strong>xv&#39;tt‘tc513.)Instrumentutnsatis</strong></span> <span class='ocrx_word' id='word_1_781' title='bbox 3589 4679 3808 4747; x_wconf 77' lang='lat' dir='ltr'><strong>notum,</strong></span> 
     </span>
    </p>
   </div>
   <div class='ocr_carea' id='block_1_109' title="bbox 530 4740 2103 4816">
    <p class='ocr_par' dir='ltr' id='par_1_109' title="bbox 530 4740 2103 4816">
     <span class='ocr_line' id='line_1_109' title="bbox 530 4740 2103 4816; baseline 0.006 -25"><span class='ocrx_word' id='word_1_782' title='bbox 530 4752 656 4816; x_wconf 50' lang='lat' dir='ltr'><strong>sate,</strong></span> <span class='ocrx_word' id='word_1_783' title='bbox 686 4748 947 4816; x_wconf 81' lang='lat' dir='ltr'><strong>annuatur</strong></span> <span class='ocrx_word' id='word_1_784' title='bbox 970 4740 1019 4794; x_wconf 88' lang='lat' dir='ltr'><strong>ei</strong></span> <span class='ocrx_word' id='word_1_785' title='bbox 1038 4741 1298 4816; x_wconf 73' lang='lat' dir='ltr'><strong>ingressus</strong></span> <span class='ocrx_word' id='word_1_786' title='bbox 1314 4782 1329 4807; x_wconf 97' lang='lat'><strong>,</strong></span> <span class='ocrx_word' id='word_1_787' title='bbox 1355 4751 1465 4816; x_wconf 82' lang='lat' dir='ltr'><strong>etc.</strong></span> <span class='ocrx_word' id='word_1_788' title='bbox 1494 4740 1601 4811; x_wconf 80' lang='lat' dir='ltr'><strong>(Ea:</strong></span> <span class='ocrx_word' id='word_1_789' title='bbox 1619 4740 2103 4816; x_wconf 73' lang='lat' dir='ltr'><strong>versioneRu/ini).</strong></span> 
     </span>
    </p>
   </div>
   <div class='ocr_carea' id='block_1_110' title="bbox 529 4805 2103 4881">
    <p class='ocr_par' dir='ltr' id='par_1_110' title="bbox 529 4805 2103 4881">
     <span class='ocr_line' id='line_1_110' title="bbox 529 4805 2103 4881; baseline 0.007 -19"><span class='ocrx_word' id='word_1_790' title='bbox 529 4805 598 4862; x_wconf 90' lang='lat' dir='ltr'><strong>Et</strong></span> <span class='ocrx_word' id='word_1_791' title='bbox 624 4809 779 4876; x_wconf 79' lang='lat' dir='ltr'><strong>intra,</strong></span> <span class='ocrx_word' id='word_1_792' title='bbox 807 4820 1036 4878; x_wconf 85' lang='lat' dir='ltr'><strong>quatuor</strong></span> <span class='ocrx_word' id='word_1_793' title='bbox 1054 4805 1393 4868; x_wconf 74' lang='lat' dir='ltr'><strong>conditiones</strong></span> <span class='ocrx_word' id='word_1_794' title='bbox 1422 4812 1477 4869; x_wconf 92' lang='lat' dir='ltr'><strong>in</strong></span> <span class='ocrx_word' id='word_1_795' title='bbox 1503 4805 1717 4868; x_wconf 77' lang='lat' dir='ltr'><strong>novitio</strong></span> <span class='ocrx_word' id='word_1_796' title='bbox 1743 4805 2103 4881; x_wconf 58' lang='lat' dir='ltr'><strong>explorandis</strong></span> 
     </span>
    </p>
   </div>
   <div class='ocr_carea' id='block_1_111' title="bbox 528 4881 2105 4949">
    <p class='ocr_par' dir='ltr' id='par_1_111' title="bbox 528 4881 2105 4949">
     <span class='ocr_line' id='line_1_111' title="bbox 528 4881 2105 4949; baseline 0.006 -17"><span class='ocrx_word' id='word_1_797' title='bbox 528 4881 782 4949; x_wconf 83' lang='lat' dir='ltr'><strong>requirit,</strong></span> <span class='ocrx_word' id='word_1_798' title='bbox 818 4883 870 4937; x_wconf 82' lang='lat' dir='ltr'><strong>l.</strong></span> <span class='ocrx_word' id='word_1_799' title='bbox 904 4882 949 4936; x_wconf 90' lang='lat' dir='ltr'><strong>si</strong></span> <span class='ocrx_word' id='word_1_800' title='bbox 978 4898 1152 4937; x_wconf 86' lang='lat' dir='ltr'><strong>revera</strong></span> <span class='ocrx_word' id='word_1_801' title='bbox 1169 4881 1334 4936; x_wconf 86' lang='lat' dir='ltr'><strong>Deum</strong></span> <span class='ocrx_word' id='word_1_802' title='bbox 1353 4884 1533 4949; x_wconf 62' lang='lat' dir='ltr'><strong>quarrit</strong></span> <span class='ocrx_word' id='word_1_803' title='bbox 1549 4900 1568 4949; x_wconf 84' lang='lat'><strong><em>;</em></strong></span> <span class='ocrx_word' id='word_1_804' title='bbox 1591 4883 1647 4938; x_wconf 79' lang='lat'><strong>2.</strong></span> <span class='ocrx_word' id='word_1_805' title='bbox 1678 4885 1723 4939; x_wconf 92' lang='lat' dir='ltr'><strong>si</strong></span> <span class='ocrx_word' id='word_1_806' title='bbox 1749 4885 1999 4941; x_wconf 88' lang='lat' dir='ltr'><strong>sollicitus</strong></span> <span class='ocrx_word' id='word_1_807' title='bbox 2027 4895 2105 4943; x_wconf 89' lang='lat' dir='ltr'><strong>est</strong></span> 
     </span>
    </p>
   </div>
   <div class='ocr_carea' id='block_1_112' title="bbox 528 4948 2102 5025">
    <p class='ocr_par' dir='ltr' id='par_1_112' title="bbox 528 4948 2102 5025">
     <span class='ocr_line' id='line_1_112' title="bbox 528 4948 2102 5025; baseline 0.008 -24"><span class='ocrx_word' id='word_1_808' title='bbox 528 4948 599 5025; x_wconf 78' lang='lat' dir='ltr'><strong>ad</strong></span> <span class='ocrx_word' id='word_1_809' title='bbox 614 4948 752 5021; x_wconf 80' lang='lat' dir='ltr'><strong>opus</strong></span> <span class='ocrx_word' id='word_1_810' title='bbox 786 4951 879 5025; x_wconf 85' lang='lat' dir='ltr'><strong>Dei</strong></span> <span class='ocrx_word' id='word_1_811' title='bbox 910 4954 1088 5025; x_wconf 87' lang='lat' dir='ltr'><strong>(quod</strong></span> <span class='ocrx_word' id='word_1_812' title='bbox 1119 4955 1339 5023; x_wconf 84' lang='lat' dir='ltr'><strong>exponit</strong></span> <span class='ocrx_word' id='word_1_813' title='bbox 1365 4948 1810 5025; x_wconf 71' lang='lat' dir='ltr'><strong>Turrecrematus</strong></span> <span class='ocrx_word' id='word_1_814' title='bbox 1829 4996 1844 5022; x_wconf 91' lang='lat'><strong>,</strong></span> <span class='ocrx_word' id='word_1_815' title='bbox 1876 4957 1945 5012; x_wconf 88' lang='lat' dir='ltr'><strong>ad</strong></span> <span class='ocrx_word' id='word_1_816' title='bbox 1980 4971 2102 5025; x_wconf 75' lang='lat' dir='ltr'><strong>ors-</strong></span> 
     </span>
    </p>
   </div>
   <div class='ocr_carea' id='block_1_113' title="bbox 528 5020 2106 5110">
    <p class='ocr_par' dir='ltr' id='par_1_113' title="bbox 528 5020 2106 5110">
     <span class='ocr_line' id='line_1_113' title="bbox 528 5020 2106 5110; baseline 0.006 -37"><span class='ocrx_word' id='word_1_817' title='bbox 528 5020 1247 5110; x_wconf 29' lang='lat' dir='ltr'><strong>tionem,“ad.‘lectionetii,</strong></span> <span class='ocrx_word' id='word_1_818' title='bbox 1305 5024 1383 5110; x_wconf 63' lang='lat' dir='ltr'><strong>ad</strong></span> <span class='ocrx_word' id='word_1_819' title='bbox 1428 5020 2019 5110; x_wconf 44' lang='lat' dir='ltr'><strong>mediiationetn);._5.&#39;</strong></span> <span class='ocrx_word' id='word_1_820' title='bbox 2055 5030 2106 5110; x_wconf 81' lang='lat' dir='ltr'><strong>si</strong></span> 
     </span>
    </p>
   </div>
   <div class='ocr_carea' id='block_1_114' title="bbox 528 5092 2107 5165">
    <p class='ocr_par' dir='ltr' id='par_1_114' title="bbox 528 5092 2107 5165">
     <span class='ocr_line' id='line_1_114' title="bbox 528 5092 2107 5165; baseline 0.007 -21"><span class='ocrx_word' id='word_1_821' title='bbox 528 5092 598 5145; x_wconf 90' lang='lat' dir='ltr'><strong>ad</strong></span> <span class='ocrx_word' id='word_1_822' title='bbox 652 5092 1023 5163; x_wconf 88' lang='lat' dir='ltr'><strong>obedientiam,</strong></span> <span class='ocrx_word' id='word_1_823' title='bbox 1087 5095 1414 5165; x_wconf 79' lang='lat' dir='ltr'><strong>implendam</strong></span> <span class='ocrx_word' id='word_1_824' title='bbox 1481 5098 1689 5153; x_wconf 91' lang='lat' dir='ltr'><strong>scilicet</strong></span> <span class='ocrx_word' id='word_1_825' title='bbox 1739 5092 2003 5153; x_wconf 85' lang='lat' dir='ltr'><strong>sollicitus</strong></span> <span class='ocrx_word' id='word_1_826' title='bbox 2051 5107 2107 5155; x_wconf 90' lang='lat' dir='ltr'><strong>et</strong></span> 
     </span>
    </p>
   </div>
   <div class='ocr_carea' id='block_1_115' title="bbox 526 5165 2103 5238">
    <p class='ocr_par' dir='ltr' id='par_1_115' title="bbox 526 5165 2103 5238">
     <span class='ocr_line' id='line_1_115' title="bbox 526 5165 2103 5238; baseline 0.008 -24"><span class='ocrx_word' id='word_1_827' title='bbox 526 5173 836 5238; x_wconf 79' lang='lat' dir='ltr'><strong>promptus;</strong></span> <span class='ocrx_word' id='word_1_828' title='bbox 863 5165 917 5221; x_wconf 76' lang='lat'><strong>4.</strong></span> <span class='ocrx_word' id='word_1_829' title='bbox 946 5166 993 5238; x_wconf 82' lang='lat' dir='ltr'><strong>si</strong></span> <span class='ocrx_word' id='word_1_830' title='bbox 1021 5165 1089 5219; x_wconf 91' lang='lat' dir='ltr'><strong>ad</strong></span> <span class='ocrx_word' id='word_1_831' title='bbox 1125 5167 1433 5237; x_wconf 86' lang='lat' dir='ltr'><strong>approbria,</strong></span> <span class='ocrx_word' id='word_1_832' title='bbox 1469 5166 1524 5222; x_wconf 91' lang='lat' dir='ltr'><strong>id</strong></span> <span class='ocrx_word' id='word_1_833' title='bbox 1561 5180 1674 5234; x_wconf 85' lang='lat' dir='ltr'><strong>est,</strong></span> <span class='ocrx_word' id='word_1_834' title='bbox 1703 5168 2103 5238; x_wconf 88' lang='lat' dir='ltr'><strong>increpationes</strong></span> 
     </span>
    </p>
   </div>
   <div class='ocr_carea' id='block_1_116' title="bbox 527 5233 2105 5308">
    <p class='ocr_par' dir='ltr' id='par_1_116' title="bbox 527 5233 2105 5308">
     <span class='ocr_line' id='line_1_116' title="bbox 527 5233 2105 5308; baseline 0.005 -22"><span class='ocrx_word' id='word_1_835' title='bbox 527 5233 697 5308; x_wconf 79' lang='lat' dir='ltr'><strong>duras</strong></span> <span class='ocrx_word' id='word_1_836' title='bbox 725 5233 1046 5308; x_wconf 86' lang='lat' dir='ltr'><strong>tolerandas</strong></span> <span class='ocrx_word' id='word_1_837' title='bbox 1062 5233 1355 5308; x_wconf 71' lang='lat' dir='ltr'><strong>patienter,</strong></span> <span class='ocrx_word' id='word_1_838' title='bbox 1378 5233 1523 5308; x_wconf 85' lang='lat' dir='ltr'><strong>quod</strong></span> <span class='ocrx_word' id='word_1_839' title='bbox 1550 5233 1800 5308; x_wconf 85' lang='lat' dir='ltr'><strong>superius</strong></span> <span class='ocrx_word' id='word_1_840' title='bbox 1828 5233 1999 5293; x_wconf 79' lang='lat' dir='ltr'><strong>dixit:</strong></span> <span class='ocrx_word' id='word_1_841' title='bbox 2025 5240 2105 5294; x_wconf 81' lang='lat' dir='ltr'><strong>Ad</strong></span> 
     </span>
    </p>
   </div>
   <div class='ocr_carea' id='block_1_117' title="bbox 490 5304 2099 5401">
    <p class='ocr_par' dir='ltr' id='par_1_117' title="bbox 490 5304 2099 5401">
     <span class='ocr_line' id='line_1_117' title="bbox 490 5304 2099 5401; baseline 0 0"><span class='ocrx_word' id='word_1_842' title='bbox 490 5304 701 5401; x_wconf 61' lang='lat'><strong>1395532</strong></span> <span class='ocrx_word' id='word_1_843' title='bbox 730 5307 976 5401; x_wconf 56' lang='grc' dir='ltr'><strong>ίνξίξνξαξ-</strong></span> <span class='ocrx_word' id='word_1_844' title='bbox 1008 5304 1577 5401; x_wconf 54' lang='grc' dir='ltr'><strong>Ἠξξίἓυντβετέτειέξιξε</strong></span> <span class='ocrx_word' id='word_1_845' title='bbox 1595 5304 2099 5401; x_wconf 47' lang='lat' dir='ltr'><strong>statueretur:</strong></span> 
     </span>
    </p>
   </div>
   <div class='ocr_carea' id='block_1_118' title="bbox 524 5374 2105 5451">
    <p class='ocr_par' dir='ltr' id='par_1_118' title="bbox 524 5374 2105 5451">
     <span class='ocr_line' id='line_1_118' title="bbox 524 5374 2105 5451; baseline 0.003 -21"><span class='ocrx_word' id='word_1_846' title='bbox 524 5374 890 5451; x_wconf 64' lang='lat' dir='ltr'><strong>inquit,.q&#39;uod</strong></span> <span class='ocrx_word' id='word_1_847' title='bbox 919 5379 1288 5449; x_wconf 86' lang='lat' dir='ltr'><strong>stpitalarius</strong></span> <span class='ocrx_word' id='word_1_848' title='bbox 1316 5380 1635 5446; x_wconf 87' lang='lat' dir='ltr'><strong>probationis</strong></span> <span class='ocrx_word' id='word_1_849' title='bbox 1661 5396 1838 5448; x_wconf 88' lang='lat' dir='ltr'><strong>causa,</strong></span> <span class='ocrx_word' id='word_1_850' title='bbox 1867 5389 2029 5451; x_wconf 87' lang='lat' dir='ltr'><strong>potest</strong></span> <span class='ocrx_word' id='word_1_851' title='bbox 2058 5374 2105 5435; x_wconf 82' lang='lat' dir='ltr'><strong>ei</strong></span> 
     </span>
    </p>
   </div>
   <div class='ocr_carea' id='block_1_119' title="bbox 525 5449 2105 5527">
    <p class='ocr_par' dir='ltr' id='par_1_119' title="bbox 525 5449 2105 5527">
     <span class='ocr_line' id='line_1_119' title="bbox 525 5449 2105 5527; baseline 0.003 -28"><span class='ocrx_word' id='word_1_852' title='bbox 525 5449 614 5527; x_wconf 85' lang='lat' dir='ltr'><strong>qui</strong></span> <span class='ocrx_word' id='word_1_853' title='bbox 640 5450 804 5527; x_wconf 30' lang='lat' dir='ltr'><strong>recipi.</strong></span> <span class='ocrx_word' id='word_1_854' title='bbox 829 5452 953 5519; x_wconf 90' lang='lat' dir='ltr'><strong>petit</strong></span> <span class='ocrx_word' id='word_1_855' title='bbox 982 5451 1153 5504; x_wconf 86' lang='lat' dir='ltr'><strong>dicere</strong></span> <span class='ocrx_word' id='word_1_856' title='bbox 1177 5452 1353 5519; x_wconf 87' lang='lat' dir='ltr'><strong>aliqua</strong></span> <span class='ocrx_word' id='word_1_857' title='bbox 1381 5451 1553 5516; x_wconf 89' lang='lat' dir='ltr'><strong>verba,</strong></span> <span class='ocrx_word' id='word_1_858' title='bbox 1579 5466 1695 5522; x_wconf 73' lang='lat' dir='ltr'><strong>qua:</strong></span> <span class='ocrx_word' id='word_1_859' title='bbox 1721 5449 2105 5520; x_wconf 79' lang='lat' dir='ltr'><strong>impatientiam</strong></span> 
     </span>
    </p>
   </div>
   <div class='ocr_carea' id='block_1_120' title="bbox 525 5520 2103 5591">
    <p class='ocr_par' dir='ltr' id='par_1_120' title="bbox 525 5520 2103 5591">
     <span class='ocr_line' id='line_1_120' title="bbox 525 5520 2103 5591; baseline 0.004 -21"><span class='ocrx_word' id='word_1_860' title='bbox 525 5520 726 5591; x_wconf 84' lang='lat' dir='ltr'><strong>animos</strong></span> <span class='ocrx_word' id='word_1_861' title='bbox 759 5520 861 5591; x_wconf 88' lang='lat' dir='ltr'><strong>cito</strong></span> <span class='ocrx_word' id='word_1_862' title='bbox 890 5530 1096 5591; x_wconf 87' lang='lat' dir='ltr'><strong>possent</strong></span> <span class='ocrx_word' id='word_1_863' title='bbox 1130 5536 1409 5590; x_wconf 88' lang='lat' dir='ltr'><strong>provocare</strong></span> <span class='ocrx_word' id='word_1_864' title='bbox 1439 5532 1483 5575; x_wconf 90' lang='lat' dir='ltr'><strong>et</strong></span> <span class='ocrx_word' id='word_1_865' title='bbox 1509 5520 1859 5586; x_wconf 82' lang='lat' dir='ltr'><strong>commovere;</strong></span> <span class='ocrx_word' id='word_1_866' title='bbox 1887 5531 2062 5590; x_wconf 87' lang='lat' dir='ltr'><strong>utpote</strong></span> <span class='ocrx_word' id='word_1_867' title='bbox 2084 5538 2103 5577; x_wconf 90' lang='lat'><strong><em>:</em></strong></span> 
     </span>
    </p>
   </div>
   <div class='ocr_carea' id='block_1_121' title="bbox 525 5586 2106 5660">
    <p class='ocr_par' dir='ltr' id='par_1_121' title="bbox 525 5586 2106 5660">
     <span class='ocr_line' id='line_1_121' title="bbox 525 5586 2106 5660; baseline 0.006 -22"><span class='ocrx_word' id='word_1_868' title='bbox 525 5586 711 5657; x_wconf 85' lang='lat' dir='ltr'><strong>frater,</strong></span> <span class='ocrx_word' id='word_1_869' title='bbox 738 5590 863 5660; x_wconf 80' lang='lat' dir='ltr'><strong>quid</strong></span> <span class='ocrx_word' id='word_1_870' title='bbox 889 5586 1097 5658; x_wconf 74' lang='lat' dir='ltr'><strong>scimus,</strong></span> <span class='ocrx_word' id='word_1_871' title='bbox 1128 5586 1197 5647; x_wconf 81' lang='lat' dir='ltr'><strong>an</strong></span> <span class='ocrx_word' id='word_1_872' title='bbox 1227 5602 1284 5645; x_wconf 87' lang='lat' dir='ltr'><strong>tu</strong></span> <span class='ocrx_word' id='word_1_873' title='bbox 1315 5596 1384 5645; x_wconf 68' lang='grc' dir='ltr'><strong>εέο</strong></span> <span class='ocrx_word' id='word_1_874' title='bbox 1426 5593 1623 5647; x_wconf 83' lang='lat' dir='ltr'><strong>servilis</strong></span> <span class='ocrx_word' id='word_1_875' title='bbox 1652 5586 2009 5647; x_wconf 78' lang='lat' dir='ltr'><strong>conditionis?</strong></span> <span class='ocrx_word' id='word_1_876' title='bbox 2036 5609 2106 5647; x_wconf 88' lang='lat' dir='ltr'><strong>an</strong></span> 
     </span>
    </p>
   </div>
   <div class='ocr_carea' id='block_1_122' title="bbox 526 5658 2105 5735">
    <p class='ocr_par' dir='ltr' id='par_1_122' title="bbox 526 5658 2105 5735">
     <span class='ocr_line' id='line_1_122' title="bbox 526 5658 2105 5735; baseline 0.005 -25"><span class='ocrx_word' id='word_1_877' title='bbox 526 5658 759 5729; x_wconf 86' lang='lat' dir='ltr'><strong>apostata</strong></span> <span class='ocrx_word' id='word_1_878' title='bbox 786 5658 1002 5735; x_wconf 84' lang='lat' dir='ltr'><strong>alterius</strong></span> <span class='ocrx_word' id='word_1_879' title='bbox 1032 5664 1299 5735; x_wconf 86' lang='lat' dir='ltr'><strong>religionis</strong></span> <span class='ocrx_word' id='word_1_880' title='bbox 1320 5664 1346 5718; x_wconf 86' lang='lat'><strong><em>?</em></strong></span> <span class='ocrx_word' id='word_1_881' title='bbox 1374 5679 1444 5718; x_wconf 89' lang='lat' dir='ltr'><strong>an</strong></span> <span class='ocrx_word' id='word_1_882' title='bbox 1482 5662 1843 5728; x_wconf 88' lang='lat' dir='ltr'><strong>latrocinium,</strong></span> <span class='ocrx_word' id='word_1_883' title='bbox 1870 5664 1974 5716; x_wconf 90' lang='lat' dir='ltr'><strong>sive</strong></span> <span class='ocrx_word' id='word_1_884' title='bbox 1995 5663 2105 5734; x_wconf 86' lang='lat' dir='ltr'><strong>fur-</strong></span> 
     </span>
    </p>
   </div>
   <div class='ocr_carea' id='block_1_123' title="bbox 525 5733 2106 5807">
    <p class='ocr_par' dir='ltr' id='par_1_123' title="bbox 525 5733 2106 5807">
     <span class='ocr_line' id='line_1_123' title="bbox 525 5733 2106 5807; baseline 0.006 -27"><span class='ocrx_word' id='word_1_885' title='bbox 525 5738 633 5807; x_wconf 57' lang='lat' dir='ltr'><strong>iam</strong></span> <span class='ocrx_word' id='word_1_886' title='bbox 674 5733 1006 5807; x_wconf 82' lang='lat' dir='ltr'><strong>commiseris,</strong></span> <span class='ocrx_word' id='word_1_887' title='bbox 1039 5744 1086 5789; x_wconf 90' lang='lat' dir='ltr'><strong>et</strong></span> <span class='ocrx_word' id='word_1_888' title='bbox 1134 5733 1317 5791; x_wconf 82' lang='lat' dir='ltr'><strong>timore</strong></span> <span class='ocrx_word' id='word_1_889' title='bbox 1362 5735 1431 5790; x_wconf 84' lang='lat' dir='ltr'><strong>ad</strong></span> <span class='ocrx_word' id='word_1_890' title='bbox 1476 5750 1570 5790; x_wconf 86' lang='lat' dir='ltr'><strong>nos</strong></span> <span class='ocrx_word' id='word_1_891' title='bbox 1612 5750 1751 5788; x_wconf 85' lang='lat' dir='ltr'><strong>nunc</strong></span> <span class='ocrx_word' id='word_1_892' title='bbox 1796 5734 2106 5807; x_wconf 85' lang='lat' dir='ltr'><strong>confugias?</strong></span> 
     </span>
    </p>
   </div>
   <div class='ocr_carea' id='block_1_124' title="bbox 524 5797 2106 5878">
    <p class='ocr_par' dir='ltr' id='par_1_124' title="bbox 524 5797 2106 5878">
     <span class='ocr_line' id='line_1_124' title="bbox 524 5797 2106 5878; baseline 0.005 -25"><span class='ocrx_word' id='word_1_893' title='bbox 524 5797 790 5878; x_wconf 73' lang='lat' dir='ltr'><strong>Praeterea</strong></span> <span class='ocrx_word' id='word_1_894' title='bbox 819 5797 1112 5878; x_wconf 85' lang='lat' dir='ltr'><strong>dubitamus</strong></span> <span class='ocrx_word' id='word_1_895' title='bbox 1131 5807 1268 5878; x_wconf 86' lang='lat' dir='ltr'><strong>quod</strong></span> <span class='ocrx_word' id='word_1_896' title='bbox 1294 5822 1452 5876; x_wconf 89' lang='lat' dir='ltr'><strong>parva</strong></span> <span class='ocrx_word' id='word_1_897' title='bbox 1471 5807 1681 5862; x_wconf 88' lang='lat' dir='ltr'><strong>tentatio</strong></span> <span class='ocrx_word' id='word_1_898' title='bbox 1711 5814 1759 5878; x_wconf 88' lang='lat' dir='ltr'><strong>te</strong></span> <span class='ocrx_word' id='word_1_899' title='bbox 1783 5797 2106 5878; x_wconf 28' lang='lat' dir='ltr'><strong>ciloidc&#39;jt&#39;ct&#39;el</strong></span> 
     </span>
    </p>
   </div>
   <div class='ocr_carea' id='block_1_125' title="bbox 526 5875 2107 5955">
    <p class='ocr_par' dir='ltr' id='par_1_125' title="bbox 526 5875 2107 5955">
     <span class='ocr_line' id='line_1_125' title="bbox 526 5875 2107 5955; baseline 0.009 -31"><span class='ocrx_word' id='word_1_900' title='bbox 526 5875 826 5951; x_wconf 78' lang='lat' dir='ltr'><strong>aproposito</strong></span> <span class='ocrx_word' id='word_1_901' title='bbox 847 5876 984 5950; x_wconf 80' lang='lat' dir='ltr'><strong>quod</strong></span> <span class='ocrx_word' id='word_1_902' title='bbox 1004 5875 1345 5941; x_wconf 76' lang='lat' dir='ltr'><strong>nuncvideris</strong></span> <span class='ocrx_word' id='word_1_903' title='bbox 1368 5877 1572 5939; x_wconf 83' lang='lat' dir='ltr'><strong>habere.</strong></span> <span class='ocrx_word' id='word_1_904' title='bbox 1591 5887 1639 5935; x_wconf 88' lang='lat' dir='ltr'><strong>et</strong></span> <span class='ocrx_word' id='word_1_905' title='bbox 1659 5877 1794 5936; x_wconf 84' lang='lat' dir='ltr'><strong>velut</strong></span> <span class='ocrx_word' id='word_1_906' title='bbox 1814 5877 1937 5937; x_wconf 87' lang='lat' dir='ltr'><strong>levis</strong></span> <span class='ocrx_word' id='word_1_907' title='bbox 1957 5875 2107 5955; x_wconf 77' lang='lat' dir='ltr'><strong>palea</strong></span> 
     </span>
    </p>
   </div>
   <div class='ocr_carea' id='block_1_126' title="bbox 2212 4740 3811 4810">
    <p class='ocr_par' dir='ltr' id='par_1_126' title="bbox 2212 4740 3811 4810">
     <span class='ocr_line' id='line_1_126' title="bbox 2212 4740 3811 4810; baseline -0.002 -9"><span class='ocrx_word' id='word_1_908' title='bbox 2212 4740 2282 4801; x_wconf 77' lang='lat' dir='ltr'><strong>ex</strong></span> <span class='ocrx_word' id='word_1_909' title='bbox 2306 4740 2548 4801; x_wconf 84' lang='lat' dir='ltr'><strong>funiculo</strong></span> <span class='ocrx_word' id='word_1_910' title='bbox 2578 4753 2668 4797; x_wconf 91' lang='lat' dir='ltr'><strong>aut</strong></span> <span class='ocrx_word' id='word_1_911' title='bbox 2717 4740 2959 4801; x_wconf 76' lang='lat' dir='ltr'><strong>fasciola</strong></span> <span class='ocrx_word' id='word_1_912' title='bbox 2981 4740 3312 4810; x_wconf 89' lang='lat' dir='ltr'><strong>confectum,</strong></span> <span class='ocrx_word' id='word_1_913' title='bbox 3357 4740 3425 4796; x_wconf 89' lang='lat' dir='ltr'><strong>ad</strong></span> <span class='ocrx_word' id='word_1_914' title='bbox 3459 4740 3719 4796; x_wconf 86' lang='lat' dir='ltr'><strong>rotandos</strong></span> <span class='ocrx_word' id='word_1_915' title='bbox 3748 4750 3811 4799; x_wconf 76' lang='lat' dir='ltr'><strong>et</strong></span> 
     </span>
    </p>
   </div>
   <div class='ocr_carea' id='block_1_127' title="bbox 2206 4810 3810 4956">
    <p class='ocr_par' dir='ltr' id='par_1_127' title="bbox 2206 4810 3810 4956">
     <span class='ocr_line' id='line_1_127' title="bbox 2206 4810 3810 4886; baseline -0.001 -17"><span class='ocrx_word' id='word_1_916' title='bbox 2206 4816 2491 4886; x_wconf 88' lang='lat' dir='ltr'><strong>jactandos</strong></span> <span class='ocrx_word' id='word_1_917' title='bbox 2520 4812 2730 4882; x_wconf 90' lang='lat' dir='ltr'><strong>lapides</strong></span> <span class='ocrx_word' id='word_1_918' title='bbox 2758 4828 2907 4884; x_wconf 89' lang='lat' dir='ltr'><strong>:quo</strong></span> <span class='ocrx_word' id='word_1_919' title='bbox 2935 4812 3105 4869; x_wconf 87' lang='lat' dir='ltr'><strong>David</strong></span> <span class='ocrx_word' id='word_1_920' title='bbox 3133 4812 3427 4884; x_wconf 86' lang='lat' dir='ltr'><strong>superbum</strong></span> <span class='ocrx_word' id='word_1_921' title='bbox 3442 4810 3649 4877; x_wconf 77' lang='lat' dir='ltr'><strong>Goliam</strong></span> <span class='ocrx_word' id='word_1_922' title='bbox 3673 4826 3810 4883; x_wconf 77' lang='lat' dir='ltr'><strong>pro-</strong></span> 
     </span>
     <span class='ocr_line' id='line_1_128' title="bbox 2208 4884 3802 4956; baseline -0.01 -13"><span class='ocrx_word' id='word_1_923' title='bbox 2208 4888 2398 4956; x_wconf 79' lang='lat' dir='ltr'><strong>stravit</strong></span> <span class='ocrx_word' id='word_1_924' title='bbox 2428 4886 2478 4955; x_wconf 89' lang='grc' dir='ltr'><strong>(Ι</strong></span> <span class='ocrx_word' id='word_1_925' title='bbox 2506 4884 2638 4955; x_wconf 86' lang='lat' dir='ltr'><strong>Reg.</strong></span> <span class='ocrx_word' id='word_1_926' title='bbox 2656 4886 2861 4956; x_wconf 39' lang='lat' dir='ltr'><strong>sint),</strong></span> <span class='ocrx_word' id='word_1_927' title='bbox 2992 4954 3003 4956; x_wconf 72' lang='lat'><strong><em>_</em></strong></span> <span class='ocrx_word' id='word_1_928' title='bbox 3264 4952 3280 4956; x_wconf 90' lang='lat'><strong>_</strong></span> <span class='ocrx_word' id='word_1_929' title='bbox 3308 4954 3317 4956; x_wconf 69' lang='lat'><strong><em>_</em></strong></span> <span class='ocrx_word' id='word_1_930' title='bbox 3448 4952 3477 4956; x_wconf 78' lang='lat'><strong><em>_</em></strong></span> <span class='ocrx_word' id='word_1_931' title='bbox 3555 4952 3571 4956; x_wconf 79' lang='lat'><strong>_</strong></span> <span class='ocrx_word' id='word_1_932' title='bbox 3690 4951 3703 4956; x_wconf 81' lang='lat'><strong>_</strong></span> <span class='ocrx_word' id='word_1_933' title='bbox 3790 4954 3802 4956; x_wconf 11' lang='grc' dir='ltr'><em>ᾗ</em></span> 
     </span>
    </p>
   </div>
   <div class='ocr_carea' id='block_1_128' title="bbox 2208 4888 2833 4943">
    <p class='ocr_par' dir='ltr' id='par_1_128' title="bbox 2208 4888 2833 4943">
     <span class='ocr_line' id='line_1_129' title="bbox 2208 4888 2833 4943; baseline -0.008 0"><span class='ocrx_word' id='word_1_934' title='bbox 2208 4888 2398 4943; x_wconf 76' lang='lat' dir='ltr'><strong>Stravit</strong></span> <span class='ocrx_word' id='word_1_935' title='bbox 2428 4888 2447 4943; x_wconf 94' lang='lat'><em>(</em></span> <span class='ocrx_word' id='word_1_936' title='bbox 2461 4888 2478 4940; x_wconf 95' lang='lat' dir='ltr'><strong>l</strong></span> <span class='ocrx_word' id='word_1_937' title='bbox 2506 4888 2638 4943; x_wconf 84' lang='lat' dir='ltr'><strong>Rea.</strong></span> <span class='ocrx_word' id='word_1_938' title='bbox 2671 4900 2778 4940; x_wconf 83' lang='lat' dir='ltr'><strong>xvu</strong></span> <span class='ocrx_word' id='word_1_939' title='bbox 2792 4888 2833 4943; x_wconf 91' lang='lat'><strong>).</strong></span> 
     </span>
    </p>
   </div>
   <div class='ocr_carea' id='block_1_129' title="bbox 2283 4901 3811 5027">
    <p class='ocr_par' dir='ltr' id='par_1_129' title="bbox 2283 4901 3811 5027">
     <span class='ocr_line' id='line_1_130' title="bbox 2283 4901 2833 4956; baseline -0.004 -16"><span class='ocrx_word' id='word_1_940' title='bbox 2283 4901 2398 4941; x_wconf 78' lang='lat' dir='ltr'><strong>avnt</strong></span> <span class='ocrx_word' id='word_1_941' title='bbox 2428 4901 2478 4955; x_wconf 85' lang='grc' dir='ltr'><strong>(ι</strong></span> <span class='ocrx_word' id='word_1_942' title='bbox 2506 4901 2638 4955; x_wconf 76' lang='lat' dir='ltr'><strong>neg.</strong></span> <span class='ocrx_word' id='word_1_943' title='bbox 2671 4901 2833 4956; x_wconf 75' lang='lat' dir='ltr'><strong>xvu).</strong></span> 
     </span>
     <span class='ocr_line' id='line_1_131' title="bbox 2283 4951 3811 5027; baseline 0 -16"><span class='ocrx_word' id='word_1_944' title='bbox 2283 4967 2305 4994; x_wconf 76' lang='grc' dir='ltr'><strong>ο</strong></span> <span class='ocrx_word' id='word_1_945' title='bbox 2332 4955 2523 5027; x_wconf 87' lang='lat' dir='ltr'><strong>Magno</strong></span> <span class='ocrx_word' id='word_1_946' title='bbox 2548 4952 2896 5025; x_wconf 86' lang='lat' dir='ltr'><strong>perfectionis</strong></span> <span class='ocrx_word' id='word_1_947' title='bbox 2924 4954 3046 5013; x_wconf 80' lang='lat' dir='ltr'><strong>zelo</strong></span> <span class='ocrx_word' id='word_1_948' title='bbox 3070 4952 3322 5011; x_wconf 88' lang='lat' dir='ltr'><strong>monachi</strong></span> <span class='ocrx_word' id='word_1_949' title='bbox 3344 4952 3422 5027; x_wconf 82' lang='lat' dir='ltr'><strong>illi</strong></span> <span class='ocrx_word' id='word_1_950' title='bbox 3445 4951 3811 5012; x_wconf 88' lang='lat' dir='ltr'><strong>Pachomiani</strong></span> 
     </span>
    </p>
   </div>
   <div class='ocr_carea' id='block_1_130' title="bbox 2205 5025 3807 5097">
    <p class='ocr_par' dir='ltr' id='par_1_130' title="bbox 2205 5025 3807 5097">
     <span class='ocr_line' id='line_1_132' title="bbox 2205 5025 3807 5097; baseline -0.001 -14"><span class='ocrx_word' id='word_1_951' title='bbox 2205 5025 2471 5084; x_wconf 84' lang='lat' dir='ltr'><strong>summam</strong></span> <span class='ocrx_word' id='word_1_952' title='bbox 2504 5036 2876 5097; x_wconf 76' lang='lat' dir='ltr'><strong>paupertatem</strong></span> <span class='ocrx_word' id='word_1_953' title='bbox 2907 5036 3201 5091; x_wconf 86' lang='lat' dir='ltr'><strong>sectantes,</strong></span> <span class='ocrx_word' id='word_1_954' title='bbox 3240 5036 3296 5080; x_wconf 88' lang='lat' dir='ltr'><strong>et</strong></span> <span class='ocrx_word' id='word_1_955' title='bbox 3325 5025 3451 5097; x_wconf 70' lang='lat' dir='ltr'><strong>solo</strong></span> <span class='ocrx_word' id='word_1_956' title='bbox 3485 5038 3651 5094; x_wconf 88' lang='lat' dir='ltr'><strong>opere</strong></span> <span class='ocrx_word' id='word_1_957' title='bbox 3681 5037 3807 5081; x_wconf 86' lang='lat' dir='ltr'><strong>ma-</strong></span> 
     </span>
    </p>
   </div>
   <div class='ocr_carea' id='block_1_131' title="bbox 2207 5094 3807 5167">
    <p class='ocr_par' dir='ltr' id='par_1_131' title="bbox 2207 5094 3807 5167">
     <span class='ocr_line' id='line_1_133' title="bbox 2207 5094 3807 5167; baseline -0.003 -13"><span class='ocrx_word' id='word_1_958' title='bbox 2207 5113 2372 5154; x_wconf 90' lang='lat' dir='ltr'><strong>nuum</strong></span> <span class='ocrx_word' id='word_1_959' title='bbox 2409 5094 2632 5154; x_wconf 77' lang='lat' dir='ltr'><strong>suarum</strong></span> <span class='ocrx_word' id='word_1_960' title='bbox 2648 5094 2767 5164; x_wconf 73' lang='lat' dir='ltr'><strong>,‘ut</strong></span> <span class='ocrx_word' id='word_1_961' title='bbox 2819 5098 2952 5152; x_wconf 89' lang='lat' dir='ltr'><strong>alias</strong></span> <span class='ocrx_word' id='word_1_962' title='bbox 2999 5098 3205 5152; x_wconf 88' lang='lat' dir='ltr'><strong>dictum</strong></span> <span class='ocrx_word' id='word_1_963' title='bbox 3250 5105 3333 5151; x_wconf 82' lang='lat' dir='ltr'><strong>est</strong></span> <span class='ocrx_word' id='word_1_964' title='bbox 3365 5094 3509 5167; x_wconf 85' lang='lat' dir='ltr'><strong>(Lib.</strong></span> <span class='ocrx_word' id='word_1_965' title='bbox 3539 5109 3597 5151; x_wconf 87' lang='lat' dir='ltr'><strong>ut</strong></span> <span class='ocrx_word' id='word_1_966' title='bbox 3641 5111 3689 5150; x_wconf 89' lang='lat' dir='ltr'><strong>c.</strong></span> <span class='ocrx_word' id='word_1_967' title='bbox 3717 5096 3807 5167; x_wconf 63' lang='grc' dir='ltr'><strong>ὅ),</strong></span> 
     </span>
    </p>
   </div>
   <div class='ocr_carea' id='block_1_132' title="bbox 2204 5166 3806 5235">
    <p class='ocr_par' dir='ltr' id='par_1_132' title="bbox 2204 5166 3806 5235">
     <span class='ocr_line' id='line_1_134' title="bbox 2204 5166 3806 5235; baseline -0.001 -12"><span class='ocrx_word' id='word_1_968' title='bbox 2204 5171 2390 5225; x_wconf 89' lang='lat' dir='ltr'><strong>vivere</strong></span> <span class='ocrx_word' id='word_1_969' title='bbox 2407 5168 2609 5223; x_wconf 91' lang='lat' dir='ltr'><strong>assueti</strong></span> <span class='ocrx_word' id='word_1_970' title='bbox 2630 5207 2644 5233; x_wconf 93' lang='lat'><strong>,</strong></span> <span class='ocrx_word' id='word_1_971' title='bbox 2675 5167 2814 5223; x_wconf 84' lang='lat' dir='ltr'><strong>nihil</strong></span> <span class='ocrx_word' id='word_1_972' title='bbox 2861 5167 3089 5224; x_wconf 89' lang='lat' dir='ltr'><strong>omnino</strong></span> <span class='ocrx_word' id='word_1_973' title='bbox 3127 5168 3394 5223; x_wconf 91' lang='lat' dir='ltr'><strong>bonorum</strong></span> <span class='ocrx_word' id='word_1_974' title='bbox 3426 5178 3521 5221; x_wconf 89' lang='lat' dir='ltr'><strong>aut</strong></span> <span class='ocrx_word' id='word_1_975' title='bbox 3545 5166 3806 5235; x_wconf 87' lang='lat' dir='ltr'><strong>pecunia-</strong></span> 
     </span>
    </p>
   </div>
   <div class='ocr_carea' id='block_1_133' title="bbox 2206 5236 3805 5308">
    <p class='ocr_par' dir='ltr' id='par_1_133' title="bbox 2206 5236 3805 5308">
     <span class='ocr_line' id='line_1_135' title="bbox 2206 5236 3805 5308; baseline -0.002 -12"><span class='ocrx_word' id='word_1_976' title='bbox 2206 5255 2324 5296; x_wconf 90' lang='lat' dir='ltr'><strong>rum</strong></span> <span class='ocrx_word' id='word_1_977' title='bbox 2352 5240 2420 5296; x_wconf 91' lang='lat' dir='ltr'><strong>ab</strong></span> <span class='ocrx_word' id='word_1_978' title='bbox 2449 5241 2515 5295; x_wconf 90' lang='lat' dir='ltr'><strong>iis</strong></span> <span class='ocrx_word' id='word_1_979' title='bbox 2533 5251 2670 5308; x_wconf 92' lang='lat' dir='ltr'><strong>quos</strong></span> <span class='ocrx_word' id='word_1_980' title='bbox 2692 5238 3061 5308; x_wconf 90' lang='lat' dir='ltr'><strong>recipiebant,</strong></span> <span class='ocrx_word' id='word_1_981' title='bbox 3105 5237 3294 5293; x_wconf 89' lang='lat' dir='ltr'><strong>inferri</strong></span> <span class='ocrx_word' id='word_1_982' title='bbox 3323 5236 3671 5308; x_wconf 80' lang='lat' dir='ltr'><strong>monasteriis</strong></span> <span class='ocrx_word' id='word_1_983' title='bbox 3703 5251 3805 5306; x_wconf 85' lang='lat' dir='ltr'><strong>pa-</strong></span> 
     </span>
    </p>
   </div>
   <div class='ocr_carea' id='block_1_134' title="bbox 2208 5307 3808 5380">
    <p class='ocr_par' dir='ltr' id='par_1_134' title="bbox 2208 5307 3808 5380">
     <span class='ocr_line' id='line_1_136' title="bbox 2208 5307 3808 5380; baseline -0.002 -15"><span class='ocrx_word' id='word_1_984' title='bbox 2208 5310 2503 5380; x_wconf 90' lang='lat' dir='ltr'><strong>tiebantur,</strong></span> <span class='ocrx_word' id='word_1_985' title='bbox 2530 5307 2599 5366; x_wconf 85' lang='lat' dir='ltr'><strong>ne</strong></span> <span class='ocrx_word' id='word_1_986' title='bbox 2638 5307 2854 5379; x_wconf 88' lang='lat' dir='ltr'><strong>quidem</strong></span> <span class='ocrx_word' id='word_1_987' title='bbox 2881 5310 3260 5367; x_wconf 90' lang='lat' dir='ltr'><strong>communibus</strong></span> <span class='ocrx_word' id='word_1_988' title='bbox 3290 5307 3483 5363; x_wconf 88' lang='lat' dir='ltr'><strong>usibus</strong></span> <span class='ocrx_word' id='word_1_989' title='bbox 3523 5307 3808 5380; x_wconf 80' lang='lat' dir='ltr'><strong>applican-</strong></span> 
     </span>
    </p>
   </div>
   <div class='ocr_carea' id='block_1_135' title="bbox 2206 5379 3809 5452">
    <p class='ocr_par' dir='ltr' id='par_1_135' title="bbox 2206 5379 3809 5452">
     <span class='ocr_line' id='line_1_137' title="bbox 2206 5379 3809 5452; baseline -0.001 -16"><span class='ocrx_word' id='word_1_990' title='bbox 2206 5381 2366 5449; x_wconf 88' lang='lat' dir='ltr'><strong>dum;</strong></span> <span class='ocrx_word' id='word_1_991' title='bbox 2398 5379 2505 5452; x_wconf 89' lang='lat' dir='ltr'><strong>quo</strong></span> <span class='ocrx_word' id='word_1_992' title='bbox 2526 5380 2608 5435; x_wconf 91' lang='lat' dir='ltr'><strong>sic</strong></span> <span class='ocrx_word' id='word_1_993' title='bbox 2624 5384 2774 5451; x_wconf 85' lang='lat' dir='ltr'><strong>Operi</strong></span> <span class='ocrx_word' id='word_1_994' title='bbox 2805 5379 3809 5452; x_wconf 75' lang='lat' dir='ltr'><strong>manuali_diligentiu_sincumberent</strong></span> 
     </span>
    </p>
   </div>
   <div class='ocr_carea' id='block_1_136' title="bbox 2209 5448 3867 5520">
    <p class='ocr_par' dir='ltr' id='par_1_136' title="bbox 2209 5448 3867 5520">
     <span class='ocr_line' id='line_1_138' title="bbox 2209 5448 3867 5520; baseline -0.004 -11"><span class='ocrx_word' id='word_1_995' title='bbox 2209 5448 2444 5520; x_wconf 73' lang='lat' dir='ltr'><strong>(Sozam.</strong></span> <span class='ocrx_word' id='word_1_996' title='bbox 2480 5453 2569 5507; x_wconf 89' lang='lat' dir='ltr'><strong>lib.</strong></span> <span class='ocrx_word' id='word_1_997' title='bbox 2620 5448 2698 5517; x_wconf 85' lang='lat' dir='ltr'><strong>tti,</strong></span> <span class='ocrx_word' id='word_1_998' title='bbox 2750 5468 2868 5517; x_wconf 87' lang='lat' dir='ltr'><strong>cap.</strong></span> <span class='ocrx_word' id='word_1_999' title='bbox 2900 5453 2962 5517; x_wconf 70' lang='grc' dir='ltr'><strong>ὃς</strong></span> <span class='ocrx_word' id='word_1_1000' title='bbox 3015 5448 3297 5520; x_wconf 78' lang='lat' dir='ltr'><strong>Nicephor.</strong></span> <span class='ocrx_word' id='word_1_1001' title='bbox 3349 5448 3440 5504; x_wconf 85' lang='lat' dir='ltr'><strong>lib.</strong></span> <span class='ocrx_word' id='word_1_1002' title='bbox 3476 5465 3553 5518; x_wconf 72' lang='grc' dir='ltr'><strong>ιι,</strong></span> <span class='ocrx_word' id='word_1_1003' title='bbox 3596 5464 3642 5501; x_wconf 91' lang='lat' dir='ltr'><strong>c.</strong></span> <span class='ocrx_word' id='word_1_1004' title='bbox 3698 5448 3806 5520; x_wconf 69' lang='lat'><strong>{4;</strong></span> <span class='ocrx_word' id='word_1_1005' title='bbox 3844 5495 3867 5503; x_wconf 88' lang='lat'><strong>-</strong></span> 
     </span>
    </p>
   </div>
   <div class='ocr_carea' id='block_1_137' title="bbox 2207 5519 3801 5594">
    <p class='ocr_par' dir='ltr' id='par_1_137' title="bbox 2207 5519 3801 5594">
     <span class='ocr_line' id='line_1_139' title="bbox 2207 5519 3801 5594; baseline -0.004 -15"><span class='ocrx_word' id='word_1_1006' title='bbox 2207 5519 2424 5579; x_wconf 82' lang='lat' dir='ltr'><strong>Pallad.</strong></span> <span class='ocrx_word' id='word_1_1007' title='bbox 2457 5523 2514 5577; x_wconf 89' lang='lat' dir='ltr'><strong>in</strong></span> <span class='ocrx_word' id='word_1_1008' title='bbox 2544 5520 2759 5577; x_wconf 84' lang='lat' dir='ltr'><strong>Lausia.</strong></span> <span class='ocrx_word' id='word_1_1009' title='bbox 2789 5539 2906 5594; x_wconf 91' lang='lat' dir='ltr'><strong>cap.</strong></span> <span class='ocrx_word' id='word_1_1010' title='bbox 2932 5521 3021 5577; x_wconf 77' lang='lat'><strong>38.</strong></span> <span class='ocrx_word' id='word_1_1011' title='bbox 3055 5519 3177 5576; x_wconf 85' lang='lat' dir='ltr'><strong>Vid.</strong></span> <span class='ocrx_word' id='word_1_1012' title='bbox 3205 5519 3515 5594; x_wconf 73' lang='lat' dir='ltr'><strong>Coll.xxtv,</strong></span> <span class='ocrx_word' id='word_1_1013' title='bbox 3540 5536 3657 5592; x_wconf 88' lang='lat' dir='ltr'><strong>cap.</strong></span> <span class='ocrx_word' id='word_1_1014' title='bbox 3679 5519 3801 5594; x_wconf 71' lang='lat'><strong>10):</strong></span> 
     </span>
    </p>
   </div>
   <div class='ocr_carea' id='block_1_138' title="bbox 2246 5591 3807 5664">
    <p class='ocr_par' dir='ltr' id='par_1_138' title="bbox 2246 5591 3807 5664">
     <span class='ocr_line' id='line_1_140' title="bbox 2246 5591 3807 5664; baseline -0.001 -15"><span class='ocrx_word' id='word_1_1015' title='bbox 2246 5610 2316 5649; x_wconf 91' lang='lat' dir='ltr'><strong>uo</strong></span> <span class='ocrx_word' id='word_1_1016' title='bbox 2336 5594 2552 5664; x_wconf 91' lang='lat' dir='ltr'><strong>quidem</strong></span> <span class='ocrx_word' id='word_1_1017' title='bbox 2592 5595 2708 5648; x_wconf 91' lang='lat' dir='ltr'><strong>solo</strong></span> <span class='ocrx_word' id='word_1_1018' title='bbox 2738 5591 2918 5664; x_wconf 63' lang='lat' dir='ltr'><strong>vivere</strong></span> <span class='ocrx_word' id='word_1_1019' title='bbox 2952 5605 3047 5664; x_wconf 87' lang='lat' dir='ltr'><strong>eos</strong></span> <span class='ocrx_word' id='word_1_1020' title='bbox 3071 5591 3315 5664; x_wconf 83' lang='lat' dir='ltr'><strong>potuisse</strong></span> <span class='ocrx_word' id='word_1_1021' title='bbox 3338 5593 3541 5664; x_wconf 86' lang='lat' dir='ltr'><strong>liquet;</strong></span> <span class='ocrx_word' id='word_1_1022' title='bbox 3581 5591 3807 5661; x_wconf 86' lang='lat' dir='ltr'><strong>quando</strong></span> 
     </span>
    </p>
   </div>
   <div class='ocr_carea' id='block_1_139' title="bbox 2208 5609 3805 5747">
    <p class='ocr_par' dir='ltr' id='par_1_139' title="bbox 2208 5609 3805 5747">
     <span class='ocr_line' id='line_1_141' title="bbox 2246 5609 3805 5664; baseline -0.001 -15"><span class='ocrx_word' id='word_1_1023' title='bbox 2246 5610 2316 5649; x_wconf 85' lang='lat' dir='ltr'><strong>llO</strong></span> <span class='ocrx_word' id='word_1_1024' title='bbox 2336 5609 2552 5664; x_wconf 72' lang='lat' dir='ltr'><strong>qunuem</strong></span> <span class='ocrx_word' id='word_1_1025' title='bbox 2592 5609 2708 5648; x_wconf 83' lang='lat'><strong>8010</strong></span> <span class='ocrx_word' id='word_1_1026' title='bbox 2738 5609 2918 5649; x_wconf 76' lang='lat' dir='ltr'><strong>Vivere</strong></span> <span class='ocrx_word' id='word_1_1027' title='bbox 2952 5609 3047 5647; x_wconf 88' lang='lat' dir='ltr'><strong>eos</strong></span> <span class='ocrx_word' id='word_1_1028' title='bbox 3071 5609 3315 5661; x_wconf 74' lang='lat' dir='ltr'><strong>pOlUlSSC</strong></span> <span class='ocrx_word' id='word_1_1029' title='bbox 3340 5609 3541 5661; x_wconf 78' lang='lat' dir='ltr'><strong>liquet;</strong></span> <span class='ocrx_word' id='word_1_1030' title='bbox 3581 5609 3805 5661; x_wconf 83' lang='lat' dir='ltr'><strong>quanao</strong></span> 
     </span>
     <span class='ocr_line' id='line_1_142' title="bbox 2208 5609 3805 5747; baseline -0.003 -28"><span class='ocrx_word' id='word_1_1031' title='bbox 2208 5609 2622 5747; x_wconf 60' lang='lat' dir='ltr'><strong>genuibnsdam</strong></span> <span class='ocrx_word' id='word_1_1032' title='bbox 2645 5662 3153 5747; x_wconf 32' lang='lat' dir='ltr'><strong>scribit‘Cassianus</strong></span> <span class='ocrx_word' id='word_1_1033' title='bbox 3180 5662 3358 5747; x_wconf 82' lang='lat' dir='ltr'><strong>capite</strong></span> <span class='ocrx_word' id='word_1_1034' title='bbox 3388 5662 3601 5718; x_wconf 76' lang='lat' dir='ltr'><strong>decimo</strong></span> <span class='ocrx_word' id='word_1_1035' title='bbox 3630 5676 3805 5747; x_wconf 59' lang='lat' dir='ltr'><strong>quar-</strong></span> 
     </span>
    </p>
   </div>
   <div class='ocr_carea' id='block_1_140' title="bbox 2206 5732 3806 5805">
    <p class='ocr_par' dir='ltr' id='par_1_140' title="bbox 2206 5732 3806 5805">
     <span class='ocr_line' id='line_1_143' title="bbox 2206 5732 3806 5805; baseline -0.003 -13"><span class='ocrx_word' id='word_1_1036' title='bbox 2206 5745 2265 5792; x_wconf 91' lang='lat' dir='ltr'><strong>to</strong></span> <span class='ocrx_word' id='word_1_1037' title='bbox 2287 5732 2446 5805; x_wconf 87' lang='lat' dir='ltr'><strong>hujus</strong></span> <span class='ocrx_word' id='word_1_1038' title='bbox 2485 5733 2638 5800; x_wconf 88' lang='lat' dir='ltr'><strong>libri,</strong></span> <span class='ocrx_word' id='word_1_1039' title='bbox 2669 5734 2825 5805; x_wconf 13' lang='lat' dir='ltr'><strong>quod,</strong></span> <span class='ocrx_word' id='word_1_1040' title='bbox 2843 5741 3013 5789; x_wconf 86' lang='lat' dir='ltr'><strong>tantos</strong></span> <span class='ocrx_word' id='word_1_1041' title='bbox 3040 5732 3396 5805; x_wconf 81' lang='lat' dir='ltr'><strong>unusquisque</strong></span> <span class='ocrx_word' id='word_1_1042' title='bbox 3421 5749 3601 5789; x_wconf 82' lang='lat' dir='ltr'><strong>eorum</strong></span> <span class='ocrx_word' id='word_1_1043' title='bbox 3622 5732 3806 5805; x_wconf 77' lang='lat' dir='ltr'><strong>quati-</strong></span> 
     </span>
    </p>
   </div>
   <div class='ocr_carea' id='block_1_141' title="bbox 2207 5800 3806 5878">
    <p class='ocr_par' dir='ltr' id='par_1_141' title="bbox 2207 5800 3806 5878">
     <span class='ocr_line' id='line_1_144' title="bbox 2207 5800 3806 5878; baseline -0.003 -16"><span class='ocrx_word' id='word_1_1044' title='bbox 2207 5808 2293 5863; x_wconf 87' lang='lat' dir='ltr'><strong>die</strong></span> <span class='ocrx_word' id='word_1_1045' title='bbox 2338 5800 2402 5861; x_wconf 81' lang='lat' dir='ltr'><strong>de</strong></span> <span class='ocrx_word' id='word_1_1046' title='bbox 2445 5820 2599 5878; x_wconf 84' lang='lat' dir='ltr'><strong>opere</strong></span> <span class='ocrx_word' id='word_1_1047' title='bbox 2641 5800 2704 5858; x_wconf 79' lang='lat' dir='ltr'><strong>ac</strong></span> <span class='ocrx_word' id='word_1_1048' title='bbox 2733 5804 2920 5878; x_wconf 83' lang='lat' dir='ltr'><strong>sudore</strong></span> <span class='ocrx_word' id='word_1_1049' title='bbox 2966 5800 3202 5878; x_wconf 57' lang='lat' dir='ltr'><strong>praprio&#39;</strong></span> <span class='ocrx_word' id='word_1_1050' title='bbox 3228 5800 3461 5860; x_wconf 78' lang='lat' dir='ltr'><strong>redditus</strong></span> <span class='ocrx_word' id='word_1_1051' title='bbox 3507 5800 3806 5878; x_wconf 78' lang='lat' dir='ltr'><strong>conferebat</strong></span> 
     </span>
    </p>
   </div>
   <div class='ocr_carea' id='block_1_142' title="bbox 2207 5873 3802 5943">
    <p class='ocr_par' dir='ltr' id='par_1_142' title="bbox 2207 5873 3802 5943">
     <span class='ocr_line' id='line_1_145' title="bbox 2207 5873 3802 5943; baseline -0.004 -8"><span class='ocrx_word' id='word_1_1052' title='bbox 2207 5873 2549 5943; x_wconf 85' lang='lat' dir='ltr'><strong>monasterio;</strong></span> <span class='ocrx_word' id='word_1_1053' title='bbox 2594 5884 2649 5931; x_wconf 88' lang='lat' dir='ltr'><strong>ut</strong></span> <span class='ocrx_word' id='word_1_1054' title='bbox 2674 5892 2739 5936; x_wconf 80' lang='lat' dir='ltr'><strong>ea:</strong></span> <span class='ocrx_word' id='word_1_1055' title='bbox 2766 5874 2847 5943; x_wconf 83' lang='lat' dir='ltr'><strong>Itis</strong></span> <span class='ocrx_word' id='word_1_1056' title='bbox 2875 5873 3026 5934; x_wconf 81' lang='lat' dir='ltr'><strong>suam</strong></span> <span class='ocrx_word' id='word_1_1057' title='bbox 3053 5873 3341 5934; x_wconf 82' lang='lat' dir='ltr'><strong>sustentare</strong></span> <span class='ocrx_word' id='word_1_1058' title='bbox 3369 5891 3475 5932; x_wconf 88' lang='lat' dir='ltr'><strong>non</strong></span> <span class='ocrx_word' id='word_1_1059' title='bbox 3500 5873 3667 5932; x_wconf 86' lang='lat' dir='ltr'><strong>solum</strong></span> <span class='ocrx_word' id='word_1_1060' title='bbox 3711 5888 3802 5943; x_wconf 73' lang='lat' dir='ltr'><strong>sq-</strong></span> 
     </span>
    </p>
   </div>
  </div>
