4026 6334
250 270 352 335 157

638 277 732 336 DE
771 276 1253 341 C(ENOBIORUM
1292 282 1537 343 lNSTlT.
1578 284 1712 344 LIB.
1752 284 1841 345 IV.
1874 321 1945 334 ——
1970 291 2060 350 DE
2101 292 2489 357 INSTITUTIS
2527 294 3127 361 RENUNTIANTIUM.

3424 302 3531 363 158

248 392 620 497 suseipere-ab
653 410 723 497 eo
746 399 1010 497 pecunias
1051 400 1423 497 acquiescunt.
1462 402 1730 471 Primum,
1775 421 1845 462 ne
1871 412 1921 473 Α
1948 425 2065 465 rum
2096 427 2215 482 quas
2261 412 2588 482 intulerant,
2617 431 2850 488 qumque
2889 416 2955 497 in_
2992 415 3089 473 Dei
3118 428 3283 488 opere
3316 413 3531 475 fuerant
3607 397 3611 402 ’

245 488 571 546 oculidontia
606 489 771 561 hujus
808 492 1099 549 oblationis
1132 494 1369 563 inflatus,
1402 513 1736 571 nequaquam
1782 515 1843 569 se

249 581 661 653 pauperioribtis
686 581 950 640 fratribus
971 600 1257 658 coaequare
1277 588 1564 660 dignetur;
1608 599 1741 660 tum,
1772 608 1842 650 ne

250 688 344 745 per
356 674 498 731 hanc
519 675 820 733 elationem
844 679 1155 736 nullatenus
1172 680 1238 737 ad
1261 682 1621 740 humilitatem
1637 684 1839 741 Christi

250 766 609 835 descendens,
641 782 765 825 cum
794 771 896 826 sub
926 772 1217 842 disciplina
1248 774 1482 829 caenobii
1514 790 1622 831 non
1653 786 1843 848 potue.

250 859 317 913 rit
356 858 681 929 perdurare,
725 876 981 932 egressus
1010 865 1213 921 exinde
1240 879 1301 922 ea
1332 881 1455 938 qua:
1488 865 1543 923 in
1576 866 1844 938 principio

248 950 667 1007 renuntiationis
690 967 806 1008 sua:
836 954 1063 1024 spiritali
1095 954 1314 1016 fervore
1352 971 1651 1014 succensus
1695 958 1844 1016 intu-

246 1040 408 1108 lerat,
434 1043 742 1113 tepefactus
770 1054 958 1116 postea
990 1062 1096 1103 non
1138 1049 1257 1105 sine
1301 1050 1498 1120 injuria
1528 1055 1847 1111 monasterii

248 1134 518 1207 sacrilego
549 1137 748 1208 spiritu
796 1139 1045 1211 recipere
1085 1151 1251 1215 atque
1297 1144 1519 1217 exigere
1571 1146 1847 1204 moliatur.

246 1226 393 1295 Quod
443 1229 786 1287 omnimodis
812 1231 1094 1291 observari
1119 1236 1340 1306 debere,
1381 1239 1566 1297 multis
1596 1250 1720 1297 sunt
1752 1258 1848 1299 ex-

246 1322 564 1393 perimentis
610 1323 934 1398 frequenter
961 1329 1159 1387 edocti.
1186 1330 1319 1388 Nam
1366 1348 1467 1406 per
1518 1334 1620 1389 alia
1664 1336 1845 1393 minus

245 1425 394 1471 cauta
419 1418 757 1476 monasteria
803 1420 1130 1494 simpliciter
1160 1426 1377 1498 quidam
1418 1429 1659 1501 suscepti
1683 1475 1698 1501 ,
1744 1445 1840 1487 eo-

1942 502 2253 574 dispcnsata
2278 548 2294 575 ,
2326 521 2449 563 cum
2474 517 2501 547 ι
2524 508 2724 579 ingenti
2766 517 2891 581 post
2924 509 3262 583 blasphemia
3290 505 3323 551 δ
3350 511 3529 569 τεᾶιιίο

1942 592 2201 652 bitionem
2233 611 2457 673 poscere
2495 607 2859 657 tentavernnt.

2548 736 2776 795 CAPUT
2822 737 2890 796 γ.

1946 847 2051 904 Cur
2082 849 2153 924 hi,
2181 851 2270 919 qui
2295 851 2613 918 renuntiant,
2641 853 2858 924 suscepti
2886 853 2943 907 in
2963 853 3290 909 monasteriis
3315 868 3530 923 propria

2017 923 2311 977 vestimenta
2336 925 2611 994 deponant,
2641 935 2689 979 et
2709 926 2770 979 ab
2788 923 2983 980 abbate
3004 925 3125 980 aliis
3145 925 3455 981 induantur.

2020 1061 2380 1132 Quamobrem
2427 1061 2499 1117 ita
2550 1061 2784 1117 nudatur
2812 1061 3075 1134 quisque,
3106 1075 3233 1118 eum
3280 1068 3530 1131 receptus

1947 1150 2132 1220 fuerit,
2166 1152 2312 1208 omni
2338 1152 2559 1224 pristina
2590 1152 2863 1220 facultate,
2895 1161 2955 1208 ut
2985 1168 3052 1211 ne
3078 1152 3251 1220 ipsum
3280 1152 3529 1222 quidem,

1945 1261 2053 1316 quo
2084 1255 2304 1316 opertus
2352 1255 2456 1314 est,
2508 1243 2886 1300 indumentum
2942 1244 3143 1300 habere
3184 1246 3530 1315 permittatur

1945 1337 2194 1404 ulterius,
2238 1337 2331 1393 sed
2375 1338 2429 1393 in
2478 1338 2708 1393 concilio
2737 1336 2961 1393 fratrum
3007 1337 3301 1409 productus
3339 1336 3392 1392 in
3418 1352 3529 1393 mei

1943 1428 2092 1486 dium
2129 1441 2150 1469 ο
2176 1439 2404 1486 exualur
2430 1430 2685 1502 propriis,
2716 1444 2781 1485 ac
2830 1444 2926 1502 per
2964 1444 3155 1487 manus
3189 1428 3400 1486 abbatis
3446 1429 3529 1485 in-

1312 1563 1571 1620 ALARDI
1605 1563 1841 1622 GAZEI
1880 1562 2446 1622 COMMENTARIUS.

243 1681 361 1740 teret
388 1681 718 1753 parritatem,
745 1696 920 1753 verum
963 1683 1118 1753 etiam
1147 1681 1322 1736 usibus
1360 1690 1528 1753 posset
1558 1682 1836 1738 exuberare
1863 1683 1912 1743 B
1939 1680 2327 1737 donationibus
2376 1678 2703 1753 novitioru‘m
2742 1676 3163 1753 eontingebant,
3199 1683 3293 1753 aut
3319 1677 3529 1753 contin-

244 1752 547 1809 muttarum.
574 1755 647 1808 At
672 1767 781 1807 non
808 1752 999 1807 eadem
1031 1752 1129 1807 fuit
1169 1752 1399 1807 aliorum
1441 1754 1829 1809 monachorum

245 1836 294 1882 et
319 1826 650 1894 religionum
683 1823 952 1894 institutio
975 1831 1032 1877 et
1049 1825 1414 1881 consuetudo.
1446 1824 1578 1880 Nam
1601 1825 1669 1881 ab
1697 1825 1828 1894 ipsis

245 1893 497 1953 Ecclesia:
526 1893 840 1965 primordiis
868 1894 1025 1966 primi
1059 1894 1299 1966 religiosi
1340 1895 1624 1962 offerebant
1668 1893 1834 1966 pretia

245 1984 408 2021 rerum
446 1964 666 2020 suarum
716 1965 782 2019 ad
833 1964 1375 2037 pedesiapostolorum
1406 1983 1423 2019 :
1456 1976 1502 2020 et
1542 1964 1676 2020 inde
1690 1965 1797 2037 divi
1810 1995 1830 2007 -

245 2039 454 2093 debatttr
486 2038 728 2107 singulis,
755 2034 910 2107 prout
936 2034 1116 2105 cuique
1144 2052 1273 2105 apus
1293 2044 1422 2091 erat.
1444 2037 1569 2093 Act.
1594 2051 1667 2091 tv.
1686 2034 1831 2093 Talis

244 2109 400 2165 etiam
430 2109 539 2164 fuit
560 2124 691 2163 usus
717 2107 1065 2175 antiquorum
1095 2109 1548 2175 monasteriorum
1573 2149 1587 2173 ,
1637 2117 1696 2162 ut
1744 2124 1828 2164 re-

244 2182 487 2252 ciperent
528 2177 751 2252 siquid
782 2179 837 2232 in
866 2192 1151 2252 commune
1179 2177 1435 2252 confert_'e
1475 2178 1709 2252 vellent,
1721 2179 1831 2252 qui

242 2247 483 2307 monachi
520 2247 726 2305 flebant
756 2266 770 2302 :
805 2247 942 2302 unde
966 2256 1011 2301 et
1037 2266 1091 2303 se
1116 2257 1162 2303 et
1204 2265 1299 2303 sua
1330 2249 1517 2316 oﬂerre
1551 2248 1657 2303 Deo
1680 2248 1831 2305 dice-

243 2322 433 2376 bantur
464 2340 476 2374 :
506 2321 638 2375 hinc
686 2322 747 2375 D.
800 2320 1132 2389 Augustinus
1171 2334 1290 2388 cap.
1337 2322 1371 2376 5
1420 2335 1531 2375 sua:
1562 2320 1827 2389 Regulae:

244 2393 340 2458 Qui
380 2392 595 2464 aliquid
620 2390 872 2464 habebant
909 2392 963 2444 in
991 2390 1202 2464 oraculo,
1233 2391 1442 2464 quando
1472 2392 1690 2462 ingressi
1711 2400 1831 2464 sunt

242 2460 636 2523 monasterium.
685 2461 898 2517 libenter
924 2460 1081 2514 velint
1122 2460 1254 2516 illud
1286 2479 1393 2517 esse
1424 2460 1715 2517 commune.
1769 2462 1828 2518 S.

243 2536 396 2589 etiam
433 2534 782 2599 Benedictus,
808 2541 867 2586 ut
886 2531 941 2586 in
968 2531 1086 2586 Vita
1118 2532 1176 2587 S.
1211 2532 1409 2587 Placidi
1438 2534 1658 2601 legitur,
1688 2532 1829 2587 bona

242 2621 359 2674 quae
386 2606 601 2660 fuerant
627 2603 1021 2659 monachorum
1046 2617 1301 2669 suorum,
1344 2619 1450 2658 non
1480 2605 1694 2674 sinebat
1722 2604 1831 2659 alio

241 2678 476 2732 derivari
500 2716 513 2737 .
535 2690 698 2745 quam
746 2674 813 2729 ad
856 2688 952 2729 sua
978 2676 1359 2745 (monasteria,
1387 2684 1443 2728 ut
1471 2673 1596 2729 inde
1628 2675 1830 2730 multos

244 2748 342 2802 Dei
362 2744 722 2804 servosalcre
744 2754 948 2814 posset.
974 2744 1043 2800 Et
1060 2759 1182 2814 cap.
1214 2746 1283 2801 58
1307 2760 1422 2799 sua:
1447 2745 1691 2812 Regulae,
1715 2754 1827 2799 sta-

246 2819 348 2874 tuit
373 2834 514 2884 eum,
540 2818 630 2887 qui
660 2816 1021 2889 suscipiendus
1042 2825 1136 2889 est,
1161 2832 1241 2870 res
1266 2816 1311 2889 si
1339 2833 1463 2889 quas
1491 2815 1660 2889 habet,
1684 2817 1830 2889 prius

245 2906 454 2961 ασθαι-ε
500 2886 817 2961 pauperibus
834 2914 865 2947 ,ι
898 2895 984 2941 aut
1034 2887 1170 2940 facta
1219 2886 1512 2941 solemniter
1555 2887 1830 2943 donatione

244 2958 477 3029 conferre
496 2958 812 3014 monasterio
863 2978 869 2985 ·

310 3027 646 3099 ι’ριιετίωι-
675 3045 794 3092 cur,
820 3043 1012 3096 etquae
1039 3029 1115 3089 sit
1142 3028 1333 3097 ingens
1364 3027 1722 3098 blasphemia.
1744 3042 1830 3085 re—

244 3111 427 3172 petere
461 3102 604 3157 hona
648 3100 982 3172 monasterio
1010 3100 1257 3172 collata?_
1282 3099 1350 3172 Β.
1392 3100 1607 3172 Duobus
1655 3101 1833 3172 modis

243 3169 294 3228 id
345 3173 576 3244 intelligi
628 3186 792 3244 posse
822 3188 834 3223 :
874 3172 928 3244 t0
954 3171 1020 3244 de
1050 3170 1332 3244 monachis
1366 3170 1649 3244 professis,
1676 3169 1736 3224 2‘
1764 3170 1834 3227 de

245 3245 483 3311 novitiis,
514 3239 754 3299 nondum
778 3239 1067 3312 professis,
1096 3242 1189 3296 sed
1208 3241 1262 3296 in
1284 3239 1605 3311 prebatione
1633 3244 1836 3296 consti-

244 3316 393 3370 tutis.
422 3316 551 3386 Agit
596 3314 743 3386 enim
786 3314 989 3369 Auctor
1014 3313 1069 3386 i_u
1118 3313 1221 3386 hoc
1250 3313 1388 3386 libro
1424 3312 1735 3386 promiscue
1764 3314 1834 3368 de

244 3383 509 3454 utrisque,
543 3394 605 3441 ut
635 3385 837 3440 dictum
865 3393 966 3439 est.
1017 3383 1084 3438 Et
1125 3385 1169 3439 si
1209 3383 1426 3454 quidem
1475 3383 1542 3438 de
1561 3384 1836 3454 professis

249 3452 602 3525 intelligatur,
645 3466 702 3509 ut
735 3454 989 3509 videntur
1034 3454 1121 3509 illa
1150 3452 1315 3509 verba
1365 3452 1721 3522 praecedentia
1761 3456 1834 3509 si-

247 3528 497 3594 gnificare
528 3547 541 3581 :
578 3527 711 3595 Quc
737 3528 795 3581 in
820 3525 1074 3596 principio
1102 3525 1497 3580 renuntiationis
1528 3542 1656 3591 suas,
1678 3526 1827 3597 spiri‘

248 3600 336 3651 tali
361 3600 571 3669 fervore
621 3613 894 3653 succensus
943 3596 1468 3669 intulerat:certum
1515 3605 1599 3651 est
1646 3596 1833 3652 mena-

251 3667 404 3724 chum
437 3670 584 3725 bona
617 3683 714 3723 sua
742 3667 1074 3723 monasterio
1101 3668 1316 3735 collata,
1348 3677 1403 3723 et
1455 3668 1825 3737 incorporata,

253 3754 349 3795 non
382 3742 505 3794 sine
533 3741 739 3809 ingenti
760 3738 1115 3807 blasphemia,
1146 3738 1197 3792 id
1221 3745 1322 3802 est,
1347 3737 1569 3807 injuria,
1602 3748 1656 3792 et
1692 3737 1833 3794 irre-

254 3812 487 3866 verentia
517 3811 571 3865 iu
600 3813 767 3865 Deum
796 3818 852 3865 et
874 3810 1049 3864 lucum
1079 3824 1319 3876 sacrum,
1350 3824 1508 3878 posse
1535 3818 1786 3879 repetere
1815 3827 1828 3861 :

254 3883 551 3951 prasertim
603 3881 651 3935 si
699 3880 913 3951 hocex
966 3888 1280 3951 contemptu
1339 3890 1431 3935 aut
1475 3878 1838 3951 detestatione

253 3949 425 4006 cultus
448 3952 622 4007 divini
655 3962 710 4006 et
739 3950 1025 4019 religionis
1051 3949 1207 4004 faciat
1231 3991 1253 4033 ,_
1280 3958 1337 4005 ut
1374 3958 1635 4034 apostata:
1672 3950 1839 4075 (Vide

259 4019 315 4075 S.
340 4021 439 4075 Th.
468 4022 567 4075 2-2
591 4039 642 4075 ο.
680 4023 748 4075 15
774 4030 819 4075 et
855 4022 975 4075 lli:
1007 4022 1149 4075 quod
1179 4035 1385 4075 crimen
1434 4033 1595 4075 etiam
1639 4036 1666 4075 a
1751 4036 1839 4075 sa-

259 4019 315 4078 S.
340 4021 439 4077 Th.
468 4022 567 4077 2-2
591 4039 642 4091 q.
680 4023 748 4076 15
774 4030 819 4075 et
855 4022 975 4090 ll);
1007 4022 1149 4091 quod
1179 4024 1385 4076 crimen
1412 4019 1595 4077 etiam
1639 4019 1703 4075 ad
1751 4036 1839 4077 sa-

256 4093 533 4163 crilegium
558 4094 843 4162 pertinet:
868 4091 1012 4163 unde
1033 4103 1086 4145 et
1114 4093 1365 4157 superius
1383 4092 1557 4150 dixit:
1586 4091 1710 4147 Non
1731 4093 1840 4146 sine

256 4162 440 4231 injuria
467 4164 769 4235 monasterii
793 4162 1044 4235 sacrilego
1074 4164 1257 4235 spiritu
1287 4164 1532 4235 recipere,
1561 4172 1715 4235 atque
1739 4164 1843 4219 eai-

256 4251 362 4302 gere
391 4234 659 4289 moliatur.
692 4233 750 4289 Si
791 4248 922 4304 vero
948 4233 1015 4288 de
1044 4233 1269 4288 novitiis
1311 4234 1552 4289 nondum
1581 4233 1841 4304 professis

259 4312 345 4359 aut
363 4316 495 4360 voto
523 4304 762 4358 astrictis
808 4303 1175 4374 intelligatur;
1206 4313 1296 4359 aut
1324 4303 1843 4361 absolute’donave-

256 4384 371 4447 rant
398 4386 454 4431 et
481 4375 834 4447 contulerant
868 4389 964 4429 sua
1000 4376 1139 4447 bona
1161 4375 1491 4447 monasterio
1517 4375 1727 4447 (utpote
1752 4377 1838 4431 sui

252 4444 406 4520 juris,
427 4457 480 4501 et
502 4445 713 4516 liberi),
731 4454 821 4500 aut
840 4461 949 4499 non
972 4445 1240 4520 absolute,
1263 4446 1358 4520 sed
1381 4445 1480 4501 sub
1501 4444 1833 4520 conditione,
1860 4458 1916 4520 Ῑ)

255 4517 299 4569 si
338 4527 721 4584 remanerent,
762 4524 818 4571 et
865 4517 1245 4584 profiterentur
1297 4517 1352 4571 in
1391 4517 1758 4571 monasterio:
1790 4518 1836 4571 si

254 4586 521 4653 absolute.
558 4586 758 4657 procul
798 4585 963 4641 dubio
991 4586 1181 4657 ingens
1209 4601 1304 4643 seu
1341 4602 1533 4657 magna
1562 4596 1676 4642 erat
1698 4587 1842 4642 blas-

253 4659 488 4725 phemia,
520 4656 575 4713 id
606 4667 711 4724 est,
734 4657 957 4725 injuria.
993 4656 1643 4723 et'irreverentiaﬁmmo
1674 4668 1726 4712 et
1754 4672 1841 4714 sa-

254 4728 534 4799 erilegium
563 4727 768 4799 proprii
798 4729 1055 4798 nominis,
1074 4727 1359 4799 bonaDeo
1380 4738 1713 4793 consecrata,
1747 4736 1843 4784 aut

255 4796 717 4869 dicata,esemplo
736 4798 961 4854 Ananiae
985 4796 1091 4855 sibi
1118 4798 1395 4855 vindicare
1409 4808 1496 4854 aut
1528 4812 1834 4869 reposcere.

252 4867 405 4935 Quod
432 4870 619 4926 multis
633 4867 939 4924 'canonibus
968 4870 1258 4925 confirmat
1276 4869 1566 4925 Gratianus
1592 4867 1678 4936 l7,
1702 4886 1756 4939 q.
1780 4872 1838 4938 4,

251 4946 309 4993 et
338 4941 425 5007 l9,
490 4981 506 4997 .
539 4941 594 5007 5,
620 4955 740 5010 cap.
777 4940 907 5007 Quir
933 4943 1119 5010 semel,
1148 4955 1220 4998 ex
1267 4941 1497 4996 concilio
1542 4938 1841 4996 Chalcedo-

252 5013 405 5065 nensi
437 4957 591 5067 (Cap.
621 5011 678 5067 2.
711 5012 767 5067 5.
792 5010 849 5067 4.
881 5010 996 5067 2|).
1035 5012 1102 5065 Et
1127 5012 1270 5065 ratio
1301 5012 1459 5067 docet
1488 5011 1696 5067 morale
1718 5026 1841 5067 esse

252 5013 405 5065 nensi
437 5010 591 5081 (Cap.
621 5011 678 5075 2,
711 5012 767 5077 5,
792 5010 849 5081 4,
881 5010 996 5081 2|).
1035 5012 1102 5065 Et
1127 5012 1270 5065 ratio
1301 5012 1459 5067 docet
1488 5011 1696 5067 morale
1718 5026 1841 5068 esse

250 5080 579 5149 przecepturn
610 5080 836 5137 Levilici
862 5096 1044 5153 ngu:
1074 5081 1328 5153 Quicquid
1354 5082 1513 5153 semel
1534 5082 1690 5153 fuerit
1718 5098 1842 5137 con-

251 5163 524 5217 secratum,
557 5152 812 5209 Sanctum
854 5151 1158 5206 Sanctorum
1205 5150 1303 5207 erit
1347 5150 1607 5220 Domino,
1644 5152 1694 5207 id
1722 5162 1837 5221 est,

251 5223 491 5279 manebit
519 5231 783 5294 perpetuo
815 5223 1206 5294 sanctificatum
1226 5236 1369 5294 ,nec
1398 5224 1601 5294 poterit
1623 5223 1676 5278 in
1704 5223 1841 5280 alios

252 5306 383 5364 usus,
429 5293 708 5357 converti,
760 5293 1087 5364 utexponit
1136 5293 1196 5349 S.
1228 5293 1468 5349 Thomas
1496 5293 1636 5364 (2-2,
1663 5312 1716 5364 q.
1746 5294 1838 5360 88,

252 5363 441 5434 μη).
474 5364 531 5421 Si
563 5365 668 5421 sub
715 5362 1058 5434 conditione,
1107 5365 1268 5420 etiam
1317 5362 1513 5433 ingens
1544 5362 1684 5434 apud
1712 5365 1841 5422 illos

249 5433 535 5504 religiosos
557 5444 613 5492 et
640 5445 863 5489 sanctos
883 5433 1071 5490 Patres
1100 5435 1453 5502 reputabatur
1480 5433 1837 5504 blaSphemia,

250 5518 343 5576 res
370 5506 705 5561 monasterio
727 5504 950 5576 collatas
992 5515 1262 5574 repetere,
1311 5507 1391 5560 vel
1432 5505 1663 5576 auferre,
1696 5507 1839 5576 quod

251 5573 307 5648 id
333 5586 703 5648 contemptum
734 5574 1023 5648 quemdam
1049 5573 1214 5632 divini
1243 5576 1469 5648 honoris
1513 5585 1567 5631 et
1602 5573 1841 5645 Religio-

247 5646 334 5718 nis
363 5664 471 5715 prae
500 5644 565 5704 se
585 5644 784 5704 ferret.
812 5644 1010 5718 Verum
1051 5646 1445 5718 posterioribus
1490 5647 1705 5701 szcculis
1730 5644 1837 5703 Ec-

249 5716 407 5774 clesia
427 5721 617 5776 multis
637 5716 1032 5788 experimentis
1044 5716 1260 5785 edocta,
1276 5719 1346 5774 ob
1363 5719 1608 5788 graviora
1638 5719 1841 5775 incom-

152 5837 209 5873 ,τ
247 5788 441 5869 moda,
475 5800 532 5850 et
560 5790 876 5848 animarum
907 5788 1246 5860 discrimina,
1279 5806 1399 5862 quae
1429 5804 1496 5847 ex
1530 5788 1841 5862 hujusmodi

1936 1767 2067 1823 gere
2095 1760 2364 1821 poterant,
2399 1752 2451 1805 in
2482 1749 2715 1823 concilio
2741 1747 3063 1823 Tridentino
3109 1749 3325 1823 statuit:
3362 1749 3412 1823 li.
3461 1748 3528 1805 Ut

1937 1819 2084 1878 nulla
2099 1819 2429 1877 renuntiatio
2446 1830 2535 1875 aut
2558 1820 2803 1891 obligatio
2831 1820 3029 1886 novitii,
3058 1819 3212 1874 etiam
3237 1836 3350 1873 cum
3373 1822 3528 1892 jura-

1937 1904 2104 1947 mento
2136 1896 2295 1964 facta,
2323 1892 2403 1947 vel
2439 1893 2493 1947 in
2534 1892 2761 1964 favorem
2804 1891 3165 1964 cujuscumque
3195 1890 3526 1964 ,σαπρῷ-ρίαν,

1936 1961 2251 2030 υαίεαι,ἠῦιί
2274 1980 2388 2017 cum
2410 1961 2619 2018 licentia
2645 1962 2891 2033 episcOpi,
2914 1962 2995 2015 cel
3022 1963 3135 2031 ejus
3154 1961 3355 2025 vicarii,
3384 1962 3525 2033 intra

1936 2035 2064 2090 duos
2096 2051 2294 2089 menses
2314 2036 2574 2106 proximos
2603 2041 2726 2086 ante
2757 2033 3165 2106 professionem;
3187 2048 3249 2085 ac
3271 2048 3374 2085 non
3394 2032 3527 2106 alias

1934 2107 2258 2178 intelligatur
2284 2103 2522 2178 eiectum
2559 2117 2708 2160 suum
2746 2103 2947 2178 sortiri,
2976 2104 3075 2157 nisi
3122 2111 3299 2157 secuta
3328 2103 3528 2178 profes-

1934 2176 2183 2232 sionefﬁ.
2219 2176 2324 2232 Sed
2374 2192 2532 2244 neque
2576 2183 2693 2229 ante
2730 2177 3120 2244 professionem,
3155 2186 3364 2245 excepto
3390 2176 3527 2228 victu

1935 2258 1981 2302 et
2008 2249 2187 2302 uestitu
2218 2247 2421 2313 novitii,
2454 2249 2562 2312 eius
2594 2246 2832 2317 temporis
2871 2262 2974 2317 quo
3012 2245 3065 2298 in
3104 2245 3405 2317 probatione
3429 2253 3526 2311 est,

1933 2334 2252 2388 quocumque
2282 2326 2555 2386 prietextu,
2580 2333 2613 2371 a
2640 2316 2957 2385 parentibus,
2991 2316 3070 2388 uel
3096 2316 3419 2388 prapinquis,
3440 2317 3527 2388 (vel

1934 2386 2259 2443 curatoribus
2271 2390 2394 2459 .ejus
2420 2428 2436 2453 ,
2463 2388 2774 2442 monasterio
2797 2387 3001 2459 aliquid
3033 2386 3103 2441 ea:
3120 2386 3268 2443 bonis
3296 2387 3526 2459 ejusdem

1934 2461 2236 2516 tribuatur:
2265 2457 2328 2515 ne
2370 2458 2470 2512 hac
2498 2459 2761 2514 occasione
2804 2457 3065 2512 discedere
3104 2457 3344 2526 nequeat,
3383 2457 3523 2527 quod

1935 2540 2120 2597 totam,
2154 2532 2233 2603 vel
2258 2532 2507 2603 majorem
2538 2528 3075 2603 partemsubstantim
3116 2544 3224 2603 sua:
3271 2537 3525 2581 monaste-

1934 2604 2067 2656 rium
2088 2598 2367 2673 possideai,
2402 2616 2493 2653 nec
2521 2600 2691 2671 facile,
2719 2601 2765 2673 si
2788 2600 3101 2673 discesserit,
3132 2598 3189 2651 id
3214 2614 3523 2673 recuperqre

1935 2669 2114 2747 possit.
2149 2675 2203 2728 5.
2232 2672 2371 2747 Quin
2396 2669 2563 2747 potius
2582 2670 2817 2747 pra’t'ipit
2932 2672 3160 2747 synodus
3184 2669 3549 2747 subuanathee

1934 2740 2253 2815 matis_pqna
2279 2742 2517 2815 dantibus
2541 2740 2591 2796 et
2604 2740 2992 2815 recipientibus,
3021 2758 3085 2794 ne
3109 2740 3206 2795 hoc
3236 2740 3345 2815 ullo
3368 2740 3526 2815 modo

1934 2814 2047 2885 ﬁat.
2074 2811 2127 2868 ἱ.
2166 2812 2232 2870 Ut
2258 2813 2558 2867 abeuntibus
2583 2811 3114 2885 an'e’professionem,
3167 2811 3342 2864 omnia
3369 2812 3525 2885 resti-

1935 2880 2145 2939 tuantur
2180 2899 2296 2955 qua:
2334 2900 2431 2938 sua
2472 2892 2635 2955 erant.
2669 2880 2736 2940 5.
2770 2880 2877 2955 Per
2928 2881 3036 2955 hinc
3084 2891 3253 2955 tamen
3296 2883 3526 2955 synodus

1934 2957 2066 3010 nihil
2095 2950 2318 3011 intendit
2344 2957 2586 3009 innovare
2621 2954 2675 3009 in
2702 2955 2789 3026 pio
2814 2950 3402 3026 institutooclericorum
3421 2950 3526 3008 So-

1935 3029 2134 3084 cietatis
2159 3026 2307 3082 Iesu.
2338 3027 2466 3083 Haec
2494 3026 2571 3081 ibi
2605 3022 2816 3097 (“[25,
2847 3041 2895 3079 θ.
2929 3023 3016 3091 16,
3038 3024 3104 3079 de
3133 3022 3435 3097 Regular.).

2010 3120 2040 3181 1!
2073 3120 2385 3178 Redbibitio
2432 3118 2574 3188 apud
2620 3118 3042 3188 jurisconsultos
3087 3130 3170 3173 est
3198 3116 3527 3174 venditionis

1943 3193 2236 3257 resolutio,
2294 3202 2348 3247 et
2376 3191 2663 3247 redhibere
2706 3191 2903 3245 dicitur
2946 3189 3215 3257 venditor,
3267 3191 3355 3258 qui
3411 3205 3525 3244 rem

1942 3263 2237 3333 venditant.
2262 3262 2475 3317 redditu
2500 3262 2698 3333 pretio,
2731 3260 2919 3331 recipit
2969 3260 3038 3316 ab
3078 3270 3340 3333 emptore.
3372 3259 3527 3333 Unde

1941 3332 2133 3388 Festus
2162 3350 2176 3387 :
2206 3331 2552 3389 Redhibituin
2577 3377 2591 3401 ,
2622 3332 2819 3401 inquit,
2869 3333 3086 3404 proprie
3132 3332 3330 3404 dicitur
3384 3331 3526 3404 quod

1941 3404 2212 3460 redditum
2243 3412 2349 3469 est,
2382 3402 2889 3474 improbatumque,
2941 3412 2995 3457 et
3036 3404 3128 3474 qui
3170 3403 3350 3467 dedit,
3381 3402 3525 3459 idem

1941 3490 2130 3531 rursus
2154 3474 2353 3531 habere
2379 3484 2600 3531 coartus
2630 3486 2711 3531 est
2735 3474 2879 3546 quod
2908 3482 3033 3530 ante
3054 3474 3265 3546 habuit.
3302 3475 3397 3528 Est
3426 3474 3516 3546 igi-

1946 3554 2031 3601 tur
2061 3547 2350 3602 redhibitio
2372 3548 2617 3616 qutedam
2652 3547 2703 3600 in
2732 3544 2996 3616 integrum
3018 3544 3310 3600 restitutio.
3344 3545 3524 3616 Athic

1946 3618 2265 3686 simpliciter
2297 3614 2401 3686 pro
2433 3617 2800 3672 restitutione.
2830 3615 2960 3670 Nam
3004 3616 3143 3686 idem
3175 3628 3255 3670 ρει
3286 3614 3526 3686 redhibi-

1944 3684 2147 3743 tionem
2173 3684 2417 3760 poscere,
2459 3689 2602 3758 quod
2627 3687 2873 3758 superius
2914 3685 3157 3756 recipere
3202 3697 3364 3755 atque
3411 3684 3525 3741 esi-

1943 3774 2090 3829 gere.

2017 3860 2040 3892 ο
2065 3851 2158 3908 Sic
2186 3851 2251 3908 D.
2282 3849 2611 3907 Benedictus
2637 3849 2729 3905 ubi
2759 3863 2919 3920 supra
2953 3865 2965 3903 :
3008 3847 3381 3921 Suscipiendus
3412 3849 3525 3920 fra-

1943 3931 2020 3978 ter
2046 3925 2100 3977 in
2138 3924 2366 3978 oratorio
2392 3932 2609 3977 canatur
2637 3921 2786 3976 rebus
2818 3921 3071 3991 propriis,
3101 3920 3299 3991 quibue
3312 3921 3526 3991 restitns

1943 4006 2049 4059 est,
2101 4004 2148 4049 et
2179 3995 2427 4048 induatur
2447 3992 2595 4047 rebus
2635 3989 2930 4047 monasterii
2968 3990 3119 4063 (Cap.
3167 3991 3235 4046 58
3262 3989 3525 4062 Regulae).

1943 4068 2113 4132 Quam
2157 4066 2375 4135 quidem
2420 4063 2775 4135 mutationem
2819 4064 3045 4135 vesnum
3078 4063 3219 4118 inter
3248 4063 3384 4135 alios
3413 4076 3528 4116 mo-

1945 4132 2185 4191 naStieaa'
2209 4134 2561 4206 professionis
2603 4134 2740 4189 ritus
2796 4134 2867 4189 ab
2905 4135 3167 4204 apostolis
3204 4132 3437 4206 traditos
3470 4140 3527 4187 et

1946 4204 2223 4263 institutos
2252 4216 2492 4278 recenset
2521 4204 2580 4261 Β.
2616 4206 2904 4278 Dionysius
2950 4204 3275 4278 Areopagita
3317 4204 3526 4278 Eceles.

1946 4277 2227 4333 Hierareh.
2255 4292 2374 4347 cap.
2395 4277 2689 4348 6,ejusque
2708 4273 2969 4332 rationem
2988 4276 3169 4330 reddit
3194 4275 3275 4348 his
3304 4273 3486 4348 verbis
3512 4292 3524 4327 :

1889 4383 1896 4391 -
1947 4345 2337 4426 Priorisurestis
2367 4345 2645 4426 depositio,
2668 4348 2979 4426 alteriusque
3006 4345 3293 4417 assumptio
3331 4345 3528 4426 migra-

1944 4422 2131 4475 tionem
2154 4421 2300 4473 illam
2328 4436 2361 4473 a
2400 4415 2569 4472 media
2596 4420 2700 4472 vita
2728 4418 2858 4485 (hoc
2884 4415 2996 4484 est,
3044 4431 3073 4471 a
3102 4415 3375 4471 communi
3418 4415 3529 4471 vita

1941 4491 2305 4562 Siccularium)
2334 4490 2403 4543 ad
2445 4490 2807 4562 perfectionem
2827 4489 3082 4562 signiﬁcat
3110 4504 3127 4541 :
3152 4488 3285 4562 sicut
3311 4488 3365 4539 in
3397 4486 3530 4562 dioi-

1942 4577 2012 4615 na
2035 4557 2423 4632 regeneratione
2467 4557 2544 4629 (id
2574 4570 2684 4626 est,
2718 4557 3015 4629 baptismO)
3037 4560 3412 4632 promotionem
3446 4557 3529 4611 in-

1942 4632 2083 4704 dicat
2095 4629 2136 4684 'a
2161 4640 2382 4704 purgata
2408 4632 2515 4704 vita
2548 4632 2616 4704 ad
2638 4629 3087 4704 contemplantem,
3110 4629 3528 4704 Δἰιιιιζηὶριαηερηιτ

1938 4718 2039 4771 que
2064 4698 2295 4755 habitum
2314 4744 2327 4765 ,
2358 4702 2620 4755 candentis
2666 4702 2817 4755 vestis
2858 4701 3172 4755 immutatio.
3199 4699 3300 4754 Cui
3332 4698 3524 4771 rationi

1942 4768 2144 4828 insistit
2171 4772 2237 4827 Ι).
2282 4772 2816 4843 ljieronymuspdum
2866 4772 3149 4826 Paulinum
3201 4768 3525 4824 monachum

1941 4844 2216 4899 instruens
2250 4841 2442 4913 (Epist.
2476 4840 2563 4913 l3)
2599 4860 2611 4897 :
2643 4841 2931 4909 Tunicam,
2963 4843 3168 4912 inquit,
3200 4850 3370 4895 mutas
3410 4854 3527 4893 cum

1941 4917 2134 4980 animo,
2159 4923 2286 4980 etc.;
2315 4913 2471 4983 quasi
2499 4914 2664 4979 dicat,
2698 4928 2884 4982 parum
2927 4923 3011 4968 est
3034 4913 3265 4967 tunicam
3290 4917 3521 4983 mutare,

1943 4985 2047 5039 nisi
2072 4979 2234 5039 simul
2258 4992 2315 5039 et
2334 4979 2579 5038 animum
2601 4979 2775 5039 mutes
2803 4985 2857 5038 in
2885 4984 3101 5039 melius.
3128 4985 3191 5037 Et
3215 4982 3373 5050 epist.
3398 4979 3433 5033 4
3454 4980 3523 5034 ad

1943 5055 2226 5110 Rusticum
2240 5054 2583 5120 monachum,
2601 5053 3183 5125 perstringitquosdam
3204 5049 3522 5125 monachus,

1941 5126 2033 5197 qui
2076 5135 2345 5198 postquam
2364 5121 2730 5198 renuntiauere
2769 5121 2998 5198 εωὲιιιὸ,
3020 5121 3349 5198 vestimentis
3370 5122 3527 5173 dum-

1944 5190 2118 5263 taxai,
2168 5190 2214 5250 et
2263 5197 2398 5250 uocis
2427 5196 2767 5268 professione,
2794 5195 3092 5268 nonArebus,
3135 5190 3269 5268 nihil
3315 5191 3376 5245 de
3406 5206 3527 5244 con~

1940 5271 2227 5339 versatione
2254 5264 2477 5339 pristina
2504 5264 2849 5322 mutaverunt.
2876 5266 3166 5339 Cassianus
3189 5264 3528 5339 alteram_ra~

1940 5342 2143 5395 tionem
2200 5332 2481 5404 insinuat,
2532 5339 2784 5392 nimirum
2838 5343 2896 5391 ut
2950 5350 3046 5405 per
3097 5333 3240 5389 hanc
3294 5332 3526 5388 vestium

1941 5410 2361 5480 depositionem,
2376 5417 2430 5464 et
2442 5409 2888 5475 exspoliatiunem
2901 5405 3273 5480 ,_sigtiilieetur
3288 5406 3528 5480 omnium

1945 5474 2125 5536 rerum
2175 5474 2470 5546 abdicatio,
2524 5474 2680 5549 quam
2717 5476 2967 5549 monachi
3018 5477 3339 5549 profitentur
3370 5474 3529 5549 (Vide

1942 5553 2196 5623 Regulam
2224 5550 2286 5606 S.
2331 5543 2601 5623 Ραρήοηὶᾆὶ
2632 5559 2735 5623 art.
2778 5543 2918 5623 26)_:
2943 5553 2999 5599 ut
3019 5543 3263 5623 perehoc,
3321 5543 3526 5623 inquit,

1940 5641 1996 5679 se
2023 5617 2130 5678 non
2158 5623 2327 5678 solum
2353 5621 2602 5677 universis
2625 5620 2773 5673 rebus
2802 5617 2911 5670 suis
2931 5620 3159 5689 antiquis
3186 5619 3381 5674 noverit
3404 5632 3530 5689 spot

1942 5695 2158 5759 liatum;
2192 5709 2365 5747 verum
2388 5693 2559 5755 etiam,
2582 5690 2722 5744 omni
2742 5690 2879 5762 [astu
2906 5685 3139 5762 deposito
3155 5685 3441 5758 mundiali,
3458 5685 3527 5741 ad

1942 5766 2131 5821 Christi
2160 5774 2511 5836 paupertatem
2535 5770 2585 5816 et
2610 5760 2842 5832 inopiam
2869 5760 3212 5831 descendisse,
3241 5772 3349 5830 etc.
