4026 6334
1248 199 1274 234 '\

530 263 636 325 159
925 305 937 316 .
1080 302 1109 321 τ.
1126 274 1149 295 η·
1190 302 1211 312 ι

1863 250 2146 313 JOANNIS
2180 250 2495 313 CASSIANI
2568 246 2572 251 ’

3705 251 3807 318 160

529 379 729 434 dnatur
764 371 1080 432 monasterii
1118 372 1479 439 vestimentis,
1515 375 1578 426 ut
1615 381 1716 440 per
1749 367 1851 425 hoc
1893 381 1954 423 se
2003 381 2112 422 non
2137 367 2189 429 Α
2215 373 2309 422 aut
2344 372 2492 421 certe
2545 362 2650 419 hoc
2690 362 2880 419 ordine
2922 370 2977 419 et
3014 360 3356 432 professione
3404 360 3681 434 judicatus
3727 362 3811 420 in-

529 470 707 526 solum
752 467 1031 523 universis
1059 466 1224 522 rebus
1252 464 1368 520 suis
1396 462 1633 533 antiquis
1669 460 1882 517 noverit
1917 459 2122 530 spolia-

531 570 680 627 tum,
717 573 910 615 verum
964 557 1130 613 etiam
1170 555 1318 611 omni
1349 553 1493 609 fastu
1551 553 1793 625 'Ieposito
1838 550 2116 618 mundiali,

534 652 605 708 ad
634 650 836 708 Christi
857 657 1226 721 paupertatem
1247 656 1303 704 et
1328 648 1564 718 inopiam
1584 645 1955 711 descendisse,
1978 644 2121 715 jam-

532 759 640 817 que
666 746 864 815 opibus
883 744 1294 800 sustentandum
1330 757 1441 797 non
1469 741 1653 797 saeculi
1698 749 1816 796 arte
1843 738 2115 809 quaesitis,

530 852 635 895 nec
661 837 731 893 de
753 836 1069 892 inﬁdelitate
1103 834 1326 908 pristina
1348 833 1672 897 reservatis;
1701 831 1798 886 sed
1826 830 1895 885 de
1919 830 2119 886 sanctis

530 944 595 986 ae
620 930 724 1001 piis
750 928 1066 984 monasterii
1088 927 1467 999 largitionibus
1486 925 1693 981 militiae
1720 940 1831 981 sure
1851 924 2118 996 stipendia

529 1032 943 1094 perceptarum,
995 1029 1157 1092 atque
1194 1020 1320 1076 inde
1371 1034 1431 1075 se
1476 1019 1737 1088 deinceps
1780 1016 2115 1073 vestiendum

530 1115 894 1184 alendamque
922 1127 1284 1183 cognoscens,
1325 1120 1378 1166 et
1406 1111 1539 1166 nihil
1563 1110 1791 1175 habere;
1820 1119 1874 1165 et
1914 1109 2115 1165 nihilo-

535 1208 716 1263 minus
762 1206 830 1262 de
880 1206 1121 1261 crastino
1168 1219 1277 1260 non
1323 1218 1445 1260 esse
1507 1203 1772 1259 sollicitus
1818 1203 2116 1259 secundum

530 1298 811 1368 Evangelii
834 1298 1009 1354 discat
1029 1298 1353 1354 sententiam
1371 1338 1390 1365 ,
1424 1311 1524 1353 nec
1551 1297 1838 1353 erubescat
1860 1296 2115 1367 pauperi-

530 1390 653 1457 bus,
708 1389 911 1459 idest,
963 1391 1181 1460 corpori
1226 1389 1583 1446 fraternitatis
1633 1389 1869 1460 aequari,
1920 1388 2117 1458 quibus

530 1481 912 1536 connumerari
945 1479 1217 1546 Christus,
1272 1490 1328 1537 et
1368 1496 1597 1551 quorum
1627 1495 1687 1537 se
1732 1480 1952 1537 fratrem
2004 1496 2115 1535 non

530 1573 745 1629 erubuit
767 1587 1081 1643 nuncupare
1109 1572 1481 1645 (Matthwi,vt)
1514 1592 1527 1629 :
1561 1574 1688 1642 quin
1719 1574 1897 1643 potius
1917 1573 2116 1644 glorie-

531 1671 618 1718 tur
643 1663 961 1721 domesticis
984 1665 1102 1736 ejus
1126 1665 1325 1721 factum
1351 1680 1411 1722 se
1431 1681 1553 1722 esse
1582 1676 1906 1724 consortem.

1158 1776 1390 1835 CAPUT
1426 1779 1517 1834 VI.

532 1866 650 1943 Qua
670 1868 733 1922 de
773 1884 933 1943 causa
958 1869 1261 1924 uestimenta
1289 1869 1737 1943 Renuntiantium.
1784 1887 1900 1925 cum
1926 1873 2115 1943 quibus

600 1939 820 2008 ingressi
879 1949 1000 1994 sunt
1064 1942 1463 2009 monasterium,
1514 1958 1546 1995 a
1596 1939 1947 2014 dispensatore
2007 1960 2116 1999 ser-

599 2018 801 2064 ventur.

600 2121 699 2178 Illa
725 2137 857 2179 vero
884 2138 1005 2193 qua:
1026 2123 1281 2195 deposuit
1298 2125 1648 2193 vestimenta,
1677 2140 1961 2184 oeconomo
1982 2142 2115 2183 con-

529 2212 762 2282 signata,
817 2214 1020 2270 tamdiu
1070 2225 1436 2287 reservantur,
1480 2217 1655 2274 donec
1706 2219 2019 2288 profectus,
2064 2228 2120 2277 et

426 2341 437 2351 .
529 2304 962 2361 conversationis
1004 2305 1158 2375 ejus,
1213 2321 1278 2364 ac
1308 2308 1609 2364 tolerantiae
1651 2309 1903 2364 virtutem
1939 2308 2119 2366 diver-

530 2394 608 2450 sis
660 2396 1053 2452 tentationibus
1082 2412 1147 2453 ac
1175 2399 1583 2469 probationibus
1622 2400 1907 2456 evidenter
1947 2415 2118 2471 agno-

531 2494 709 2542 scant.
760 2487 827 2542 Et
878 2488 926 2544 si
975 2488 1194 2560 quidem
1244 2504 1405 2560 posse
1461 2506 1582 2545 eum
1625 2490 1757 2547 inibi
1816 2491 2119 2562 perdurare

530 2586 776 2648 tempore
802 2580 1136 2649 procedente
1163 2582 1568 2651 perspexerint,
1601 2590 1657 2637 et
1686 2582 1739 2637 in
1765 2582 1982 2651 eodem,
2010 2599 2119 2653 quo

530 2671 737 2742 coepit,
767 2671 989 2728 fervore
1015 2674 1311 2742 persistere
1335 2714 1350 2741 ,
1382 2673 1753 2744 indigentibus
1776 2675 1966 2730 eadem
2014 2677 2123 2731 lar-

530 2763 752 2833 giuntur
780 2779 795 2815 :
828 2762 927 2819 Sin
970 2777 1102 2819 vero
1154 2764 1421 2834 quoddam
1451 2779 1519 2821 ex
1563 2779 1631 2821 eo
1673 2767 2120 2824 murmurationis

533 2852 751 2919 vitium,
804 2852 891 2909 vel
923 2868 1104 2923 parva:
1142 2854 1432 2923 cujuslibet
1468 2856 1851 2913 inobedientia:
1903 2858 2119 2929 culpam

531 2945 864 3016 processisse
886 2945 1378 3017 deprehenderint,
1407 2956 1676 3005 exuentes
1702 2965 1823 3006 eum
1845 2960 2120 3008 monaste-

532 3038 600 3093 rii
646 3038 846 3107 quibus
886 3037 1106 3094 indutus
1148 3039 1345 3106 fuerat,
1385 3042 1751 3110 vestimentis,
1792 3052 1848 3099 et
1878 3043 2121 3114 antiquis

2221 458 2444 529 dignus,
2475 470 2600 512 cum
2643 455 2967 513 confusione
2998 464 3054 513 et
3085 467 3213 512 nota
3239 470 3422 513 coram
3450 456 3669 513 cunctis
3705 455 3812 514 fra-
3864 480 3871 485 ο

2220 548 2649 619 tribusdeposita
2673 555 2826 605 veste
2850 548 3192 614 monasterii,
3223 556 3251 586 ι
3271 547 3591 618 expellatur.

2807 663 3035 720 CAPUT
3080 663 3194 720 VII.

2222 756 2329 810 Cur
2373 757 2427 811 in
2474 755 2785 813 monasterio
2810 756 3034 827 suscepti
3078 772 3181 827 non
3236 754 3601 827 permittuntur
3637 755 3814 827 statim

2292 829 2676 898 congregationi
2725 825 3333 898 fratrum’commisceri;
3362 826 3453 880 sed
3485 825 3815 881 xenodocltio

2289 907 2407 953 ante
2432 900 2725 954 tradantur.

2288 1012 2426 1068 Cum
2449 1013 2611 1083 igitur
2638 1012 2762 1084 quis
2792 1018 3099 1081 susceptus,
3128 1019 3184 1067 et
3231 1010 3333 1065 hac
3380 1009 3811 1080 perseverantia,

2219 1119 2377 1177 quam
2395 1104 2651 1173 diximus,
2671 1103 3075 1174 comprobatus,
3102 1116 3165 1157 ac
3179 1101 3439 1171 depositis
3460 1102 3697 1172 propriis
3718 1116 3817 1157 ve—

2223 1197 2517 1265 stimentis,
2536 1196 2723 1252 habitu
2745 1194 3115 1251 monasteriali
3137 1192 3300 1249 fuerit
3315 1193 3623 1260 accinctus;
3643 1193 3673 1231 ι)
3700 1208 3814 1248 non

2218 1290 2401 1345 statim
2446 1288 2858 1361 congregationi
2887 1287 3116 1343 fratrum
3144 1287 3487 1342 commisceri
3537 1286 3816 1356 permitti-

2219 1389 2328 1449 tur,
2372 1381 2467 1436 sed
2510 1380 2805 1451 deputatur
2828 1380 3062 1446 seniori,
3094 1380 3187 1448 qui
3219 1377 3449 1433 seorsim
3479 1377 3623 1432 haud
3648 1378 3815 1448 longe

2217 1487 2249 1528 a
2274 1471 2542 1529 vestibulo
2564 1470 2887 1527 monasterii
2912 1484 3291 1536 commanens,
3321 1468 3486 1525 habet
3503 1484 3688 1524 curam
3717 1484 3818 1539 pe-

2217 1567 2559 1636 regrinorum
2578 1575 2636 1622 et
2661 1564 3065 1621 advenientium
3094 1562 3427 1633 deputatam,
3458 1562 3648 1632 eisque
3687 1577 3816 1619 om-

2218 1673 2343 1714 nem
2363 1658 2698 1728 diligentiam
2744 1654 3111 1726 suseeptionis
3139 1663 3197 1710 et
3224 1653 3575 1709 humanitatis
3597 1655 3817 1725 impen-

2145 1762 2198 1825 B
2220 1750 2318 1806 dit.
2348 1750 2590 1818 Cumque
2615 1747 2819 1804 ibidem
2838 1748 3053 1818 integro
3080 1761 3225 1802 anno
3248 1746 3568 1802 deserviens
3596 1747 3815 1816 absque

2219 1842 2326 1896 ulla
2351 1841 2573 1911 querela
2599 1854 2756 1896 suum
2786 1838 2930 1895 circa
2955 1839 3273 1910 peregrinos
3301 1838 3611 1894 exhibuerit
3638 1836 3818 1892 famu-

2218 1934 2425 2002 latum,
2469 1934 2710 1989 imbutus
2739 1946 2836 2003 per
2868 1933 2972 1987 hoc
3011 1932 3183 2002 prima
3208 1931 3547 1986 institutione
3589 1929 3819 1985 humili-

2217 2026 2367 2095 tatis,
2393 2040 2460 2081 ac
2500 2026 2805 2095 patientiae,
2836 2033 3002 2095 atque
3047 2025 3102 2079 in
3131 2038 3195 2080 ea
3229 2024 3389 2093 longa
3418 2023 3819 2079 exercitatione

2219 2121 2609 2192 praecognitus,
2638 2118 3023 2175 admiscendus
3048 2132 3111 2174 ex
3129 2118 3232 2173 hoc
3258 2115 3673 2187 congregationi
3697 2114 3819 2171 fra-

2222 2222 2400 2279 trum;
2429 2213 2520 2268 alii
2565 2212 2797 2268 traditur
2821 2210 3061 2279 seniori,
3105 2209 3197 2279 qui
3218 2208 3408 2265 decem
3453 2218 3475 2246 ε
3503 2207 3819 2277 junioribus

2220 2313 2439 2375 praeest,
2468 2318 2605 2374 quos
2627 2303 2730 2359 sibi
2755 2302 2994 2359 creditos
3014 2301 3082 2357 ab
3104 2301 3301 2357 abbate
3329 2298 3565 2354 instituit
3581 2297 3817 2367 pariter,

2220 2406 2277 2454 et
2303 2398 2571 2467 gubernat
2601 2413 2614 2449 :
2670 2396 2969 2452 secundum
2997 2394 3129 2449 illud
3156 2393 3365 2448 scilicet
3410 2390 3558 2462 quod
3586 2389 3817 2447 ordina-

2222 2499 2333 2546 tum
2360 2490 2415 2546 in
2442 2486 2469 2527 ἀ
2497 2488 2686 2546 Exodo
2713 2489 2946 2559 legimus
2972 2502 3070 2559 per
3099 2487 3349 2557 Moysen.

2806 2598 3035 2657 CAPUT
3073 2597 3211 2655 VIII.

2224 2694 2423 2760 Quibus
2447 2694 2667 2763 primum
2700 2692 2954 2747 institutis
2976 2691 3216 2763 juniores
3244 2700 3605 2763 exerceantur,
3640 2699 3697 2743 ut
3741 2692 3818 2743 ad

2350 2760 2673 2835 superandas
2703 2780 2877 2818 omnes
2904 2760 3347 2833 concupiscentias
3374 2760 3680 2831 proﬁciant.

2293 2857 2460 2927 Cujus
2485 2856 2603 2912 haec
2632 2858 2736 2913 erit
2775 2854 3080 2910 sollicitudo
3114 2863 3170 2911 et
3197 2852 3431 2910 eruditio
3460 2852 3780 2923 principalis
3800 2899 3818 2917 ,

2223 2962 2321 3017 per
2344 2962 2503 3018 quam
2526 2948 2710 3018 junior
2733 2946 3072 3003 introductus
3098 2946 3393 3002 ascendere
3416 2954 3819 3015 consequenter

2223 3042 2385 3096 etiam
2434 3041 2668 3097 eulmina
2715 3040 3066 3111 perfectionis
3111 3053 3319 3093 summa
3370 3038 3699 3108 prazvaleat,
3757 3049 3820 3094 ut

533 3128 893 3207 revestitum,
950 3144 1071 3199 qua:
1119 3129 1337 3186 fuerant
1386 3140 1755 3202 sequestrata,
1812 3134 2116 3204 depellunt.
2145 3155 2189 3217 ρ
2223 3134 2414 3190 doceat
2437 3150 2562 3190 eum
2590 3134 2837 3204 primitus
2867 3148 2992 3188 suas
3013 3132 3233 3188 vincere
3258 3131 3590 3198 voluntates;
3644 3146 3818 3200 quem

530 3218 745 3278 Nullum
773 3220 977 3277 etenim
1002 3222 1081 3277 fas
1117 3231 1201 3278 est
1235 3237 1358 3277 cum
1381 3222 1489 3278 illis
1514 3237 1635 3293 qua:
1664 3223 1894 3293 accepit,
1925 3225 2115 3281 absce-

533 3313 692 3379 dere,
734 3326 834 3368 nec
856 3327 1180 3383 quemquam
1228 3314 1506 3383 patiuntur
1550 3313 1660 3370 illis
1710 3314 1887 3371 adhuc
1936 3316 2116 3384 indui,

533 3418 696 3475 quem
747 3404 918 3460 semel
965 3404 1036 3458 ab
1085 3403 1442 3460 institutionis
1490 3420 1602 3461 sua:
1640 3407 1830 3477 regula
1879 3409 2119 3478 tepuisse

533 3496 886 3567 perviderint.
917 3495 1075 3553 Unde
1119 3498 1284 3553 etiam
1315 3499 1470 3568 copia
1524 3499 1659 3553 nulli
1697 3500 1910 3569 penitus
1939 3501 2117 3571 palam

533 3586 848 3644 discedendi
876 3587 1220 3653 conceditur,
1252 3588 1357 3644 nisi
1383 3599 1476 3644 aut
1506 3589 1562 3644 in
1591 3605 1800 3646 morem
1842 3593 1984 3646 servi
2038 3591 2146 3646 fu-’

532 3681 681 3753 gacis
704 3690 926 3753 captans
968 3680 1320 3739 densissimas
1350 3683 1605 3740 tenebras
1654 3694 1814 3741 nocte
1842 3684 2118 3756 dilfugiat;

2221 3228 2464 3285 studiose
2493 3229 2548 3283 in
2589 3228 2673 3284 his
2699 3241 2762 3283 ac
2789 3227 3076 3298 diligenter
3099 3240 3383 3294 exercens,
3415 3227 3529 3281 haec
3560 3225 3640 3281 illi
3666 3241 3821 3281 sem-

2219 3338 2318 3393 per
2348 3323 2615 3393 imperare
2645 3321 2713 3376 de
2743 3321 3007 3376 industria
3038 3320 3350 3391 procurabit
3372 3362 3387 3388 ,
3420 3336 3538 3391 quae
3576 3320 3821 3376 senserit

2220 3413 2402 3467 animo
2446 3412 2563 3483 ejus
2592 3426 2715 3468 esse
2744 3412 3040 3467 contraria.
3071 3409 3252 3464 Multis
3282 3409 3544 3479 siquidem
3586 3414 3819 3481 experi-

2222 3505 2418 3562 mentis
2447 3504 2623 3562 edocti
2663 3506 2913 3571 tradunt,
2961 3501 3285 3559 monachum
3311 3544 3328 3570 ,
3371 3511 3427 3558 et
3456 3505 3687 3559 maxime
3724 3505 3818 3575 ju-

2223 3596 2426 3663 niores,
2467 3612 2537 3653 ne
2589 3598 2920 3666 voluptatem
2950 3593 3167 3665 quidem
3201 3595 3656 3664 concupiscentiae
3694 3609 3819 3651 sum

2224 3689 2499 3745 refrenare
2530 3704 2689 3760 posse
2713 3730 2729 3756 ,
2777 3688 2878 3743 nisi
2928 3690 3077 3760 prius
3110 3698 3133 3726 ο
3164 3688 3499 3746 mortiﬁcare
3536 3702 3632 3756 per
3671 3688 3815 3744 obc-

1597 3822 1855 3879 ALARDI
1893 3824 2129 3882 CAZ/El
2169 3824 2732 3883 COMMENTARIUS.

608 3927 636 3956 ι
655 3917 814 3972 Notet
838 3917 1013 3972 lector
1033 3916 1349 3982 monachos,
1376 3930 1470 3971 seu
1490 3915 1814 3985 Religiosos,
1838 3931 1905 3972 ex
1936 3918 2104 3972 veteri

534 4001 686 4042 more
710 3998 767 4042 et
794 3988 1040 4054 instituto
1085 4000 1243 4055 posse
1286 3987 1355 4042 ob
1394 3988 1607 4055 aliquas
1646 4001 1836 4041 causas
1862 3988 1983 4053 ejici
2020 3997 2112 4042 aut

533 4058 734 4113 dimitti
764 4071 794 4111 a
845 4056 1126 4125 religione,
1160 4056 1301 4125 quod
1347 4058 1507 4111 etiam
1540 4072 1606 4110 ex
1644 4056 1864 4124 chulis
1907 4059 1966 4111 D.
1996 4057 2109 4112 Au-

534 4128 730 4196 gustini
756 4136 811 4182 et
837 4128 902 4184 D.
931 4126 1209 4182 Benedicti
1234 4128 1616 4194 comprobatur
1655 4126 1794 4195 (Lib.
1838 4144 1893 4182 ttt
1950 4126 2107 4182 Decr.

533 4216 650 4269 cap.
698 4199 866 4252 ultim.
913 4199 976 4252 de
1004 4196 1278 4269 Regulam;
1324 4196 1865 4269 SgATltomtquodlib.
1904 4197 1988 4263 12,
2018 4215 2106 4268 qu.

533 4267 658 4341 ult;
681 4268 899 4339 August.
929 4285 974 4322 ιτ.
998 4270 1068 4323 9.0
1087 4267 1337 4341 Regulae;
1368 4267 1523 4341 liasil.
1544 4269 1596 4320 in
1610 4267 1811 4336 Regula
1839 4285 1884 4322 c.
1911 4270 1941 4322 7
1964 4279 2009 4321 et
2032 4267 2106 4335 '8;

534 4338 802 4393 Benedict.
828 4356 875 4393 c.
903 4341 975 4395 28
1002 4349 1048 4393 et
1079 4338 1190 4409 58):
1228 4340 1293 4393 Et
1321 4338 1537 4407 quidem
1567 4340 1734 4392 multo
1775 4342 2020 4394 severius
2049 4356 2112 4395 ac

2213 3923 2461 3991 cujusque
2510 3922 2563 3973 in
2613 3918 2983 3989 hospitalitatis
3027 3920 3291 3974 servitium
3341 3919 3502 3974 tribus
3550 3920 3816 3976 mensibus

2213 3991 2543 4045 considerare
2566 4001 2789 4059 Oportet,
2818 3991 3000 4059 quibus
3030 3994 3283 4061 peractis,
3316 3991 3383 4043 ad
3404 4001 3583 4043 cretum
3611 4002 3815 4046 sancta:

2211 4063 2618 4132 congregationis
2644 4061 2873 4116 accedet.
2906 4061 3088 4130 Neque
3107 4065 3243 4117 enim
3269 4065 3404 4115 intus
3418 4061 3608 4132 suscipi
3626 4077 3818 4132 quem-

2211 4148 2364 4201 quam
2394 4134 2649 4198 convenit,
2683 4132 2782 4185 nisi
2810 4132 2951 4204 prius
2976 4132 3102 4200 foris
3124 4135 3342 4204 positus,
3376 4131 3812 4204 ejas‘humilitas,

2212 4204 2318 4274 sive
2346 4205 2616 4274 patientia,
2645 4202 3024 4270 comprobatur.
3053 4201 3131 4257 At
3153 4202 3221 4259 de
3243 4202 3343 4258 hac
3370 4217 3423 4255 re
3460 4201 3608 4271 plura
3639 4218 3813 4272 supc-

2214 4273 2328 4327 rius
2350 4273 2499 4328 dicta
2529 4285 2675 4327 sunt.

2289 4353 2310 4381 ο
2337 4343 2487 4400 Unde
2513 4343 2709 4398 Decani
2732 4343 2881 4398 dicti.
2915 4343 2993 4399 De
3020 4343 3213 4408 quibus
3235 4345 3369 4399 alias
3393 4343 3656 4410 pluribus.

533 4410 863 4491 frequentius
886 4410 1027 4479 apud
1056 4408 1263 4491 veteres
1284 4409 1724 4491 il.los_monacbos
1755 4409 1805 4463 id
1836 4408 1948 4463 fieri
1981 4410 2111 4491 soli-7
2138 4430 2192 4491 D
2284 4411 2312 4450 ἀ
2346 4414 2515 4491 Exodi
2546 4415 2758 4491 decimo
2780 4426 2993 4491 octavo.
3020 4413 3297 4491 Constituit
3324 4408 3811 4491 Illoyses(consilio

535 4479 645 4534 tum
665 4520 683 4547 ,
713 4482 875 4535 etiam
906 4497 971 4536 ex
999 4481 1176 4537 causis
1225 4479 1546 4545 levioribus,
1594 4492 1718 4549 puta
1744 4494 1846 4550 pro
1873 4481 2112 4550 qualibet

533 4550 889 4606 inobedientia
910 4594 923 4617 ,
954 4561 1046 4605 aut
1078 4552 1522 4619 murmuratione,
1572 4561 1630 4604 ut
1662 4551 1867 4605 indicat
1894 4551 2109 4606 Cassia-

533 4638 653 4676 nus.
684 4622 939 4688 Quamvis
969 4622 1111 4676 enim
1155 4623 1253 4675 hoc
1276 4622 1393 4676 loco
1422 4636 1527 4675 non
1577 4621 1645 4675 de
1697 4622 1982 4690 professis,
2015 4621 2109 4676 sed

531 4693 601 4748 de
628 4694 844 4747 novitiis
866 4691 1038 4746 adhuc
1064 4692 1119 4745 in
1158 4693 1473 4762 probatione
1502 4691 1815 4747 constitutis
1849 4707 2008 4762 agere
2029 4692 2112 4746 vi-

531 4763 750 4827 deatur;
804 4771 980 4817 tamen
1009 4762 1147 4816 idem
1180 4761 1340 4817 etiam
1381 4762 1450 4817 de
1494 4762 1782 4831 professis,
1825 4777 1923 4817 seu
1967 4764 2111 4819 veris

531 4834 828 4895 monachis,
864 4831 1265 4902 intelligendum
1297 4832 1426 4887 satis
1457 4832 1657 4887 indicat
1691 4834 1753 4887 D.
1780 4833 2108 4889 Benedictus

530 4919 710 4974 supra,
737 4904 829 4958 ubi
857 4903 925 4957 de
955 4902 1223 4975 monacho
1244 4902 1347 4968 iam
1379 4904 1625 4975 proiesso
1645 4918 1842 4973 agens,
1868 4912 1923 4958 et
1949 4905 2107 4975 plane

528 4973 889 5048 consentanea
932 4973 997 5026 ad
1046 4976 1185 5048 hunc
1212 4973 1391 5048 locum
1420 4990 1433 5026 :
1468 4973 1595 5048 Mos:
1621 4990 1778 5048 ergo,
1824 4973 2023 5044 inquit,
2054 4977 2109 5030 in

529 5047 754 5099 oratorio
780 5052 999 5098 eruatur
1028 5044 1176 5096 rebus
1194 5044 1441 5114 propriis,
1469 5046 1652 5113 quibus
1680 5044 1891 5099 uestitus
1919 5056 1989 5100 est
2009 5091 2023 5114 ,
2059 5055 2108 5099 et

527 5117 771 5170 induatur
799 5114 948 5169 rebus
980 5116 1309 5169 monasterii:
1329 5113 1424 5168 illa
1445 5124 1613 5168 autem
1639 5118 1961 5179 vestimenta,
1992 5113 2108 5181 qui-

527 5186 619 5240 bus
660 5187 891 5251 exuitur,
925 5194 1244 5255 reponantur
1277 5186 1327 5238 in
1358 5186 1594 5239 vestiario
1624 5188 1974 5240 conservanda
2003 5204 2020 5240 :
2054 5196 2108 5241 ut

527 5257 570 5310 si
601 5256 882 5326 aliquando
910 5256 1151 5328 suadenti
1185 5255 1403 5328 diabolo
1429 5257 1767 5328 consenserit,
1792 5264 1847 5309 ut
1873 5256 2108 5328 egredia-

526 5335 611 5397 tur
639 5325 947 5382 monasterio
961 5326 1123 5397 (quod
1143 5325 1455 5393 absit),tunc
1484 5336 1663 5397 exutus
1693 5326 1840 5381 rebus
1853 5325 2108 5397 monaste-

526 5396 592 5447 rii
614 5399 940 5464 projiciatur.
968 5395 1040 5451 De
1063 5395 1164 5449 hac
1181 5410 1342 5463 porro
1358 5395 1675 5462 expulsione
1695 5395 2105 5464 monachorum,

525 5472 580 5519 et
593 5468 868 5521 monachis
889 5466 1153 5535 expulsis,
1177 5466 1290 5519 sive
1313 5466 1520 5533 ejectis,
1541 5465 1807 5535 videndus
1831 5467 2105 5525 Navarrus

525 5536 580 5589 in
595 5538 997 5607 commentario
1026 5537 1091 5591 de
1123 5535 1476 5605 Regularibps
1504 5534 1787 5603 (Commen.
1808 5538 1890 5607 ‘2).

594 5604 622 5642 ι)
644 5605 737 5659 Sic
756 5612 811 5658 et
835 5606 894 5660 S.
933 5608 1168 5661 Isidorus
1214 5611 1267 5659 in
1297 5604 1497 5675 Regula
1528 5622 1645 5675 cap.
1671 5608 1745 5661 4:
1776 5604 1879 5673 Qui
1906 5624 2102 5665 renun-

525 5676 659 5732 tians
704 5677 893 5730 sarculo
924 5678 991 5729 ad
1036 5678 1404 5733 monasterium
1432 5680 1642 5739 venerit,
1698 5695 1819 5732 non»
1849 5682 2021 5733 statim
2051 5682 2103 5736 in

525 5758 704 5809 ctutum
732 5746 1026 5813 deligendus
1055 5759 1126 5804 est
1156 5749 1561 5807 monac/torum:
1590 5751 1745 5805 vitam
1770 5750 1903 5806 enim
1926 5751 2105 5808 unius-

2215 4493 2270 4539 et
2297 4488 2504 4539 monitu
2535 4486 2711 4540 soceri
2741 4486 2820 4537 sui
2852 4484 3065 4554 Jethro)
3102 4489 3441 4548 centuriones,
3474 4494 3521 4537 et
3547 4487 3812 4555 quinqua-

2213 4571 2367 4624 genos
2385 4596 2399 4619 ,
2418 4565 2472 4627 _et
2491 4557 2727 4627 decanos,
2745 4556 2841 4627 qui
2857 4556 3157 4627 judicarth
3180 4556 3377 4625 plebem
3403 4555 3634 4627 Domini,
3658 4560 3811 4611 omni

2214 4624 2457 4690 tempore.
2493 4624 2754 4697 Quidquid
2783 4624 2954 4679 autem
2990 4627 3199 4697 gravius
3218 4637 3325 4680 erat
3351 4667 3364 4692 ,
3413 4624 3700 4697 referebant
3729 4630 3808 4681 ad

2213 4712 2349 4769 eum,
2382 4695 2622 4769 faciliora
2665 4695 3022 4769 tantummodo
3042 4698 3365 4769 judicantes.
3396 4695 3475 4769 Ad
3511 4696 3652 4750 hunc
3683 4712 3813 4752 mo-

2212 4766 2337 4819 dum
2360 4766 2487 4819 olim
2519 4767 2570 4837 in
2606 4767 2946 4821 monasteriis
2991 4764 3416 4821 instituebantur
3446 4764 3673 4833 decani,
3705 4770 3807 4837 qui

2213 4835 2669 4908 novem,_vel,_ut
2716 4837 2838 4908 aliis
2870 4837 3093 4908 placet,
3114 4839 3302 4908 decem
3345 4836 3619 4893 monachis
3661 4835 3810 4908 pra:-

2213 4914 2390 4977 erant,
2416 4905 2483 4962 de
2511 4906 2705 4975 quibus
2737 4905 2875 4961 infra
2895 4906 3051 4977 (Cap.
3074 4906 3191 4977 ‘20).

2286 4985 2309 5049 ἐ
2341 4976 2522 5031 Prima
2545 4978 2808 5049 institutio
2824 4979 3068 5031 monachi
3092 4990 3174 5032 est
3193 4978 3540 5034 mortificatio
3556 4981 3799 5049 propriae

2208 5047 2504 5101 voluntatis
2537 5066 2548 5101 :
2582 5047 2731 5100 Finis
2756 5049 2891 5101 enim
2913 5049 3176 5103 comobita:
3202 5060 3275 5101 cst
3303 5065 3478 5104 onmes
3504 5047 3626 5104 suas
3653 5047 3801 5105 mor-

2209 5118 2408 5185 tiﬁcare
2447 5131 2496 5174 et
2529 5118 2827 5188 cruciﬁgere
2862 5118 3182 5185 voluntates,
3224 5120 3301 5172 ait
3342 5122 3512 5186 abbas
3558 5121 3806 5177 Joannes

2209 5189 2391 5243 collat.
2430 5190 2495 5245 I9
2515 5205 2636 5259 cap.
2674 5192 2729 5251 8,
2769 5204 2924 5258 quam
2961 5191 3348 5257 perfectionem
3383 5205 3608 5259 prorsus
3632 5206 3663 5244 a
3702 5208 3803 5245 nc-

2209 5259 2383 5323 mine,
2434 5261 2533 5316 nisi
2560 5276 2587 5313 a
2628 5261 2897 5314 coenobita
2923 5304 2936 5327 ,
2974 5260 3189 5328 impleri
3222 5275 3378 5327 posse
3414 5260 3670 5314 affirmat.
3715 5261 3803 5317 De

2208 5345 2310 5399 qua
2344 5330 2530 5385 itidem
2562 5330 3018 5400 D.f|ieronymus
3051 5332 3103 5384 in
3135 5331 3291 5397 epist.
3323 5329 3379 5396 4,
3404 5332 3470 5384 ad
3515 5331 3799 5388 Rusticum

2209 5404 2531 5456 monachum
2567 5418 2579 5453 :
2620 5399 2743 5453 Non
2771 5399 2933 5470 facias
2958 5402 3097 5469 quod
3144 5403 3251 5463 vis;
3277 5403 3512 5455 comedas
3538 5401 3675 5471 quod
3695 5403 3799 5471 ju-

2209 5472 2371 5536 bcris;
2402 5473 2615 5524 vestiarc
2636 5472 2770 5539 quod
2810 5471 3104 5540 acceperis;
3137 5472 3305 5538 aperis
3330 5471 3403 5524 tui
3436 5487 3649 5540 pensum
3673 5490 3800 5538 pcr-

2206 5542 2405 5607 solvas;
2434 5541 2727 5612 subjiciaris
2758 5541 2839 5592 cui
2884 5557 2985 5612 non
3009 5541 3115 5605 vis;
3146 5541 3313 5594 lassus
3354 5543 3424 5594 ad
3455 5552 3671 5594 stratum
3703 5559 3799 5598 re-

2206 5614 2357 5677 nias;
2385 5611 2754 5681 ambulansque
2781 5611 3039 5681 dormias,
3066 5620 3110 5662 et
3141 5612 3356 5664 necdum
3384 5612 3584 5681 expleto
3612 5628 3799 5669 somno

2206 5700 2412 5751 surgere
2431 5678 2775 5752 contpcllaris.
2794 5680 2856 5732 D.
2878 5682 3040 5734 etiam
3059 5681 3380 5736 Benedictus
3399 5678 3537 5736 hanc
3558 5686 3800 5752 propriae

2207 5749 2501 5815 voluntatis
2527 5749 2946 5823 abdicationem,
2978 5767 3073 5808 seu
3106 5749 3572 5811 mortificationem
3600 5749 3798 5817 multis
