4026 6334
196 334 297 402 161
598 340 693 398 οε
731 336 1211 400 C(ENOBIORUM
1248 338 1494 397 INSTIT.
1532 334 1665 397 LIB.
1707 338 2002 404 U.—DE
2039 340 2420 401 INSTITUTIS
2460 340 3052 412 RENUNTIANTIUM.
3366 363 3474 425 [ag

194 441 450 518 dientiam
495 475 629 517 suas
675 459 968 516 didicerim
1010 458 1333 514 voluntates.
1376 455 1608 528 Ideoque
1656 470 1783 526 pro-
1808 456 2198 530 Acumvenire
2219 458 2472 527 juvenem
2502 460 2729 517 callidus
2757 463 3009 521 inimicus
3036 467 3188 526 velut
3215 471 3474 544 inexper-

195 556 444 612 nuntiant
463 552 780 608 nullatenus
812 552 1137 622 praevalere,
1166 550 1254 606 vel
1285 550 1419 605 iram
1438 592 1453 617 ,
1500 549 1584 605 vel
1619 549 1790 605 tristi-
1899 560 2009 607 tum
2028 553 2377 622 ignarumque
2398 556 2705 623 prtevaleat,
2732 571 2833 612 nec
2852 558 2961 614 ulla
2984 560 3175 618 fraude
3196 563 3475 637 decipere,

195 643 355 714 tiam,
381 648 471 704 vel
494 647 748 717 spiritum
777 645 1149 701 fornicationis
1177 644 1540 714 exstinguere.
1568 643 1662 700 sed
1690 659 1790 700 nec
1893 660 2050 714 quem
2090 646 2352 716 praevidet
2381 663 2487 702 non
2530 661 2664 716 sua,
2715 650 2811 705 sed
2858 653 3095 711 senioris
3141 656 3474 721 discretione

1891 737 2132 804 muniri,
2193 746 2251 794 et
2289 738 2663 810 suggestiones
2713 756 2842 797 suas
2869 745 3020 800 velut
3055 748 3228 818 ignita
3257 750 3434 821 jacula
3457 796 3473 823 ,

1889 843 2246 900 quaecumque
2275 830 2329 885 in
2352 844 2451 886 cor
2480 829 2599 898 ejus
2626 831 2898 905 iniecerit,
2924 846 2983 891 ut
3007 840 3277 897 seniorem
3306 844 3472 915 celet,

1888 936 1998 976 non
2029 936 2193 993 posse
2223 922 2469 979 suaderi.
2501 924 2675 981 Aliter
2702 925 2906 995 quippe
2944 928 3328 990 subtilissimus
3357 936 3476 992 dia-

1886 1012 2048 1069 bolus
2094 1013 2325 1070 illudcrc
2351 1014 2435 1070 vel
2482 1014 2721 1085 dejicere
2758 1016 3033 1087 iuniorem
3078 1036 3184 1077 non
3236 1029 3465 1094 poterit,
3522 1048 3527 1053 ι

1884 1105 1994 1160 nisi
2024 1121 2145 1161 cum
2172 1123 2294 1162 eum
2317 1148 2333 1174 ,
2361 1122 2459 1163 seu
2493 1123 2587 1177 per
2615 1112 3009 1180 arrogantiam,
3038 1115 3153 1171 sive
3181 1132 3278 1187 per
3316 1134 3472 1177 vcre-
3508 1145 3518 1193 ,-

1882 1195 2158 1265 cundiam,
2182 1197 2251 1252 ad
2278 1197 2662 1268 cogitationum
2696 1214 2917 1257 suarum
2941 1204 3188 1262 velamen
3212 1209 3469 1267 illexcrit.
3534 1207 3553 1229 '

1883 1287 2155 1383 (ienerale
2187 1304 2421 1361 namque
2448 1298 2503 1347 et
2535 1291 2758 1349 evidens
2779 1294 3038 1352 indicium
3066 1298 3349 1358 diabolica:
3378 1318 3470 1359 eo-

1881 1381 2159 1451 gitationis
2189 1398 2311 1440 esse
2350 1385 2702 1454 pronuntiant
2770 1388 2972 1446 sicam
2999 1392 3205 1450 seniori
3233 1395 3467 1453 confun-

197 740 563 796 bumilitatem
593 740 777 795 cordis
805 753 1012 803 veram,
1043 753 1144 793 nec
1172 752 1292 792 cum
1325 736 1581 793 fratribus
1615 739 1789 792 unita-

197 843 302 889 tem
350 842 711 902 perpetuam,
754 845 859 886 nec
903 830 1114 884 firmam
1165 829 1580 898 diuturnamque
1628 843 1788 897 posse

198 926 430 982 retinere
486 924 869 991 concordiam,
902 922 997 978 sed
1045 936 1145 977 nec
1187 921 1241 975 in
1279 921 1533 976 coenobio
1561 920 1784 990 quidem

198 1017 392 1072 diutius
410 1030 750 1087 permanere,
776 1029 899 1071 eum
918 1013 1008 1085 qui
1030 1014 1181 1084 prius
1200 1011 1505 1069 voluntates
1525 1026 1653 1069 suas
1674 1025 1782 1068 non

199 1108 438 1166 didicerit
475 1122 760 1178 superare.
1349 1092 1355 1100 ’

807 1197 1037 1255 CAPUT
1072 1197 1168 1254 IX.

204 1293 365 1359 Quare
412 1290 1044 1373 junioribnsimperetur
1080 1299 1136 1344 ut
1172 1290 1372 1373 seniori
1399 1306 1492 1373 suo
1541 1291 1674 1347 nihil
1715 1290 1781 1346 de

543 1362 938 1432 cogitationibus
966 1362 1071 1416 suis
1099 1362 1429 1417 subtrahunt.

265 1475 354 1530 llis
386 1476 550 1545 igitur
582 1474 849 1530 institutis
870 1514 887 1541 ,
918 1489 1013 1530 eos
1034 1488 1171 1546 quos
1201 1474 1414 1530 lnitiant
1434 1519 1449 1545 ,
1482 1475 1629 1531 velut
1666 1474 1780 1531 ele-

201 1568 384 1623 mentis
412 1567 740 1637 quibusdam
782 1582 846 1622 ac
867 1567 1091 1639 syllabis
1121 1568 1366 1625 imbuere
1385 1568 1453 1624 ad
1481 1567 1776 1639 perfectio-

201 1677 311 1717 netu
332 1670 497 1731 atque
524 1660 820 1716 informare
848 1659 1129 1728 festinant,
1156 1676 1251 1732 per
1280 1661 1397 1717 haec
1417 1661 1483 1717 ad
1512 1661 1777 1732 liquidum

201 1753 580 1818 discernentes,
611 1761 798 1808 utrum
823 1752 948 1807 fleta
973 1763 1027 1808 et
1050 1753 1389 1824 imaginaria,
1415 1768 1482 1808 an
1514 1768 1644 1810 vera
1667 1754 1779 1808 sint

1880 1472 2071 1530 damur
2098 1475 2336 1546 aperire.

2509 1569 2738 1627 CAPUT
2775 1570 2844 1626 Χ.

1886 1656 2097 1723 Quanta
2111 1658 2387 1731 juniorum
2407 1660 2720 1738 obedientia,
2739 1663 2898 1738 etiam
2916 1664 2969 1718 in
2996 1663 3076 1722 his
3102 1683 3217 1738 quae
3236 1671 3465 1729 naturali

2304 1732 2596 1786 necessitati
2633 1734 2861 1804 subjecta
2907 1744 3046 1790 sunt.

201 1843 488 1898 humilitate
520 1841 749 1899 fundati.
785 1843 869 1899 Ad
893 1843 1036 1914 quod
1069 1852 1127 1899 ut
1150 1843 1309 1900 facile
1335 1844 1553 1901 valeant
1583 1859 1773 1914 perve-
1804 1866 1852 1927 Β
1951 1840 2080 1896 Post
2124 1839 2242 1898 brec
2269 1839 2299 1880 ι’
2333 1850 2479 1898 tanta
2528 1845 2870 1909 observantia
2921 1844 3247 1908 obedientite
3277 1855 3460 1925 regula

202 1935 324 2001 nire,
354 1943 759 2005 consequenter
785 1934 1143 1991 instituuntur
1179 1935 1353 1991 nullas
1385 1938 1601 2005 penitus
1628 1938 1776 2009 cogi-

202 2029 414 2085 tationes
446 2029 759 2099 prurientes
804 2030 857 2084 in
896 2028 1064 2085 corde
1106 2029 1407 2099 perniciosa
1454 2031 1773 2088 confusione

199 2122 395 2187 celare,
445 2120 546 2176 sed
596 2121 882 2177 confestim
938 2131 998 2177 ut
1037 2131 1243 2178 exorta:
1282 2122 1503 2189 fuerint,
1535 2139 1629 2180 eas
1674 2139 1774 2181 suo

200 2212 481 2281 patefacere
512 2222 540 2251 ι
569 2213 774 2269 seniori
805 2232 817 2266 :
845 2228 946 2270 nec
974 2228 1136 2284 super
1164 2230 1348 2270 earum
1377 2215 1586 2285 judicio
1610 2217 1769 2287 quid-

200 2319 337 2374 quam
368 2320 483 2360 suae
512 2305 828 2361 diseretioni
857 2307 1228 2373 committere,
1261 2307 1355 2363 sed
1386 2307 1517 2364 illud
1547 2308 1770 2368 credere

198 2396 377 2450 malum
406 2409 561 2462 esse,
608 2398 694 2451 vel
723 2396 955 2461 bonum,
989 2397 1131 2467 quod
1175 2397 1500 2455 discusserit
1537 2415 1599 2455 ac
1639 2416 1769 2471 pro-

196 2488 511 2544 nuntiaverit
551 2488 785 2545 senioris
813 2503 1063 2545 examen.
1096 2490 1173 2546 lta
1198 2490 1260 2546 flt
1287 2500 1347 2546 ut
1383 2491 1436 2547 in
1470 2492 1619 2549 nullo
1659 2493 1770 2549 cir-

1877 1934 2203 2001 custoditur,
2236 1944 2294 1991 ut
2319 1935 2568 2005 juniores
2592 1936 2794 2006 absque
2821 1941 3100 2009 prmpositi
3121 1943 3205 1997 sui
3233 1944 3460 2003 scientia

1875 2026 1960 2082 vel
1986 2027 2275 2096 permissu,
2304 2041 2410 2082 non
2432 2027 2605 2083 solum
2630 2043 2738 2083 non
2766 2029 3001 2086 audeant
3027 2032 3162 2088 cella
3186 2036 3458 2107 progredi,

1878 2118 1974 2175 sed
2005 2135 2074 2175 ne
2105 2120 2205 2190 ipsi
2247 2120 2465 2191 quidem
2496 2122 2772 2176 communi
2801 2136 2865 2178 ac
2887 2125 3118 2181 naturali
3145 2129 3461 2187 necessitati

1875 2210 2190 2267 satisfacere
2218 2227 2312 2266 sua
2343 2212 2665 2270 auctoritate
2689 2225 3035 2284 praesumant.
3067 2228 3090 2257 ο
3116 2218 3314 2291 Sicque
3344 2223 3461 2279 uni-

1876 2319 2031 2360 versa
2061 2304 2339 2374 complere
2367 2320 2720 2376 qurecumque
2749 2307 2948 2363 fuerint
2976 2310 3045 2365 ab
3070 2326 3137 2366 eo
3163 2325 3454 2384 praecepta,

1880 2407 2151 2468 tamquam
2185 2397 2229 2451 si
2261 2411 2290 2451 a
2333 2397 2443 2453 Deo
2469 2400 2582 2454 sint
2607 2398 2821 2453 caelitus
2851 2399 3016 2467 edita,
3050 2401 3168 2457 sine
3210 2405 3317 2459 ulla
3348 2407 3457 2460 dis-

1878 2490 2131 2546 cussione
2158 2488 2451 2554 festinant;
2486 2498 2544 2546 ut
2570 2504 2974 2561 nonnumquam
3007 2492 3171 2549 etiam
3200 2491 3228 2531 ἀ
3256 2495 3456 2567 impos-

1252 2607 1513 2665 ALARDI
1552 2608 1782 2666 GAZIEI
1818 2607 2383 2666 COMMENTARIUS.

196 2700 325 2772 locis
350 2702 716 2765 commendat,
739 2709 795 2757 et
823 2700 1057 2772 inculcat
1085 2715 1204 2772 cap.
1234 2702 1290 2767 4,
1314 2703 1370 2767 7,
1399 2701 1489 2768 49,
1514 2703 1604 2759 58.
1630 2703 1766 2759 Vide

193 2770 258 2827 D.
281 2773 599 2828 Bernsrdum
629 2787 798 2827 serm.
828 2773 863 2827 3
886 2771 955 2827 de
985 2770 1317 2837 Resurrect.,
1355 2772 1442 2827 ubi
1475 2774 1645 2829 multa
1671 2776 1766 2829 ad-

195 2857 384 2913 versus
432 2844 693 2913 propriam
736 2842 1068 2913 voluntatem
1120 2843 1358 2899 disserit.
1396 2842 1489 2913 (ι).
1517 2842 1687 2901 Basil.
1708 2846 1765 2901 in

194 2911 362 2968 Instit.
391 2911 659 2968 monacho.
690 2930 807 2984 cap.
832 2912 902 2969 46
925 2922 974 2967 et
1005 2913 1125 2982 50.)

256 2993 283 3021 ι
329 2985 404 3039 De
432 2987 531 3039 hac
560 2984 948 3054 cogitationum
1004 2985 1268 3038 malarum
1322 2985 1762 3044 manifestatione

196 3055 401 3121 seniori,
429 3064 518 3110 aut
540 3053 811 3126 spirituali
835 3055 1000 3121 Patri,
1034 3053 1300 3124 facienda,
1325 3055 1452 3112 vide
1477 3067 1659 3113 notata
1690 3058 1759 3113 sd

196 3127 361 3180 collat.
392 3129 427 3182 2
451 3141 573 3193 cap.
606 3126 697 3182 10.

254 3196 281 3235 δ
308 3197 379 3252 Ita
400 3198 465 3254 D.
492 3198 852 3266 Hieronymus
875 3196 940 3251 dc
953 3195 1243 3252 emnohitis
1266 3196 1533 3268 Egyptiis
1555 3212 1721 3266 agens
1745 3218 1757 3254 :

197 3267 383 3335 Prima,
418 3269 614 3339 inquit,
632 3270 786 3339 apud
810 3283 895 3321 eos
920 3267 1390 3339 confmderatioiest
1421 3269 1626 3339 obedire
1652 3287 1765 3323 rna-

198 3339 405 3403 ion'bus,
446 3338 767 3410 et’quidquid
797 3340 1040 3410 iusserint
1067 3338 1237 3407 facere
1262 3338 1455 3410 (Epist.
1489 3338 1605 3410 2‘2).
1640 3341 1765 3397 Sul-

198 3411 340 3473 pitius
378 3413 432 3464 in
459 3408 674 3479 dialogo
709 3410 885 3478 primo
932 3408 999 3463 de
1047 3408 1341 3464 virtutibus
1387 3408 1445 3465 8.
1491 3408 1707 3466 Martini
1743 3431 1757 3466 :

200 3480 472 3553 Prceipua,
504 3480 796 3553 inquit,_ibi
822 3480 1004 3553 virtus,
1035 3488 1085 3533 et
1112 3481 1300 3553 prima,
1327 3480 1713 3553 estobedientia
1745 3500 1758 3537 :

196 3550 511 3621 neque‘aliter
537 3551 813 3604 adveniens
833 3550 902 3602 ad
927 3551 1292 3603 monasterium
1316 3550 1516 3604 abbatis
1543 3553 1761 3619 suscipi-

196 3620 285 3685 tur,
298 3640 446 3691 quam
465 3624 554 3692 qui
576 3632 801 3676 tentatus
824 3621 967 3693 prius
988 3621 1165 3693 fuerit,
1191 3633 1243 3693 et
1267 3620 1533 3688 probatus,
1558 3623 1760 3677 nullum

196 3690 416 3763 umquam
451 3690 1120 3763 recusaturum'quamlibet
1150 3691 1393 3763 arduv't:
1426 3708 1486 3745 ac
1518 3693 1757 3761 difﬁcile,

194 3761 543 3835 indignumque
572 3763 794 3835 toleratu
822 3762 1021 3835 abbatis
1049 3765 1339 3835 imperium.
1374 3761 1433 3817 8.
1466 3765 1753 3835 Augustin.

195 3833 273 3887 lib.
291 3831 319 3891 ἰ
345 3836 412 3892 de
442 3831 689 3889 moribus
711 3833 967 3888 Ecclesia:
988 3831 1197 3901 cap.'5t
1226 3832 1293 3887 de
1325 3831 1603 3888 monachis
1642 3836 1757 3889 dis-

191 3918 355 3961 serens
380 3926 393 3959 :
424 3905 501 3960 Hi
528 3920 647 3959 vero
678 3904 1127 3974 (monasteriorum
1142 3901 1375 3973 Patres),
1402 3903 1759 3973 inquit,nulla

191 3980 407 4045 superbia
432 3976 715 4030 consulunt
740 3976 803 4029 iis
829 3991 955 4044 quos
980 3975 1119 4043 [ilics
1143 3983 1345 4038 vocant,
1378 3991 1562 4043 magna
1582 3992 1679 4029 sua
1704 3977 1758 4031 in

190 4050 392 4108 iubatdo
417 4048 731 4102 auctoritate
751 4088 768 4113 ,
800 4061 990 4116 magna
1024 4045 1235 4099 illorum
1266 4046 1319 4099 in
1356 4046 1757 4114 obtemperando

186 4118 451 4173 voluntate.

249 4201 269 4226 ε
299 4191 516 4244 Similes
561 4186 849 4243 sententiae
886 4187 1085 4255 passim
1119 4185 1258 4249 apud
1296 4184 1395 4242 SS.
1438 4184 1624 4242 Patres
1668 4188 1752 4243 le-

184 4270 382 4327 guntur,
424 4274 654 4330 quorum
675 4259 964 4330 nonnullas
982 4256 1072 4330 hic
1087 4255 1292 4330 referre
1319 4271 1497 4326 opera:
1520 4259 1753 4330 pretium

182 4331 323 4394 duxi,
352 4332 421 4385 ad
443 4327 708 4397 maiorem
740 4328 901 4397 hujus
932 4328 1035 4381 loci
1059 4327 1380 4393 claritatem,
1415 4337 1469 4381 et
1496 4328 1754 4384 obedien-

181 4400 258 4453 tiae
286 4401 540 4471 perfectas
579 4399 1132 4471 commendationem.
1165 4397 1230 4471 ρ.
1263 4397 1508 4471 Basilius
1534 4399 1587 4452 in
1619 4414 1753 4454 con-

178 4467 338 4527 Stitu't.
367 4480 606 4527 monast.
639 4484 761 4538 cap.
793 4470 865 4525 25
895 4470 972 4523 sic
1001 4469 1077 4522 ait
1106 4486 1118 4520 :
1151 4467 1597 4534 Quemadmodum
1629 4486 1751 4539 pas-

176 4545 265 4595 tori
290 4560 399 4598 sua:
444 4558 560 4596 ores
588 4541 973 4610 obtemperant,
1003 4547 1047 4592 et
1076 4540 1207 4610 riam
1244 4554 1617 4608 quamcumque
1659 4541 1750 4595 ille

173 4614 270 4666 τιιι
318 4614 681 4685 ingrediuntur
728 4607 855 4685 :‘sic
900 4610 987 4685 qui
1023 4624 1103 4685 ex‘
1133 4607 1748 4685 (teo'pietatisdcultores

172 4696 279 4737 sunt
294 4727 311 4750 ,
337 4679 751 4739 moderatoribus
771 4682 877 4734 suis
899 4679 1103 4740 obsequi
1124 4681 1342 4744 debent;
1385 4679 1518 4732 nihil
1540 4683 1748 4737 omnino

171 4756 367 4809 illarum
406 4756 563 4824 jussa
611 4752 866 4824 curiosius
888 4759 1297 4824 perscrutantes,
1344 4752 1554 4824 quatde
1586 4752 1748 4824 libera

169 4838 276 4879 sunt
296 4845 327 4878 a
356 4820 587 4891 peccato.
625 4824 689 4878 ll.
723 4820 1160 4892 llieronymusin
1182 4821 1342 4887 epist.
1372 4821 1440 4873 ad
1466 4820 1744 4878 Rusticum

168 4896 484 4951 monachum
520 4913 533 4947 :
565 4891 935 4964 Prtepositum,
959 4891 1151 4964 inquit,
1175 4892 1354 4964 timeas
1374 4901 1437 4964 ut
1457 4893 1744 4964 dominum,

169 4967 344 5040 diligas
377 4976 432 5021 ut
458 4961 753 5040 parentem;
776 4965 956 5016 credas
971 4961 1200 5040 salutare
1224 4961 1589 5040 quidquidjlle
1610 4979 1747 5040 prie:

166 5033 368 5105 cepErit;
400 5033 494 5091 nec
515 5037 578 5089 de
601 5036 857 5105 majorum
876 5033 1130 5087 sententia
1148 5033 1376 5105 judices,
1409 5033 1557 5103 cujus
1580 5034 1747 5103 ofﬁcii

166 5119 232 5160 est
257 5103 496 5173 obedire,
527 5116 575 5160 et
594 5103 940 5175 implereun
962 5118 1118 5175 jussu
1137 5112 1275 5175 sunt.
1306 5103 1599 5175 Gregorius
1632 5120 1747 5157 ma-

164 5194 287 5245 gnus
318 5180 414 5234 lib.
444 5172 503 5243 ll,
524 5192 645 5245 cap.
672 5172 711 5231 '4
741 5177 792 5229 in
818 5174 839 5228 Ι
868 5172 1068 5243 Regum
1103 5191 1139 5245 :7
1172 5172 1308 5227 Vera
1337 5174 1627 5227 obedientia
1653 5192 1747 5229 nec

163 5244 555 5318 frter-esitarum
596 5244 928 5318 intentionem
958 5244 1163 5318 discutit
1181 5285 1217 5318 ,Δ
1245 5260 1335 5318 nec
1366 5256 1620 5318 praecepta
1640 5245 1747 5318 dis-

163 5314 336 5387 cernit,
369 5321 494 5389 quia
525 5319 614 5387 qui
643 5332 790 5370 omne
820 5316 940 5389 vita:
967 5331 1074 5389 sate
1093 5314 1581 5389 judiciunimojori
1623 5316 1746 5389 sub-

161 5391 284 5444 didit
310 5385 329 5455 ,'
376 5385 433 5444 in
481 5385 582 5443 hoc
606 5389 719 5441 solo
748 5386 971 5458 gaudet,
1026 5386 1067 5439 si
1098 5386 1235 5458 quod
1281 5385 1378 5458 sibi
1419 5386 1741 5458 principitur,

162 5474 416 5529 operatur.
453 5460 637 5515 Nescit
668 5455 802 5529 enim
824 5457 1084 5529 judicare,
1111 5456 1341 5529 quisquis
1368 5455 1591 5529 perfecte
1607 5456 1742 5529 didi.

160 5525 272 5586 terit
300 5534 532 5608 obedire.
678 5525 1001 5608 {benedictus
1028 5526 1083 5608 in
1126 5526 1325 5608 Regula
1348 5525 1443 5580 s'ua
1483 5525 1630 5608 (Cap.

160 5618 308 5668 quam
363 5605 508 5659 idem
570 5600 635 5654 1).
675 5596 966 5667 Gregorius
1010 5595 1337 5668 discretione
1372 5610 1435 5668 ac
1477 5595 1741 5666 sapientia

161 5667 361 5741 plenam
405 5688 535 5729 esse
569 5670 1081 5741 testaturtquinam‘
1105 5667 1219 5741 veri
1234 5667 1589 5741 ‘9bedie_utcs_
1605 5682 1740 5723 cen-

161 5736 303 5800 sendi
332 5748 482 5810 sint,
518 5738 789 5798 describit
834 5736 917 5810 liis
970 5737 1188 5794 verbis:
1225 5736 1391 5804 Mox,
1438 5737 1653 5810 inquit,
1686 5747 1744 5792 ut

163 5808 517 5897 iuperatuin'a
548 5811 774 5875 metiore
827 5808 1020 5883 fuerit,
1078 5824 1138 5868 ac
1188 5810 1234 5867 si
1288 5809 1531 5869 divinitus
1579 5809 1742 5887 imm.

1774 4501 1827 4562 D

1872 2712 2040 2772 r_etur,
2093 2717 2291 2755 moram
2333 2702 2443 2770 pati
2486 2703 2717 2757 nesciunt
2758 2703 2812 2757 in
2854 2704 3125 2772 faciendo;
3170 2708 3236 2761 de
3270 2711 3454 2772 quibus

1872 2770 2126 2825 Dominus
2168 2773 2291 2825 dicit
2331 2787 2351 2825 :
2392 2772 2659 2827 Obauditu
2688 2775 2829 2828 auris
2854 2770 3253 2833 Vobedivitmihi
3277 2770 3453 2836 iPsal.

1872 2852 2051 2921 Iuli):
2080 2843 2320 2921 Denique
2350 2842 2768 2921 l).chr_n_ardt_t_s
2797 2845 2850 2899 in
2895 2844 3137 2921 libro_de
3174 2842 3453 2921 Praecepto

1870 2922 1927 2983 et
1984 2914 2201 2981 Dispen.
2234 2912 2384 2982 (σοι.
2412 2913 2467 2983 6)
2496 2929 2510 2966 :
2544 2913 2666 2970 Siue
2704 2913 2876 2978 Deus,
2917 2917 3019 2971 sive
3043 2917 3195 2974 homo
3233 2912 3452 2979 vicarius

1872 2982 1988 3061 D_ei,
2035 2985 2334 3061 mandatum
2361 2982 2718 3061 quadcumque
2738 2986 3010 3061 tradiderit
3030 3029 3043 3051 ,
3077 2990 3197 3061 pari
3214 2994 3450 3061 proferto

1870 3054 2251 3131 obsequendum
2296 3065 2367 3108 est
2412 3070 2569 3131 cura,
2606 3057 2719 3124 pari
2761 3060 3042 3131 reverentia
3077 3054 3451 3131 deferendum,-

1786 3122 1833 3184 C
1865 3125 1951 3179 ubi
1982 3122 2150 3197 tamen
2184 3125 2292 3197 Deo
2318 3126 2580 3179 contraria
2607 3122 2712 3197 non
2740 3126 2973 3197 prwcipit
3009 3122 3178 3184 homo.
3213 3131 3281 3185 Et
3329 3122 3447 3189 rur;

1869 3211 1987 3250 sum
2036 3214 2049 3249 :
2085 3194 2382 3266 Imperfecti
2414 3197 2581 3249 cordis
2607 3208 2654 3249 et
2684 3194 2908 3266 infimae
2935 3214 3144 3263 prorsus
3173 3202 3449 3262 voluntatis

1865 3267 2117 3339 indicium
2135 3277 2230 3339 est,
2251 3276 2437 3339 statuta
2459 3266 2718 3339 seniorum
2744 3267 3022 3322 studiosius
3048 3272 3320 3339 discutere,
3341 3276 3449 3331 [ιω-

1863 3338 2022 3392 sitare
2050 3337 2118 3391 ad
2146 3337 2352 3413 singula
2371 3353 2484 3407 quin
2504 3337 2883 3413 injunguntur;
2906 3342 3112 3413 exigere
3138 3343 3200 3396 de
3244 3337 3448 3413 quibus-

1862 3423 2080 3486 cumque
2100 3410 2375 3486 rationem,
2393 3417 2441 3486 et
2471 3407 2608 3461 male
2627 3407 2897 3486 suspicari
2907 3412 2975 3486 de
2992 3407 3142 3466 omni
3158 3407 3413 3486 priet-cpta
3428 3460 3444 3483 ,

1859 3478 2012 3548 cujus
2038 3494 2197 3551 causa
2223 3478 2461 3551 latuerit;
2489 3494 2582 3531 nec
2609 3494 2864 3551 umquam
2877 3480 3092 3535 libenter
3120 3478 3447 3551 audire,'nisi

1860 3563 1978 3602 cum
2006 3550 2188 3602 audire
2204 3550 2472 3620 contigerit
2493 3548 2630 3620 quod
2647 3550 2778 3619 forte
2805 3549 3035 3617 libuerit;
3059 3563 3149 3605 aut
3174 3548 3319 3620 quod
3340 3575 3444 3613 non

1859 3619 2013 3698 aliter
2051 3619 2355 3698 liceretse‘u'
2393 3619 3226 3698 expedireﬁdemonstraueritnvel
3262 3639 3444 3698 aperta

1860 3692 2016 3752 ratio,
2062 3690 2142 3744 rel
2169 3689 2463 3743 indubitata
2488 3690 2790 3743 auctoritas.
2824 3690 2950 3743 Hmc
3000 3691 3058 3747 8.
3111 3689 3439 3753 Bernardus.

1862 3754 1956 3813 His
1994 3761 2222 3829 aliisque
2264 3760 2359 3814 SS.
2391 3760 2605 3814 Patrum
2645 3759 2837 3828 elogiis
2879 3763 3162 3829 perspicue
3204 3766 3436 3821 demon.

1860 3838 2063 3885 stratur
2093 3829 2385 3900 perfectam
2425 3830 2566 3883 illam
2586 3871 2601 3892 ,
2626 3840 2677 3884 et
2709 3830 2817 3884 Deo
2857 3832 3289 3898 acceptissimam
3318 3852 3440 3893 esse

1860 3901 2253 3973 obedientiam,
2273 3916 2377 3967 qua
2399 3902 2521 3969 quis
2544 3901 2662 3953 sine
2690 3901 2889 3973 prmio
2911 3906 3166 3973 praecepti
3189 3909 3440 3965 examine

1858 3972 2179 4043 simpliciter
2206 3971 2565 4043 obtemperat,
2589 3985 2690 4025 nec
2713 3972 2852 4027 scire
2880 3975 3024 4041 cupit
3055 3971 3153 4029 cur
3184 3978 3317 4043 hoc,
3347 3982 3461 4043 vel,

1858 4042 2002 4118 illud
2015 4043 2115 4118 sibi
2138 4056 2170 4095 a
2198 4044 2483 4118 superiore
2508 4042 2836 4118 ξιξ-ιρςιιᾯιιηιὲ
2862 4044 2961 4118 hoc
2985 4046 3103 4101 solo
3129 4042 3437 4118 contentus,

1859 4113 2019 4203 ειεξοὲ
2039 4114 2334 4203 unum
2362 4112 2601 4203 sine
2618 4112 3031 4203 acescen-
3056 4133 3106 4203 ει
3131 4117 3221 4200 *μς
3246 4112 3435 4203 meo:

1860 4184 2091 4256 Semper
2133 4194 2313 4256 tamen
2357 4183 2681 4251 excipiendo
2712 4193 3041 4252 praeceptum
3092 4183 3435 4256 hujusm'odi,

1856 4255 1998 4328 quod
2031 4254 2373 4328 manifestum
2398 4256 2705 4309 contineret
2734 4265 3014 4328 peccatum
3043 4302 3057 4325 ,
3087 4259 3137 4311 in
3163 4254 3272 4328 quo
3310 4275 3438 4315 csa-

1858 4326 2082 4380 minatio
2099 4323 2368 4394 superflua
2392 4335 2557 4392 esset,
2588 4340 2711 4378 cum
2736 4323 2950 4381 constet
2968 4323 3080 4383 Deo
3098 4323 3438 4387 abte-diendum

1855 4412 1963 4467 esse
1991 4398 2154 4467 magis
2180 4412 2336 4466 quant
2369 4394 2662 4449 hominibus
2690 4396 2831 4463 (Act.
2860 4396 2941 4467 ν).

1929 4464 1957 4504 ά
1990 4464 2615 4538 Ιηιροδςὼὶιίᾳᾼίηιειιίεε
2655 4481 2761 4538 non
2806 4464 2980 4522 solum
3023 4483 3144 4538 qua:
3182 4471 3437 4527 videntur

1853 4536 2016 4592 alicui
2048 4536 2424 4607 impossibilia,
2460 4539 2594 4607 quia
2628 4536 2783 4590 valde
2807 4540 2986 4605 gravia
3025 4536 3079 4594 et
3123 4540 3370 4597 difficilia
3417 4560 3433 4599 :

1850 4623 1959 4683 quo
1988 4606 2149 4683 modo
2191 4607 2266 4683 _D:
2294 4606 2617 4683 Benedictus
2644 4608 2891 4683 accipere
2918 4609 3152 4683 videtur,
3200 4627 3319 4683 cap.
3364 4613 3434 4669 68

1851 4677 2090 4765 licgulaz,
2118 4678 2211 4765 cui,
2236 4679 2420 4765 titulus
2445 4677 2740 4765 {fratri
2776 4678 3113 4765 impossibilia
3153 4677 3433 4765 injungon-

1852 4758 1957 4815 tur;
1985 4750 2079 4804 sed
2102 4763 2221 4817 qua:
2242 4762 2429 4802 revera
2462 4749 2585 4801 talia
2614 4760 2758 4815 sunt,
2790 4758 2847 4803 ut
2877 4749 3140 4807 humanas
3170 4749 3325 4808 vires'
3346 4770 3431 4806 su-

1851 4829 2060 4892 perent,
2086 4819 2316 4892 vel‘qute
2343 4818 3097 4892 secundumsesuntillicita,
3122 4839 3241 4892 qum
3267 4824 3428 4878 etiam

1848 4866 3427 4963 ἷιῖόὶἑὶἰὶέξὶιἦῖίιῖιῇῖῗίῆιῖᾇέέίῐιῖιἷτῖζῖνὲξίἶὲῗῖἲιόῖι.”ἱ’,”ξξ

1849 4963 1939 5027 15,
1973 4971 2075 5014 art.
2121 4958 2173 5025 5,
2197 4961 2284 5014 ad.
2305 4961 2383 5029 5),
2418 4960 2595 5028 qualia
2618 4969 2742 5015 sunt
2764 4958 2966 5017 intrare
2993 4963 3208 5018 furnum
3232 4958 3431 5019 arden-

1851 5038 1995 5096 tem,
2048 5031 2339 5085 advolvere
2366 5046 2555 5101 saxum
2596 5031 2959 5101 importabile,
3003 5034 3231 5101 irrigare
3267 5033 3430 5088 bacu-

1847 5102 1956 5155 lum
2000 5101 2207 5155 aridum
2257 5102 2432 5156 donec
2468 5100 2757 5168 frondent,
2807 5100 3337 5173 projicerepuerum
3372 5105 3426 5160 in

1847 5173 2070 5239 flumen,
2097 5186 2320 5228 currere
2351 5187 2512 5239 super
2539 5186 2739 5243 aquas,
2775 5172 2999 5227 leaenam
3030 5172 3302 5242 alligatam
3331 5175 3428 5229 ad-

1847 5244 2066 5309 ducere,
2098 5252 2150 5295 et
2180 5243 2280 5297 alia
2325 5243 2657 5312 liujusmodi.
2686 5259 2804 5313 qua:
2827 5244 2895 5299 ab
2917 5243 3023 5298 illis
3051 5244 3250 5300 sanctis
3304 5260 3426 5298 mo-

1848 5315 2035 5367 nachis
2059 5323 2113 5368 et
2139 5314 2386 5368 ercmitis
2416 5316 2533 5368 zelo
2570 5315 2890 5369 obedientia:
2919 5322 3123 5383 patrata
3150 5314 3425 5384 leguntur.

1846 5386 1976 5451 Quae
2000 5385 2215 5452 quidem
2248 5385 2494 5451 exempla
2537 5400 2601 5440 ex
2631 5386 2694 5451 iis
2718 5387 2926 5440 censeri
2962 5384 3161 5438 debent
3186 5400 3305 5454 quae
3331 5387 3427 5440 ad.

1847 5455 2091 5509 miranda
2127 5466 2273 5518 sunt,
2303 5455 2399 5511 sed
2430 5472 2537 5509 non
2564 5457 2745 5510 statim
2773 5455 3049 5509 imitanda.
3080 5454 3426 5514 Credendum

1846 5526 1989 5579 enim
2015 5542 2080 5580 ex
2111 5526 2365 5595 peculiari
2399 5525 2492 5580 Dei
2518 5526 2774 5581 instinctu
2799 5524 2935 5596 facta
2964 5526 3150 5596 fuisse,
3176 5543 3295 5596 qua:
3318 5536 3425 5583 tam

1811 5594 2131 5665 ‘stupendis
2170 5607 2223 5652 ct
2268 5597 2612 5661 evidentibus
2659 5594 2930 5665 miraculis
2985 5594 3245 5652 divinitus
3298 5607 3427 5653 sunt

1846 5667 2167 5736 approbata.
2226 5668 2711 5738 Contingitgtamen
2744 5666 3015 5738 interdum
3037 5711 3052 5732 ,
3087 5677 3142 5721 ut
3171 5668 3426 5738 praelatus

1845 5739 2132 5807 religiosus
2160 5740 2402 5808 quredam
2433 5736 2702 5809 difficilia,
2734 5737 2817 5791 vel
2843 5738 3007 5791 etiam
3032 5736 3386 5809 impossibilia
3405 5779 3422 5804 ,

1844 5809 2012 5869 alicui
2059 5810 2325 5868 monacho
2354 5807 2671 5883 praecipiat,
2715 5823 2837 5883 qua:
2869 5817 3048 5870 tamen
3078 5807 3189 5883 non
3214 5809 3326 5869 vult
3351 5809 3424 5881 ab
