4026 6334
528 263 643 335 ⁸83

528 485 708 554 piant,
735 490 793 537 ut
818 489 932 537 tota
962 483 1164 540 virtute
1192 498 1256 540 ac
1278 483 1395 539 sine
1422 484 1535 539 ulla
1563 484 1745 541 cordis
1776 484 2121 541 haesitatione

527 575 794 648 perlicere
823 590 889 632 ea
918 584 1012 632 aut
1032 590 1415 634 consummare
1438 579 1706 646 nitantur,
1738 588 1794 635 et
1821 594 1891 635 ne
1917 580 2121 650 impos-

528 670 843 728 sibilitatem
874 664 1095 742 quidem
1133 673 1396 743 praecepti
1427 686 1528 743 pro
1565 672 1797 728 senioris
1841 672 1929 729 sui
1967 688 2122 729 reve-

529 770 709 828 rentia
751 770 1068 826 metiantur.
1119 769 1197 824 De
1225 784 1459 840 quorum
1490 769 1801 825 obedientia
1839 768 2124 839 speciatim

529 877 679 919 nunc
726 861 909 918 dicere
935 861 1327 931 praetermitto;
1362 861 1629 932 exemplis
1658 862 1806 917 enim
1844 876 1963 916 eam
1993 861 2127 931 ipsis

531 956 694 1027 paqu
723 963 844 1026 post
870 954 1085 1011 tradere
1108 969 1206 1010 suo
1235 955 1356 1011 loco
1379 954 1749 1025 diSponimus,
1782 954 1829 1009 si
1860 953 2121 1009 Dominus

532 1048 692 1105 nobis
712 1046 1045 1103 orationibus
1071 1046 1268 1103 vestris
1303 1045 1518 1103 dederit
1545 1053 1927 1102 commeatum.
1969 1042 2122 1099 Nunc

528 1139 773 1196 instituta
811 1145 1011 1195 cratera
1047 1153 1463 1210 prosequamur,
1515 1137 1997 1209 prmtermittentes
2027 1135 2121 1191 illa

531 1242 853 1297 contexere,
881 1245 1001 1300 quae
1020 1230 1075 1285 in
1099 1232 1201 1287 hac
1218 1230 1465 1302 regione,
1484 1231 1568 1287 vel
1587 1230 1723 1286 tradi
1747 1228 2118 1298 monasteriis,

529 1323 620 1381 vel
642 1323 710 1379 ab
732 1322 865 1393 ipsis
892 1332 1170 1393 nequeunt
1195 1323 1477 1391 custodiri,
1502 1324 1643 1379 sicut
1665 1323 1721 1378 in
1749 1331 1775 1360 ι
1799 1322 2119 1393 praefatiun-

529 1416 650 1472 cuia
698 1422 882 1469 nostra
930 1412 1169 1470 facturos
1198 1428 1299 1471 nos
1351 1428 1476 1471 esse
1512 1415 1864 1486 promisimus
1915 1433 1928 1467 :
1981 1413 2127 1484 quod

531 1509 740 1565 scilicet
767 1523 867 1564 nec
894 1506 1126 1564 1’laneis
1161 1508 1494 1565 indumentis
1534 1517 1776 1577 utantur,
1819 1507 1916 1565 sed
1966 1508 2127 1566 lineis

533 1611 764 1669 tantum,
790 1608 847 1657 et
871 1617 940 1656 ne
963 1600 1096 1672 ipsis
1120 1600 1345 1671 quidem
1367 1600 1709 1672 duplicibus;
1753 1600 1951 1673 quibus
1983 1611 2006 1640 ο
2043 1600 2129 1655 vi-

534 1697 679 1753 caria
703 1693 1046 1767 xprmpositus
1076 1695 1450 1765 unusquisque
1487 1709 1601 1751 suae
1644 1694 1885 1750 decaniae
1916 1693 2127 1750 submi-

536 1789 748 1858 nistrat,
781 1804 904 1844 cum
925 1786 1016 1841 illa
1044 1786 1239 1858 quibus
1268 1787 1452 1844 vestiti
1482 1795 1641 1855 sunt,
1676 1786 1958 1843 sorduisse
1996 1800 2128 1842 con-
2158 1793 2206 1854 Β

535 1882 799 1954 spexerit.

1149 1951 1380 2009 CAPUT
1418 1951 1491 2007 XI

536 2025 844 2098 Cujusmodi
893 2026 1038 2081 cibus
1090 2024 1231 2097 apud
1289 2040 1373 2079 eos
1413 2023 1811 2079 delicatissimus
1850 2023 2119 2078 habeatur.

604 2116 743 2174 illud
764 2133 980 2190 quoque
1005 2117 1236 2175 arduum
1267 2126 1434 2189 atque
1478 2116 1714 2173 sublime
1743 2131 1914 2187 genus
1942 2115 2123 2171 conti-

1868 277 2150 339 JOANNIS
2186 277 2502 341 CASSIANI
3062 339 3067 344 .

528 385 711 445 sibilia
745 386 966 447 sibimet
1007 387 1271 461 imperata
1298 404 1361 447 ea
1388 388 1496 447 ﬁde
1521 403 1588 448 ac
1616 388 1906 449 devotione
1932 393 2109 449 susci-
2138 400 2195 462 Α
2218 395 2417 451 nentiae
2444 391 2700 449 similiter
2723 395 3163 465 praetermittens,
3187 396 3239 453 in
3263 412 3367 470 qua
3390 412 3615 458 summae
3651 418 3816 476 repu-

3705 289 3815 355 16b

2231 495 2412 542 tantur
2440 485 2673 552 deliciae,
2696 486 2742 542 si
2767 486 2933 545 herba
2961 489 3075 545 sale
3103 490 3341 559 condita,
3374 508 3533 563 quam
3566 492 3592 532 δ
3624 495 3815 564 lapsa-

2228 580 2376 636 nium
2403 588 2631 647 vocant,
2672 595 2812 651 aqua
2840 582 3007 637 diluta
3054 582 3122 638 ad
3164 585 3515 642 refectionem
3545 588 3813 648 fratribus

2227 682 2549 744 apponatur,
2582 672 2794 745 aliaque
2814 676 3095 746 complura
3122 675 3205 731 his
3225 667 3591 752 similiafquaa
3622 681 3679 737 in
3710 681 3817 740 hac

2229 767 2504 837 provincia
2532 782 2633 823 nec
2662 782 2846 823 aerum
2872 771 3193 839 temperies,
3222 787 3325 828 nec
3350 774 3583 843 qualitas
3612 786 3817 834 nostra:

2228 859 2540 931 fragilitatis
2596 860 2871 929 admittit”,
2920 861 3010 917 illa
3052 867 3433 921 tantummodo
3481 882 3813 939 prosequar,

2229 965 2350 1021 quae
2381 950 2531 1006 nulla
2584 951 2765 1007 carnis
2808 952 3131 1021 inﬁrmitas,
3164 970 3272 1011 non
3318 957 3456 1013 situs
3482 958 3590 1015 loci
3616 962 3822 1031 poterit

2229 1041 2514 1112 impedire;
2537 1044 2583 1099 si
2608 1058 2671 1100 ea
2696 1058 2803 1101 non
2824 1043 3083 1117 fragilitas
3108 1049 3303 1105 anima:
3323 1065 3385 1107 ac
3410 1059 3567 1124 tepor
3598 1057 3807 1110 mentis

2231 1134 2516 1193 ademerit.

2830 1231 3062 1291 CAPUT
3093 1233 3206 1290 XII.

2234 1346 2381 1414 Quod
2410 1347 2479 1401 ad
2507 1348 2729 1422 sonitum
2769 1348 3242 1422 pulsantisostium
3262 1392 3278 1419 ,
3329 1352 3461 1407 nihil
3502 1354 3675 1422 operis
3704 1372 3809 1411 non

2498 1420 2729 1473 omittunt
2761 1420 2933 1475 studio
2969 1420 3198 1476 celeriter
3227 1420 3553 1478 occurrendi.

2304 1554 2496 1625 Itaque
2525 1555 2874 1612 considentes
2902 1556 3043 1613 intra
3071 1556 3272 1614 cubilia
3301 1572 3421 1627 sua,
3451 1568 3507 1615 et
3538 1562 3723 1631 operi,
3751 1578 3818 1618 ac

2229 1647 2569 1704 meditationi
2620 1648 2857 1704 studium
2918 1651 3124 1720 pariter
3196 1652 3618 1723 impendentes,
3692 1671 3819 1711 cum

2232 1741 2475 1795 sonitum
2517 1749 2541 1777 ε
2564 1742 2832 1811 pulsantis
2875 1743 3100 1811 ostium,
3131 1758 3192 1801 ac
3226 1743 3564 1801 diversorum
3593 1748 3826 1804 cellulas

2231 1835 2591 1907 percutientis
2618 1836 2887 1892 audierint
2929 1854 2945 1897 :
2993 1837 3062 1893 ad
3106 1840 3408 1895 orationem
3453 1854 3547 1895 eos
3575 1840 3823 1910 scilicet,

2232 1941 2331 1984 seu
2358 1928 2424 1983 ad
2447 1942 2585 1999 opus
2604 1927 2822 1998 aliquod
2846 1928 3147 1996 invitantis,
3174 1931 3418 1986 certatim
3450 1930 3468 1969 ί
3497 1945 3530 1986 e
3554 1931 3827 1988 cubilibus

2232 2020 2347 2075 suis
2387 2020 2761 2090 unusquisque
2802 2021 3108 2092 prorumpit
3157 2040 3169 2076 :
3228 2022 3302 2078 ita
3348 2031 3409 2078 ut
3456 2024 3502 2079 is
3547 2026 3641 2094 qui
3679 2040 3824 2094 opus

2234 2114 2516 2183 scriptoris
2545 2121 2800 2180 exercet,
2840 2127 3003 2184 quam
3033 2122 3282 2185 repertus
3318 2114 3484 2172 fuerit
3522 2116 3824 2172 inchoasse

1598 2229 1859 2287 ALARDI
1899 2228 2142 2288 ϐΑΖιΕΙ
2179 2227 2749 2287 (ΖυΜΜΕΝΤΑΒΙΗΞ.

539 2345 605 2386 eo
632 2330 781 2395 fieri;
814 2331 908 2387 sed
940 2339 1145 2386 tantum
1169 2372 1185 2399 ,
1234 2341 1291 2386 ut
1319 2331 1512 2402 probet
1551 2328 1673 2402 ejus
1718 2330 2082 2402 obedientiam
2111 2371 2127 2394 ,

538 2403 624 2458 vel
650 2404 769 2458 aliis
807 2411 1078 2473 proponat
1101 2404 1153 2457 in
1196 2401 1506 2472 exemplum
1558 2401 1719 2471 (Vide
1751 2401 1992 2456 Durand.
2027 2403 2081 2455 in
2109 2416 2128 2455 ι

537 2483 738 2530 senten.
772 2476 894 2529 dist.
926 2473 1020 2536 L7,
1052 2490 1103 2544 q.
1137 2475 1192 2539 '5)
1219 2492 1231 2527 :
1260 2474 1398 2529 sicut
1442 2475 1581 2527 Deus
1615 2475 1876 2544 prmcepit
1901 2473 2130 2528 Abrahae

538 2554 597 2599 ut
620 2545 928 2601 immolaret
943 2543 1108 2599 lilium
1128 2544 1338 2616 (Cenes.
1372 2548 1537 2616 xxn),
1566 2543 1633 2597 ad
1665 2543 2017 2616 probandam,
2042 2545 2129 2597 vel

538 2617 717 2687 potius
754 2614 1231 2671 demonstrandam
1271 2616 1391 2684 ejus
1414 2614 1580 2687 iidem
1619 2614 2078 2687 etrobedientiam
2114 2631 2127 2666 :

540 2684 648 2756 quo
675 2689 867 2758 etiam_
871 2687 1119 2758 spectare
1162 2687 1377 2742 videtur
1407 2685 1469 2758 DA.
1500 2684 1826 2758 Benedictus
1859 2686 1977 2758 loco
2018 2700 2132 2758 me-

542 2755 776 2812 morato.
827 2755 960 2813 Tale
1004 2757 1221 2812 videtur
1249 2756 1555 2825 exemplum
1590 2756 1773 2822 illius,
1832 2757 1917 2810 cui
1966 2756 2132 2811 abbas

538 2836 875 2900 przeceperat
926 2837 986 2900 ut
1040 2828 1207 2882 tilium
1254 2842 1411 2881 suum
1455 2826 1749 2900 projiceret
1795 2828 1855 2900 in
1904 2828 2130 2900 ﬂumen.

539 2897 857 2953 Providerat
888 2898 1052 2966 enim,
1078 2914 1146 2953 ne
1163 2905 1573 2966 exsequeretur,
1602 2912 1630 2950 a
1657 2898 1913 2952 fratribus
1936 2898 2002 2951 ad
2028 2897 2132 2953 hoc

542 2967 821 3093 disfposilis
872 2969 1158 3040 impediri,
1201 2978 1259 3023 ut
1300 2973 1489 3023 narrat
1530 2968 1821 3024 Cassianus
1876 2983 1997 3039 cap.
2041 2969 2131 3034 27,

547 3053 603 3093 in
632 3053 710 3093 ra.

547 3053 710 3094 Intra.

613 3118 641 3147 ι
669 3109 1157 3181 Verbaejussunt
1180 3109 1232 3164 in
1263 3109 1369 3166 line
1394 3109 1727 3179 prmfationis
1750 3110 1816 3166 ad
1844 3110 2130 3166 Castorem

542 3178 867 3251 episcopum'
899 3178 925 3235 ς’
948 3182 971 3235 Ι
982 3180 1106 3237 llam
1134 3198 1258 3237 sane
1284 3178 1693 3236 moderationem
1717 3183 1967 3251 Opusculo
2012 3183 2133 3236 huic

538 3252 764 3327 inserere
792 3269 1130 3327 prmumam,
1156 3262 1292 3327 utea
1314 3268 1429 3323 qua:
1454 3251 1735 3306 secundum
1759 3252 2136 3327 ﬁggptiorum

539 3320 832 3396 Regulam',
862 3340 951 3379 seu
980 3341 1073 3392 pro
1095 3320 1373 3396 asperitate
1403 3340 1606 3396 aerum,
1635 3339 1729 3396 seu,
1754 3320 1853 3394 pro
1874 3320 2137 3396 'diﬂicul-

541 3392 648 3449 tate
669 3412 730 3450 ac
751 3394 1051 3450 diversitate
1072 3392 1693 3464 morumimpossibiliain
1712 3392 1790 3447 his
1810 3392 2132 3465 regionibus,

538 3466 618 3519 vel
642 3467 796 3534 dura,
826 3468 903 3520 vel
929 3467 1101 3521 ardua
1124 3466 1525 3535 comprobavere
1544 3466 1842 3535 ,institutis
1874 3476 2139 3519 monaste-

539 3537 759 3608 riorum,
786 3533 909 3608 qua?
941 3554 1031 3608 per
1061 3533 1403 3591 Palwstinam
1432 3535 1514 3589 vel
1540 3533 1990 3608 (MesOpotamiam
2045 3538 2137 3591 ha-

542 3606 747 3674 bentur,
796 3606 1123 3678 aliquatenus
1163 3617 1463 3675 temperem.
1513 3606 1669 3678 Quod
1708 3606 1839 3678 haec
1877 3608 2133 3663 nimirum

544 3680 764 3736 mitiora
794 3689 850 3737 et
879 3676 1059 3735 minus
1090 3688 1308 3733 austera
1335 3693 1494 3749 quam
1526 3677 1669 3747 apud
1698 3676 1984 3749 Egyptios
2021 3693 2137 3733 mo-

546 3752 751 3806 nachos
783 3752 1131 3806 haberentur.

612 3821 640 3860 δ
668 3822 840 3891 Hujus
862 3823 943 3876 rei
970 3837 1190 3877 causam
1215 3818 1346 3875 alibi
1368 3820 1725 3892 exposuimus
1754 3818 1898 3892 (Lib.
1930 3835 1948 3874 ι
1977 3836 2024 3873 c.
2054 3817 2134 3892 β).

541 3890 875 3948 Verumetsi
907 3893 991 3947 hic
1022 3893 1288 3948 [ineorum
1328 3905 1454 3951 usus
1500 3891 1641 3959 apud
1673 3890 1795 3946 illos
1824 3890 2136 3947 Orientales

542 3963 842 4018 monachos
868 3965 1128 4032 ptobatus
1181 3971 1237 4016 et
1266 3970 1516 4029 receptus
1540 3961 1737 4029 fuerit;
1780 3962 1920 4032 alios
1956 3972 2136 4017 tamen

543 4033 833 4103 plerosque
860 4031 1068 4088 eertum
1099 4041 1185 4088 est
1220 4048 1250 4084 a
1285 4032 1445 4103 lineis
1482 4031 1724 4086 vestibus
1770 4031 2134 4098 abstinuisse,

543 4102 602 4159 et
622 4102 793 4159 laneis
834 4106 1013 4173 potius
1042 4119 1168 4159 usos
1200 4117 1353 4173 esse,
1383 4102 1525 4157 sicut
1555 4103 1718 4156 hodie
1744 4103 1984 4173 plerique
2010 4104 2139 4158 reli-

541 4175 677 4245 giosi
698 4171 947 4240 utuntur;
975 4184 1089 4229 tum
1112 4175 1182 4230 ob
1212 4172 1353 4227 alias
1377 4186 1589 4235 causas,
1619 4182 1733 4245 tum
1760 4171 2036 4245 prmcipue
2066 4174 2137 4228 ob

545 4242 810 4314 majorem
856 4246 1228 4301 austeritatem
1260 4283 1275 4308 ,
1332 4252 1387 4298 et
1434 4244 1679 4312 corporis
1734 4242 2083 4298 alilictionem
2118 4286 2134 4310 ,

542 4332 701 4387 quam
725 4316 899 4373 laneas
929 4326 1130 4382 vestes,
1162 4330 1234 4371 ex
1268 4328 1447 4387 panpo
1474 4314 1769 4387 videlicet,
1812 4325 1904 4386 aut
1948 4316 2136 4369 villosa

542 4384 792 4453 materia,
823 4387 1059 4444 afferunt
1083 4405 1098 4441 :
1129 4386 1273 4442 unde
1293 4392 1350 4440 et
1373 4384 1725 4440 Innocentius
1750 4384 1947 4440 tertius
1966 4388 2140 4442 vetuit

544 4474 608 4512 ne
630 4461 893 4526 monachi,
916 4460 1080 4516 etiam
1110 4457 1469 4523 Benedictini,
1493 4457 1727 4511 eamisiis
1756 4456 1904 4510 lineis
1929 4466 2137 4526 utereno

2302 2326 2329 2366 ά
2355 2327 2434 2383 Ita
2469 2342 2659 2383 rursus
2689 2342 2810 2397 cap.
2836 2327 2929 2395 22,
2964 2328 3099 2383 infra
3135 2345 3147 2382 :
3186 2326 3345 2397 Apud
3380 2344 3507 2397 quos
3545 2340 3681 2383 secta
3711 2331 3830 2385 sin-

2232 2401 2370 2472 gulis
2415 2400 2672 2472 mensibus
2701 2400 3152 2472 porrorumfolia,
3182 2400 3440 2472 lapsania,
3468 2402 3550 2454 sal
3578 2403 3788 2469 frictum
3808 2442 3830 2469 ,

2233 2469 2402 2536 olim,
2435 2470 2673 2540 pisciculi
2702 2469 2888 2524 minuti
2913 2469 3077 2537 soliti,
3099 2486 3224 2541 quos
3244 2469 3327 2524 illi
3348 2472 3593 2525 mwnidia
3615 2481 3829 2541 vocant,

2233 2558 2431 2596 summa
2459 2541 2695 2611 uoluptas
2726 2551 2821 2595 est.
2856 2541 3025 2597 Porro
3054 2542 3357 2611 lapsanium
3388 2557 3418 2594 a
3458 2542 3675 2611 lapsana
3726 2542 3833 2599 de-

2237 2614 2456 2667 ductum
2487 2623 2639 2681 puto.
2672 2613 2767 2667 ESt
2801 2612 2944 2666 enim
2975 2615 3194 2682 lapsana
3222 2613 3341 2667 olus
3369 2613 3620 2668 silvestre
3640 2655 3655 2679 ,
3686 2621 3833 2670 teste

2234 2683 2407 2754 Plinio
2447 2684 2543 2754 lib.
2576 2699 2645 2737 xx
2692 2693 2873 2738 natur.
2907 2684 3111 2738 ilistor.
3158 2697 3277 2749 cap.
3305 2684 3360 2738 9.
3396 2684 3549 2739 Unde
3596 2699 3835 2754 prover-

2238 2748 2387 2808 bium
2424 2772 2442 2825 γε
2476 2753 2720 2825 Lapsana
2749 2754 2931 2822 vivere,
2960 2770 3076 2823 pro,
3110 2748 3259 2809 tenui
3302 2762 3357 2807 et
3386 2748 3624 2823 paupere
3653 2757 3832 2811 victu.

2235 2825 2364 2880 Erat
2419 2824 2582 2894 igitur
2631 2825 2852 2892 lapsana
2888 2865 2905 2892 ,
2957 2827 3048 2882 vel
3099 2825 3443 2894 Iapsanium,
3488 2826 3835 2895 pulmentum

2236 2896 2506 2966 quoddam
2540 2911 2605 2949 ex
2638 2896 2881 2951 oleribus
2923 2896 3036 2951 sale
3086 2895 3344 2961 conditis,
3379 2905 3433 2951 et
3460 2911 3598 2966 aqua
3639 2896 3836 2954 dilutis

2239 2971 2543 3023 confectum
2564 3007 2578 3031 ,
2606 2967 2747 3033 quod
2782 2982 2881 3037 pro
2912 2966 3121 3038 magnis
3149 2966 3358 3038 deliciis
3377 2968 3523 3038 inter
3553 2966 3676 3038 illos
3708 2983 3837 3022 mo-

2239 3038 2443 3110 nachos
2472 3035 2797 3110 liahebaturl
2828 3039 2906 3110 ita
2938 3035 3137 3110 in'Vita
3166 3038 3224 3093 S.
3263 3036 3539 3093 Pachumii
3580 3035 3745 3109 (Cap.
3768 3039 3837 3110 8)

2240 3109 2436 3178 legitur
2463 3127 2477 3164 :
2502 3107 2772 3178 Lapsanas
2802 3109 2960 3176 enim,
2981 3109 3039 3163 id
3063 3117 3159 3174 est,
3190 3110 3415 3178 agrestia
3442 3110 3603 3178 olera,
3632 3107 3841 3164 etim;-

2161 3155 2207 3219 (ἶ
2238 3155 2328 3233 ba:
2349 3180 2479 3233 alias
2506 3155 2690 3247 praeter
2715 3177 2884 3233 oleum
2911 3155 3285 3233 cbnsueue'raiit
3316 3178 3490 3235 edere.
3524 3155 3691 3235 Po'rro
3723 3180 3841 3249 lip-

2238 3266 2467 3313 sannm,
2512 3251 2600 3305 vel
2654 3251 2711 3305 in
2762 3251 2959 3319 plurali
3005 3251 3213 3320 lipsana
3263 3249 3354 3320 (ne
3382 3251 3502 3319 quis
3538 3252 3678 3306 forte
3709 3251 3841 3308 haec

2237 3322 2574 3391 contundat)
2618 3336 2719 3376 usu
2772 3321 3144 3376 ecclesiastico
3191 3321 3348 3390 longe
3389 3322 3533 3375 aliud
3584 3334 3789 3377 sonant
3817 3363 3839 3389 ,

2237 3408 2432 3462 nempe
2453 3406 2605 3446 sacra
2635 3395 2879 3462 pignora,
2905 3407 3000 3447 seu
3022 3391 3279 3460 reliquias
3308 3404 3641 3448 sanctorum.
3670 3393 3841 3460 Quod

2240 3464 2328 3518 hic
2354 3463 2557 3518 cursim
2589 3464 2867 3517 monuisse
2895 3474 2976 3517 sat
3006 3472 3111 3518 est.
3700 3500 3711 3511 .

2313 3543 2336 3571 θ
2363 3533 2645 3603 Colligitur
2671 3534 2797 3590 hinc
2821 3534 2966 3589 fores
2989 3549 3086 3589 seu
3110 3534 3247 3588 ostia
3270 3533 3603 3604 singulorum
3628 3535 3841 3594 malleo

2242 3604 2447 3676 ligneo,
2476 3606 2691 3669 veLaiio
2718 3606 2889 3676 simili
2912 3606 3272 3660 instrumento
3292 3606 3444 3661 tundi
3469 3608 3689 3673 solitas,
3724 3610 3843 3664 δίας

2240 3675 2344 3746 que
2365 3679 2661 3731 monachos
2689 3677 2810 3731 illos
2831 3675 2897 3731 ad
2925 3676 3164 3731 ofﬁcium
3198 3676 3463 3742 divinum,
3486 3677 3570 3732 vel
3596 3679 3661 3731 ad
3689 3692 3844 3747 opus

2238 3762 2493 3802 manuum
2522 3758 2805 3811 evocatos;
2837 3755 2894 3802 ut
2919 3751 3169 3816 superius
3191 3748 3572 3818 annotavimus
3594 3748 3733 3818 (Lib.
3768 3764 3843 3805 ιιι

2238 3833 2285 3871 c.
2322 3818 2417 3888 2),
2451 3819 2539 3873 ubi
2568 3820 2966 3885 compulsorem
3010 3832 3135 3873 eum
3181 3829 3341 3873 vocat
3380 3817 3692 3883 Cassianus,
3734 3821 3844 3888 qui

2240 3888 2343 3944 hoc
2368 3888 2551 3943 officio
2580 3888 2902 3960 fungebatur
2928 3907 2938 3942 :
2968 3890 3057 3958 qui
3090 3904 3209 3944 mos
3228 3891 3521 3945 etiamnum
3554 3890 3693 3960 apud
3727 3906 3843 3947 nos

2238 3973 2488 4015 servatur
2518 3961 2571 4014 in
2603 3959 2873 4030 exsequiis
2907 3960 3134 4015 fratrum
3175 3959 3663 4030 defunctorum,’ut
3695 3962 3842 4020 alibi

2239 4030 2402 4103 etiam
2458 4030 2795 4087 docebimus.
2848 4032 2965 4099 Quo
3014 4031 3201 4103 itidem
3247 4034 3516 4101 pertinere
3561 4033 3836 4103 arbitror,

2239 4102 2384 4171 quod
2414 4103 2602 4174 scribit
2632 4103 2740 4156 Leo
2780 4103 2975 4170 imper.
3010 4102 3061 4155 in
3103 4102 3433 4174 Panegyrico
3469 4103 3537 4157 de
3566 4104 3624 4158 S.
3655 4101 3843 4173 Cbry-L

2239 4180 2485 4227 sostomo
2511 4190 2522 4225 :
2552 4172 2600 4226 Η
2608 4175 2649 4227 is
2678 4173 2846 4227 adhuc
2873 4173 3246 4238 dubitantibus,
3275 4172 3539 4227 excubitor
3564 4175 3632 4227 ad
3659 4172 3842 4227 matis-

2242 4243 2351 4315 t_ina
2383 4246 2600 4297 Cantica
2636 4246 2827 4315 excitat
2874 4246 2999 4315 ligni
3044 4243 3279 4315 pulsibus
3309 4244 3480 4314 (Vide
3522 4244 3719 4299 scholia
3759 4248 3842 4301 ad

2241 4312 2495 4424 Regulam
2529 4315 2591 4371 S.
2621 4312 2947 4386 Pacltomiij.

2374 4384 2426 4424 1ιί
2455 4395 2535 4424 net
2560 4387 2825 4424 nunhimslic
2876 4390 2947 4424 ciu

2372 4384 2426 4441 Id
2455 4395 2540 4441 est
2560 4387 2849 4451 cubiculis,
2876 4384 2989 4443 sive
3016 4386 3248 4443 cellulis.
3273 4388 3362 4444 Sic
3396 4388 3463 4443 D.
3497 4384 3841 4445 Benedictus

2242 4472 2400 4512 veros
2440 4458 2757 4513 obedientes
2786 4457 3122 4523 describens,
3171 4469 3225 4514 et
3257 4459 3400 4514 hunc
3449 4459 3623 4514 locum
3678 4457 3841 4515 haud

543 4530 1021 4600 tur.Cap.Cumad
1036 4526 1510 4598 monasterium,de
1528 4536 1668 4583 statu
1685 4541 1896 4584 monac.
1917 4525 2054 4597 (Lib.
2074 4544 2131 4584 III
2157 4539 2210 4600 ι]
2238 4530 2397 4585 dubie
2446 4530 2689 4584 imitatus
2721 4544 2737 4583 :
2772 4527 2912 4600 Ergo
2943 4529 2999 4583 hi
3043 4530 3191 4593 tales,
3240 4530 3436 4600 inquit,
3478 4528 3842 4599 relinquentes

548 4599 594 4654 D
655 4612 726 4654 rt
791 4642 802 4654 .
841 4643 854 4657 .

596 4616 651 4713 acc
670 4602 880 4728 fama
921 4681 1079 4728 vocat
1106 4672 1314 4727 alterna
1337 4670 1676 4737 indumenta,
1706 4685 1828 4741 qum
1862 4686 1958 4741 per
1985 4672 2131 4728 vices

542 4752 823 4799 mutantur
849 4743 941 4816 (IV
977 4744 1104 4818 lleg.
1129 4746 1228 4818 v)._
1248 4742 1401 4818 Unde
1432 4752 1487 4798 et
1517 4742 1805 4818 mutatoria
1839 4754 2126 4809 vocantur,

542 4831 663 4885 quae
695 4814 873 4870 tamen
902 4814 1191 4885 apud’illos
1218 4816 1290 4869 ita
1315 4814 1795 4884 dispensabantur,
1830 4822 1885 4867 ut
1926 4828 2132 4883 nequa-

448 4897 495 4958 ξεν
541 4902 701 4956 quam
747 4886 979 4957 duplicia
1019 4900 1299 4958 penes_se
1331 4887 1625 4952 haberent,
1666 4885 1759 4939 sed
1799 4885 2130 4958 accipientes

452 4952 483 5007 3“
540 4952 699 5023 nova,
734 4952 1055 5025 vel'nitida,
1087 4955 1376 5013 redderent
1410 4965 1630 5022 vetera,
1679 4967 1730 5010 et
1761 4952 2012 5022 sordida,
2072 4965 2130 5010 ut

540 5028 628 5084 hic
671 5028 932 5084 innuitur.
960 5029 1130 5084 Porro
1155 5028 1391 5083 dea-auus
1418 5038 1473 5083 et
1513 5027 1739 5083 decania
1772 5027 1983 5082 duobus
2013 5042 2129 5081 mo-

452 5131 492 5173 ,
539 5099 626 5173 dis
669 5101 1027 5170 accipiuntur.
1057 5099 1191 5173 Nam
1223 5097 1524 5173 decanusia
1557 5099 1879 5169 quibusdam
1926 5097 2127 5152 dicitur

488 5170 492 5174 ’
539 5171 631 5239 qui
663 5168 858 5226 novem
891 5171 1169 5226 monachis
1207 5168 1450 5226 decimus
1475 5168 1591 5239 ipse
1641 5179 1870 5238 praeerat
1914 5185 1929 5226 :
1963 5177 2127 5238 atque

544 5241 597 5295 hi
645 5242 831 5298 decem
860 5243 1143 5305 monachi,
1169 5241 1408 5308 decuria,
1440 5257 1539 5296 seu
1566 5241 1823 5306 decania,
1857 5242 2128 5293 vocaban-

541 5320 648 5384 t_ur.
677 5310 771 5369 Sic
794 5316 853 5368 υ.
878 5314 1242 5384 Hieronymus
1263 5314 1425 5384 epist.
1447 5313 1520 5367 2'2
1536 5312 1604 5366 de
1616 5312 1905 5367 cmnobitis
1925 5325 2120 5379 agens:

540 5381 707 5437 Divisi
726 5393 879 5452 sunt,
912 5381 1103 5454 inquit,
1135 5401 1224 5453 per
1252 5381 1512 5447 decurias,
1560 5394 1709 5453 atque
1737 5385 2026 5447 centurias;
2052 5383 2126 5435 ita

542 5460 600 5505 ut
650 5471 828 5508 novem
866 5456 1160 5510 hominibus
1187 5455 1417 5508 decimus
1439 5455 1638 5525 prwsit,
1682 5462 1729 5507 et
1752 5470 1933 5507 rursus
1952 5455 2125 5506 decem

537 5526 846 5595 prapositos
866 5527 960 5595 sub
989 5544 1044 5582 se
1072 5528 1380 5581 centesimus
1409 5526 1612 5579 habeat.
1643 5526 1972 5595 Augustinus
1993 5539 2125 5579 vero

542 5594 639 5649 lib.
686 5611 704 5650 ι
753 5595 831 5667 de
848 5591 1089 5653 Moribus
1119 5596 1384 5652 Ecclesiae
1410 5595 1565 5667 (Cap.
1613 5591 1845 5665 5i),'ait
1885 5595 2124 5667 decanos

541 5679 665 5738 esse
687 5666 776 5736 qui
804 5666 990 5723 decem
1018 5669 1297 5723 monachis
1324 5666 1563 5738 praesunt
1588 5684 1602 5719 :
1630 5682 1741 5736 quo
1766 5669 1931 5738 etiam
1952 5666 2125 5722 'modo

542 5736 777 5792 decanos
805 5748 859 5792 et
904 5740 1156 5794 decanias
1187 5736 1519 5794 intellexisse
1551 5739 1809 5793 videntur
1832 5737 2124 5796 Cassianus

542 5803 698 5886 (Cap.
733 5808 965 5885 7-supra)
994 5818 1050 5868 et
1079 5811 1140 5868 D.
1172 5811 1498 5869 Benedictus
1526 5826 1649 5882 cap.
1681 5812 1749 5866 Eli
1785 5811 2025 5881 Regulae.

2056 5937 2109 5951 -κ

2070 5960 2081 5967 ς

2234 4602 2410 4655 statim
2435 4617 2549 4670 qua:
2575 4618 2669 4655 sua
2697 4608 2837 4665 sunt,
2870 4611 2915 4654 et
2944 4600 3259 4673 voluntatem
3286 4603 3561 4673 propriam,
3579 4601 3834 4673 deseren-

2237 4682 2331 4737 tes,
2374 4688 2494 4725 moa:
2523 4674 2849 4742 eaaccupatis
2876 4671 3134 4738 munibus,
3180 4681 3227 4726 et
3267 4671 3405 4742 quod
3449 4672 3688 4742 agebant,
3720 4672 3839 4726 im-

2234 4747 2515 4814 perfectum
2540 4740 2909 4814 relinquentes,
2950 4742 3117 4797 uicino
3145 4742 3233 4813 (id
3265 4740 3367 4809 est,
3397 4740 3669 4813 praximo)
3702 4745 3840 4814 obe-

2234 4813 2444 4868 dientiw
2470 4813 2598 4883 pede
2616 4813 2852 4885 jubentis
2874 4829 3046 4867 vocem
3076 4815 3228 4885 factis
3255 4825 3560 4884 sequuntur,
3589 4822 3637 4868 et
3667 4813 3840 4870 veluti

2234 4901 2337 4938 uno
2384 4896 2640 4938 momento
2687 4885 2938 4953 praedicta
2984 4887 3217 4956 magistri
3263 4886 3445 4953 iussio,
3504 4893 3550 4937 et
3593 4885 3839 4956 perfecta

2233 4956 2476 5025 discipuli
2522 4971 2678 5026 apera
2723 4956 2778 5009 in
2827 4954 3092 5009 velocitate
3138 4959 3335 5009 timoris
3384 4956 3511 5019 Dei,
3542 4954 3706 5007 anilia:
3746 4973 3837 5013 res

2239 5027 2578 5080 communiter
2603 5027 2687 5095 (id
2716 5036 2821 5090 est,
2854 5028 3051 5097 simul)
3081 5028 3232 5081 citius
3257 5027 3621 5097 explicantur,
3640 5028 3836 5093 quibus

2236 5098 2306 5169 ad
2332 5098 2487 5169 vitam
2529 5109 2772 5152 teternam
2812 5095 3087 5169 gradiendi
3131 5114 3276 5151 amor
3320 5098 3564 5151 incumbit
3603 5095 3762 5169 (Cap.
3800 5115 3838 5152 γ

2235 5168 2415 5240 Reg.).
2438 5168 2536 5224 Ubi
2561 5167 3003 5224 'l‘urrecrematus
3027 5187 3039 5221 :
3069 5168 3145 5226 De
3165 5172 3283 5235 hoc,
3308 5170 3499 5235 inquit,
3522 5167 3838 5240 obedientia:

2234 5238 2402 5313 gradu
2433 5240 2617 5313 legitur
2653 5243 2706 5294 iu
2741 5240 2872 5295 Vitis
2902 5241 3146 5308 Patrum,
3179 5242 3317 5311 quod
3358 5240 3529 5294 Abbas
3572 5238 3834 5313 Siluanus

2232 5312 2448 5375 habebat
2484 5311 2769 5366 duodecim
2814 5314 3134 5380 discipulos,
3185 5329 3348 5365 unum
3396 5327 3573 5365 eorum
3615 5311 3838 5364 nomine

2235 5382 2498 5449 Marcum,
2528 5401 2677 5454 quem
2720 5399 2828 5453 pra:
2856 5384 3051 5437 ueteris
3101 5383 3346 5454 diligebat
3395 5390 3602 5454 propter
3629 5381 3834 5435 bonum

2236 5454 2560 5517 obedientiaz,
2589 5458 2723 5525 quod
2754 5463 2861 5507 erat
2905 5456 2960 5507 in
2991 5471 3070 5507 eo.
3100 5455 3328 5524 Cumque
3356 5454 3836 5525 quidamdircrcnt

2234 5527 2307 5597 ei,
2333 5528 2466 5594 quod
2497 5524 3047 5579 alii'contristarentur
3072 5541 3135 5580 ea:
3160 5527 3276 5590 hoc,
3310 5527 3417 5597 ipse
3441 5541 3530 5579 eos
3558 5524 3705 5597 duxit
3732 5536 3835 5590 per

2233 5596 2391 5651 cellas
2429 5601 2672 5668 fratrum,
2701 5606 2749 5650 et
2790 5597 3002 5665 pulsans
3047 5597 3115 5649 ad
3160 5595 3350 5652 ostium
3389 5595 3831 5720 uniusc'ﬁiusque,

2233 5669 2429 5720 vocavit
2467 5682 2575 5720 eos.
2606 5678 2652 5720 et
2679 5668 2853 5720 nullus
2879 5667 3032 5720 exivit
3055 5684 3073 5720 :
3101 5668 3307 5720 tandem
3335 5666 3531 5720 uocauit
3616 5680 3828 5720 arcum.

2231 5666 2437 5723 vocavit
2467 5682 2575 5732 eos,
2606 5678 2652 5722 et
2679 5668 2853 5721 nullus
2879 5667 3032 5721 exivit
3055 5684 3073 5721 :
3101 5668 3307 5723 tandem
3335 5666 3531 5722 uocauit
3558 5666 3828 5729 Marcum,

2232 5740 2318 5810 qui
2349 5741 2530 5803 relicta
2554 5737 2727 5793 littera
2769 5739 3092 5810 imperfecta,
3132 5754 3286 5810 quam
3316 5738 3601 5810 scribebat,
3647 5736 3830 5810 statim

2235 5807 2409 5866 exivit.
2441 5810 2553 5875 Quo
2575 5812 2682 5867 viso
2703 5811 2833 5865 dixit
2856 5807 3106 5868 Silvanus
3125 5807 3233 5867 illis
3260 5826 3279 5866 :
3302 5808 3458 5883 Ecce,
3475 5823 3635 5885 quare
3655 5807 3825 5880 dilige

2122 5948 2181 5957 η..
2230 5948 2297 5961 οφ)
