4026 6334
239 229 330 287 I69

613 225 706 282 DE
744 222 1230 282 C(ENOBIORUM
1270 222 1515 280 INSTIT.
1558 224 1689 281 LIB.
1731 224 1822 282 IV.
1847 256 1917 267 —
1943 224 2034 280 DE
2073 223 2461 281 INSTITUTIS
2497 217 3085 298 RENUNTIANTIUII.

3375 215 3484 275 I70

238 343 410 398 dicere
440 339 645 410 aliquid
676 354 857 404 suum,
887 351 1245 407 magnumque
1267 336 1343 391 sit
1370 339 1576 392 crimen
1608 351 1676 392 ex
1709 353 1806 394 ore
1829 343 1884 401 Α
1908 337 2160 408 quodque
2188 336 2239 391 in
2269 337 2466 391 nostris
2495 334 2836 390 monasteriis
2857 334 3061 388 utinam
3102 330 3218 386 ﬁeri
3247 332 3486 387 nescire-

237 433 471 490 mouachi
497 431 854 502 processisse,
881 430 1123 485 codicem
1151 445 1356 496 meum,
1383 428 1590 483 tabulas
1629 444 1803 495 meas,

238 537 259 564 ι
284 524 566 595 graphium
601 538 800 588 meum,
851 522 1088 576 tunicam
1134 535 1328 588 meam,
1378 520 1582 589 caligas
1621 535 1801 585 meas;

239 631 436 685 proque
488 614 593 669 hoc
645 613 801 684 digna
851 611 1170 681 pmnitentia
1215 610 1584 665 satisfacturus
1625 611 1718 676 sit,
1760 611 1807 664 si

237 724 349 761 casu
364 709 546 775 aliquo
582 720 682 775 per
705 705 1112 774 subreptiouem
1131 703 1217 758 vel
1247 703 1602 774 ignorantiam
1642 703 1802 771 hujus

239 799 374 854 modi
406 799 634 854 verbum
673 796 740 852 de
770 812 865 851 ore
891 797 1009 865 ejus
1038 785 1309 864 elIugerit.

815 931 1043 988 CAPUT
1065 929 1207 987 XIV.

244 1026 384 1094 Quod
406 1023 528 1078 licet
555 1023 718 1095 multa
751 1023 966 1095 pecunia
991 1022 1054 1075 de
1076 1021 1483 1095 uniuscujusque
1503 1038 1653 1093 opere
1693 1037 1815 1075 con-

303 1106 506 1167 geratur
523 1137 538 1160 ,
554 1165 563 1167 _
581 1092 760 1147 nullus
775 1103 959 1167 tamen
1006 1092 1302 1162 prmumat
1325 1092 1570 1146 excedere
1611 1101 1817 1146 statuta

299 1163 613 1234 iuﬁicientiar
641 1163 966 1233 parcitatem.

301 1253 505 1308 Etcum
529 1260 712 1307 tantos
733 1252 1102 1322 unusquisque
1124 1265 1312 1305 eorum
1333 1249 1573 1320 quotidie
1599 1251 1666 1306 de
1691 1265 1820 1320 ope-

243 1363 295 1402 re
317 1361 378 1401 ac
404 1345 607 1400 sudore
631 1344 850 1414 proprio
880 1343 1084 1398 reditus
1107 1341 1350 1398 conferat
1369 1343 1700 1398 monasterio
1716 1383 1732 1409 ,
1763 1352 1822 1397 ut

245 1455 300 1494 ex
328 1437 411 1491 his
432 1445 742 1492 sustentare
770 1450 877 1490 non
898 1434 1073 1489 solum
1104 1449 1256 1488 suam
1287 1433 1461 1488 valeat
1481 1433 1819 1501 parcitatem,

247 1547 414 1586 verum
446 1532 613 1586 etiam
642 1529 827 1584 usibus
859 1529 1028 1598 possit
1071 1528 1368 1583 exuberare
1406 1526 1732 1582 multorum:
1767 1529 1821 1582 in

248 1625 375 1678 nullo
415 1632 603 1677 tamen
651 1620 900 1687 inﬂatur,
937 1633 1038 1674 nec
1083 1619 1187 1674 sibi
1234 1619 1303 1674 de
1350 1628 1500 1673 tanto
1529 1621 1710 1688 operis
1739 1620 1823 1674 sui

1906 425 2074 497 mus),
2107 442 2214 481 non
2256 426 2431 481 dicam
2458 425 2676 490 ellectu,
2703 425 2799 480 sed
2825 439 2894 479 ne
2917 423 3244 494 cogitatione
3269 422 3486 492 quidem

1906 519 1976 574 ab
2003 519 2182 589 aliquo
2214 519 2424 588 penitus
2454 517 2752 573 an‘ectatur.
2776 516 3022 586 Cumque
3048 523 3217 570 totam
3251 524 3275 552 ο
3299 515 3489 571 enthe-

1908 626 2026 666 cam
2053 611 2284 666 cmnobii
2313 624 2463 665 suam
2490 609 2676 665 credat
2701 624 2822 665 esse
2845 609 3230 675 substantiam,
3255 608 3492 664 cunctis-

1909 717 2016 772 que
2044 701 2207 757 rebus
2232 709 2292 755 ut
2318 701 2557 755 omnium
2587 700 2839 755 dominus
2874 714 3087 756 omnem
3113 697 3134 738 ί
3163 715 3352 756 curam
3383 701 3492 754 sol-

1909 791 2350 862 licitudinemque
2374 792 2677 862 dependat;
2696 792 2762 847 ad
2786 793 3121 848 retinendam
3143 793 3494 848 nihilominus

1911 897 2144 956 arrepta:
2169 886 2431 941 nuditatis
2478 886 2754 950 virtutem,
2804 901 2963 953 quam
3008 886 3190 942 studet
3231 887 3298 941 ad
3329 886 3492 942 linem

1913 993 2090 1049 usque
2120 978 2358 1047 perfecte
2386 989 2547 1046 atque
2571 977 2953 1033 inviolabiliter
2979 978 3278 1042 custodire,
3311 979 3382 1033 ita
3408 994 3498 1036 se-

1915 1073 2202 1143 metipsum
2225 1088 2256 1128 a
2282 1072 2488 1128 cunctis
2525 1081 2863 1136 extraneum,
2893 1083 2948 1127 et
2977 1088 3044 1129 ex
3074 1073 3325 1128 omnibus
3350 1073 3499 1143 judi-

1917 1174 2008 1221 cat
2032 1166 2268 1221 alienum
2291 1207 2304 1229 ,
2340 1173 2400 1218 ut
2428 1174 2700 1235 tamquam
2744 1164 3082 1233 peregrinum
3130 1180 3192 1220 se
3233 1176 3415 1236 gerat,
3443 1177 3501 1222 et

1917 1259 2154 1314 incolam
2189 1260 2343 1313 istius
2373 1257 2581 1325 mundi,
2610 1257 2995 1327 alumnumque
3024 1274 3083 1312 se
3106 1257 3284 1327 potius
3315 1273 3503 1314 mona-

1919 1351 2072 1406 sterii
2102 1359 2336 1419 reputet,
2367 1364 2430 1405 ac
2457 1350 2789 1418 ministrum,
2817 1365 2976 1418 quam
3007 1350 3284 1406 dominum
3315 1351 3504 1423 cujus-

1921 1457 2153 1514 cumque
2178 1443 2256 1496 rei
2293 1452 2599 1511 praesumat.

2525 1531 2754 1587 CAPUT
2792 1530 2908 1586 XV.

2144 1626 2220 1680 De
2249 1624 2522 1678 immodico
2549 1623 2689 1694 apud
2716 1639 2810 1676 nos
2838 1621 3013 1676 studio
3039 1621 3285 1677 habendi.

248 1726 439 1786 quaestu
457 1729 522 1768 ac
545 1712 750 1768 sudore
772 1711 1073 1776 blanditur;
1105 1711 1200 1766 sed
1237 1721 1434 1780 prater
1469 1713 1576 1767 duo
1604 1711 1632 1751 δ
1660 1727 1820 1782 paxa-
1853 1710 1902 1770 B
2002 1727 2027 1766 s
2075 1717 2157 1772 Ad
2185 1718 2300 1772 haec
2329 1732 2426 1770 nos
2472 1714 2809 1769 miserabiles
2852 1713 2980 1783 quid
3027 1714 3300 1781 dicemus,
3331 1715 3420 1786 qui
3454 1717 3508 1770 iu

249 1811 396 1863 macia
435 1818 459 1846 ε
488 1822 610 1876 quae
633 1805 807 1860 tribus
827 1805 918 1858 vix
943 1803 1178 1859 denariis
1203 1804 1401 1860 ibidem
1427 1805 1823 1871 distrahuntur,

251 1900 361 1954 nihil
393 1899 621 1954 sibimet
665 1895 900 1965 amplius
946 1895 1316 1966 unusquisque
1347 1896 1645 1964 praesumit.
1686 1896 1828 1950 Inter

253 2008 363 2063 quos
388 1989 415 2028 ἀ
447 1991 660 2046 nullum
704 1988 976 2059 peculiare
1022 2002 1159 2057 opus
1202 1987 1369 2059 (quod
1411 1987 1579 2057 pudet
1605 1987 1828 2056 dicere,

1930 1810 2195 1867 ctenobiis
2214 1820 2634 1873 commorantes,
2663 1823 2726 1861 ac
2745 1809 2848 1861 sub
2875 1806 3086 1862 abbatis
3115 1823 3244 1862 cura
3275 1819 3330 1863 et
3357 1810 3508 1864 solli-

1934 1902 2175 1958 citudine
2201 1901 2502 1968 constituti,
2531 1897 2559 1936 ιι
2590 1900 2899 1970 peculiares
2937 1899 3368 1956 circumferimus
3401 1903 3510 1956 cla-

1932 2009 2047 2060 ves,
2066 1995 2322 2064 omnique
2347 1992 2706 2063 professionis
2737 2002 2934 2046 nostrae
2964 1993 3284 2048 verecundia
3310 2005 3365 2048 et
3385 2010 3511 2050 con-

1297 2125 1556 2181 ALARDI
1597 2126 1832 2184 GAZASI
1867 2125 2431 2188 COMMENTARIUS.

257 2245 460 2300 scientia
488 2259 614 2299 cum
643 2242 762 2297 zelo
782 2240 1068 2309 conjuncta
1094 2255 1225 2296 sane
1252 2249 1307 2293 et
1337 2239 1593 2309 religiose
1617 2241 1825 2306 dicunt,

258 2316 477 2370 codicem
514 2329 718 2382 meum,
753 2315 989 2366 tunicam
1023 2326 1221 2382 meam,
1260 2320 1394 2374 etc.,
1427 2312 1829 2382 nulloprOprie-

259 2390 362 2440 tatis
380 2401 572 2449 sensu,
599 2397 690 2437 aut
713 2382 938 2447 aﬂ’ecm,
966 2381 1062 2436 sed
1092 2396 1190 2435 usu
1213 2381 1517 2446 dumtaxat,
1549 2394 1638 2435 aut
1658 2381 1831 2438 admi-

260 2459 563 2510 nistrationc
603 2455 705 2508 sibi
738 2453 976 2522 legitime
1009 2466 1289 2522 concessa.
1339 2452 1444 2507 Sed
1477 2454 1590 2506 haec
1620 2454 1830 2521 plenius

263 2533 539 2596 explanare
568 2540 676 2578 non
708 2521 978 2596 est’hujus
1010 2522 1140 2577 loci.
1174 2521 1308 2578 Vide
1334 2523 1634 2578 Navarrum
1665 2525 1830 2579 Com-

265 2595 469 2652 metuar.
495 2596 530 2649 2
561 2596 629 2649 de
659 2595 1040 2664 Regularibus.

333 2666 675 2735 ‘Graphium
719 2673 840 2719 erat
887 2666 1063 2735 stylus
1109 2674 1417 2735 aeneusaut
1465 2664 1692 2727 ferreus,
1724 2680 1830 2732 quo

276 2733 542 2804 antiquitus
571 2737 626 2790 in
673 2736 871 2790 ceratis
901 2733 1098 2788 tabulis
1127 2734 1459 2800 scribebant,
1491 2750 1598 2803 quo
1640 2737 1832 2790 etiam-

282 2824 386 2860 num
413 2812 608 2861 utimur
638 2807 691 2860 in
720 2804 1024 2874 hujusmodi
1053 2804 1425 2872 pugillaribus.

341 2877 361 2914 δ
393 2877 764 2931 Paxamacium
787 2917 801 2939 ,
832 2875 938 2934 vel.
987 2883 1046 2929 ut
1075 2875 1164 2927 alii
1194 2875 1398 2943 legunt,
1429 2875 1786 2945 paximacium
1813 2919 1827 2939 ,

280 2965 451 3015 parvus
479 2959 598 3001 erat
625 2949 780 3014 panis
799 2961 895 3000 sex
923 2945 1035 3000 fere
1061 2945 1358 3010 unciarum,
1383 2956 1436 2999 et
1465 2947 1572 3001 duo
1597 2949 1831 3012 paxima-

272 3021 336 3071 cia
366 3019 642 3073 monachis
673 3018 901 3086 singulis
931 3031 1027 3084 pro
1059 3030 1309 3069 mensura
1343 3017 1670 3083 quotidianae
1695 3017 1834 3073 refe-

269 3091 438 3143 ctionis
469 3100 630 3142 erant
659 3090 960 3151 assignata;
993 3101 1112 3158 quae
1135 3087 1370 3158 quidem
1415 3088 1537 3158 bina
1570 3088 1832 3158 integram

270 3161 434 3212 libram
466 3175 578 3212 non
611 3159 925 3228 aequabant,
955 3156 1246 3228 utgvidere
1290 3157 1613 3228 estiCollat.
1643 3156 1832 3228 2‘cap.

271 3175 434 3212 noram
466 3175 578 3212 non
611 3175 921 3280 aquatum,
955 3175 1013 3209 ιιι
1059 3175 1246 3210 viuere
1290 3175 1372 3210 ess
1420 3175 1613 3210 nouat.
1643 3175 1678 3210 z
1708 3175 1832 3228 cap.

271 3229 344 3292 I9,
366 3241 418 3284 et
436 3230 644 3284 Collat.
701 3229 736 3282 Ξ
757 3243 877 3298 cap.
906 3226 1296 3298 I5._Palladius
1316 3228 1368 3281 in
1388 3227 1505 3282 Vita
1535 3228 1683 3282 Pauli
1705 3229 1836 3282 siin-

270 3303 401 3363 plicis
431 3308 596 3353 vocat
627 3296 944 3369 pmntidia.
972 3296 1118 3361 Fert,
1151 3297 1344 3369 inquit,
1377 3314 1537 3366 panes
1560 3298 1834 3364 Antonius,

269 3382 305 3420 et
334 3371 551 3438 imponit
589 3368 776 3422 meum
796 3378 1018 3438 quatuor
1046 3368 1380 3435 paxamidia,
1419 3379 1466 3423 et
1508 3369 1611 3422 sibi
1633 3371 1838 3438 quidem

274 3456 410 3493 suum
444 3441 733 3508 madefecit
757 3455 775 3493 :
802 3446 945 3491 erant
966 3439 1098 3491 enim
1127 3439 1268 3490 sicci.

330 3523 348 3549 ε
387 3512 584 3565 Mirum
619 3511 789 3564 videri
814 3518 989 3576 potest
1017 3509 1124 3562 duo
1152 3509 1472 3576 paximacia,
1499 3509 1696 3565 libram
1729 3511 1838 3564 sal-

271 3590 357 3634 tem
381 3583 563 3652 panis,
583 3589 676 3634 aut
695 3581 918 3652 circiter
937 3579 1246 3652 pendentia,
1269 3581 1442 3652 tribus
1465 3580 1721 3652 denariis,
1745 3592 1835 3652 aut

271 3649 410 3706 etiam
440 3653 644 3706 minori
692 3652 863 3716 pretio
891 3649 941 3702 i‘u
987 3649 1076 3719 illa
1123 3649 1292 3703 eremi
1320 3650 1615 3704 solitudine
1660 3650 1835 3719 parari

273 3725 539 3788 potuisse;
571 3722 676 3776 nisi
703 3724 828 3790 quis
855 3719 958 3774 hoc
996 3718 1212 3790 IEgypti
1256 3721 1518 3775 lertilitati
1561 3718 1838 3775 ascriben-

275 3795 377 3846 dum
409 3802 604 3853 putet:
639 3792 707 3846 de
736 3805 840 3859 qua
868 3790 1070 3845 Plinius
1099 3790 1193 3844 lib.
1231 3807 1360 3845 xvm
1403 3792 1589 3845 Natur.
1631 3791 1835 3846 Histor.

273 3877 372 3931 cap.
403 3864 494 3928 I0,
521 3863 593 3916 ob
621 3877 782 3932 quam
816 3876 1088 3932 commune
1110 3861 1348 3914 ltorreum
1395 3863 1532 3914 orbis
1586 3872 1840 3932 terrarum

275 3933 562 3988 dicebatur.
592 3931 725 3987 Nam
757 3931 1012 3986 denarius
1041 3931 1127 3985 hic
1151 3942 1204 3984 et
1235 3933 1434 3999 passim
1457 3933 1596 3998 apud
1629 3931 1842 3986 Cassia-

278 4019 403 4068 num,
439 4020 554 4058 non
588 4018 867 4056 nummum
900 4009 1236 4070 argenteum,
1267 4002 1359 4070 qui
1390 4002 1648 4057 Romanis
1675 4003 1840 4056 dena-

279 4077 370 4127 rius
395 4076 688 4129 dicebatur
715 4070 908 4141 (Marci
953 4087 1062 4135 xu,
1120 4071 1271 4125 Lacte
1300 4079 1410 4140 χχι)
1435 4113 1449 4133 ,
1482 4073 1623 4141 quod
1655 4075 1842 4127 decem

279 4145 468 4200 assibus
497 4153 820 4207 constaret;
866 4143 960 4196 sed
1005 4157 1180 4196 assem
1230 4144 1492 4197 minutum
1547 4143 1839 4211 signiﬁcat,

277 4214 362 4268 hoc
379 4226 479 4280 est,
507 4229 725 4268 (meum
758 4228 1033 4282 nummum
1057 4253 1070 4273 ,
1099 4212 1190 4280 qni
1217 4214 1421 4267 decima
1466 4227 1589 4282 pars
1609 4223 1726 4266 erat
1753 4213 1846 4267 de-

282 4286 396 4338 uarii
423 4286 694 4354 argentei,
728 4281 1010 4354 etiGraacis
1054 4283 1252 4348 λεπτόν,
1281 4283 1356 4354 id
1402 4294 1508 4344 est,
1538 4286 1800 4336 minutum
1829 4326 1843 4346 ,

281 4355 430 4408 Gallis
459 4353 727 4409 denarius
757 4353 1080 4419 Turonicus,
1117 4368 1211 4406 seu
1260 4353 1575 4419 denariolus
1620 4364 1849 4407 vocatur

281 4423 501 4494 (Jansen.
545 4426 598 4477 in
632 4423 854 4478 Concor.
891 4416 1140 4494 Evangel.
1190 4439 1306 4494 cap.
1342 4416 1489 4490 I21).
1531 4423 1661 4477 Nam
1687 4423 1849 4477 verba

281 4507 412 4550 certe
441 4496 700 4550 Auctoris
739 4495 870 4548 satis
915 4495 1152 4549 indibant
1201 4510 1298 4560 pro
1346 4496 1572 4547 minimo
1631 4509 1852 4547 nummo

281 4568 454 4634 accipi,
481 4569 613 4619 dum
637 4568 713 4618 ait
736 4583 750 4617 :
781 4563 968 4618 Tribus
993 4566 1080 4617 vix
1104 4564 1331 4617 denariis
1372 4563 1768 4626 distrahuntur,
1799 4564 1851 4617 id

283 4648 355 4689 est
379 4636 778 4697 divenduntur;
799 4637 950 4704 quasi
972 4635 1197 4698 diceret,
1213 4635 1473 4688 vilissimo
1493 4637 1686 4703 pretio,
1709 4634 1851 4700 quod

281 4708 452 4773 etiam,
486 4707 824 4776 pauperrimi
863 4705 1165 4759 eremicolaa
1197 4704 1265 4758 de
1294 4705 1570 4759 laboribus
1598 4721 1852 4758 manuum

280 4794 481 4831 suarum
513 4778 675 4830 facile
697 4777 909 4831 solvere
941 4784 1185 4844 possent:
1219 4776 1378 4844 quale
1401 4783 1552 4830 certe
1581 4791 1685 4829 non
1716 4777 1852 4829 luis-

287 4861 386 4912 set,
421 4849 467 4901 si
493 4847 784 4902 denarium
813 4855 1129 4915 argenteum
1159 4847 1503 4915 intelligeret.

344 4918 367 4954 ά
395 4919 548 4976 Onus
579 4919 846 4987 peculiare
869 4918 1013 4971 inter
1039 4917 1336 4971 monachos
1361 4917 1491 4987 quid
1522 4916 1614 4982 sit,
1645 4917 1856 4973 dicetur

283 4989 402 5042 infra
429 4987 590 5057 (Cap.
613 4986 726 5058 I6).

348 5070 369 5095 ε
404 5059 670 5121 Entheca,
699 5059 980 5122 horreum,
1010 5072 1231 5126 penum,
1263 5068 1354 5112 aut
1377 5072 1523 5128 gazre
1547 5059 1856 5114 recondito-

285 5129 409 5182 rium
442 5129 738 5198 significat.
768 5128 948 5183 Utitur
977 5128 1079 5182 hac
1110 5128 1524 5198 vocepGelasius
1553 5144 1684 5198 papa
1715 5129 1859 5197 apud

284 5197 589 5253 Gratianum
619 5199 747 5252 dist.
777 5197 866 5263 12,
893 5215 948 5268 q.
979 5199 1036 5264 2,
1065 5214 1186 5265 cap.
1227 5197 1380 5252 Vobis
1403 5197 1559 5254 enim.
1587 5199 1683 5253 Est
1705 5203 1862 5269 igitur

286 5273 500 5324 entheca
536 5269 770 5324 caanobii
797 5310 811 5331 ,
845 5285 1002 5338 quam
1032 5269 1190 5338 vulgo
1234 5285 1574 5324 communem
1626 5286 1856 5324 massam

286 5338 545 5395 bonorum
580 5339 898 5411 monasterii
932 5340 1160 5393 dicimus
1193 5340 1485 5411 (peculium
1517 5355 1730 5395 sacrum
1760 5356 1857 5395 vo-

287 5421 426 5465 catur
454 5411 599 5480 inl'ra
624 5409 780 5478 (Cap.
816 5410 950 5477 20),
989 5425 1146 5479 quam
1190 5409 1420 5480 quisque
1467 5413 1858 5465 cwnobitarum

288 5494 426 5535 suam
458 5479 639 5535 credit
663 5494 784 5534 esse
813 5481 1167 5534 substantiam
1191 5479 1219 5544 ,’
1253 5492 1310 5534 ut
1336 5479 1425 5535 ait
1473 5485 1704 5544 Auctor,
1735 5483 1858 5549 quia

289 5550 436 5607 b0nis
479 5551 895 5622 communibus,
939 5560 999 5604 ut
1026 5552 1360 5622 suisalitur,
1412 5551 1710 5620 fruiturque
1736 5550 1860 5622 (sub

290 5623 490 5690 abbatis
535 5631 669 5674 nutu
710 5629 766 5674 et
789 5621 1191 5690 dispositione),
1216 5623 1366 5690 juxta
1399 5623 1528 5675 illud
1573 5621 1856 5690 qustbli:

292 5688 576 5768 Tamquam
600 5692 732 5744 nihil
757 5680 1016 5748 habentes.
1039 5701 1090 5743 et
1107 5680 1279 5746 omnia
1299 5680 1713 5764 possidenteslll
1735 5692 1856 5747 Cor.

573 5789 850 5851 Ρηιιοι..
897 5778 1126 5847 XLIX.

1930 2249 2028 2313 vi).
2060 2244 2164 2302 Ubi
2195 2244 2487 2299 notandum
2517 2243 2724 2305 insigne
2770 2244 3151 2313 documentum
3191 2244 3419 2298 Navarri
3449 2246 3517 2300 de

1932 2312 2096 2370 BOnis
2123 2315 2432 2369 monasterii
2461 2317 2527 2367 ita
2560 2313 2864 2367 scribentis:
2893 2312 3038 2365 Bona
3059 2316 3359 2367 monasterii
3387 2327 3510 2368 sunt

1933 2387 2227 2439 communia
2253 2385 2527 2454 Religiosis
2557 2384 2792 2454 ejusdem
2817 2426 2830 2446 ,
2869 2400 2971 2436 non
3000 2394 3054 2435 ut
3082 2386 3320 2452 singulis,
3363 2387 3436 2438 ita
3461 2398 3516 2440 ut

1932 2455 2126 2527 singuli
2143 2457 2208 2509 de
2225 2457 2369 2509 bonis
2393 2456 2749 2527 communibus
2772 2465 2963 2527 certam
2983 2454 3080 2507 sibi
3100 2456 3382 2523 portionem
3408 2458 3518 2509 vin-

1934 2524 2107 2581 dicare
2136 2527 2354 2593 possint.
2385 2535 2440 2578 ut
2472 2525 2753 2595 proprium,
2778 2524 2856 2576 vel
2884 2525 3110 2591 aliquam
3139 2542 3244 2578 rem
3279 2527 3519 2578 determi-

1935 2606 2077 2662 nate,
2102 2608 2224 2668 puta
2254 2599 2386 2668 hanc
2409 2594 2592 2648 vestem
2610 2635 2624 2658 ,
2655 2594 2798 2668 hunc
2817 2594 3003 2668 librum
3026 2635 3048 2668 ._
3081 2603 3203 2659 etc.,
3235 2604 3324 2647 aut
3352 2599 3516 2649 etiam

1933 2664 2162 2721 usumin
2192 2668 2273 2720 his
2298 2667 2723 2726 determinatam;
2755 2665 2884 2716 sicut
2915 2664 3110 2733 fundus
3139 2668 3421 2719 communis
3443 2678 3517 2719 est

1933 2737 2164 2809 pluribus
2181 2736 2470 2791 luet-edibus
2507 2737 2772 2809 a’qualiter
2792 2735 3037 2809 institutis
3056 2777 3068 2797 ,
3098 2737 3174 2793 uel
3203 2739 3518 2804 emptoribus

1935 2807 2157 2876 pretium
2184 2825 2247 2862 ea:
2271 2824 2416 2878 (equo
2438 2807 2818 2878 conferentibus
2834 2821 2853 2858 :
2878 2807 2969 2857 sed
2991 2816 3109 2858 sunt
3135 2810 3442 2878 communia,
3463 2817 3520 2860 ut

1935 2879 2225 2932 universis:
2265 2877 2484 2947 eoquod
2509 2877 2753 2947 amnesin
2784 2878 3040 2928 communi
3071 2894 3238 2929 massa
3271 2877 3519 2932 bonorunt

1937 2949 2232 3003 monasterii
2261 2945 2429 3011 usum,
2462 2957 2506 3000 et
2530 2949 2623 3018 jus
2652 2945 2876 2999 habeant
2904 2947 3082 3018 victus,
3116 2959 3162 2999 et
3203 2950 3429 3012 vestitus,
3465 2960 3520 3001 ut

1939 3022 2126 3088 fratres
2155 3029 2202 3073 et
2233 3020 2331 3088 ﬁlii
2379 3017 2645 3088 familias;
2697 3033 2799 3070 non
2841 3027 3008 3070 tamen
3035 3017 3168 3069 hanc
3214 3028 3406 3088 partem
3433 3021 3522 3072 de-

1940 3087 2230 3156 terminate,
2260 3106 2422 3159 neque
2450 3087 2586 3140 hunc
2609 3104 2759 3140 usum
2790 3088 3151 3152 determinate;
3179 3089 3268 3140 sed
3291 3105 3438 3142 usum
3468 3092 3523 3144 in

1941 3162 2222 3222 communi,
2244 3176 2456 3229 eumque
2469 3159 2830 3218 necessarium,
2853 3160 3306 3229 nonsuperﬂuum,
3331 3170 3378 3211 et
3394 3177 3525 3212 sent-

1939 3247 2031 3296 per
2057 3233 2120 3284 ab
2151 3228 2378 3283 arbitrio
2395 3230 2602 3301 prtelati
2626 3228 3108 3301 dependentem._ln
3138 3229 3235 3282 hoc
3256 3231 3392 3283 enim
3411 3232 3523 3294 dif-

1943 3302 2114 3372 ferunt
2145 3299 2452 3372 religiosi'a
2487 3301 2752 3372 canonicis
2797 3299 3161 3372 sa’cularibus,
3206 3303 3342 3353 inter
3396 3318 3524 3370 quos

1941 3370 2087 3424 aliud
2109 3370 2326 3440 singuli,
2348 3371 2493 3424 aliud
2521 3371 2822 3434 capitulum,
2855 3370 2957 3440 sive
2985 3370 3254 3437 collegium
3276 3372 3370 3423 sibi
3412 3376 3525 3424 vin-

1942 3444 2079 3494 dicat
2109 3444 2160 3495 in
2185 3443 2330 3495 bonis
2360 3441 2733 3494 communibus.
2760 3441 2830 3492 Ita
2859 3439 3126 3492 Navarrus
3149 3440 3465 3508 (Comment.
3489 3443 3525 3494 2

1941 3513 2004 3566 de
2022 3511 2274 3582 ~Regular.
2304 3529 2442 3564 num.
2465 3509 2556 3574 65,
2585 3524 2632 3563 et
2659 3510 3003 3582 Comment.)
3027 3526 3172 3582 num.
3193 3510 3311 3579 25).

2013 3580 2034 3620 ί
2067 3579 2363 3648 Dependat,
2392 3597 2492 3651 pro
2525 3582 2818 3644 impendat,
2853 3591 2907 3651 ut
2938 3579 3227 3651 Dionysius
3255 3581 3519 3635 reddidit.

1939 3652 2256 3721 Dependisse
2287 3650 2440 3719 caput
2475 3651 2705 3721 felicibus
2730 3650 2888 3701 armis
2903 3650 3093 3721 ,__d_txit
3140 3650 3383 3704 Lucanus
3427 3652 3522 3706 lib.

1941 3718 2058 3787 vui,
2089 3737 2187 3789 pro
2217 3737 2282 3776 eo
2311 3718 2452 3790 quod
2477 3718 2564 3773 est
2595 3720 2833 3773 victoriae
2863 3718 3227 3787 adipiscenda:
3257 3736 3417 3775 causa
3447 3725 3526 3776 vi-

1943 3803 2052 3847 tam
2078 3793 2389 3860 impendere
2411 3791 2493 3844 vel
2528 3790 2871 3860 profundere.

2017 3873 2042 3910 s
2068 3859 2170 3930 Qui
2200 3865 2349 3932 legit,
2375 3861 2674 3930 intelligat;
2701 3869 2754 3914 et
2777 3859 2867 3929 qui
2885 3859 3046 3914 habet
3069 3873 3229 3915 aures
3246 3861 3526 3930 audiendi,

1943 3934 2152 3987 audiat.

2019 4002 2047 4040 ¹ι
2077 4003 2269 4058 Claves
2302 4003 2504 4057 habere
2551 4003 2854 4069 peculiares
2881 4017 2949 4058 eo
2973 4005 3182 4066 animo,
3227 4010 3283 4054 ιιι
3330 4002 3530 4069 aliquid

1946 4075 2124 4130 abbati
2150 4075 2234 4127 vel
2266 4073 2640 4142 superioribus
2665 4074 2990 4134 occultetur,
3018 4083 3110 4126 aut
3139 4088 3325 4126 eorum
3359 4074 3532 4142 dispo-

1948 4146 2130 4199 sitioni
2158 4145 2512 4207 subducalur,
2529 4153 2583 4197 et
2609 4151 2878 4211 tamquam
2901 4143 3496 4212 propriumvimlicetur
3513 4186 3528 4210 ,

1950 4216 2090 4270 haud
2122 4215 2283 4269 dubie
2310 4225 2584 4280 peccatum
2615 4222 2701 4268 est
2732 4215 3101 4281 proprietatis,
3130 4225 3314 4268 contra
3345 4225 3528 4270 votum

1993 4287 2280 4353 aupcrtatis
2303 4286 2644 4339 monasticae:
2677 4286 2817 4338 unde
2843 4292 2897 4337 et
2915 4285 3102 4338 Patres
3131 4287 3258 4337 furti
3284 4295 3336 4336 et
3366 4288 3533 4339 sacri-

1993 4303 2280 4353 aupcrtaus
2303 4303 2644 4339 monasucae:
2677 4303 2817 4338 unue
2843 4303 2897 4337 et
2916 4303 3102 4338 ratres
3132 4303 3258 4337 lIll‘ll
3284 4303 3336 4336 et
3366 4303 3533 4339 sacri-

1950 4303 2078 4426 regii
2109 4358 2331 4426 nomine
2355 4355 2491 4408 illud
2537 4355 2805 4423 appellant
2843 4354 3004 4425 (Vide
3031 4354 3286 4408 Basilium
3315 4356 3533 4410 Constit.

1953 4424 2178 4480 monast.
2209 4441 2254 4479 c.
2281 4424 2506 4492 ultimo).
2545 4424 2873 4491 Augustinus
2896 4441 3018 4494 cap.
3049 4426 3112 4478 I7
3138 4443 3248 4479 suae
3285 4427 3533 4493 Regulze:

1957 4499 2018 4552 Si
2041 4499 2176 4566 quis,
2209 4498 2303 4559 ait,
2343 4497 2578 4568 rent_sibi
2605 4497 2848 4568 collatam
2878 4497 3137 4568 celaverit,
3176 4499 3308 4568 furti
3331 4498 3538 4568 judicio

1955 4564 2339 4621 condemnetur.
2361 4567 2418 4619 S.
2441 4564 2708 4619 Caesarius
2731 4568 2780 4618 in
2813 4566 3034 4632 Regula:
3073 4564 3268 4620 Cellam
3301 4564 3536 4634 peculia-

1955 4655 2083 4700 rem,
2115 4647 2205 4689 aut
2230 4637 2594 4698 armariolum,
2623 4635 2699 4689 vel
2719 4637 3000 4700 quamlibet
3036 4637 3332 4690 clausuram
3365 4639 3539 4689 nullus

1958 4709 2160 4761 habeat.
2199 4707 2547 4776 (lassinenses
2590 4710 2642 4758 in
2689 4722 2807 4774 cap.
2839 4708 2916 4776 2'2
2955 4707 3204 4776 Regulae:
3251 4705 3432 4760 Clat'es
3470 4709 3539 4758 ad

1957 4795 2138 4849 capsas
2161 4821 2174 4843 ,
2208 4792 2298 4849 seu
2340 4775 2562 4849 scubella
2581 4816 2596 4836 ,
2623 4793 2715 4830 seu
2740 4775 2946 4830 ubilibet
2991 4775 3165 4831 nullus
3205 4794 3268 4830 ex
3293 4778 3540 4843 fratribus

1883 4837 1938 4897 Β
1962 4837 2172 4913 ha'beat,
2199 4848 2310 4899 sine
2339 4847 2578 4900 licentia:
2602 4862 2786 4914 prarter
2823 4850 3046 4914 priorem
3071 4837 3424 4906 claustralem,
3458 4850 3543 4898 cui

1961 4929 2160 4972 tantum
2187 4918 2534 4980 concedimus,
2565 4927 2621 4969 ut
2656 4917 2724 4969 ad
2746 4917 3051 4983 scabellum,
3078 4933 3170 4969 seu
3201 4932 3410 4986 capsum
3435 4933 3542 4968 ser-

1938 5000 2192 5064 oraturant
2219 4987 2486 5064 applicare
2507 5059 2517 5064 _
2533 4989 2716 5064 possit,
2745 5004 2859 5064 qua:
2901 4988 3038 5064 clavi
3061 4988 3358 5064 aperiatur,
3399 4995 3539 5049 etc.,

1963 5060 2055 5114 ubi
2086 5059 2377 5113 notandum
2408 5060 2475 5111 ab
2505 5059 2604 5111 ista
2641 5059 2838 5128 Regula
2867 5057 3041 5125 excipi
3068 5057 3427 5128 priorem_;_et
3452 5071 3544 5128 ea-

1963 5131 2087 5186 dem
2117 5132 2328 5183 ratiooe
2361 5130 2701 5195 excipiuntur
2725 5125 2820 5181 alii
2853 5129 3160 5196 superiores
3187 5135 3237 5196 et
3269 5125 3542 5186 olliciarii,

1965 5203 2055 5270 qui
2081 5202 2280 5254 habent
2297 5200 2814 5252 adtniuistratiom-m
2833 5195 3092 5270 aliquam,
3109 5195 3303 5270 quibus
3319 5211 3542 5270 necesse

1966 5265 2050 5326 est
2093 5271 2293 5324 habere
2320 5271 2497 5324 claves
2530 5285 2624 5336 pro
2652 5270 2911 5336 pecuniis,
2937 5265 3211 5336 St-ripturis
3233 5266 3549 5336 acireliquis

1961 5342 2330 5402 asservandis,
2365 5350 2421 5392 ut
2449 5335 2605 5392 docte
2636 5335 2817 5392 monet
2861 5339 2926 5391 R.
2960 5338 3017 5390 Ρ.
3050 5335 3550 5406 ’.ΙιιιὶλιιεηΝἱςισοιιιιε

1964 5414 2018 5466 in
2061 5414 2170 5465 suis
2216 5411 2462 5464 asceticis
2503 5410 2608 5478 (Ad
2641 5410 2765 5477 Reg.
2810 5425 2843 5462 ιι
2881 5408 3002 5478 δοίή.
3036 5403 3208 5475 Iesu).
3251 5403 3550 5462 Ubi'etiam

1967 5485 2081 5535 haec.
2107 5481 2282 5535 addit:
2311 5477 2560 5534 Clavibus
2585 5481 2710 5532 item
2733 5477 3042 5530 (:laudeud:e
3065 5487 3192 5530 sunt
3216 5492 3404 5532 omnes
3424 5493 3552 5546 apo-

1964 5553 2137 5607 theca:
2170 5563 2223 5607 et
2254 5550 2503 5617 ollis-inae,
2534 5560 2591 5603 ut
2616 5550 2840 5607 vinaria,
2881 5547 3165 5612 vesuaria,
3216 5549 3456 5614 penaria,
3492 5549 3552 5600 li-

1965 5625 2144 5678 braria
2163 5667 2177 5690 ,
2207 5635 2367 5681 atque
2399 5623 2449 5674 in
2483 5623 2612 5689 ipsis
2641 5619 2870 5671 armaria
2901 5633 3299 5687 nonnumquam
3333 5632 3552 5690 necesse

1968 5704 2052 5749 est
2075 5687 2196 5756 esse
2229 5694 2467 5748 clavibus
2499 5687 2783 5744 ubserata:
2824 5703 2942 5759 qua:
2975 5692 3158 5749 claves
3184 5707 3211 5742 a
3245 5687 3558 5744 custodibus

2926 5782 2966 5844 6
