4026 6334
484 234 582 299 Hi

480 449 894 521 praesignemus,
917 447 973 504 in
996 446 1178 518 digitis
1199 447 1373 516 palam
1394 453 1608 517 gestare
1623 459 1722 498 nos
1738 458 1847 498 non
1873 443 2055 512 pudet,

456 540 679 613 quibus
718 555 827 596 non
868 538 1042 594 solum
1068 538 1292 593 cistella:
1317 536 1401 591 vel
1428 547 1650 606 ενοι-ιω,
1680 535 1777 591 sed
1824 549 1892 589 ne
1918 550 2061 591 arcte

478 633 730 704 quidem,
775 632 864 688 vel
907 631 1137 686 armaria
1160 670 1176 696 ,
1211 628 1278 687 ad
1311 643 1372 684 ea
1395 643 1516 699 quae
1558 627 1932 699 congerimus,
1972 628 2060 683 vel

480 740 604 796 qua:
629 725 836 796 egressi
862 724 930 779 de
957 723 1157 778 sarculo
1185 722 1607 790 reservavimus,
1641 721 1919 777 condenda
1949 719 2062 776 suf-

476 818 693 875 ﬁciunt.
720 817 929 887 Quique
955 815 1026 871 ita
1049 828 1449 884 nonnumquam
1489 827 1588 883 pro
1609 813 1909 878 vilissimis,
1939 812 2061 867 nul-

476 910 653 981 lisque
676 912 843 965 rebus
872 905 1254 969 accendimur,
1300 919 1393 960 eas
1436 905 1716 959 dumtaxat
1744 904 1892 959 velut
1934 918 2060 971 pro-

476 1006 628 1074 prias
666 1002 1023 1062 vindicantes,
1047 1006 1107 1053 ut
1134 998 1179 1052 si
1208 997 1328 1066 quis
1370 997 1453 1052 vel
1479 987 1652 1066 digito
1679 995 1966 1064 quidquam
1989 1008 2058 1047 ex

475 1094 565 1150 bis
588 1101 929 1149 contrectare
946 1088 1369 1160 praesumpserit,
1393 1097 1537 1141 tanta
1560 1096 1745 1142 contra
1761 1101 1883 1142 eum
1902 1085 1928 1124 δ
1951 1085 2060 1141 ira-

478 1183 678 1241 cundia
706 1181 1077 1251 suppleamur,
1110 1189 1170 1233 ut
1198 1177 1615 1233 commotionem
1659 1176 1841 1231 cordis
1884 1176 2057 1231 nostri

476 1291 547 1333 ne
577 1292 605 1329 a
637 1273 794 1330 labiis
813 1272 1049 1344 quidem,
1080 1285 1145 1326 ac
1166 1277 1277 1325 tota
1297 1272 1545 1339 corporis
1573 1269 1941 1338 indignatione
1970 1284 2059 1324 re-

476 1382 679 1423 vocare
711 1366 998 1433 possimus.
1026 1362 1132 1418 Sed
1159 1362 1540 1431 praetermissis
1566 1361 1768 1414 nostris
1797 1360 1972 1426 vitiis,
2001 1369 2059 1415 et

477 1457 567 1513 bis
605 1471 725 1527 quae
770 1470 870 1510 nec
908 1452 1317 1510 commemorari
1351 1451 1567 1521 quidem
1593 1450 1811 1520 dignum
1840 1459 1953 1518 est,
1983 1449 2059 1503 si-

474 1551 645 1607 lentio
672 1550 901 1613 traditis,
928 1546 1223 1602 secundum
1249 1545 1379 1599 illud
1401 1545 1705 1615 eloquium:
1733 1543 1856 1599 Non
1878 1544 2058 1613 loqua-

475 1652 563 1697 tur
591 1659 646 1697 os
670 1657 838 1696 meum
862 1655 1018 1709 opera
1036 1638 1302 1692 hominum
1327 1635 1498 1708 (Psal.
1528 1635 1670 1707 xvt);
1702 1636 1931 1691 virtutes
1959 1651 2056 1706 po-

1808 232 2091 294 JOANNIS
2126 232 2436 293 CASSIANI

482 355 694 414 lusione
715 349 953 419 calcata,
998 360 1029 392 ι
1064 352 1225 409 etiam
1278 350 1506 408 annulos
1545 348 1739 420 quibus
1782 350 2062 404 recondita
2087 358 2141 416 Α

3641 224 3744 285 ιιι

2746 342 2974 403 CAPUT
3010 344 3150 403 XVI.

2424 438 2501 493 De
2527 436 2723 509 regulis
2751 438 3064 493 diversarum
3092 435 3495 507 correptionunt.

2229 529 2286 587 Si
2317 532 2438 602 quis
2465 530 2627 600 igitur
2653 540 2677 570 α
2698 529 2955 598 gillonem
2985 528 3229 597 ﬁctilem,
3259 542 3420 599 quem
3454 528 3735 586 baucalen

2160 632 2491 692 nuncupant,
2517 637 2645 678 casu
2668 622 2850 692 aliquo
2870 620 3114 693 fregerit,
3140 637 3248 676 non
3275 621 3433 676 aliter
3457 620 3739 692 negligen-

2159 715 2289 769 tiam
2312 730 2485 780 suam,
2514 729 2672 783 quam
2699 713 2913 781 publica
2937 712 3113 767 diluet
3132 713 3477 783 paenitentia:
3504 715 3740 769 cunctis-

2158 821 2266 877 que
2298 808 2352 860 in
2374 806 2564 877 synaxi
2597 803 2859 860 fratribus
2880 804 3238 875 congregatis,
3270 805 3473 860 tamdiu
3503 814 3741 873 prostra-

2159 908 2247 953 tus
2287 898 2343 951 in
2374 908 2573 953 terram
2615 897 2828 951 veniam
2860 897 3184 967 postulabit,
3218 896 3397 953 donec
3429 897 3740 953 orationum

2157 1000 2567 1046 consuntmetur
2597 990 2915 1049 solemnitas
2939 1028 2957 1056 ,
2997 991 3379 1061 impetraturus
3419 1004 3538 1047 eam
3562 1033 3578 1059 ,
3612 1006 3739 1047 cum

2153 1080 2336 1152 jussus
2365 1081 2527 1142 fuerit
2556 1082 2768 1139 abbatis
2790 1082 2999 1152 judicio
3024 1081 3093 1138 de
3120 1081 3240 1138 solo
3265 1096 3507 1151 surgere.
3532 1081 3740 1138 Eodem

2155 1176 2319 1231 modo
2345 1175 2642 1230 satisfaciet
2660 1174 2906 1245 quisquis
2926 1174 2993 1230 ad
3016 1188 3151 1244 opus
3172 1172 3389 1243 aliquod
3411 1175 3733 1241 accersitus,

2155 1269 2239 1324 vel
2269 1268 2335 1323 ad
2383 1270 2852 1339 congregationem
2898 1267 3115 1323 solitam
3145 1267 3357 1322 tardius
3400 1267 3734 1334 occurrerit,

2154 1368 2249 1414 aut
2278 1360 2324 1413 si
2355 1358 2963 1427 decantanspsalmum,
2991 1358 3077 1412 vel
3107 1357 3377 1413 modicum
3404 1356 3738 1413 titubaverit.

2156 1448 2422 1505 Similiter
2447 1449 2495 1504 si
2523 1447 2819 1517 superflue,
2849 1448 2893 1502 si
2924 1448 3113 1503 durius
3132 1488 3146 1512 ,
3178 1447 3227 1503 si
3254 1447 3627 1503 contumacius
3651 1463 3743 1504 re-

2156 1540 2461 1609 sponderit,
2484 1541 2530 1595 si
2562 1540 2920 1610 negligentius
2947 1539 3204 1610 obsequia
3230 1538 3474 1610 injuncta
3500 1540 3740 1609 complc-

2155 1631 2319 1696 verit,
2347 1632 2390 1685 si
2417 1632 2498 1685 vel
2517 1632 2708 1686 leviter
2724 1632 3160 1698 murmuraverit,
3184 1631 3230 1685 si
3254 1631 3539 1687 lectionem
3559 1632 3735 1702 operi,

474 1744 606 1812 ειυς,
637 1758 755 1814 qua,
780 1739 923 1810 apud
952 1738 1076 1795 mos
1101 1746 1249 1804 sum,
1278 1748 1333 1794 ει
1361 1737 1498 1802 hac,
1530 1752 1651 1808 qua,
1694 1752 1793 1793 ηοε
1839 1751 2055 1807 quoque
2082 1751 2133 1813 Β
2158 1722 2243 1776 vel
2271 1722 2592 1777 obedientia:
2622 1721 2924 1814 preferens
2946 1721 3123 1776 cilicia
3153 1729 3348 1778 statuta
3377 1723 3597 1793 segnius
3624 1723 3739 1779 fue-

474 1846 625 1902 omni
662 1845 842 1900 studio
878 1842 1141 1899 debemus
1177 1849 1434 1911 appetere
1456 1882 1471 1907 ,
1502 1848 1682 1909 coepto
1722 1839 2055 1895 narrationis

473 1945 667 2003 ordine
692 1959 1103 2017 prosequamur,
1127 1943 1381 2013 ipsasque
1401 1942 1510 2012 jam
1542 1941 1775 2012 regulas,
1805 1956 1868 1996 ac
1897 1950 2058 2013 typos

472 2047 675 2103 cursim
722 2044 1065 2113 breviterque
1110 2057 1395 2111 ponamus,
1424 2052 1481 2097 ut
1506 2044 1885 2112 pervenientes
1933 2052 2055 2114 post

469 2149 593 2207 haec
621 2148 687 2203 ad
707 2146 968 2219 quosdam
1000 2155 1152 2200 actus
1172 2153 1229 2201 et
1269 2160 1432 2216 opera
1464 2146 1763 2213 seniorum,
1793 2161 1915 2218 quae
1934 2155 2052 2201 stu-

467 2248 626 2305 diose
653 2246 929 2303 memoriae
957 2245 1212 2300 mandare
1240 2244 1597 2314 disponimus,
1632 2247 1766 2312 hac,
1809 2261 1929 2316 quae
1957 2262 2054 2301 no-

468 2357 586 2407 stra
623 2346 957 2417 expositione
981 2344 1182 2415 digesta
1213 2354 1363 2410 sunt,
1394 2344 1538 2399 velut
1561 2346 1886 2402 testimoniis
1915 2347 2053 2403 vali-

469 2456 708 2512 dissimis
734 2455 1086 2519 roboremus;
1120 2453 1403 2518 universa.
1429 2468 1551 2523 quas
1580 2455 1834 2522 diximus,
1868 2472 2053 2513 exem-

470 2558 578 2632 plis
594 2572 781 2616 eorum
809 2556 1010 2627 potius,
1049 2568 1115 2611 ac
1141 2554 1271 2609 vita:
1292 2554 1618 2610 auctoritate
1644 2556 1941 2612 ﬁrmantes.

2160 1815 2235 1871 rit
2272 1824 2593 1881 exsecutus,
2625 1816 2671 1869 si
2699 1811 2728 1852 δ
2760 1815 2982 1870 dimissa
3019 1814 3209 1887 synaxi
3252 1830 3360 1871 non
3404 1817 3649 1872 concitus
3667 1818 3739 1874 ad

2155 1907 2345 1964 cellam
2375 1922 2655 1962 recurrere
2685 1907 3035 1975 lestinaverit,
3088 1907 3135 1962 si
3177 1922 3298 1963 cum
3335 1907 3516 1978 aliquo
3551 1909 3637 1964 vel
3666 1909 3737 1965 ad

2158 2001 2430 2055 modicum
2461 1999 2798 2066 substiterit,
2843 1999 2931 2055 vel
2973 2001 3021 2054 si
3067 2001 3135 2055 ad
3179 2008 3433 2069 punctum
3475 2002 3739 2071 temporis

2157 2091 2366 2162 uspiam
2412 2091 2720 2157 secesserit,
2753 2099 2776 2127 ⁸
2802 2092 2849 2146 si
2878 2092 3104 2146 alterius
3153 2092 3386 2146 tenuerit
3417 2106 3658 2158 manum,
3687 2092 3737 2147 si

2162 2186 2184 2225 ί
2215 2202 2335 2243 cum
2384 2187 2500 2252 illo,
2551 2185 2642 2255 qui
2687 2184 2899 2240 cellula:
2943 2196 3056 2239 suae
3085 2183 3427 2240 cohabitator
3463 2198 3568 2238 non
3609 2193 3736 2254 est,

2156 2276 2492 2334 confabulari
2546 2275 3095 2345 quantulumcumque
3147 2272 3590 2343 prmsumpserit,
3626 2283 3653 2322 s
3687 2274 3737 2330 si

2156 2369 2395 2426 oraverit
2418 2383 2541 2422 cum
2567 2367 2661 2422 illo
2683 2410 2699 2435 ,
2723 2367 2814 2437 qui
2842 2375 2926 2421 est
2944 2366 3014 2421 ab
3034 2366 3279 2422 oratione
3317 2379 3645 2436 suspensus,
3687 2366 3740 2424 si

2156 2473 2441 2539 parentum
2490 2465 2800 2534 quempiam
2828 2460 2914 2516 vel
2939 2461 3238 2516 amicorum
3270 2460 3606 2514 sacularium
3647 2460 3738 2514 vi-

2158 2561 2303 2616 derit
2327 2559 2435 2631 [AL
2467 2557 2654 2613 videre
2682 2551 3025 2624 tentaverit],
3050 2551 3134 2607 vel
3163 2549 3463 2606 collocutus
3494 2549 3574 2606 eis
3612 2552 3738 2607 sine

2158 2666 2257 2709 suo
2302 2649 2463 2705 luerit
2491 2648 2730 2714 seniore,
2762 2643 2793 2685 ιι
2817 2645 2867 2701 si
2892 2643 3176 2714 epistolam
3219 2642 3607 2713 cuiuscumque
3640 2656 3738 2698 su-

1526 2739 1781 2797 ALARDI
1819 2740 2053 2798 GAZEI
2090 2741 2655 2799 COMMENTARIUS.

471 2851 658 2893 earum
707 2834 1095 2904 apothecarum
1147 2832 1524 2890 custodiuntur
1576 2842 1633 2888 et
1682 2845 2049 2891 asservantur.

468 2906 763 2979 Hmcgipse.
792 2916 846 2961 et
874 2907 973 2959 alia
1005 2911 1475 2979 qutesequunt‘ur.

2231 2847 2255 2874 ο
2292 2837 2494 2905 Nempe
2517 2837 2658 2906 quod
2689 2851 2718 2890 a
2748 2834 2981 2906 puritate
3008 2841 3062 2889 et
3089 2829 3355 2906 modestia
3382 2830 3639 2906 religiosa
3661 2831 3724 2887 id

2150 2909 2389 2964 alienum
2412 2902 2498 2962 sit.
2532 2902 2600 2961 Et
2620 2906 2672 2960 id
2704 2902 2919 2975 quidem
2943 2907 2996 2959 in
3021 2902 3347 2975 quibusdam
3378 2902 3737 2975 religionibus

542 2987 569 3015 α
592 2972 835 3031 Annulos
857 2985 1005 3031 notat
1026 2972 1311 3046 sigillares.
1351 2973 1465 3047 sive
1488 2974 1834 3047 signatorios,
1858 2976 2052 3046 quibus
2090 3043 2119 3047 _
2153 2981 2401 3034 districte
2440 2972 2779 3047 prohibetur,
2813 2992 2874 3029 ne
2913 2972 3047 3047 quis
3071 2973 3298 3047 alterum
3348 2980 3543 3047 tangat.
3577 2972 3645 3047 Et
3676 2975 3737 3047 in

470 3048 757 3119 utebantur
785 3042 1166 3119 veteres,non
1188 3048 1368 3119 solum
1403 3045 1467 3119 ad
1501 3046 1739 3110 litteras,
1784 3042 1901 3119 sive
1939 3051 2054 3119 epi-
2077 3043 2122 3106 C
2156 3050 2362 3119 Regula
2390 3042 2758 3112 SfPachomii,
2792 3059 2900 3119 art.
2921 3046 3029 3119 5'5;
3065 3042 3229 3119 Nemo
3258 3044 3311 3097 in
3342 3042 3567 3119 tenebris
3581 3044 3738 3119 alteri

470 3118 639 3174 stolas
666 3120 930 3186 impresso
952 3116 1125 3187 sigillo
1149 3115 1539 3187 obsignaudas:
1574 3130 1756 3169 verum
1786 3118 1949 3171 etiam
1972 3118 2040 3173 ad

469 3205 624 3244 seras
651 3188 930 3243 domorum
953 3228 967 3252 ,
1001 3186 1344 3251 Scriniorum,
1376 3186 1713 3255 arcularum,
1766 3188 1883 3241 vice
1925 3189 2043 3243 cla-

469 3261 613 3314 vium
636 3299 648 3320 .
696 3259 1024 3313 obserandas
1063 3258 1081 3324 (
1110 3257 1238 3310 Vide
1284 3256 1571 3309 Durantum
1598 3256 1687 3310 lib.
1726 3273 1762 3311 ιι
1792 3257 1854 3310 de
1885 3258 2041 3314 Ritib.

469 3328 675 3386 Eccles.
701 3346 748 3382 c.
777 3330 850 3395 9;
882 3325 1007 3383 Cael.
1040 3327 1227 3382 Rhodi.
1261 3328 1349 3381 lib.
1382 3343 1429 3379 vt
1458 3324 1597 3380 Lect.
1627 3329 1800 3398 Antiq.
1829 3344 1876 3383 c.
1913 3329 2040 3398 li);

468 3400 636 3525 ὶηιιιιο
664 3399 729 3453 ad
763 3399 908 3468 ipsas
938 3399 1117 3453 claves
1146 3402 1353 3452 cautius
1380 3397 1779 3462 custodiendas,
1802 3408 1861 3451 ut
1886 3397 2045 3455 tradit

518 3473 678 3525 Iinius
705 3470 802 3525 lib.
840 3484 1010 3523 χχχιιι
1036 3482 1153 3525 can.
1182 3467 1233 3525 l.
1259 3469 1346 3521 ubi
1380 3467 1461 3521 sui
1493 3470 1750 3525 temporis
1778 3470 2044 3523 conditio-

518 3473 678 3525 linius
705 3467 802 3525 lib.
840 3484 1010 3523 χχχιιι
1036 3482 1153 3537 cap.
1182 3467 1233 3529 1,
1259 3469 1346 3521 ubi
1380 3467 1461 3521 sui
1493 3470 1750 3536 temporis
1778 3470 2044 3523 conditio-

468 3556 595 3595 nem
646 3554 767 3611 cum
814 3540 1047 3609 antiquis
1087 3540 1324 3611 moribus
1352 3540 1675 3611 conferens:
1734 3540 1860 3611 Quae
1905 3542 2039 3611 fuit,

467 3611 665 3679 inquit,
695 3610 791 3665 illa
819 3608 1103 3681 priscorum
1130 3610 1256 3671 vita,
1281 3609 1447 3681 qualis
1495 3608 1810 3674 innocentia,
1854 3608 1915 3663 in
1938 3627 2044 3680 qua

468 3681 603 3735 nihil
623 3680 960 3750 signabatur?
1001 3691 1053 3733 at
1085 3696 1219 3733 nunc
1240 3680 1336 3731 cibi
1362 3695 1564 3749 quoque
1590 3696 1651 3733 ac
1678 3688 1828 3746 potus
1849 3682 2043 3735 annulo

470 3752 791 3805 uindicantur
819 3767 851 3804 a
893 3751 1110 3821 rapina;
1142 3760 1189 3803 et
1216 3751 1381 3803 claves
1419 3766 1620 3819 quoque
1651 3751 1789 3820 ipsas
1815 3755 2045 3821 signasse

470 3840 574 3876 non
601 3835 673 3875 est
698 3822 856 3886 satis;
885 3820 1108 3886 gravatis
1133 3836 1334 3886 somno,
1380 3828 1470 3872 aut
1509 3821 1839 3873 morientibus
1864 3820 2046 3874 annuli

470 3890 835 3945 detrahuntur.
868 3887 993 3944 Hinc
1022 3890 1128 3942 ille.
1156 3889 1246 3943 Sic
1274 3902 1328 3941 et
1351 3887 1600 3942 Clemens
1626 3890 2041 3955 Alexandrinus,

471 3962 614 4035 quod
649 3963 700 4014 in
732 3958 1234 4035 sponsalibusloco
1274 3959 1451 4012 arrltte
1482 3959 1637 4035 datus
1677 3963 1905 4013 annulus
1931 4002 1944 4021 ,
1978 3960 2045 4012 ab

470 4027 643 4085 uxore
674 4027 885 4091 semper
913 4027 966 4081 in
995 4029 1163 4097 digito
1185 4036 1506 4095 gestaretur,
1534 4027 1585 4081 id
1615 4043 1721 4082 non
1754 4041 1859 4083 tam
1886 4041 2046 4083 orna-

472 4110 561 4154 tus
586 4115 744 4154 causa
774 4098 887 4169 ﬁeri
918 4097 1082 4169 dicit,
1109 4114 1265 4169 quam
1299 4109 1354 4150 ιιι
1379 4098 1688 4166 obsignaret
1733 4100 1921 4153 eodem
1948 4117 2047 4153 an-

471 4171 625 4233 nulo,
658 4186 777 4238 quae
806 4168 952 4222 domi
995 4166 1371 4237 sunt'(Pedag.
1414 4169 1449 4239 l.
1476 4183 1532 4221 ιιι
1561 4184 1678 4237 cap.
1714 4168 1825 4233 il).
1879 4169 2048 4239 Hujus

470 4242 617 4295 modi
650 4255 779 4307 ergo
819 4239 1048 4293 annulos
1095 4240 1255 4292 etiam
1293 4242 1343 4290 in
1377 4238 1558 4303 digitis
1603 4238 2049 4306 condebant,iet

473 4311 757 4382 gestabant
785 4308 1001 4376 quidam
1031 4308 1276 4382 monachi
1307 4311 1515 4377 peculio
1557 4309 1754 4382 addicti
1774 4351 1788 4375 ,
1815 4326 1921 4379 quo
1958 4326 2046 4365 res

470 4379 600 4476 suas
626 4382 835 4434 cautius
856 4379 1213 4457 custodirent,
1247 4391 1305 4431 ut
1338 4383 1538 4476 Atltctor
1566 4379 1786 4476 ἱιιιιΙίΟΞιῐ,
1817 4395 2042 4476 qqorum
2076 4417 2124 4476 Β

470 4452 615 4522 pala.
641 4466 733 4504 seu
764 4464 973 4519 gemma
1003 4451 1336 4519 prominens,
1365 4450 1531 4502 clavis
1560 4450 1675 4503 vice
1706 4451 2043 4518 fungebatur.

546 4519 573 4559 ι)
619 4520 895 4574 Iracundia
926 4518 1165 4577 suppleri
1190 4521 1323 4573 dixit
1367 4534 1464 4577 pro
1492 4520 1684 4577 repleri
1717 4521 1794 4574 ira
1815 4560 1830 4577 .
1867 4521 2046 4577 nhrasi

546 4532 573 4559 ο
619 4532 895 4574 Iracundia
926 4532 1165 4591 suppleri
1190 4532 1323 4573 ιιιχιι
1367 4534 1464 4587 pro
1492 4532 1684 4583 replert
1717 4535 1794 4574 Ira
1815 4560 1830 4586 ,
1867 4532 2043 4589 purast

470 4591 789 4656 Scriptum,
816 4590 915 4643 hoc
941 4598 1044 4654 est,
1065 4592 1413 4643 vehementer
1442 4590 1601 4642 irasci
1616 4590 1837 4646 (Eae/es.
1857 4607 2043 4658 χχχιχ,

472 4659 631 4714 Luca:
659 4676 733 4730 tv,
760 4658 891 4730 Act.‘
910 4675 942 4713 v
963 4671 1011 4714 et
1037 4660 1170 4729 xm).
1206 4660 1346 4712 Alibi
1368 4662 1599 4730 suppleri
1622 4660 1821 4721 dolore.
1847 4662 2043 4716 Collat.

471 4732 507 4786 9
527 4746 643 4799 cap.
674 4729 761 4794 26,
781 4741 837 4784 et
865 4728 1137 4800 Collatum;
1160 4744 1277 4797 cap.
1324 4729 1382 4782 II
1403 4745 1417 4791 ;
1440 4728 1622 4794 furore
1648 4733 1897 4800 suppleri,
1932 4732 2047 4788 Col-

468 4801 568 4857 lat.
603 4802 673 4856 16
698 4816 820 4870 cap.
849 4800 952 4859 I8:
979 4798 1467 4871 caliginesuppleri,
1503 4800 1595 4871 lib.
1622 4816 1654 4871 x
1684 4798 1803 4871 cap.
1829 4802 1881 4855 2.

549 4883 572 4911 α
612 4869 881 4926 Gillonem
910 4869 1030 4936 quis
1071 4869 1420 4938 intelligi-ret,
1470 4870 1569 4922 nisi
1616 4869 1905 4925 Cassianus
1958 4880 2045 4927 ut-

469 4955 703 5009 cumque
730 4939 1110 5010 exposuisset?
1140 4954 1204 5010 ex
1245 4954 1350 5007 quo
1378 4954 1471 4995 vas
1498 4940 1661 4995 lictile
1688 4951 1740 4994 et
1766 4943 2041 5010 potorium

469 5013 639 5066 fuisse
676 5009 997 5079 colligimus,
1034 5009 1174 5079 quod
1207 5010 1309 5063 alta
1338 5026 1467 5066 voce
1490 5011 1619 5065 item
1653 5009 1880 5066 barbara
1914 5014 2042 5067 bau-

468 5084 643 5136 calcm
683 5078 1064 5151 nuncupabant
1090 5081 1107 5149 (
1130 5078 1325 5134 Junius
1373 5080 1779 5147 nomenclator).
1816 5083 2040 5151 Hispani

470 5153 834 5221 congilonem,
870 5149 998 5221 Itali
1019 5151 1258 5221 boccale,
1288 5165 1382 5205 seu
1416 5151 1735 5221 boccalium,
1764 5149 2039 5207 Galli‘lla-

469 5219 689 5276 scouetn
717 5230 928 5293 vocant.
958 5219 1029 5274 Et
1055 5220 1330 5293 βᾳνκάλιᾳν
1350 5221 1565 5293 quidem
1603 5220 1787 5277 Graeca
1822 5237 1927 5276 vox
1955 5233 2041 5278 est

469 5293 611 5360 apud
652 5289 1064 5360 Aphrodiseum'
1092 5292 1143 5345 in
1193 5291 1640 5360 problematibus,
1669 5306 1699 5345 a
1731 5308 1830 5359 qua
1879 5308 2038 5348 voces

467 5359 588 5432 ista:
618 5359 860 5415 barbarae
889 5371 945 5423 et
981 5359 1227 5429 vulgares
1256 5361 1504 5432 detorttn.
1544 5363 1919 5432 signiﬁcatque
1948 5380 2040 5417 va-

469 5431 680 5484 sculum
726 5432 939 5499 angusti
975 5431 1104 5491 oris.
1138 5431 1342 5485 ventris
1375 5431 1776 5501 turgidi,potui
1805 5446 1896 5487 aut
1921 5449 2037 5489 ser-

467 5502 647 5568 vando
679 5501 870 5568 liquori
896 5501 1324 5555 accommodum.

538 5567 567 5607 ά
605 5567 1057 5641 congregatione,
1086 5582 1206 5639 post
1255 5579 1531 5639 peractum
1572 5572 1831 5628 ofﬁciunt.
1866 5575 2030 5631 Alibi.

469 5637 602 5719 {est
633 5637 854 5719 Mis'sani
876 5637 1449 5719 congregationis,_pqst
1476 5644 1760 5719 orationum
1792 5643 2028 5719 Missam,

468 5708 641 5771 llissa
666 5712 919 5767 canonica
943 5708 1201 5781 absoluta,
1225 5722 1283 5769 et
1311 5713 1639 5784 bujusmodi.

2145 3114 2390 3192 loquatur
2418 3138 2436 3175 :
2457 3120 2631 3192 nullus
2659 3135 2773 3192 cum
2804 3116 2969 3192 altera
2996 3115 3216 3192 dormiat
3239 3130 3259 3169 :
3279 3130 3486 3192 manum
3515 3114 3737 3170 alterius

2146 3185 2296 3247 nemo
2323 3201 2488 3245 teneat
2522 3188 2695 3260 (Vide
2727 3187 2966 3260 superius
3012 3186 3100 3260 lib.
3134 3201 3169 3240 ιι
3200 3202 3315 3260 cap.
3351 3185 3475 3260 I5).

2218 3260 2237 3300 ί
2281 3262 2447 3316 Erant
2477 3254 2604 3325 ergo
2635 3259 2864 3312 subinde
2906 3255 3147 3325 ejusdem
3202 3254 3417 3325 cellulte
3465 3254 3601 3322 duo,
3639 3256 3734 3312 vel

2143 3332 2327 3402 plures
2380 3322 2798 3402 cohabitatores.
2828 3322 2980 3402 Quod
3020 3336 3077 3381 et
3117 3322 3407 3402 Cassianus
3441 3325 3737 3402 conﬁrmat

2143 3393 2323 3457 collat.
2353 3403 2447 3465 20,
2472 3416 2590 3469 cap.
2641 3401 2663 3455 i
2690 3413 2743 3454 et
2771 3398 2829 3467 2,
2852 3393 2942 3453 ubi
2971 3396 3279 3469 syncellitas
3308 3405 3463 3450 vocat
3485 3393 3735 3469 ejusdem

2142 3473 2295 3528 cella:
2340 3465 2734 3527 cohabitatores
2762 3507 2777 3534 ,
2816 3465 2911 3524 ubi
2944 3465 3096 3537 plura
3144 3465 3328 3537 videre
3373 3478 3454 3521 est
3502 3466 3555 3519 in
3586 3465 3733 3537 hanc

2142 3559 2258 3598 rem
2315 3550 2615 3597 annotata:
2672 3533 2910 3611 itemque
2944 3533 3045 3593 lib.
3090 3552 3129 3593 ιι
3175 3535 3412 3591 lnstitut.
3459 3549 3581 3605 cap.
3631 3533 3729 3603 12,

2142 3622 2200 3670 et
2244 3616 2337 3669 lib.
2381 3631 2414 3666 v
2451 3629 2569 3682 cap.
2597 3612 2687 3667 37.

2217 3693 2242 3731 8
2285 3686 2357 3739 De
2384 3685 2484 3737 hac
2519 3676 2880 3751 suspensione
2909 3688 2961 3735 et
2995 3676 3256 3751 orationis
3282 3676 3604 3733 inbibitione
3631 3690 3734 3732 su-

2146 3756 2329 3824 perius
2356 3764 2532 3808 actum
2561 3748 2641 3808 est
2674 3750 2826 3824 (Lib.
2855 3748 3130 3824 tt_c._16).

2218 3820 2246 3860 ιι
2284 3825 2364 3879 Ad
2388 3825 2573 3878 vitium
2599 3817 2943 3891 proprietatis
2973 3822 3024 3874 in
3057 3817 3323 3891 monacho
3349 3818 3734 3891 pertinense-

2146 3896 2379 3948 cundum
2426 3889 2745 3957 Navarrum,
2781 3892 2986 3946 litteras
3014 3891 3163 3954 dare,
3199 3890 3283 3944 vel
3314 3889 3559 3958 accipere
3583 3889 3733 3946 citra

2146 3978 2470 4018 consensum
2513 3973 2604 4015 aut
2634 3963 2903 4016 licentiam
2937 3959 3254 4029 superioris,
3302 3960 3428 4013 licet
3474 3961 3577 4013 alia
3628 3975 3729 4013 ra-

2146 4034 2291 4087 tione
2320 4034 2484 4101 possit
2517 4034 2678 4087 etiam
2710 4032 2774 4085 ad
2808 4040 3084 4101 peceatum
3118 4029 3501 4101 inobedientite
3526 4038 3616 4082 aut
3638 4030 3732 4083 in-

2146 4100 2497 4157 continentis:
2530 4101 2717 4157 referri
2743 4117 2757 4154 :
2783 4100 3165 4155 inttbedientiae
3188 4100 3429 4167 quidem,
3459 4110 3731 4169 quatenus

2148 4177 2357 4229 occulte
2381 4182 2705 4242 prmceptum
2727 4172 3049 4227 obedietttite
3071 4170 3315 4238 infringit
3331 4187 3352 4242 7;
3368 4169 3728 4242 incontinen—

2149 4245 2256 4307 tite,
2289 4245 2334 4297 si
2356 4238 2419 4297 a'd
2446 4238 2786 4296 VIIIIIIIIOIICID
2811 4242 3072 4296 castitatis
3104 4242 3287 4310 tendat
3318 4238 3551 4310 (Navar.
3576 4256 3729 4292 com-

2148 4325 2306 4367 ment.
2340 4316 2372 4367 “).
2404 4314 2467 4385 de
2500 4311 2749 4385 Regular.
2790 4329 2933 4366 num.
2970 4313 3035 4367 i3
3060 4319 3123 4385 iet
3155 4308 3350 4385 Consil.
3397 4309 3485 4373 75,
3517 4310 3580 4385 de
3621 4310 3732 4364 Re-

2151 4384 2468 4456 gularibus).
2502 4388 2541 4436 Α
2573 4382 2675 4452 qua
2700 4384 3104 4456 tamenet-tegula
3136 4382 3730 4456 excipiutttur__litter:e

2150 4449 2183 4526 Et
2219 4455 2339 4522 jure
2384 4449 2655 4507 communi
2688 4454 2853 4526 (Cap.
2888 4453 2971 4509 Ex
2988 4449 3183 4526 parte,
3222 4460 3268 4526 et
3314 4449 3630 4526 cap._0[im_,_
3658 4452 3729 4506 de

2149 4524 2420 4592 Accusat.)
2451 4526 2533 4579 vel
2562 4534 2761 4578 Statuto
2785 4521 3216 4592 congregationis
3243 4521 3296 4575 in
3319 4521 3480 4576 certis
3505 4521 3728 4592 casibus

2148 4591 2451 4663 permissae.
2491 4595 2623 4647 llinc
2649 4596 2747 4663 SS.
2780 4594 2965 4648 Patres
2996 4591 3193 4647 'stricte
3238 4592 3367 4645 illud
3416 4591 3723 4659 prohibue-

2146 4662 2291 4718 runt.
2329 4665 2390 4718 D.
2420 4664 2645 4717 Basilius
2672 4680 2701 4717 a
2728 4662 3025 4732 Smaragdo
3070 4664 3269 4732 citatus
3299 4664 3488 4732 (quem
3536 4671 3723 4717 tamen

2146 4733 2324 4789 locum
2358 4734 2595 4786 nondum
2638 4735 2877 4802 reperire
2926 4731 3152 4802 potui):
3184 4731 3376 4786 Munus
3426 4732 3718 4802 quodlibet,

2143 4807 2249 4858 sive
2271 4805 2537 4874 epistolas,
2571 4820 2716 4859 nemo
2746 4804 3023 4874 monachus
3052 4804 3293 4874 accipiat,
3336 4818 3428 4874 nec
3461 4805 3582 4856 dare
3606 4804 3724 4858 sine

2134 4870 2371 4955 iussione
2384 4874 2582 4955 abbatis
2602 4885 2877 4955 praesumat
2904 4875 2922 4944 (
2941 4870 3112 4955 _Epist.
3142 4870 3174 4925 ἶ
3262 4873 3325 4955 I2;
3354 4872 3722 4955 Hieronymus

2144 4942 2283 5014 inter
2324 4944 2427 5014 alia
2456 4946 2580 4998 vita:
2602 4942 2893 5014 religiosa;
2916 4942 3241 4998 documenta
3282 4942 3576 5012 Nepotiano
3604 4952 3723 4997 tra-

2142 5013 2297 5086 dita:
2326 5012 2540 5079 Crebra,
2572 5012 2769 5086 inquit,
2802 5014 3205 5086 mttnuscula,_et
3244 5013 3531 5086 sudariolo,
3558 5022 3607 5066 et
3635 5014 3724 5084 {a-

2140 5085 2349 5156 sciolas,
2383 5096 2428 5139 et
2456 5083 2663 5141 oblatos
2686 5101 2747 5139 ac
2773 5087 3065 5156 degustatos
3105 5083 3264 5156 cibos,
3316 5083 3633 5156 blandasque
3658 5100 3725 5156 ac

2141 5153 2317 5226 dulces
2347 5156 2602 5211 litterulas
2626 5152 2999 5209 sanctus'amor
3038 5171 3137 5208 non
3165 5154 3312 5208 habet
3343 5152 3551 5223 (Epist.
3572 5154 3638 5208 48
3665 5152 3721 5226 ).

2139 5222 2394 5295 Idemque
2417 5227 2548 5281 alibi
2581 5228 2856 5284 Sabiniani
2882 5227 3156 5295 cujusdam
3187 5222 3405 5295 diaconi
3433 5238 3552 5295 cum
3586 5222 3731 5291 qua.

2139 5294 2262 5349 dam
2294 5292 2501 5366 virgine
2525 5313 2675 5353 sacra
2704 5313 2796 5366 per
2820 5292 3061 5351 occultas
3084 5292 3293 5366 litteras
3316 5294 3544 5366 nefanda
3569 5307 3725 5366 com-

2137 5366 2338 5436 mercia
2371 5362 2565 5421 acerbe
2596 5362 2858 5436 deplorat.
2893 5368 2951 5420 S.
3001 5363 3330 5436 Augustinus
3361 5364 3415 5436 in
3464 5362 3664 5433 Regula
3703 5380 3719 5416 :

2140 5435 2460 5507 Quicumque
2488 5439 2541 5490 in
2563 5434 2761 5490 tantum
2785 5434 3271 5507 progressusifuerit
3299 5434 3514 5499 malum,
3548 5443 3725 5507 utAoc-

2135 5506 2271 5577 culte
2306 5504 2383 5559 ab
2416 5509 2589 5577 aliqua
2618 5508 2839 5570 litteras,
2865 5504 2943 5559 uel
2969 5505 3227 5577 quodlibet
3252 5521 3437 5558 munus
3467 5504 3716 5577 accipiet,
3752 5512 3763 5517 '

2131 5578 2179 5630 si
2203 5575 2300 5629 hoc
2324 5579 2461 5630 ultro
2487 5573 2809 5645 conﬁteatur,
2832 5573 3071 5645 parcatur
3094 5575 3192 5639 illi,
3215 5587 3263 5630 et
3284 5585 3459 5628 oretur
3480 5573 3718 5641 praillo.

2133 5645 2394 5718 Siautem
2423 5644 2841 5718 deprehenditur,
2873 5657 3028 5717 atque
3053 5645 3409 5718 convincitur;
3424 5644 3721 5718 secundum

2133 5716 2408 5771 arbitrium
2454 5711 2719 5789 p'rtepositi
2761 5711 2968 5788 gravius
3011 5712 3501 5789 emendetur(Cap.
3550 5711 3619 5771 Μ
3667 5724 3729 5769 et
