4026 6334
361 361 450 414 177

731 357 822 414 DE
858 355 1336 416 C(ENOBIORUM
1375 359 1622 417 INSTIT.
1663 359 1792 416 LIB.
1834 359 2017 416 IV.—
2041 361 2130 416 DE
2171 358 2553 417 INSTITUTIS
2589 357 3182 416 RENUNTIANTIUM.

3499 351 3603 412 178

355 473 547 530 silentii
577 473 739 542 hujus
779 473 1066 544 disciplina
1114 483 1384 542 servatur,
1425 484 1486 528 ut
1527 475 1754 528 cucullis
1785 474 1923 529 ultra
1951 490 2001 550 Δ
2032 485 2194 544 atque
2231 475 2298 528 ad
2337 473 2700 544 colligendum
2743 483 2966 544 parata,
2997 473 3154 528 facile
3183 471 3249 526 ad
3273 483 3601 525 consensum

353 569 626 624 oculorum
651 566 938 636 palpebras
959 565 1208 621 demissis
1237 567 1342 638 (ne
1369 567 1582 622 scilicet
1609 567 1744 622 liber
1772 583 1929 636 aspe-

357 671 472 713 ctus
485 659 679 712 habeat
696 656 964 712 curiosius
984 658 1194 726 copiam
1210 658 1520 728 evagandi),
1541 657 1674 712 nihil
1695 659 1926 728 amplius

353 750 680 813 intueantur,
713 763 874 816 quam
919 763 1182 812 mensam,
1218 755 1275 803 et
1302 749 1580 818 appositas
1617 751 1670 802 in
1701 764 1788 816 ea,
1837 750 1926 804 vel

351 855 478 909 quos
504 855 572 894 ex
599 854 662 894 ea
695 841 918 908 capiunt
943 839 1114 906 cibos,
1144 841 1215 894 ita
1247 849 1306 894 ut
1336 841 1810 910 quemadmodum,
1839 841 1924 897 vel

349 939 606 1002 quantum
633 931 842 988 reficiat
871 931 1239 997 alius,'nullus
1267 933 1500 988 invicem
1525 941 1694 988 notet.

899 1067 1136 1124 CAPUT
1171 1067 1358 1124 XVIII.

349 1180 516 1248 Quam
551 1182 796 1237 illicitum
833 1183 898 1236 sit
935 1193 1080 1256 extra
1115 1201 1344 1239 mensam
1384 1201 1704 1240 communem
1747 1185 1895 1256 quid-

741 1271 900 1323 quam
929 1255 1028 1308 cibi
1057 1265 1269 1324 potusue
1295 1265 1524 1328 gustare.

409 1389 736 1460 Antequam,
769 1391 854 1445 vel
882 1400 1196 1460 postquam,
1227 1393 1524 1464 legitimam
1551 1409 1922 1452 communem-

343 1496 448 1548 que
471 1482 830 1538 refectionem
856 1483 1184 1552 percipiant,
1218 1499 1430 1541 summa
1460 1489 1712 1542 cautione
1739 1505 1923 1545 serva-

341 1585 445 1644 tur,
473 1585 500 1612 έι
529 1591 598 1631 ne
625 1587 777 1631 extra
803 1591 1048 1632 mensam
1089 1579 1380 1648 quidquam
1421 1579 1529 1635 cibi
1567 1580 1782 1649 penitus
1810 1579 1916 1654 [AL

339 1667 586 1739 potusve]
636 1670 716 1722 ori
741 1685 840 1724 suo
868 1671 1154 1742 quisquam
1187 1671 1472 1742 indulgere
1499 1681 1832 1742 pnesumat;
1863 1683 1920 1728 ut

337 1761 716 1816 incedentibus
765 1777 860 1832 per
909 1763 1100 1819 hortos
1149 1773 1206 1820 ct
1249 1764 1496 1832 pomaria
1542 1779 1664 1820 cum
1713 1765 1918 1833 passim

339 1853 649 1924 blandeque
675 1869 776 1923 per
807 1855 1030 1911 arbores
1057 1871 1214 1925 poma
1247 1855 1538 1926 pendentia
1556 1897 1572 1924 ,
1603 1872 1712 1911 non
1739 1857 1916 1912 solum

2029 566 2511 632 concupiscentize,
2544 566 2752 621 illicere
2774 567 2986 620 valeant
3007 568 3295 626 intuentes,
3321 573 3376 617 et
3395 575 3600 634 oppor-

2029 667 2262 712 tunitate
2299 657 2386 712 vel
2419 657 2573 725 copia
2600 699 2616 723 ,
2657 659 2900 726 quamvis
2927 656 3206 712 districtos
3233 668 3396 726 atque
3429 655 3603 710 absti-

2029 749 2403 817 nentissimos,
2436 747 2504 802 ad
2535 747 2618 802 sui
2647 749 2980 803 desiderium
3013 762 3314 818 provocare
3341 763 3356 804 :
3385 747 3606 802 sacrile-

2023 839 2166 908 gium
2197 839 2422 894 ducatur
2455 855 2562 894 non
2589 841 2748 894 modo
2773 840 3062 910 quidquam
3094 835 3268 894 ex‘his
3287 837 3604 908 degustare,

2025 946 2216 986 verum
2245 933 2407 986 etiam
2437 946 2600 985 manu
2628 933 2948 1000 comingere
2968 931 3215 1000 ,absque
3240 945 3307 984 eo
3336 929 3478 998 quod
3505 943 3606 998 pa-

2025 1023 2132 1078 lam
2159 1023 2372 1078 cunctis
2412 1025 2466 1078 in
2497 1039 2782 1079 commune
2809 1023 3170 1080 reiicientibus
3204 1021 3508 1088 exhibetur,
3543 1027 3602 1075 et

2022 1117 2092 1172 ad
2109 1117 2514 1187 percipiendum
2539 1117 2806 1174 mconomi
2827 1115 3228 1187 dispensatione
3247 1129 3346 1185 per
3367 1113 3598 1170 fratrum

2023 1210 2280 1282 obsequia
2306 1211 2522 1281 publice
2550 1211 2913 1265 ministratur.

2607 1323 2836 1381 CAPUT
2875 1323 3016 1380 XIX.

2025 1419 2470 1486 Quemadmodum
2517 1435 2607 1488 per
2661 1418 3000 1472 Palwstinam
3045 1418 3126 1472 uel
3179 1417 3602 1489 MesOpotamiam

2188 1493 2494 1560 quotidiana
2525 1489 2774 1560 fratribus
2801 1489 3139 1542 exhibeantur
3165 1489 3424 1558 obsequia.

2091 1581 2168 1638 Ne
2196 1583 2326 1651 quid
2353 1597 2483 1637 sane
2511 1581 2579 1636 de
2601 1583 2870 1636 institutis
2895 1581 3268 1636 coenobiorum
3299 1584 3604 1651 prattermi-

2021 1677 2160 1732 sisse
2185 1677 2489 1742 videamur,
2514 1675 2968 1746 quemadmodum
2997 1675 3308 1742 quotidiana
3337 1674 3598 1730 fratribus

2021 1769 2182 1822 etiam
2217 1783 2312 1836 per
2333 1769 2470 1821 alias
2499 1767 2748 1836 regiones
2769 1767 3126 1822 exhibeantur
3151 1767 3430 1836 obsequia,
3453 1782 3602 1822 com-

2027 1861 2430 1916 memorandum
2463 1860 2700 1915 breviter
2731 1871 2878 1930 puto.
2903 1859 3007 1916 Per
3037 1867 3283 1914 cunctam
3315 1875 3548 1930 namque
3569 1857 3599 1897 ³³

337 1946 604 2012 objiciant
624 1963 684 2002 se
713 1949 1028 2018 pectoribus
1060 1950 1456 2004 transeuntium
1479 1995 1492 2018 ,
1529 1965 1718 2006 verum
1749 1951 1914 2006 etiam
1941 1933 1991 1996 Β
2017 1953 2459 2022 Mes0potamiam
2481 1993 2496 2018 ,
2529 1952 2875 2006 Palaestinam
2893 1992 2908 2018 ,
2935 1958 2992 2005 et
3019 1961 3042 1988 ο
3073 1951 3465 2020 Cappadociam
3485 1992 3500 2016 ,
3533 1965 3600 2004 ac

329 2049 504 2104 atrata
544 2053 644 2107 per
682 2049 882 2096 terram
923 2041 1288 2098 conculcanda
1317 2044 1543 2114 pedibus
1575 2060 1638 2101 se
1659 2045 1914 2116 offerant,

2026 2055 2194 2103 totum
2230 2045 2508 2100 Orientem
2529 2087 2544 2112 ,
2575 2041 2604 2081 ἀ
2634 2043 2859 2114 singulis
2897 2043 3324 2098 hebdomadibus
3361 2043 3601 2100 vicissim

1389 2161 1646 2216 ALARDI
1682 2161 1912 2218 GAZEI
1949 2160 2522 2230 COMMENTARIUS.

338 2249 490 2329 tatis,
525 2263 754 2329 quorum
783 2249 872 2304 hic
907 2251 1150 2329 meminit
1183 2251 1406 2329 Auctor,
1440 2265 1500 2329 et
1523 2269 1749 2329 quorum
1773 2271 1906 2329 usus

335 2323 633 2394 etiamnum
662 2323 716 2374 in
747 2323 1084 2394 monasteriis
1107 2325 1248 2394 bene
1275 2325 1534 2380 institutis
1572 2327 1736 2394 viget.
1771 2325 1908 2380 Hinc

335 2389 524 2464 beatus
551 2389 888 2464 Fructuosus
916 2393 1027 2448 ait:
1089 2393 1150 2450 Si
1179 2395 1306 2464 quid
1335 2396 1478 2449 deest
1509 2397 1564 2450 in
1603 2389 1778 2448 mensa
1802 2441 1816 2462 ,
1862 2399 1908 2450 is

337 2461 416 2540 qui
447 2471 678 2540 protest.
709 2463 832 2540 dato
861 2464 1010 2540 signa
1040 2475 1130 2540 aut
1159 2461 1368 2540 nutibus
1393 2507 1414 2540 ,Α
1441 2476 1600 2536 petat,
1641 2475 1688 2520 et
1716 2461 1908 2520 indicet

338 2531 650 2606 ministranti
695 2534 821 2606 quid
868 2531 1064 2606 inferri
1095 2535 1174 2589 vel
1218 2537 1416 2606 auferri
1441 2531 1474 2588 ξι
1502 2553 1678 2590 mensa
1709 2551 1909 2590 necesse

339 2602 418 2653 sit.
469 2600 606 2656 Item
655 2605 779 2657 alibi
821 2620 842 2676 ς
899 2600 964 2658 Si
1010 2605 1210 2676 aliquid
1257 2600 1605 2660 necessarium
1651 2608 1806 2676 fuerit
1855 2609 1908 2660 in

342 2687 526 2748 mensa,
547 2689 711 2748 nemo
738 2675 925 2748 audeat
947 2675 1110 2748 loqui,
1140 2677 1232 2731 sed
1259 2675 1672 2731 ministrantibus
1700 2679 1908 2748 signum

348 2744 502 2796 sonitu
523 2745 626 2796 det.
671 2745 796 2798 Htrc
825 2746 934 2800 ille.
983 2745 1092 2802 Sed
1123 2757 1178 2801 et
1201 2749 1458 2817 antiquus
1491 2744 1796 2816 huiusmodi
1829 2749 1908 2800 si-

351 2826 557 2878 gnorum
586 2829 720 2868 usus
757 2831 823 2870 ex
871 2817 1073 2880 Regula
1103 2817 1161 2874 S.
1192 2817 1466 2872 Pachomii
1497 2833 1527 2870 a
1555 2829 1746 2872 sancto
1783 2819 1907 2872 Hie-

351 2893 562 2957 ronytno
605 2885 797 2940 Latine
845 2887 1050 2942 reddita
1091 2887 1310 2957 probari
1338 2896 1549 2956 potest,
1581 2889 1638 2942 in
1669 2903 1776 2956 qua
1808 2891 1906 2940 ha.

343 2953 492 3006 betur
511 2955 599 3009 hic
626 2958 895 3012 articulus
925 2953 1148 3012 numero
1173 2953 1416 3012 decimus
1448 2953 1640 3014 tertius
1667 2953 1779 3012 {Si
1803 2959 1910 3012 ali-

341 3024 456 3096 quid
495 3027 842 3080 necessarium
884 3029 1038 3096 fuerit
1083 3029 1152 3082 ad
1193 3044 1422 3082 mensam
1450 3070 1464 3094 ,
1508 3045 1656 3082 nemo
1697 3027 1910 3082 audebit

339 3095 496 3170 loqui,
524 3099 612 3149 sed
643 3095 1056 3170 ministrantibus
1086 3100 1233 3170 signi
1253 3101 1482 3153 sonitum
1507 3099 1673 3170 dabit.
1702 3099 1908 3170 Memi-

337 3167 408 3218 nit
437 3169 752 3221 earumdem
799 3167 1151 3237 Nicephorus'
1181 3169 1272 3222 lib.
1325 3185 1382 3224 ιι
1416 3185 1538 3237 cap.
1575 3168 1663 3222 M.
1701 3167 1760 3222 In
1789 3169 1908 3224 Vita

335 3240 384 3287 δ.
410 3237 618 3292 Odonis
645 3238 1014 3294 Cluniacensis
1041 3239 1156 3294 haec
1190 3239 1257 3294 de
1285 3237 1726 3297 Cluniacensium
1757 3255 1910 3294 more

335 3307 665 3362 traduntur:
728 3308 939 3376 Quoties
984 3311 1253 3364 necessitas
1288 3311 1357 3364 ad
1401 3310 1784 3374 exposcendum
1829 3327 1910 3364 res

333 3377 578 3452 instabat,
611 3379 758 3432 toties
788 3379 992 3452 diversa
1023 3381 1172 3452 signa
1197 3380 1414 3434 invicem
1441 3381 1908 3452 fiebant,adper-

333 3447 558 3512 ﬁcienda
601 3464 714 3522 qua:
751 3451 974 3514 vellent;
1003 3447 1154 3518 quas,
1183 3461 1329 3522 puto,
1362 3447 1690 3522 grammatici
1723 3451 1912 3522 digito-

331 3533 444 3570 rum
473 3527 520 3572 et
548 3521 819 3573 oculorum
840 3531 988 3574 notas
1031 3535 1212 3574 vocare
1237 3520 1529 3574 voluerunt.
1561 3523 1701 3574 Adeo
1730 3520 1909 3584 nempe

331 3589 466 3641 inter
494 3605 582 3644 eos
602 3599 897 3662 excreuerat
923 3591 1052 3646 ordo
1081 3597 1209 3662 iste,
1237 3601 1292 3644 ut
1323 3594 1368 3644 si
1394 3593 1503 3644 sine
1527 3591 1690 3662 ofﬁcio
1718 3593 1912 3662 lingua:

331 3670 542 3724 essent,
593 3661 664 3741 ad
708 3662 883 3744 omnia
928 3661 1610 3746 necessarians’igniﬁcanda
1637 3661 1912 3746 ,“sufﬁcere

331 3741 542 3801 possent
581 3732 729 3801 signa
773 3733 908 3800 ipsa.
951 3733 1074 3787 Haec
1104 3733 1178 3786 ibi
1231 3731 1391 3800 (Vide
1431 3731 1589 3786 Joan.
1641 3731 1912 3787 Moschum

333 3799 492 3874 Prat.
516 3799 690 3873 spirit.
719 3799 838 3868 cap.
865 3801 978 3874 67).
1010 3803 1159 3874 Hanc
1188 3799 1348 3874 μοι-το
1376 3801 1475 3859 SS.
1507 3804 1726 3858 Patrum
1755 3803 1912 3857 iusti-

333 3873 622 3944 tutionem,
675 3883 728 3928 et
775 3873 976 3928 silentii
1008 3873 1182 3944 legem
1211 3873 1262 3928 in
1295 3889 1482 3928 mensa
1519 3875 1908 3929 monachorum

333 3945 499 4014 etiam
535 3942 876 3998 Innocentius
905 3944 973 3998 lll
1005 3942 1244 4014 pontifex
1275 3945 1653 4000 corroboravit
1703 3954 1758 4000 et
1780 3961 1912 4014 con-

335 4013 568 4085 lirmavit
595 4017 648 4068 in
691 4015 888 4085 celebri
919 4013 1020 4070 illo
1061 4015 1299 4074 decreto.
1345 4017 1486 4085 quod
1523 4017 1748 4082 incipit:
1778 4013 1911 4070 Cum

335 4083 398 4133 ad
425 4085 820 4150 monasterium,
851 4084 919 4140 de
947 4093 1089 4139 Statu
1119 4083 1390 4139 monach}
1433 4083 1500 4138 In
1531 4087 1756 4140 oratorio
1779 4127 1793 4150 ,
1826 4086 1910 4140 in-

335 4154 486 4228 quit,
533 4157 803 4228 refectorio
851 4165 896 4208 et
941 4157 1244 4210 dormitorio
1275 4157 1576 4210 continuum
1605 4171 1806 4228 semper
1833 4157 1909 4212 si-

335 4223 548 4278 lentium
574 4227 882 4280 observetur.

299 4297 302 4300 ’
350 4364 375 4368 _
404 4304 428 4330 ⁸
475 4295 621 4368 Scite
658 4295 1038 4368 animadvertit
1075 4296 1142 4368 Β.
1187 4296 1248 4368 Ρ.
1287 4297 1462 4352 Julius
1497 4297 1763 4366 Nigronus
1818 4295 1910 4368 (In

337 4364 466 4434 Reg.
519 4367 647 4420 Sac.
690 4365 840 4436 Iesu)
885 4383 988 4420 non
1033 4367 1200 4422 videri
1233 4369 1334 4422 hoc
1361 4381 1522 4434 caput
1551 4364 1664 4422 sua:
1714 4364 1911 4422 inscri-

337 4437 508 4498 ptioni
537 4453 600 4491 ac
633 4437 788 4490 titulo
819 4437 1178 4506 respondere,
1212 4439 1336 4506 quia
1374 4440 1459 4492 hic
1490 4439 1632 4492 nulla
1662 4449 1820 4506 potus
1853 4439 1910 4492 fit

333 4509 539 4560 mentio
564 4552 579 4576 ,
632 4517 690 4562 nt
719 4509 774 4561 in
811 4508 927 4573 ipsa
975 4507 1364 4574 inscriptione.
1405 4509 1559 4566 Unde
1608 4511 1911 4576 suspicatur

331 4578 590 4630 mendum
623 4579 945 4648 irrepsisse,
999 4577 1390 4648 legendumque
1439 4594 1560 4634 esse
1603 4593 1616 4630 :
1677 4585 1906 4643 peiusve,

332 4663 462 4712 non,
488 4651 693 4718 penitus
716 4665 734 4702 :
767 4657 878 4702 tum
910 4649 1160 4720 quiaAvox
1189 4651 1390 4716 penitus
1419 4649 1632 4704 videtur
1659 4649 1760 4720 hoc
1787 4649 1909 4704 loco

330 4729 732 4790 supervacanea
758 4759 772 4781 ,
805 4720 958 4790 abest
981 4718 1140 4772 etiam
1169 4735 1198 4772 a
1227 4721 1483 4790 Dionysio
1515 4719 1898 4790 l’araphrasle,

329 4801 539 4842 necnon
591 4805 618 4840 a
669 4789 987 4858 Smaragdo,
1021 4790 1107 4858 qui
1141 4793 1242 4858 hoc
1279 4789 1676 4858 testiinonium,
1711 4805 1906 4858 quam-

330 4861 868 4930 quamicontractius,
897 4857 1144 4930 citat’(ln
1165 4857 1295 4928 Reg.
1331 4859 1396 4912 D.
1431 4857 1771 4930 Benedicti);
1791 4871 1979 4930 tum'_
2009 4857 2160 4930 prius
2207 4859 2416 4912 Mazaca
2443 4902 2458 4926 ,

329 4930 452 4994 quia
485 4929 666 4983 facilis
709 4932 886 4998 potuit
935 4923 1072 4982 esse'
1099 4923 1302 4982 librarii
1335 4931 1538 4996 lapsus,
1562 4929 1632 4982 ob
1655 4923 1805 4982 vocis
1831 4931 1904 4982 si-
1930 4923 1988 4983 Β
2012 4923 2176 4990 dicta,
2221 4931 2274 4982 in

329 4997 722 5053 militudincm.
783 5001 968 5067 Itaque
1013 4999 1264 5053 monachi
1315 4997 1552 5067 Egyptii
1606 4999 1734 5052 nihil
1797 5001 1909 5053 cibi

329 5078 554 5132 potusvc
581 5071 664 5123 ori
701 5085 805 5123 suo
839 5069 1188 5137 indulgebant
1229 5079 1378 5123 extra
1414 5078 1654 5136 tempora
1687 5072 1910 5122 canoni—

327 5153 422 5210 (ξω,
443 5140 508 5210 id
536 5149 622 5194 est
641 5141 907 5210 regularis
945 5151 1000 5193 et
1045 5141 1346 5210 communis
1364 5139 1726 5210 ‘rel'ectiunisr
1748 5139 1904 5204 Quod

324 5209 548 5272 quidem
607 5207 990 5264 documentum
1042 5209 1201 5263 etiam
1250 5207 1374 5260 alibi
1425 5209 1654 5262 collocat
1701 5207 1906 5264 Auctor

325 5277 472 5332 iuler
500 5283 702 5333 monita
726 5279 1066 5346 perfectioris
1093 5279 1238 5338 Viue,
1265 5278 1406 5332 unde
1429 5277 1588 5346 ltujus
1610 5279 1710 5332 loci
1743 5280 1908 5332 ambi-

323 5347 506 5416 guitas
543 5350 866 5406 illustratur.
899 5347 1092 5419 Igitur,
1123 5348 1294 5416 inquit
1329 5348 1464 5418 (Lib.
1493 5365 1524 5402 v
1559 5365 1605 5401 c.
1629 5347 1754 5419 20),
1795 5365 1906 5402 mo-

325 5421 524 5472 nachus
571 5423 638 5474 ad
689 5437 891 5490 pugnas
951 5423 1279 5490 internarum
1317 5421 1644 5490 certaminum
1691 5420 1902 5484 cupiens

323 5491 592 5552 pervenire
617 5531 634 5556 ,
678 5489 814 5543 hanc
853 5491 1105 5556 imprimis
1143 5489 1430 5542 cautionem
1457 5489 1652 5541 sibimet
1681 5490 1896 5554 indicat,

321 5569 378 5610 ut
409 5576 516 5613 non
543 5571 692 5626 potus
718 5561 997 5630 quidquam
1015 5601 1034 5630 ,γ
1064 5576 1168 5612 non
1195 5575 1308 5612 esus
1330 5557 1438 5612 ulla
1463 5558 1796 5612 oblectatione
1815 5560 1900 5612 de-

319 5631 492 5684 uictus
537 5640 656 5684 ante
703 5629 973 5684 stationem
1017 5629 1297 5700 legitimam
1323 5645 1742 5700 communemque
1769 5634 1902 5698 refe-

319 5702 516 5754 ctionis
537 5701 742 5762 horam,
768 5711 914 5754 extra
935 5699 1158 5752 mensam
1181 5701 1441 5770 percipere
1468 5699 1666 5752 sibimet
1691 5717 1900 5770 prorsus

319 5771 642 5834 indulgeam
661 5773 752 5828 sed
777 5788 842 5828 re.
859 5771 1131 5828 refectione
1167 5769 1373 5838 quidem
1417 5779 1689 5830 transacta,
1722 5785 1783 5822 ea:
1823 5769 1903 5824 his

320 5855 635 5896 Drwsurltere
652 5838 750 5896 sibi
769 5837 1282 5911 quatutttttnmtmque
1309 5842 1588 5902 permittat.
1617 5837 1760 5896 Idem
1785 5853 1902 5895 rur-

2011 2271 2105 2310 sus
2123 2257 2231 2310 alio
2252 2257 2370 2309 loco
2389 2253 2526 2310 (Lib.
2545 2271 2598 2308 tv
2619 2272 2668 2310 c.
2685 2255 2797 2322 12),
2814 2253 3148 2310 enumeratis
3163 2252 3466 2308 levioribus
3485 2253 3600 2308 cul-

2052 2329 2116 2390 is,
2139 2329 2361 2394 exponit
2381 2327 2678 2394 graviores,
2699 2326 2840 2379 inter
2853 2341 2984 2394 quas
3010 2328 3123 2378 haec
3147 2323 3308 2378 habet
3335 2325 3502 2380 verba
3531 2325 3598 2376 ad

2053 2343 2116 2390 IS,
2139 2343 2361 2394 exponit
2381 2343 2678 2394 gravmres,
2699 2343 2840 2379 Illlel'
2853 2343 2984 2394 quas
3010 2343 3123 2378 haec
3147 2343 3308 2378 naues
3335 2343 3502 2380 verna
3531 2343 3598 2376 au

2009 2343 2151 2450 Eanc
2191 2413 2302 2450 rem
2336 2397 2630 2464 spectantia
2659 2414 2671 2446 :
2701 2395 3134 2448 Eatraordinaria
3174 2411 3236 2448 ac
3269 2395 3462 2462 [urtica
3500 2395 3600 2448 cibi
3649 2393 3658 2400 ’

2008 2467 2240 2534 refectio,
2276 2483 2378 2520 non
2411 2466 2506 2520 illa
2526 2467 2890 2531 increpatione,
2917 2483 3070 2534 quam
3089 2465 3329 2526 diximus,
3345 2465 3596 2530 spiritali,

2009 2539 2100 2592 sed
2122 2537 2198 2590 vel
2233 2539 2396 2606 plagis
2427 2539 2746 2600 emendatur,
2769 2539 2846 2590 vel
2863 2537 3162 2602 expulsione
3185 2547 3452 2606 purgatur.
3485 2536 3600 2590 [Inc

2009 2609 2185 2672 ipsum
2227 2605 2387 2660 etiam
2443 2608 2671 2660 inhibuit
2697 2607 2760 2660 D.
2789 2605 3117 2676 Augustinus
3165 2607 3220 2660 in
3259 2605 3353 2660 sua
3385 2605 3594 2676 Regula

2013 2677 2504 2748 (Cap.9):Quando.
2525 2679 2711 2744 inquit,
2723 2677 2914 2740 aliquis
2931 2693 3032 2730 non
3055 2685 3219 2748 potest
3231 2679 3596 2744 jejunare,non

2011 2759 2182 2802 tamen
2199 2761 2341 2802 extra
2359 2749 2538 2802 horam
2569 2749 2775 2814 prandii
2796 2749 2994 2818 aliquid
3017 2749 3385 2818 alimentorum
3404 2759 3594 2818 sumat,

2011 2821 2116 2872 nisi
2145 2837 2258 2872 cum
2287 2829 2522 2890 wgrotat.
2563 2819 2630 2872 Et
2655 2819 2720 2873 D.
2755 2819 3076 2890 Benedictus
3101 2833 3222 2884 cap.
3252 2817 3324 2890 45
3351 2837 3362 2869 :
3397 2817 3594 2890 Nullus

2010 2901 2290 2958 prtrsumat
2315 2887 2437 2942 ante
2465 2899 2710 2944 statutam
2739 2891 2943 2956 harant,
2967 2889 3046 2944 uel
3075 2899 3248 2956 postea
3271 2887 3467 2958 aliquid
3495 2889 3594 2940 cibi

2009 2957 2090 3012 uel
2117 2973 2270 3028 potus
2299 2976 2516 3014 sumere.
2579 2960 2775 3014 Eodem
2807 2969 3018 3028 spectat
3043 2961 3184 3028 quod
3214 2960 3266 3013 in
3297 2957 3504 3024 Regula
3529 2957 3588 3012 S.

2010 3030 2288 3085 Pachumii
2319 3031 2454 3100 (Art.
2490 3029 2584 3100 4'5)
2634 3032 2899 3084 sancitum
2921 3029 3154 3098 legimus
3177 3071 3192 3092 ,
3244 3029 3312 3084 Ut
3337 3029 3510 3082 nullus
3539 3031 3592 3081 in

2014 3101 2148 3154 cella
2190 3119 2286 3154 sua
2335 3112 2551 3171 reponat
2597 3103 2796 3168 aliquid
2825 3102 2893 3171 ad
2936 3103 3262 3171 vescendum,
3294 3109 3478 3166 prwter
3531 3117 3593 3152 ea

2049 3187 2170 3242 nata
2185 3169 2536 3242 dispensatore
2560 3174 2835 3240 acceperit.
2851 3170 3099 3240 Denique
3119 3169 3421 3242 Cassianus
3429 3185 3592 3238 supra

2049 3188 2170 3226 utea
2185 3188 2536 3242 atspensalore
2560 3188 2835 3240 acceperit.
2851 3188 3099 3240 uel-tque
3119 3188 3409 3226 hassmnus
3429 3188 3586 3238 supra

2010 3188 2152 3312 (Lib.
2183 3258 2234 3296 tv
2263 3261 2310 3296 c.
2341 3241 2431 3312 to)
2479 3243 2660 3296 retulit
2685 3284 2700 3308 ,
2751 3241 2884 3298 tanti
2916 3243 3109 3296 fecisse
3155 3253 3365 3298 veteres
3395 3240 3586 3294 Patres

2011 3313 2200 3366 vitium
2233 3313 2444 3366 furtivae
2474 3314 2822 3368 comestionis
2845 3351 2860 3377 ,
2907 3322 2965 3366 ut
2995 3313 3041 3367 si
3075 3327 3234 3381 quem
3278 3312 3393 3378 ejus
3435 3326 3590 3381 noqu

2013 3397 2163 3436 reum
2215 3383 2586 3452 reperissent,
2653 3399 2758 3438 non
2821 3379 3188 3451 increpatione
3229 3379 3586 3446 solummodo,

2014 3469 2116 3521 qua
2181 3455 2380 3508 leviora
2439 3455 2634 3508 delicta
2702 3455 3104 3522 plectebantur,
3151 3453 3248 3508 sed
3290 3453 3590 3522 velplagis

1937 3552 1984 3614 Ο
2015 3525 2500 3614 emendarentLvel
2531 3521 3192 3614 expulsiouepurgarent.
3247 3521 3400 3590 Quod
3429 3523 3589 3600 intui-'-

2015 3593 2122 3660 lige
2161 3595 2312 3660 juxta
2357 3595 2554 3648 dietam
2599 3593 2874 3647 Pachumii
2922 3595 3288 3656 sanctionem,
3319 3607 3514 3660 nempe
3543 3595 3588 3644 si

2013 3665 2136 3730 quis
2165 3665 2380 3732 furtive,
2413 3675 2466 3718 et
2489 3663 2664 3717 inscio
2691 3663 2942 3726 Prusiam,
2969 3671 3167 3731 praeter
3190 3677 3249 3715 ea
3283 3677 3401 3730 qua:
3441 3677 3469 3712 a
3497 3677 3589 3714 su-

2015 3735 2228 3855 periore
2259 3733 2363 3796 vel,
2397 3737 2513 3800 ejus
2545 3734 2789 3798 licentia,
2829 3749 2860 3786 ο
2888 3735 3265 3798 diapensatore
3293 3733 3584 3796 acceperit,

2035 3805 2214 3855 nabere
2257 3813 2348 3855 aut
2403 3805 2540 3855 clam
2570 3805 2852 3855 comedere
2883 3817 3046 3855 ausus
3069 3801 3246 3855 fuerit.
3293 3801 3405 3855 Oua
3434 3801 3501 3854 de
3531 3817 3584 3855 re

2035 3805 2214 3858 nabere
2257 3813 2348 3858 aut
2403 3805 2540 3858 clam
2570 3805 2852 3858 comedere
2883 3817 3046 3856 ausus
3069 3801 3246 3856 fuerit.
3293 3801 3405 3866 Qua
3434 3801 3501 3854 de
3531 3817 3587 3856 re

2013 3873 2184 3930 habes
2212 3875 2421 3943 insigne
2447 3875 2757 3940 exemplum
2797 3871 3109 3943 Serapionis
3141 3873 3390 3943 monachi
3423 3873 3586 3924 colla-

2011 3946 2160 4000 tione
2191 3947 2225 3999 2
2251 3941 2368 4014 cap.
2403 3945 2492 4002 15.
2541 3943 2644 3998 Sed
2673 3953 2729 3998 et
2763 3943 2863 3998 hoc
2891 3942 3065 4010 ipsum
3089 3943 3235 3996 velut
3269 3941 3466 4014 proprii
3497 3958 3588 4008 pe.

2011 4017 2136 4069 culii
2168 4013 2374 4071 crimen
2407 4032 2434 4068 a
2459 4017 2517 4069 S.
2545 4015 2752 4070 Isidoro
2782 4016 3086 4080 Hispaleusi
3120 4013 3218 4066 sub
3247 4013 3394 4080 gravi
3427 4027 3586 4082 pmna

2013 4085 2347 4154 prohibitum
2399 4087 2664 4156 legimus:
2718 4085 2978 4148 Nullum,
3030 4085 3198 4150 inquit
3229 4083 3385 4152 (Reg.
3426 4100 3474 4156 c.
3503 4085 3584 4148 9),

2011 4173 2128 4210 esus
2149 4159 2340 4226 furtiva
2355 4155 2723 4210 contaminatio
2737 4158 2962 4226 polluat,
2980 4165 3072 4207 aut
3087 4156 3358 4226 impudens
3375 4155 3452 4208 vel
3471 4158 3552 4222 pri
3567 4187 3580 4194 -

2011 4223 2158 4280 status
2183 4241 2329 4281 extra
2349 4243 2668 4281 communem
2685 4223 2910 4280 mensam
2923 4228 3198 4296 appetitus.
3221 4223 3586 4278 Eacommnni-

2009 4299 2236 4350 cationis
2257 4300 2390 4352 enim
2409 4299 2673 4352 sententia'
2688 4297 2994 4366 subjacebit,
3011 4296 3243 4365 quisquis
3265 4297 3341 4348 vel
3363 4297 3582 4358 occulte,

2009 4369 2088 4420 vel
2126 4377 2275 4422 extra
2315 4383 2635 4436 communem
2665 4383 2897 4420 mensam
2926 4367 3124 4432 aliquid
3157 4368 3520 4436 degustauerit.

2079 4436 2108 4476 1³
2143 4441 2218 4560 lit;
2249 4441 2331 4493 his
2353 4439 2659 4508 regionibus
2691 4439 2893 4492 dictum
2934 4437 3133 4506 aliquid
3159 4435 3321 4504 supra
3355 4435 3496 4506 (Lib.
3527 4451 3584 4490 ιιι

2079 4525 2127 4560 o.
2223 4550 2236 4560 .

2009 4523 2127 4564 εσυ.
2161 4523 2236 4564 ‘ll.

2075 4507 2476 4646 ξ’ἐεξῇρλᾱορίει
2527 4579 2675 4648 regio
2728 4578 2780 4629 in
2812 4577 2936 4631 Asia
2967 4577 3194 4646 majore,
3230 4575 3504 4648 Calatiam
3533 4585 3585 4628 ct

2010 4645 2367 4714 Pamphiliam
2403 4650 2470 4704 ab
2493 4645 2686 4704 occiso
2717 4649 2988 4716 attingens
3009 4686 3024 4708 .
3058 4645 3135 4702 ab
3165 4647 3374 4701 oriente
3411 4647 3584 4698 ιιιὶιιυ-

2009 4733 2126 4772 rem
2153 4719 2459 4773 Armeniam
2487 4760 2500 4782 ,
2534 4735 2562 4772 a
2595 4719 2821 4772 meridie
2849 4717 3126 4778 Ciliciam,
3161 4733 3188 4770 a
3220 4717 3584 4782 septentrione

2008 4787 2280 4842 Euxinum
2347 4787 2598 4843 Pontum.
2649 4789 2778 4856 Ejus
2824 4790 3011 4856 regia,
3081 4789 3196 4840 sive
3247 4787 3582 4856 Metropolis,

2512 4855 2699 4926 postea
2741 4855 3003 4911 Caesarea
3037 4873 3064 4910 a
3109 4857 3340 4910 Claudio
3367 4855 3584 4908 Tiberio

2324 4945 2426 4996 qua
2471 4929 2536 4982 D.
2587 4929 2818 4982 Basilius
2867 4929 3008 4982 sedit
3051 4929 3332 4994 episcopus
3371 4935 3438 4996 _et
3469 4929 3582 4993 ipse

2012 4998 2298 5066 Cappadox
2333 4993 2564 5068 (Plinius
2591 5000 2682 5052 lib.
2713 5014 2764 5051 v1
2789 5015 2908 5060 cap.
2936 5001 2990 5062 ὗς
3015 4999 3199 5053 Strabo
3222 4993 3259 5048 l.
3293 4993 3410 5068 an).

2085 5069 2108 5105 ά
2129 5063 2314 5136 ἸΙυῙιιε
2342 5063 2696 5122 institutionis
2721 5071 2883 5122 etiam
2906 5069 3045 5122 inter
3067 5063 3464 5136 Pachomianos
3487 5079 3538 5116 sc
3551 5082 3582 5118 ιι

2013 5135 2396 5193 Tahcnnenses
2425 5141 2722 5193 monachos
2749 5141 3054 5194 observatas
3081 5135 3324 5190 meminit
3363 5137 3422 5189 D.
3459 5135 3582 5188 Ilie-

2011 5213 2377 5280 ronymusuin
2436 5210 2748 5274 praefatione
2797 5209 3014 5277 Regulae
3173 5204 3582 5280 Pachpmiihis

2009 5275 2193 5332 verbis
2219 5297 2230 5331 :
2265 5277 2334 5334 Ut
2361 5280 2438 5333 vel
2469 5281 2536 5332 ad
2564 5296 2777 5347 Operam
2805 5275 2956 5332 simul
2975 5279 3185 5342 cadant,
3217 5277 3297 5329 vel
3321 5278 3374 5328 in
3393 5275 3582 5347 heiula-

2010 5350 2278 5402 madarum
2305 5345 2716 5404 ministerio—sibi
2737 5350 3012 5402 succedant
3037 5364 3126 5411 per
3156 5347 3404 5400 ordinem.
3433 5345 3500 5399 Et
3529 5351 3580 5402 iu

2009 5420 2237 5484 epistola
2263 5419 2332 5473 9.2
2345 5421 2412 5474 de
2441 5423 2718 5476 tuonachis
2743 5419 3007 5486 IEgyptiis
3033 5419 3284 5486 loquens:
3320 5417 3582 5486 Unaquw-

2010 5507 2127 5559 que,
2165 5492 2355 5559 inquit,
2399 5493 2608 5544 decuria
2640 5506 2757 5542 cum
2782 5505 2874 5559 suo
2909 5499 3116 5559 parente
3151 5488 3315 5556 pergit
3342 5488 3410 5540 ad
3436 5504 3578 5540 men-
3603 5511 3630 5544 ίε

2007 5557 2120 5612 sam
2145 5578 2163 5624 ;
2191 5557 2369 5630 quibus
2405 5579 2492 5627 per
2527 5561 2760 5630 singulas
2789 5557 3141 5630 hebdomadas
3175 5559 3396 5630 uicissim
3425 5559 3578 5610 mini-

2009 5626 2212 5684 strant;
2250 5626 2512 5684 Similiter
2553 5626 2626 5682 Ι).’
2667 5627 2988 5681 Benedictus
3018 5643 3136 5698 cap.
3177 5626 3281 5682 55:
3329 5627 3574 5688 Fratres,

2008 5701 2218 5770 inquit,
2260 5702 2355 5752 sibi
2399 5703 2614 5753 invicem
2651 5701 2906 5762 serviant;
2935 5715 3027 5752 nec
3066 5700 3205 5752 ullus
3253 5709 3576 5752 excusetura

2007 5769 2238 5840 coquitur:
2269 5771 2454 5839 oﬁicio,
2489 5771 2587 5821 nisi
2608 5779 2694 5822 aut
2715 5770 3045 5837 a’gritndine,
3074 5779 3164 5823 aut
3190 5769 3244 5822 in
3274 5784 3428 5840 causa
3455 5783 3573 5840 gra-

2005 5839 2085 5894 vis
2107 5844 2344 5894 utilitatis
2381 5842 2496 5906 quis
2533 5851 2808 5906 occupatus
2839 5841 3014 5908 ruerit.
3043 5842 3161 5905 quia
3184 5839 3371 5893 exinde
3403 5839 3572 5907 major
