4026 6334
438 273 544 335 179

1745 273 2028 333 JOANNIS
2063 272 2373 334 CASSIANI

3569 272 3719 341 ίωο
3778 274 3782 283 ’

436 393 635 450 fratres
672 393 744 452 ad
786 394 903 454 hae
942 395 1118 451 ofﬁcia
1139 394 1245 452 sibi
1268 393 1540 451 reddenda
1568 393 1904 462 succedunt,
1938 368 2010 448 ita
2036 396 2090 458 Α
2115 393 2242 462 quid
2285 409 2351 449 ex
2391 392 2471 449 eis
2511 393 2862 452 imminuatur
2899 396 2986 453 vel
3025 404 3241 469 pereat,
3282 405 3344 455 ut
3369 397 3678 457 credantse

439 493 527 553 ut,
557 485 859 568 secundum
898 486 1133 544 emnobii
1172 486 1600 551 multitudinem,
1642 486 2012 541 ministrorum

437 590 657 653 quoque
694 592 955 649 numerus
992 578 1295 648 deputetur.
1337 576 1469 643 Quae
1498 576 1720 647 explere
1747 584 1892 631 tanta
1920 576 2016 632 de-

439 666 663 722 votione
710 675 766 723 et
808 666 1111 722 humilitate
1157 666 1561 736 deproperant,
1603 674 1801 737 quanta
1838 666 2015 723 nullus

441 772 728 835 servorum
769 758 1043 835 dirissimo
1085 758 1327 823 domino,
1358 774 1421 814 ac
1453 759 1770 830 praepotenti
1796 759 2021 814 exhibet

440 862 601 927 suum
632 834 981 916 famulatum;
1012 834 1086 905 ita
1116 858 1177 905 ut
1205 866 1273 906 ne
1301 850 1423 906 istis
1450 851 1666 921 quidem
1706 850 1843 906 solis
1885 865 2018 906 con-

440 942 580 998 tenti
623 940 897 1014 obsequiis
939 958 1060 1013 qua:
1089 944 1350 1000 canonico
1374 943 1830 1023 juresolvuntur,
1852 944 2018 1002 etiam

444 1043 606 1090 nocte
627 1044 946 1113 surgentes,
985 1035 1106 1093 illos
1149 1050 1287 1106 quos
1326 1036 1641 1107 specialiter
1678 1038 1797 1092 haec
1838 1044 2023 1091 manet

445 1139 577 1180 cura
596 1169 611 1194 ,
642 1125 825 1181 studio
851 1140 951 1181 suo
978 1126 1222 1183 relevent
1242 1171 1257 1198 ,
1288 1136 1342 1182 et
1364 1142 1426 1183 ea
1456 1142 1578 1198 qua:
1605 1126 1674 1181 ab
1704 1127 1837 1198 ipsis
1865 1126 2022 1196 perﬁ-

444 1215 633 1273 cienda
671 1225 833 1282 sunt,
871 1215 1059 1272 furtim
1094 1218 1487 1289 prmvenientes
1526 1216 1751 1286 implere
1788 1226 2022 1271 conten-

444 1306 596 1362 dant.
624 1306 737 1362 Has
756 1316 936 1363 autem
961 1308 1289 1377 septimanas
1310 1308 1679 1379 unusquisque
1700 1309 2021 1378 suscipiens,

446 1398 619 1470 usque
648 1394 715 1453 ad
741 1390 955 1454 cuinam
983 1397 1246 1454 Dominici
1274 1398 1382 1455 diei
1409 1400 1817 1455 ministraturus
1841 1399 2028 1454 obser-

444 1498 561 1545 vat.
591 1488 707 1557 Qua
733 1489 971 1562 perfecta
1001 1491 1362 1546 ministerium
1392 1492 1556 1547 totius
1579 1492 1930 1549 hebdomadis
1953 1492 2028 1547 ita

450 1582 818 1649 concluditur,
851 1589 912 1638 ut
938 1582 1014 1647 hi,
1044 1584 1239 1652 quibus
1264 1584 1660 1639 succedendum
1692 1593 1795 1652 est,
1828 1599 2029 1639 conve-

447 1672 729 1730 nientibus
750 1675 803 1728 in
827 1690 994 1730 unum
1016 1673 1273 1731 fratribus
1295 1675 1361 1731 ad
1379 1676 1743 1733 concinendos
1761 1678 2025 1748 psalmos,

2113 485 2275 540 etiam
2305 500 2401 554 pro
2427 484 2666 542 minimis
2690 487 2993 558 quibusque
3013 491 3160 545 vasis
3181 498 3452 562 tamquam
3475 507 3575 563 pro
3597 507 3686 547 sa-

2114 568 2417 633 crosanctis
2456 577 2719 633 rationem
2758 594 2865 634 non
2914 581 3092 635 solum
3138 581 3501 649 dispensatori
3542 580 3695 652 prae?

2115 669 2277 735 senti,
2305 669 2400 724 sed
2428 669 2589 724 etiam
2623 670 2854 725 Domino
2880 672 3206 736 reddituros,
3239 673 3284 727 si
3315 672 3455 729 forte
3481 674 3686 744 aliquid

2117 774 2183 817 ex
2229 760 2309 816 eis
2346 760 2677 832 negligentia
2718 776 2908 818 eorum
2933 760 3101 818 fuerit
3129 764 3493 820 imminutum.
3522 762 3690 835 Cujus

2116 851 2416 921 disciplina:
2442 853 2537 922 qui
2561 853 2754 908 modus
2782 854 2876 919 sit,
2906 855 2994 909 vel
3015 864 3211 924 quanta
3244 854 3350 911 fide
3368 869 3423 911 et
3444 857 3691 912 cautione

2119 952 2387 1011 servetur,
2407 936 2412 941 ’
2435 960 2541 1000 uno
2580 945 2911 1011 testimonio,
2954 946 3096 1015 quod
3126 946 3359 1016 exempli
3390 948 3557 1017 gratia
3588 963 3690 1019 po-

2122 1049 2270 1102 nam,
2290 1036 2533 1105 poteritis
2554 1049 2868 1105 agnoscere.
2893 1034 3045 1092 Sicut
3066 1036 3213 1091 enim
3234 1036 3513 1091 studemus
3536 1038 3693 1093 satis-

2122 1127 2302 1185 facere
2326 1136 2513 1185 vestro
2543 1127 2740 1182 fervori
2766 1165 2781 1189 .
2813 1142 2921 1197 quo
2950 1127 3162 1198 plenam
3194 1128 3565 1183 universorum
3593 1141 3691 1182 co-

2124 1218 2421 1290 gnitionem
2444 1218 2833 1290 desiderantes,
2854 1219 3017 1273 etiam
3045 1232 3109 1273 ea
3138 1231 3260 1287 qua
3284 1219 3484 1287 optime
3513 1217 3690 1273 nostis

2125 1310 2229 1365 hoc
2257 1310 2441 1364 libello
2472 1310 2625 1364 vobis
2664 1309 2863 1382 cupitis
2907 1308 3114 1376 iterari;
3146 1312 3220 1365 ita
3260 1323 3512 1365 veremur
3538 1324 3698 1365 men-

2125 1416 2304 1475 suram
2337 1402 2613 1458 brevitatis
2640 1402 2920 1457 excedere.
3290 1416 3295 1423 ί

2724 1492 2950 1549 CAPUT
2989 1491 3108 1548 XX.

2215 1586 2293 1642 De
2323 1585 2482 1641 tribus
2509 1584 2771 1641 lenticula:
2797 1588 2974 1659 granis
3001 1587 3065 1641 ab
3092 1602 3352 1642 aconomo
3375 1587 3610 1657 repertis.

2200 1670 2255 1733 in
2300 1679 2610 1749 septimana
2649 1678 2932 1748 cujusdam
2973 1677 3179 1744 fratris,
3221 1693 3344 1733 cum
3385 1678 3705 1749 praeteriens

448 1780 586 1836 quos
610 1764 845 1837 quieturi
868 1781 936 1822 ex
964 1781 1116 1822 more
1142 1765 1451 1835 decantant,
1482 1769 1734 1823 omnibus
1759 1769 1811 1823 in
1838 1769 2029 1826 ordine
2058 1792 2107 1853 Β
2131 1788 2445 1830 mconomus
2478 1773 2581 1827 tria
2613 1780 2639 1809 ιι
2666 1771 2937 1826 lenticula:
2966 1786 3129 1840 grana
3169 1771 3391 1826 vidisset
3423 1772 3610 1841 jacere
3647 1769 3708 1826 in

450 1858 618 1929 pedes
639 1860 853 1928 lavent,
884 1859 1023 1916 hanc
1059 1860 1267 1917 scilicet
1303 1860 1372 1916 ab
1399 1862 1482 1917 eis
1514 1877 1611 1932 pro
1642 1863 1827 1917 labore
1862 1863 2027 1920 totius

454 1954 772 2022 septimanae
812 1954 1210 2010 benedictionis
1250 1953 1556 2012 mercedem
1596 1956 1828 2011 ﬁdeliter
1868 1972 2031 2027 expe-

453 2049 657 2108 tentes,
690 2052 750 2097 ut
778 2058 876 2099 eos
906 2046 1221 2115 explentes,
1257 2045 1569 2102 mandatum
1597 2047 1798 2102 Christi
1830 2050 2030 2105 emissa

451 2133 779 2203 generaliter
805 2134 872 2191 ab
899 2136 1154 2191 omnibus
1176 2135 1433 2192 fratribus
1454 2137 1626 2193 oratio
1644 2148 2025 2209 prosequatur,

452 2240 577 2297 quze
618 2226 706 2283 vel
741 2241 838 2297 pro
860 2228 1298 2300 iguorationibus
1325 2230 1659 2298 intercedat,
1690 2231 1776 2287 vel
1807 2247 1907 2302 pro
1936 2232 2032 2287 ad-

454 2318 641 2375 missis
678 2321 907 2377 bumana
948 2321 1242 2393 fragilitate
1280 2324 1547 2394 peccatis,
1591 2332 1647 2379 et
1689 2324 2034 2379 commendet

455 2410 572 2467 Deo
597 2412 742 2468 velut
765 2412 1089 2468 sacriﬁcium
1114 2415 1314 2485 pingue
1338 2426 1709 2470 consummata
1730 2430 1918 2468 eorum
1940 2414 2038 2469 de-

454 2504 690 2558 votionis
715 2503 993 2575 obsequia.
1030 2505 1094 2559 Et
1122 2505 1195 2560 ita
1227 2506 1463 2561 secunda
1487 2505 1696 2560 sabbati
1720 2515 1844 2576 post
1866 2517 2039 2560 matu-

455 2593 602 2651 tinos
614 2595 863 2667 hymnos,
880 2597 1004 2652 aliis
1019 2612 1232 2652 rursum
1254 2598 1691 2664 succedentibus,
1713 2598 1959 2653 utensilia
1983 2599 2039 2653 in

455 2687 652 2757 quibus
675 2688 1116 2744 ministraverant
1137 2704 1201 2745 ac
1218 2704 1345 2745 vasa
1367 2691 1689 2761 consignant
1712 2709 1726 2744 :
1749 2706 1869 2761 quae
1892 2700 2039 2747 tanta

454 2770 826 2837 sollicitudine
873 2794 1114 2852 curaque
1159 2783 1520 2852 suscipientes
1566 2785 1911 2850 custodiunt,
1960 2799 2036 2841 ne

2133 1876 2305 1931 terra,
2334 1879 2453 1936 quae
2482 1860 2926 1928 hebdomadario,
2958 1862 3227 1917 festinanti
3255 1862 3381 1916 dum
3413 1876 3474 1917 ea
3502 1877 3711 1933 praepa-

2134 1969 2219 2014 rat
2248 1958 2502 2023 coctioni,
2527 1955 2667 2012 inter
2691 1972 2880 2010 manus
2908 1970 3028 2011 cum
3060 1970 3196 2027 aqua
3227 1971 3330 2026 qua
3358 1955 3710 2011 diluebantur

2133 2051 2315 2120 elapsa
2340 2058 2485 2113 sunt,
2509 2047 2795 2103 confestim
2824 2063 2989 2115 super
3010 2046 3111 2101 hoc
3131 2046 3377 2101 abbatem
3399 2047 3709 2111 consuluit;

2134 2157 2164 2196 a
2195 2157 2301 2213 quo
2329 2142 2483 2196 velut
2508 2140 2846 2196 interversor
2881 2139 3259 2209 neglectorque
3286 2136 3313 2175 δ
3344 2139 3482 2193 sacri
3510 2137 3715 2205 peculii

2130 2234 2433 2304 judicatus,
2479 2233 2548 2288 ab
2585 2231 2835 2288 oratione
2873 2230 3167 2300 suspensus
3209 2240 3309 2283 est.
3341 2227 3506 2299 Cujus
3535 2228 3715 2299 negli-

2132 2326 2328 2398 gentiae
2366 2333 2548 2381 reatus
2586 2338 2693 2378 non
2734 2324 2897 2377 aliter
2934 2320 2985 2376 ei
3027 2318 3287 2378 remissus
3311 2330 3427 2383 est.
3452 2319 3556 2375 nisi
3584 2335 3717 2375 eum

2138 2419 2352 2489 publica
2403 2416 2719 2486 pmnitentia
2751 2414 3021 2469 diluisset.
3079 2412 3195 2468 Non
3230 2413 3406 2467 solum
3442 2411 3585 2467 enim
3624 2425 3718 2467 se-

2139 2508 2290 2578 ipsos
2318 2522 2424 2561 non
2451 2520 2571 2561 esse
2602 2519 2749 2572 suos,
2792 2502 2888 2559 sed
2917 2503 3077 2559 etiam
3105 2503 3284 2557 omnia
3312 2515 3430 2572 quae
3458 2514 3557 2556 sua
3583 2510 3719 2556 sunt

2140 2600 2371 2655 credunt
2402 2598 2630 2653 Domino
2676 2604 2994 2652 consecrata
3031 2613 3045 2649 :
3081 2603 3300 2663 propter
3336 2591 3478 2663 quod
3507 2593 3551 2649 si
3587 2592 3721 2662 quid

2137 2694 2298 2748 fuerit
2320 2692 2373 2746 in
2399 2690 2730 2747 monasterio
2758 2690 2926 2745 semel
2957 2689 3169 2744 illatum
3192 2728 3208 2753 ,
3232 2696 3290 2741 ut
3312 2695 3725 2742 sacrosanctum

2139 2799 2261 2840 cum
2311 2784 2457 2838 omni
2511 2781 2811 2838 decernunt
2859 2780 3167 2837 reverentia
3219 2777 3420 2835 debere
3471 2779 3726 2833 tractari.
3828 2832 3833 2835 _

1505 2921 1763 2978 ALARDI
1800 2919 2035 2977 GAZEI
2069 2917 2628 2977 COMMENTARIUS.

457 3024 650 3085 merces
672 3017 725 3085 et
765 3008 993 3085 charitas
1026 3013 1307 3085 acquiritur
1334 3011 1497 3085 (Vide
1516 3014 1600 3085 ibi
1615 3012 1942 3085 Turres-req.
1972 3014 2033 3069 1d

2141 3013 2481 3070 simillimum
2507 3053 2523 3078 ,
2556 3012 2640 3066 sui
2672 3021 2849 3067 tamen
2874 3010 3092 3082 generis
3116 3052 3131 3077 ,
3159 3008 3228 3065 de
3246 3021 3360 3082 quo
3388 3006 3594 3082 Plinius
3616 3005 3727 3082 lib.

459 3081 638 3157 ipsum
674 3081 737 3157 _in
780 3082 1015 3157 concilio
1058 3066 1485 3157 Aquisgranensl
1522 3066 2034 3157 ’(cap.fi25'),’fsé¢i
2062 3066 2108 3131 (ἶ
2138 3066 2347 3157 illis.
2381 3066 2818 3157 12.:Pro‘cujus
2848 3066 3061 3157 edulio,
3106 3066 3201 3157 seu
3228 3066 3729 3157 décoctionerufa,

497 3151 628 3206 aulo
674 3146 892 3225 brevius
928 3161 996 3225 et
1038 3146 1322 3225 obscurius
1369 3154 1436 3209 de
1471 3146 1750 3210 canonicis
1771 3146 2040 3225 regulari-

470 3221 562 3293 bus
588 3221 839 3293 statuitur
863 3240 876 3275 :
928 3221 1173 3278 Vicissim
1202 3226 1253 3293 in
1278 3223 1572 3293 Refectorio
1600 3234 1646 3283 et
1674 3221 1868 3281 cretei-is
1895 3243 2041 3280 com-

466 3291 1132 3368 munibus__nece_ssitatibus
1158 3292 1272 3368 sibi
1321 3291 1664 3368 fraternitatis
1717 3296 1881 3368 oﬁicio
1911 3299 2039 3368 fun-

460 3370 672 3489 gantur.
697 3361 835 3445 llinc
866 3364 1058 3419 fratres
1088 3361 1509 3448 hebdomadarii,
1530 3367 1614 3450 vel
1646 3361 2040 3434 sepi’iman'arii,

501 3442 616 3489 tctt.
638 3447 730 3489 aut
756 3446 881 3487 suas
911 3435 1060 3489 vices
1090 3451 1141 3489 tn
1169 3435 1269 3489 hoc
1291 3446 1591 3489 ministerio
1615 3437 2040 3489 hebdomadario

501 3433 616 3498 icti,
638 3432 730 3503 qui
756 3446 881 3487 suas
911 3435 1060 3489 vices
1089 3435 1141 3489 in
1169 3435 1269 3489 hoc
1291 3436 1591 3491 ministerio
1615 3432 2040 3492 hebdomadario

462 3503 705 3572 explent;
721 3511 775 3558 et
789 3504 970 3571 egredi
990 3506 1057 3581 de
1077 3506 1374 3581 septimana
1394 3506 1456 3559 Ι).
1475 3507 1784 3581 Benedicto,
1800 3516 1857 3581 et
1876 3508 2044 3578 septi-

462 3587 677 3628 manam
702 3589 854 3647 suam
884 3575 1178 3642 complere.
1206 3575 1541 3647 Egressurus,
1574 3579 1766 3647 inquit,
1795 3580 1858 3633 de
1879 3575 2041 3644 septi-

463 3659 618 3698 mana
641 3684 657 3709 ,
692 3643 907 3718 sabbato
946 3648 1225 3718 munditias
1255 3643 1448 3718 'faciat.
1494 3643 1662 3703 item;
1704 3643 2042 3709 Egredientes

465 3723 635 3769 autem
670 3714 734 3770 de
763 3719 1051 3784 septimana
1090 3714 1276 3771 dicant
1304 3718 1439 3771 hunc
1467 3733 1669 3773 versum
1687 3734 1705 3771 :
1737 3718 2043 3774 Benedictus

466 3801 542 3852 es,
576 3784 817 3857 Domine,
843 3798 951 3843 etc.
1014 3786 1203 3843 Solent
1241 3798 1421 3842 autem
1455 3789 1689 3857 majores
1721 3790 1890 3843 nostri
1918 3835 1931 3854 ,
1964 3792 2044 3844 di-

465 3855 609 3925 versi
637 3857 850 3925 generis
874 3858 1074 3911 habere
1106 3855 1590 3924 hebdomadarios,
1621 3867 1682 3912 ut
1709 3868 1857 3912 notat
1883 3859 2040 3914 Joan.

464 3923 708 3997 blolanus
737 3926 831 3997 lib.
874 3942 892 3981 ι
929 3927 996 3981 de
1026 3928 1312 3981 Canonicis
1354 3943 1472 3997 cap.
1519 3928 1605 3983 15.
1640 3929 1735 3981 Est
1764 3930 1905 3983 enim
1951 3931 2043 3982 be-

466 3994 856 4052 bdomadarius
878 3997 932 4051 in
962 3997 1142 4054 ofﬁcio
1171 3998 1373 4061 divino,
1404 3994 1490 4050 cui
1516 3998 1774 4052 incumbit
1805 4000 2043 4053 omnium

465 4064 725 4120 hOrarum
771 4064 1011 4119 ofﬁcium
1061 4083 1154 4121 sua
1201 4066 1537 4122 hebdomada
1569 4069 1852 4132 inchoare,
1902 4068 2046 4189 (ξιιᾪὶ-

468 4136 579 4189 tula
607 4145 661 4189 et
698 4133 964 4189 Collectas
990 4151 1187 4189 canere
1208 4178 1222 4189 .
1271 4144 1326 4189 et
1365 4152 1629 4189 summum
1661 4136 1884 4189 Sacrum
1906 4153 1967 4189 ce
1991 4155 2046 4189 e-

468 4136 579 4189 tula
607 4145 661 4189 et
682 4133 964 4206 _Collectas
990 4151 1222 4199 canere.
1271 4144 1326 4190 et
1365 4152 1629 4191 summum
1661 4136 1884 4192 Sacrum
1906 4133 2048 4192 cele-
2148 4155 2286 4190 mum
2322 4140 2531 4206 quidem
2569 4133 2815 4193 utendum
2853 4133 2960 4190 illis
3002 4139 3132 4189 sicut
3159 4137 3292 4189 vasis

470 4206 649 4261 brare.
680 4203 811 4260 Erat
832 4213 887 4261 et
911 4207 1366 4263 bebdomadarius
1392 4207 1561 4261 lector
1584 4208 1648 4261 ad
1668 4222 1909 4261 menSam
1936 4224 1948 4259 :
1980 4209 2047 4261 de

467 4290 579 4400 gito
623 4276 894 4359 integrum
914 4286 1098 4361 .caput
1142 4288 1313 4332 exstat
1347 4278 1400 4331 in
1426 4276 1625 4361 Regula
1656 4277 2046 4360 D.._Benedictl.

517 4354 635 4400 rant
656 4346 888 4400 denique
915 4358 1055 4400 inter
1075 4347 1369 4400 monachos
1394 4360 1785 4400 senttmanaru.
1816 4364 1929 4400 swe
1952 4348 2046 4400 he-

517 4354 635 4415 rant
656 4346 888 4415 denique
914 4349 1055 4403 inter
1075 4347 1369 4403 monachos
1394 4349 1785 4415 septimanarii,
1816 4350 1929 4403 sive
1952 4348 2048 4404 he-

2143 3152 2282 3211 Esau
2310 3154 2551 3209 vendidit
2569 3153 3075 3222 primogenituram.
3103 3150 3302 3222 Cenes.
3333 3162 3459 3204 xxv.
3490 3148 3608 3206 Alia
3636 3160 3732 3205 est

2141 3225 2400 3283 lenticula
2429 3221 2654 3286 olei,’de
2682 3239 2783 3293 qua
2814 3223 2948 3293 infra
2983 3222 3132 3293 (Cap.
3161 3221 3275 3292 25).

2210 3292 2238 3335 δ
2269 3296 2324 3350 ld
2355 3301 2473 3360 est,
2503 3288 2779 3348 fraudator
2808 3288 2890 3347 vel
2914 3288 3272 3361 dilapidator,
3314 3289 3455 3360 quod
3506 3289 3732 3356 gravius

2142 3382 2303 3438 quam
2345 3366 2642 3438 neglector,
2677 3375 2735 3417 ut
2762 3360 3046 3435 Dionysius
3077 3363 3343 3438 exposuit.
3373 3362 3600 3438 Sacrum
3631 3375 3734 3429 pe-

2140 3431 2339 3492 culium
2370 3431 2527 3489 vocnt
2556 3435 2694 3489 bona
2722 3431 2915 3502 resque
2938 3431 3271 3496 monasterii,
3302 3435 3352 3486 in
3384 3431 3577 3498 quibus
3599 3441 3735 3486 sunt

2142 3508 2392 3563 utensilia
2413 3548 2429 3571 ,
2459 3504 2656 3560 cibaria
2676 3547 2689 3567 ,
2729 3500 3121 3573 suppellectilia
3150 3545 3164 3567 ,
3198 3511 3252 3558 et
3280 3516 3630 3572 quaecumque
3655 3503 3734 3556 ad

2142 3593 2299 3634 usum
2337 3578 2652 3632 monasterii
2687 3584 2740 3629 et
2764 3573 3150 3629 monachorum
3190 3574 3491 3639 pertinent;
3522 3587 3639 3637 utne
3667 3582 3735 3626 et

2146 3644 2295 3704 sacra
2326 3648 2518 3703 merito
2553 3646 2826 3714 dicuntur,
2859 3649 2979 3717 quia
3022 3644 3134 3699 Deo
3171 3642 3345 3699 dicata
3379 3653 3432 3717 et
3467 3651 3724 3717 sacrata;

2143 3718 2210 3774 de
2231 3734 2456 3789 quorum
2482 3717 2666 3789 itidem
2690 3712 2929 3789 diligenti
2957 3730 3113 3789 βίῃ-ειι
3131 3724 3184 3767 et
3207 3713 3472 3789 custodia,
3498 3727 3618 3782 qua:
3639 3712 3734 3768 hic

2145 3784 2586 3851 commendatur,
2618 3788 2683 3842 D.
2713 3784 2943 3840 Basilius
2971 3785 3061 3853 (In
3085 3784 3321 3838 Institut.
3351 3793 3572 3837 monast.
3602 3799 3731 3846 cap.

2145 3857 2249 3928 55)
2286 3862 2384 3912 tria
2429 3860 2518 3910 dat
2551 3859 2868 3928 documenta
2907 3866 3095 3928 notatu
3131 3856 3410 3928 dignaLet
3450 3853 3572 3928 huic
3605 3854 3732 3928 loco

2146 3924 2386 3994 apprime
2414 3938 2799 3983 consentanea.
2833 3926 3013 3981 Primo
3040 3930 3231 3994 qumrit
3264 3944 3276 3978 :
3320 3924 3593 3992 Quomodo
3637 3924 3735 3977 de-

2149 3999 2259 4052 bent
2291 4001 2344 4051 hi
2381 4002 2466 4063 qui
2509 4011 2808 4067 operantur,
2851 4014 3026 4050 curam
3063 4011 3241 4067 gerere
3265 3997 3695 4067 ferramentorum
3718 4036 3734 4059 ,

2150 4070 2224 4121 vel
2253 4061 2552 4123 utensilium
2574 4110 2588 4132 ,
2648 4068 2832 4137 quibus
2862 4061 3184 4137 operanfur?
3218 4061 3562 4186 Resgondet:
3606 4061 3735 4116 Pri-

2150 4155 2286 4186 mum
2322 4140 2531 4186 quidem
2569 4140 2815 4186 utendum
2853 4137 2960 4186 illis
3002 4139 3132 4186 sicut
3159 4137 3292 4186 vasis
3378 4137 3454 4186 ei-
3492 4133 3569 4186 vel
3612 4149 3735 4186 oua!

3378 4152 3455 4203 et,
3492 4149 3567 4186 vet
3612 4149 3735 4202 qua!

2139 4212 2254 4279 jam
2287 4203 2390 4261 Deo
2430 4220 2724 4263 consecrata
2761 4219 2902 4262 sunt.
2944 4206 3418 4279 Secuudooumrit
3457 4222 3469 4258 :
3511 4203 3650 4267 Quid
3686 4208 3736 4259 si

2148 4275 2239 4350 per
2259 4281 2617 4351 negligentiam
2648 4290 2816 4351 pereat
2838 4279 3037 4351 aliquid
3069 4294 3129 4331 ea:
3158 4275 3260 4351 his,
3278 4284 3369 4329 aut
3390 4292 3479 4340 per
3503 4283 3736 4351 content-

2150 4343 2294 4416 ptum
2322 4343 2603 4421 dissipetur
2619 4343 2978 4413 ?'Respondet
3009 4363 3122 4421 eum
3147 4347 3234 4416 qui
3266 4346 3560 4421 contemnit,
3590 4343 3735 4421 velut

469 4414 828 4501 bdomadarii,
864 4425 974 4501 tu_t_n
1000 4420 1265 4501 coquinze,
1299 4426 1408 4501 tum
1441 4414 1639 4473 mensa!
1667 4419 2043 4501 servituri-set
2070 4442 2121 4501 υ
2150 4414 2464 4501 sacrilegum
2473 4421 2825 4501 iudicandum
2845 4435 2956 4501 esse
2969 4434 2988 4480 ;
3010 4420 3097 4488 qui
3118 4414 3233 4471 vero
3259 4415 3429 4489 perdit
3452 4431 3540 4486 per
3563 4415 3734 4493 negti-

470 4486 727 4549 ministri,
749 4487 818 4541 de
839 4489 1033 4555 quibus
1056 4486 1141 4544 hic
1167 4489 1362 4555 agitur.
1386 4487 1441 4542 In
1464 4505 1568 4557 quo
1590 4489 1803 4556 quidem
1833 4489 2036 4554 ofﬁcio,

466 4565 521 4629 ut
572 4564 767 4629 praeter
810 4556 945 4613 alios
975 4558 1143 4613 refert
1191 4559 1356 4612 abbas
1397 4556 1603 4625 Regino
1640 4558 1778 4629 (Lib.
1810 4562 1890 4628 ιι),
1922 4577 2041 4617 sese

464 4624 895 4682 Carolomannus
960 4630 1353 4683 illustrissimus
1409 4624 1705 4684 Austrasiae
1765 4624 2035 4697 princeps,

463 4712 733 4751 summum
768 4699 995 4765 prmbuit
1017 4698 1333 4754 humilitatis
1358 4709 1409 4753 et
1439 4700 1711 4764 patientiae
1735 4704 2037 4764 exemplar.

467 4765 603 4821 Cum
650 4768 793 4821 enim
841 4769 1034 4823 relicto
1069 4776 1493 4837 contemptoque
1522 4781 1739 4837 propter
1765 4769 2038 4826 Christum

466 4852 632 4908 regno
664 4848 906 4911 terreno,
934 4839 985 4893 in
1016 4839 1337 4911 Cassiuense
1375 4840 1678 4911 cmnobium
1719 4855 1779 4911 se
1808 4844 2043 4911 recepis-

462 4907 582 4973 set,
626 4915 681 4963 et
712 4907 882 4980 rigida
928 4912 1101 4964 sancti
1136 4909 1409 4964 Benedicti
1440 4910 1724 4980 disciplina
1754 4907 2041 4966 deviniis-

460 4987 585 5048 set,
618 4979 812 5033 accidit
844 4988 902 5033 ttt
931 4980 1389 5035 hebdomadarius
1419 4980 1482 5032 ad
1514 4979 1761 5048 coquinae
1802 4981 2040 5037 officium

461 5047 828 5120 deputaretur.
862 5050 995 5105 Cum
1023 5059 1201 5106 autem
1233 5051 1285 5104 in
1319 5050 1505 5104 multis
1535 5047 1846 5120 ignoranter
1873 5052 2041 5106 oﬁ'en-

464 5119 637 5187 deret,
671 5132 877 5189 coquus
902 5122 1030 5175 vino
1072 5131 1377 5175 exmsmans
1415 5130 1498 5174 ter
1536 5122 1585 5174 ei
1628 5121 1836 5183 alapam
1869 5121 2038 5185 dedit,

462 5189 606 5259 quod
626 5189 751 5259 ipse
781 5190 996 5258 placido
1020 5190 1169 5243 vultu
1193 5190 1429 5259 pertulit.
1464 5189 1568 5245 Sed
1597 5205 1625 5242 a
1655 5193 1803 5246 socio
1831 5191 2041 5258 prodita

461 5257 583 5328 ejus
608 5257 906 5327 dignitate,
939 5257 1207 5328 deinceps
1234 5276 1353 5314 cum
1390 5273 1584 5328 magna
1624 5257 1926 5315 reverentia
1958 5272 2041 5315 est

460 5330 804 5384 observatus.
876 5330 1072 5386 Scribit
1116 5331 1275 5385 etiam
1320 5330 1382 5384 ι).
1427 5330 1732 5384 Bernardus
1760 5332 1825 5384 de
1852 5342 2042 5384 sancto

465 5397 727 5470 ﬁlolacbia
748 5440 763 5465 ,
808 5401 949 5470 quod
978 5401 1093 5467 ipse
1119 5401 1170 5454 in
1204 5401 1528 5455 monasterio
1556 5400 1834 5463 lbiacensi,
1862 5402 1913 5453 in
1947 5415 2042 5455 or-

464 5467 599 5541 dine
617 5470 750 5541 vicis
770 5467 906 5536 suae,
930 5472 1175 5540 quamvis
1194 5472 1481 5541 episcopus
1505 5470 1766 5536 existens,
1796 5472 2043 5535 coquinae

463 5538 1169 5663 gzgisﬁriotinserviebat.
1219 5538 1273 5597 et
1308 5539 1563 5596 fratribus
1605 5541 2043 5600 recumbentibus

586 5624 630 5662 is
685 5624 711 5660 a
757 5624 825 5661 a.

464 5617 825 5663 ministrabat.

540 5679 867 5750 {Lenticula
898 5678 985 5734 hic
1012 5680 1212 5738 dicitur
1237 5695 1399 5750 parva
1430 5681 1547 5736 lens
1573 5682 1679 5749 (est
1714 5680 1859 5735 enim
1884 5681 2045 5736 dimi-

466 5748 717 5813 nativum
743 5764 774 5807 a
805 5750 997 5823 lente),
1023 5766 1194 5824 genus
1220 5748 1507 5825 leguminis
1524 5748 1655 5809 satis
1675 5760 1885 5823 uotum,
1906 5754 2043 5813 lenti

2144 4487 2387 4557 gentiam,
2420 4487 2661 4559 et'ipsum
2691 4492 2854 4543 simile
2882 4487 3074 4541 crimen
3100 4487 3397 4559 incurrere,
3416 4502 3518 4559 pro
3542 4500 3622 4547 eo,
3648 4487 3735 4538 in-

2141 4555 2285 4630 quit,
2318 4563 2457 4630 quod
2482 4555 2649 4615 omnia
2676 4578 2790 4631 qum
2817 4561 2885 4612 ad
2915 4575 3039 4611 usus
3069 4573 3332 4631 servorum
3361 4555 3456 4631 Dri
3485 4556 3734 4631 deputata

2140 4624 2279 4689 sunt.
2310 4624 2414 4684 Deo
2447 4633 2556 4683 sine
2596 4624 2751 4684 duliio
2793 4639 3086 4682 consecrata
3117 4638 3257 4680 sunt.
3290 4626 3471 4679 Tertio
3492 4624 3687 4693 qttmrit
3713 4640 3731 4678 :

2145 4703 2281 4768 Quid
2309 4706 2356 4754 si
2380 4720 2411 4753 a
2448 4702 2615 4765 seipso
2645 4700 2966 4753 commodare
2994 4699 3208 4768 voluerit
3248 4696 3455 4768 alicui,
3478 4704 3566 4747 aut
3587 4695 3733 4747 acci-

2143 4767 2260 4840 pm
2290 4773 2352 4825 ab
2380 4773 2551 4840 aliqua
2570 4772 2595 4823 Ρ
2619 4771 2921 4840 Respondet
2956 4785 2969 4820 :
3006 4767 3294 4838 Tamquam
3325 4767 3545 4840 insolens
3574 4771 3626 4817 et
3655 4771 3733 4816 te-

2142 4838 2396 4895 merarius
2428 4838 2688 4893 habendus
2718 4849 2811 4893 est.
2846 4839 2974 4893 Hinc
3004 4840 3134 4892 enim
3161 4853 3333 4890 eorum
3359 4838 3445 4906 qui
3469 4845 3726 4906 prmsunt,

2142 4920 2187 4982 et
2217 4927 2389 4982 curam
2431 4912 2828 4982 dispensationis
2862 4920 3077 4982 gerunt,
3119 4909 3283 4982 ofﬁcia
3326 4908 3541 4982 propria
3581 4914 3727 4959 sunt.

2140 4980 2267 5035 Haec
2306 4979 2557 5035 Basilius.
2602 4981 2804 5034 Eodem
2848 4979 3012 5034 modo
3052 4980 3112 5034 ι).
3164 4979 3486 5033 Benedicms
3536 4986 3731 5028 monet

2142 5050 2294 5122 (Cap.
2328 5051 2389 5107 51
2426 5051 2679 5124 Regulm),
2710 5062 2765 5104 ut
2787 5049 3037 5105 Cellarius
3058 5051 3230 5124 omnia
3254 5064 3375 5124 vasa
3402 5045 3724 5106 monasterii,

2142 5118 2478 5190 cunctamque
2501 5118 2848 5175 substantiam
2878 5164 2892 5180 ,
2943 5137 3003 5172 ac
3040 5124 3084 5173 si
3127 5118 3311 5190 altaris
3355 5133 3476 5190 vasa
3520 5124 3729 5168 sacrata

2143 5186 2455 5261 conspiciat;
2476 5193 2616 5256 quod
2645 5192 2887 5261 irntcllige
2918 5206 3022 5243 non
3055 5189 3349 5261 aequaliter.
3378 5186 3470 5241 sed
3496 5198 3727 5261 propor-

2145 5256 2433 5325 tionaliter,
2461 5274 2519 5314 ut
2548 5263 2623 5314 ait
2652 5256 3127 5315 Turrecrematus:
3153 5257 3265 5311 Hoc
3293 5268 3385 5317 cst,
3410 5272 3503 5328 pro
3524 5256 3730 5306 ratione

2144 5342 2190 5385 et
2221 5334 2552 5399 proportione
2589 5333 2671 5384 sui
2701 5332 2896 5401 gradus
2937 5338 2983 5382 et
3019 5330 3216 5382 ordinis
3252 5329 3386 5381 inter
3410 5342 3491 5379 res
3522 5338 3722 5401 sacras.

2145 5392 2279 5455 Sunt
2308 5392 2441 5455 enim
2470 5404 2629 5455 multa
2656 5392 2825 5453 rerum
2856 5415 3118 5453 sacrarum
3148 5415 3360 5469 genera,
3394 5407 3445 5449 ut
3484 5403 3626 5451 notat
3658 5392 3723 5447 S.

2146 5470 2366 5542 Thomas
2389 5473 2508 5531 2-2.
2536 5489 2587 5542 q.
2621 5470 2710 5536 59,
2753 5479 2854 5523 art.
2896 5471 2955 5533 5,
2991 5472 3045 5542 in
3074 5484 3291 5542 quorum
3321 5475 3576 5538 postremo
3600 5471 3725 5519 sunt

2143 5536 2274 5595 bona
2306 5536 2657 5595 Ecclesiarum
2678 5549 2725 5593 et
2749 5536 3192 5593 monasteriorum.
3226 5536 3427 5593 Rursus
3455 5551 3572 5599 cap.
3599 5549 3719 5602 seq.

2145 5613 2333 5667 statuit
2360 5613 2425 5666 Ι).
2457 5613 2797 5672 Benedictus,
2822 5620 2877 5662 ut
2904 5612 2949 5663 si
2972 5611 3086 5679 quis
3111 5609 3316 5663 sordide
3336 5619 3427 5661 aut
3454 5608 3723 5678 negligen-

2146 5689 2222 5736 ter
2259 5700 2339 5736 res
2383 5682 2675 5737 monasterii
2715 5684 3033 5747 tractaverit,
3072 5680 3415 5746 corripiatur;
3444 5687 3493 5731 et
3528 5679 3574 5731 si
3613 5689 3720 5730 non

2144 5754 2512 5822 emendaverit,
2545 5752 2829 5824 disciplinae
2859 5751 3083 5825 regulari
3110 5748 3393 5824 subjaceat.
