3986 6320
465 246 565 300 185

1764 256 2044 315 JOANNIS
2085 261 2392 318 CASSIANI

3612 267 3706 328 ιει

463 357 836 432 homOphagiis
861 408 874 432 ,
911 375 1154 432 utuntur,
1197 375 1254 422 et
1293 368 1433 435 apud
1460 382 1596 438 quos
1624 376 1773 424 secta
1811 371 2038 440 singulis
2061 384 2114 439 Α
2141 391 2353 448 quoque
2373 379 2489 434 seni
2509 388 2780 451 stuporem
2800 398 3065 439 summum
3089 385 3390 442 obedientia
3415 385 3531 455 ejus
3561 386 3708 440 incu-

461 455 742 507 mensibus
773 471 1052 524 porrorum
1086 459 1215 511 folia
1240 501 1254 522 ,
1289 467 1317 496 ι
1345 460 1585 528 lapsania
1615 503 1630 527 ,
1662 462 1742 515 sal
1777 460 1992 517 frictum
2021 505 2036 529 ,

461 544 640 608 olivae,
676 548 915 613 pisciculi
943 551 1132 604 minuti
1163 551 1330 616 saliti,
1352 567 1486 621 quos
1508 552 1592 606 illi
1621 551 1648 591 δ
1674 554 1924 608 mmnidia
1944 570 2039 610 vo-

462 643 616 701 cant,
645 652 855 692 summa
883 640 1130 709 voluptas
1151 651 1254 695 est.

975 759 978 764 -
1021 734 1249 789 CAPUT
1289 735 1480 791 XXIII.

463 820 538 874 De
583 823 866 878 obedientia
902 826 1095 902 abbatis
1141 826 1390 893 Joannis,
1431 847 1523 901 per
1569 849 1722 902 quam
1760 848 1922 902 usque
1968 834 2037 887 ad

775 899 1055 964 prophetia:
1090 910 1353 966 provectus
1379 899 1451 954 est
1474 899 1714 971 gratiam.

531 1006 598 1059 Et
625 1010 880 1076 quoniam
917 1009 1006 1065 hic
1032 1012 1168 1067 liber
1208 1013 1276 1067 de
1307 1014 1651 1071 institutione
1694 1026 1777 1071 est
1802 1018 1920 1085 ejus
1945 1018 2037 1086 qui

457 1100 735 1152 renuntiat
767 1102 893 1155 huic
923 1105 1146 1169 mundo,
1171 1119 1267 1173 per
1286 1120 1444 1175 quam
1467 1108 1676 1162 scilicet
1699 1108 2038 1166 introducunt

457 1190 522 1242 ad
556 1191 912 1248 humilitatem
944 1210 1128 1249 veram
1152 1237 1165 1260 ,
1213 1205 1268 1251 et
1307 1198 1664 1252 obedientiam
1699 1200 2033 1267 perfectam,

456 1291 776 1336 casterarum
815 1300 1032 1354 quoque
1061 1289 1316 1341 virtutum
1363 1289 1595 1343 culmina
1629 1291 1801 1360 possit
1842 1307 2037 1346 ascen-

454 1373 622 1438 dere;
656 1377 1023 1431 necessarium
1065 1395 1190 1433 reor
1219 1381 1464 1449 quaedam
1513 1383 1789 1438 seniorum
1838 1395 1992 1453 gesta
2016 1425 2034 1452 ,

455 1466 654 1533 quibus
677 1482 775 1536 per
805 1469 941 1524 hanc
968 1471 1216 1526 enituere
1242 1474 1494 1528 virtutem
1521 1516 1535 1538 ,
1564 1477 1792 1546 exempli
1820 1479 1994 1547 gratia
2014 1520 2031 1544 ,

455 1557 596 1610 sicut
638 1559 1005 1627 promisimus,
1047 1564 1350 1630 explicare;
1400 1565 1467 1621 de
1513 1567 1698 1621 multis
1745 1567 2034 1623 admodum

455 1663 624 1716 pauca
652 1662 936 1720 carpentes
960 1695 973 1718 ,
1005 1661 1063 1708 ut
1086 1655 1426 1710 studentibus
1455 1658 1772 1714 sublimiora
1797 1663 1990 1714 sectari
2019 1707 2032 1728 ,

457 1755 560 1792 non
585 1740 756 1793 solum
789 1742 1200 1798 incitamentum
1239 1761 1305 1799 ex
1333 1746 1420 1799 his
1446 1746 1575 1802 vita:
1624 1749 1871 1816 perfecue
1897 1791 1912 1816 ,
1941 1750 2037 1805 sed
2065 1784 2116 1845 Β

458 1831 621 1884 etiam
653 1834 916 1902 propositi
944 1835 1114 1889 forma
1147 1838 1425 1906 procedat.
1474 1839 1833 1906 Quamobrem
1861 1843 1994 1897 duos
2019 1887 2034 1912 ,

456 1924 538 1975 vel
571 1933 680 1977 tres
705 1965 720 1990 ,
752 1941 848 1992 pro
878 1926 1050 1981 libelli
1077 1928 1238 1997 hujus
1276 1931 1600 1998 compendio
1626 1932 1696 1986 de
1733 1942 1840 1986 tam
1884 1933 2042 1988 innu-

457 2031 605 2069 mera
637 2027 845 2086 patrum
878 2021 1225 2076 multitudine
1249 2023 1588 2091 proferentes
1613 2039 1894 2092 ponemus.
1925 2025 2041 2079 Pri-

453 2121 599 2160 mum
662 2119 684 2145 ο
741 2109 987 2165 abbatem
1037 2111 1301 2167 Joannem
1332 2153 1348 2178 ,
1399 2115 1488 2182 qui
1541 2126 1908 2169 commoratus
1957 2124 2042 2170 est

455 2197 481 2234 ά
501 2199 656 2266 juxta
679 2199 880 2270 Lycon,
904 2203 1046 2269 quod
1075 2215 1158 2258 est
1186 2206 1444 2274 oppidum
1482 2205 1774 2261 Thebaidis
1799 2225 1812 2260 :
1842 2207 2040 2278 quippe

453 2298 675 2357 propter
737 2292 1060 2348 obedientia:
1101 2295 1359 2349 virtutem
1416 2310 1589 2366 usque
1629 2298 1696 2351 ad
1741 2298 2041 2368 prophetiae

454 2383 684 2448 gratiam
715 2383 1036 2441 sublimatus
1061 2429 1075 2451 ,
1131 2388 1210 2442 sic
1247 2389 1499 2443 universo
1543 2389 1744 2445 claruit
1773 2391 1930 2457 orbi,
1983 2400 2043 2445 ut

454 2473 615 2527 etiam
659 2475 874 2544 regibus
923 2478 1108 2532 mundi
1156 2481 1314 2548 hujus
1357 2480 1555 2536 merito
1584 2496 1684 2535 suo
1720 2483 2040 2538 redderetur

454 2566 702 2621 illustris.
731 2567 863 2621 Nam
891 2584 1012 2622 cum
1040 2569 1093 2622 in
1126 2573 1392 2626 extremis
1415 2611 1431 2637 ,
1467 2581 1526 2625 ut
1569 2571 1847 2637 diximus,
1897 2573 2038 2628 The-

454 2655 628 2710 baidze
654 2658 898 2726 partibus
926 2670 1296 2716 commaneret
1319 2704 1333 2729 ,
1377 2679 1483 2717 non
1526 2675 1654 2720 ante
1682 2668 2041 2734 praisnmebat

454 2747 794 2803 Theodosius
823 2749 1120 2819 imperator
1145 2753 1212 2806 ad
1242 2757 1653 2823 praepotentium
1697 2758 1833 2812 bella
1859 2767 2042 2830 tyran-

454 2855 644 2894 norum
675 2843 968 2909 procedere
991 2885 1006 2911 ,
1038 2860 1198 2912 quam
1227 2849 1461 2902 oraculis
1487 2849 1634 2902 illius
1671 2851 2028 2917 animaretur,

453 2944 615 3004 atque
641 2937 936 3005 responsis.
964 2938 1170 3004 Quibus
1193 2940 1474 2996 confidens
1499 2941 1646 2998 velut
1692 2944 1905 2998 caelitus
1932 2944 2039 2998 sibi

453 3027 651 3080 delatis
677 3069 692 3091 ,
727 3040 929 3098 tropaea
982 3031 1050 3085 de
1080 3030 1237 3086 bellis
1259 3031 1574 3102 desperatis
1601 3042 1762 3103 atque
1792 3033 2039 3090 hostibus

453 3121 771 3188 reportavit.

1011 3213 1236 3270 CAPUT
1277 3214 1466 3269 XXIV.

453 3322 531 3376 De
561 3325 700 3395 ligno
727 3328 875 3380 arido
903 3329 1040 3396 quod
1063 3329 1198 3380 idem
1226 3327 1380 3381 abbas
1414 3327 1642 3384 Joannes
1668 3331 1736 3383 ad
1765 3331 2036 3386 arbitrium

523 3397 737 3476 senioris
765 3400 845 3450 sui
870 3398 1106 3476 quasiad
1127 3397 1442 3453 adoleudum
1469 3401 1545 3470 (id
1567 3410 1662 3469 est,
1679 3401 2036 3475 crescendum)

523 3470 694 3535 rigare
724 3484 823 3521 non
861 3470 1074 3522 destitit.

527 3578 620 3633 llic
645 3580 822 3650 itaque
852 3581 1041 3636 beatus
1063 3582 1304 3638 Joannes
1332 3584 1402 3639 ab
1429 3583 1792 3641 adolescentia
1821 3601 1918 3642 sua
1951 3601 2036 3642 us-

453 3689 557 3742 que
587 3675 651 3728 ad
681 3676 974 3744 perfectam
1005 3693 1067 3731 ac
1097 3678 1308 3733 virilem
1335 3687 1547 3734 aetatem
1576 3681 1776 3734 seniori
1799 3695 1898 3734 suo
1939 3680 2034 3736 de-

451 3766 696 3819 serviens
718 3808 730 3830 ,
762 3767 935 3822 donec
962 3769 1049 3822 ille
1080 3769 1134 3824 in
1164 3770 1321 3838 hujus
1347 3773 1472 3825 vitae
1499 3773 1912 3827 conversatione
1937 3773 2034 3826 du-

453 3863 609 3922 ravit,
637 3869 778 3913 tanta
814 3861 1110 3917 humilitate
1139 3862 1488 3932 inhaesitejus
1517 3864 1814 3934 obsequiis,
1844 3874 1898 3919 ut
1924 3865 2036 3933 ipsi

2141 478 2296 524 teret.
2326 469 2491 540 Cujus
2529 476 2665 528 hanc
2698 475 2954 531 virtutem
2999 486 3174 532 utrum
3229 477 3297 533 de
3321 492 3448 532 vera
3498 477 3602 530 fide
3646 491 3708 532 ac

2138 561 2403 628 profunda
2431 563 2612 619 cordis
2636 565 2986 636 simplicitate
3005 568 3382 635 descenderet,
3410 583 3475 621 an
3495 567 3708 623 affecta-

2138 653 2252 706 titia
2279 665 2457 722 esset,
2486 665 2540 710 et
2563 658 2959 726 quodammodo
2986 659 3237 715 coactitia
3264 699 3280 725 ,
3308 669 3471 729 atque
3500 660 3566 714 ad
3611 660 3710 714 im-

2133 747 2378 815 perantis
2408 745 2599 804 faciem
2627 751 2980 819 prteberetur,
3013 754 3200 807 volens
3227 752 3565 806 manifestius
3615 768 3707 806 ex-

2136 837 2350 906 plorare
2376 878 2392 901 ,
2435 841 2750 909 quamplura
2795 840 2845 895 ei
2886 843 3047 896 etiam
3078 842 3343 912 superflua
3369 883 3386 909 ,
3428 841 3710 911 minusque

2136 931 2464 995 necessaria,
2492 930 2578 985 vel
2607 930 2984 1000 impossibilia,
3013 932 3346 1002 frequentius
3370 932 3707 1002 injungebat.

2137 1021 2216 1076 Ex
2264 1021 2458 1090 quibus
2499 1023 2602 1078 tria
2647 1037 2840 1092 ponam
2863 1064 2878 1091 ,
2912 1040 3011 1093 per
3035 1040 3156 1095 quae
3185 1025 3516 1080 manifestari
3547 1025 3714 1092 possit

2136 1113 2444 1169 volentibus
2483 1113 2623 1169 scire
2648 1157 2664 1181 ,
2706 1115 2788 1169 vel
2829 1115 3031 1171 mentis
3066 1116 3183 1186 ejus
3204 1157 3220 1180 ,
3247 1116 3330 1171 vel
3361 1115 3715 1185 subjectionis

2136 1202 2438 1273 integritas.
2479 1202 2718 1273 Sumpsit
2760 1219 2992 1275 namque
3037 1206 3106 1261 de
3155 1206 3383 1276 lignario
3407 1220 3505 1260 suo
3548 1220 3716 1260 senex

2135 1295 2452 1364 virgultum,
2476 1296 2617 1363 quod
2640 1296 2768 1353 olim
2792 1297 3029 1351 excisum
3053 1298 3240 1352 usibus
3256 1297 3361 1354 foci
3385 1297 3559 1353 fuerat
3579 1313 3718 1368 pra:-

2139 1397 2384 1457 paratum
2411 1405 2425 1442 :
2451 1389 2686 1458 dumque
2732 1391 2995 1445 coctionis
3037 1390 3280 1446 retardat
3318 1390 3570 1459 occasio,
3609 1405 3720 1444 non

2139 1478 2301 1533 modo
2325 1479 2566 1546 aridum,
2594 1480 2688 1535 sed
2718 1495 2886 1550 pr0pe
2909 1490 3066 1552 putre
3091 1481 3308 1551 jacebat
3335 1482 3593 1550 temporis
3623 1497 3720 1535 ve-

2140 1579 2362 1625 tustate.
2391 1571 2636 1641 Cumque
2661 1570 2762 1625 hoc
2788 1587 2970 1626 coram
2999 1571 3120 1641 ipso
3149 1570 3356 1626 fixisset
3386 1571 3439 1624 in
3473 1583 3675 1625 terram
3706 1613 3722 1637 ,

2138 1663 2397 1731 praecepit
2419 1661 2644 1716 advecta
2669 1677 2804 1731 aqua
2829 1661 3078 1731 quotidie
3103 1661 3185 1716 bis
3210 1653 3484 1731 rigari,'ut
3507 1661 3723 1717 scilicet

2139 1752 2349 1809 diurnis
2378 1751 2696 1832 humoribus
2723 1753 3047 1818 radicatam,
3072 1763 3233 1822 atque
3255 1752 3311 1806 in
3341 1753 3612 1822 antiquam
3637 1769 3725 1805 ar-

2141 1847 2328 1902 borem
2350 1847 2703 1914 reviviscens,
2737 1846 2950 1901 diﬂ'usis
2971 1847 3138 1901 ramis
3159 1847 3526 1902 ammnitatem
3550 1846 3726 1900 oculis

2139 1947 2304 2008 atque
2336 1936 2712 1991 umbraculum
2748 1937 2804 1991 in
2843 1945 2976 1991 aestu
3011 1935 3239 1990 ferventi
3267 1936 3451 1991 subter
3480 1936 3728 1990 residen-

2139 2029 2285 2084 tibus
2313 2029 2619 2084 exhiberet.
2650 2028 2806 2096 Quod
2837 2037 3163 2098 prteceptum
3196 2029 3541 2084 veneratione
3561 2029 3727 2083 solita

2141 2122 2259 2174 sine
2289 2121 2394 2174 ulla
2437 2119 2888 2189 impossibilitatis
2928 2119 3374 2174 consideratione
3413 2119 3729 2185 suscipiens

2141 2211 2478 2279 adolescens,
2503 2210 2575 2264 ita
2597 2209 2923 2278 quotidianis
2945 2210 3135 2264 diebus
3154 2209 3414 2278 explevit,
3443 2220 3502 2263 ut
3522 2225 3726 2277 aquam

2142 2317 2240 2370 per
2266 2300 2374 2355 duo
2405 2300 2574 2355 ferme
2607 2301 2774 2355 millia
2804 2301 3178 2356 indesinenter
3203 2310 3497 2370 apportans
3519 2342 3534 2365 ,
3561 2301 3730 2354 nulla.

2145 2402 2305 2446 tenus
2332 2392 2533 2462 lignum
2561 2392 2737 2461 rigare
2767 2400 3008 2448 cessaret
3032 2433 3048 2458 ,
3087 2400 3250 2462 atque
3278 2407 3376 2461 per
3399 2381 3573 2446 totum
3598 2395 3731 2448 anni

2142 2483 2372 2552 spatium
2404 2499 2510 2537 non
2545 2483 2833 2538 inﬁrmitas
2875 2484 3155 2555 corporis,
3198 2499 3308 2539 non
3345 2483 3606 2539 festivitas
3636 2499 3732 2538 so-

2141 2573 2472 2640 lemnitatis,
2515 2590 2620 2628 non
2660 2576 2945 2642 occupatio
2983 2576 3324 2631 necessitatis
3362 2576 3561 2642 ullius,
3601 2591 3732 2645 quae

2141 2665 2296 2719 illum
2325 2666 2487 2720 etiam
2519 2665 2746 2720 honeste
2777 2679 3063 2721 excusaret
3083 2667 3151 2721 ab
3175 2667 3526 2722 exsecutione
3560 2681 3729 2721 man-

2144 2759 2279 2823 dati,
2311 2773 2420 2813 non
2467 2758 2703 2828 denique
2740 2757 2938 2814 hiemis
2982 2761 3246 2829 asperitas
3285 2759 3628 2814 intercedens
3660 2761 3733 2817 ab

2142 2849 2304 2919 hujus
2323 2850 2701 2906 observatione
2724 2850 2978 2920 praecepti
2997 2850 3234 2920 potuerit
3258 2850 3540 2919 impedire.
3561 2849 3733 2904 Cum-

2141 2959 2248 3013 que
2298 2944 2417 3012 ejus
2464 2944 2603 2999 hanc
2639 2944 2984 3000 sedulitatem
3037 2944 3233 2998 tacitus
3276 2959 3438 2999 senex
3492 2944 3735 2997 latenter

2143 3035 2333 3090 diebus
2359 3037 2586 3106 singulis
2616 3036 2959 3106 exploraret,
3008 3043 3065 3090 et
3087 3035 3295 3090 videret
3332 3051 3454 3089 eum
3493 3035 3735 3102 simplici

2142 3127 2327 3182 cordis
2355 3126 2549 3182 affectu
2578 3127 2886 3181 mandatum
2926 3141 3080 3180 suum
3111 3126 3258 3182 velut
3285 3125 3539 3180 divinitus
3564 3126 3736 3180 emis-

2143 3235 2264 3273 sum
2294 3218 2411 3274 sine
2435 3219 2540 3274 ulla
2569 3220 2966 3289 permutatione
2989 3218 3203 3283 vultus,
3236 3217 3321 3273 vel
3351 3217 3578 3273 rationis
3615 3217 3736 3272 dis-

2143 3312 2400 3366 cussione
2420 3326 2662 3375 servare,
2689 3311 2956 3366 sinceram
2986 3311 3304 3365 humilitatis
3325 3310 3443 3379 ejus
3469 3309 3736 3364 obedien-

2144 3403 2272 3457 tiam
2305 3403 2696 3472 comprobans,
2731 3404 2930 3471 pariter
2960 3405 3120 3456 etiam
3153 3403 3419 3457 miserans
3456 3410 3565 3455 tam
3607 3401 3736 3455 lon-

2142 3513 2272 3566 gum
2303 3496 2578 3560 laborem,
2612 3509 2769 3563 quem
2815 3509 2912 3564 per
2941 3503 3109 3548 tntum
3137 3495 3263 3546 anni
3290 3495 3520 3562 spatium
3547 3492 3736 3545 studio

2143 3589 2447 3644 devotionis
2487 3587 2863 3657 impenderat,
2899 3587 2965 3642 ad
2993 3587 3283 3654 virgultum
3325 3585 3531 3639 aridum
3569 3599 3734 3638 acce-

2141 3681 2297 3748 dens,
2329 3697 2382 3745 ο,
2417 3681 2620 3750 inquit,
2650 3681 2922 3745 Joannes,
2960 3688 2983 3715 ε
3013 3679 3228 3732 misitne
3252 3677 3464 3732 radices
3493 3676 3609 3730 hch
3636 3694 3734 3730 ar-

2142 3773 2263 3836 bor,
2281 3787 2347 3826 an
2379 3770 2514 3825 non?
2540 3769 2787 3839 Cumque
2808 3769 2903 3823 ille
2924 3785 2982 3823 se
3011 3768 3226 3824 nescire
3251 3767 3508 3832 dixisset,
3539 3767 3729 3820 Senex

2140 3864 2287 3920 velut
2322 3862 2602 3932 inquirens
2641 3859 2722 3916 rei
2753 3861 3063 3928 veritatem,
3106 3869 3161 3916 et
3197 3871 3466 3929 tamquam
3506 3867 3734 3913 tentans

1503 3995 1761 4052 ALARDI
1798 3994 2035 4051 GAZEI
2071 3995 2640 4052 COMMENTARIUS.

452 4122 625 4158 οηιηθε
648 4106 902 4158 abstinent
929 4106 1049 4176 (soli
1075 4108 1260 4177 quippe
1290 4107 1436 4174 pueri
1457 4105 1654 4173 aliquid
1678 4115 1901 4160 coctum:
1922 4121 2036 4174 per-

454 4179 696 4245 cipiunt),
725 4187 996 4245 propterea
1026 4179 1348 4246 pulmentum
1377 4193 1480 4229 non
1509 4177 1643 4246 conti.

525 4256 549 4281 εί
576 4246 652 4299 De
690 4244 951 4315 Lapsanio
989 4244 1189 4300 dictum
1213 4257 1296 4300 est
1321 4262 1480 4315 supra
1510 4248 1527 4317 (
1554 4244 1682 4316 Cap.
1715 4247 1776 4299 Η
1803 4244 1848 4313 ).
1877 4245 2037 4300 Notet

452 4315 622 4369 lector
652 4319 752 4368 hoc
798 4318 917 4370 loco
948 4329 1192 4370 veterum
1241 4315 1638 4371 monachorum
1675 4317 1899 4371 delicias
1939 4333 2034 4369 no-

451 4388 579 4439 stris
613 4388 768 4450 longe
798 4386 1120 4451 dissimiles,
1149 4397 1206 4441 et
1228 4388 1399 4442 dehis
1426 4388 1672 4441 consulat
1705 4388 1761 4440 D.
1795 4388 2030 4442 Bernar-

451 4459 576 4509 dnm
603 4457 653 4508 in
683 4457 942 4525 Apologia
969 4461 1034 4511 ad
1066 4458 1408 4512 Guillelmum
1437 4461 1710 4513 abbatem.

522 4527 548 4562 δ
583 4527 908 4581 Menominia
934 4529 1132 4582 habent
1157 4531 1396 4596 plerique
1422 4529 1636 4582 codices
1663 4571 1677 4595 ,
1713 4528 2032 4583 vocabulum

451 4597 661 4650 Latinis
700 4599 1058 4662 incognitum;
1102 4613 1199 4666 pro
1229 4615 1334 4666 quo
1357 4599 1640 4653 Ciaconius
1667 4599 1918 4653 mas-nidia
1945 4616 2034 4654 re-

450 4669 664 4742 posuit,
691 4683 798 4721 non
825 4669 1164 4742 improbabili
1193 4669 1526 4742 conjectura.
1555 4671 1647 4724 Est
1668 4671 1811 4742 enim
1841 4674 2028 4742 μαινίς,

451 4740 537 4790 vel
571 4754 766 4802 tnzena,
792 4741 951 4806 piscis
985 4747 1246 4803 marinus,
1269 4741 1427 4807 vulgo
1460 4740 1614 4794 halec
1641 4740 2030 4805 dictus,'Arist.

448 4822 501 4879 vt
535 4809 793 4874 Auimal.,
828 4826 855 4859 a
887 4824 992 4877 quo
1015 4809 1389 4863 diminutivum
1421 4811 1686 4879 μαινιδίον,
1720 4811 1772 4864 id
1802 4823 1903 4868 est.
1932 4811 2032 4863 ha-

449 4877 625 4932 lecnla
649 4922 663 4945 ,
698 4879 982 4933 Theodoro
1023 4879 1164 4934 Gaza
1205 4877 1501 4946 interprete
1531 4882 1550 4948 (
1577 4880 1720 4933 Plin.
1752 4881 1843 4934 lib.
1875 4896 2032 4935 χχχιι

448 4966 494 5000 c.
532 4952 808 5090 1161;2(0108
827 4960 1010 5015 vocat;
1052 4948 1182 5006 Cael.
1215 4949 1438 5021 Rhodig.
1480 4951 1572 5005 lib.
1609 4967 1675 5005 xx
1707 4950 1881 5020 Antiq.
1911 4953 2027 5004 lect.

449 5035 567 5088 cap.
673 5060 686 5072 .

449 5035 567 5088 cap.
608 5026 686 5088 6).

523 5101 544 5124 σε
581 5090 747 5158 Hujus
777 5090 989 5158 egregia
1019 5090 1279 5144 sanctitas
1319 5091 1750 5146 clarissimorum
1783 5091 2029 5144 virorum

451 5161 652 5230 meruit
681 5161 1005 5230 testimoniis
1036 5161 1293 5214 illustrari
1326 5161 1554 5227 (Baron.
1583 5164 1638 5214 in
1661 5162 1932 5230 martyrol.
1956 5161 2026 5212 27

450 5229 632 5300 Martii
673 5239 720 5283 et
747 5233 801 5283 in
828 5229 1024 5284 Annal.
1057 5248 1144 5283 an.
1187 5231 1292 5286 588
1315 5231 1353 5300 ).
1381 5234 1582 5287 Scribit
1601 5233 1744 5285 enim
1776 5229 1844 5285 de
1871 5245 1936 5284 eo
1967 5231 2028 5284 S.

451 5299 810 5369 Hieronymus
837 5301 902 5354 ad
928 5301 1336 5368 Ctesiphontem
1364 5312 1550 5354 contra
1582 5301 1930 5369 Pelagianos;
1967 5300 2027 5355 S.

451 5373 784 5440 augustinus
808 5371 902 5425 lib.
927 5372 993 5425 de
1013 5369 1151 5425 Cura
1174 5386 1275 5440 pro
1298 5373 1525 5425 mortuis
1549 5373 1749 5439 agenda
1773 5386 1896 5438 cap.
1924 5373 1988 5424 17
2011 5383 2026 5437 ;

452 5439 824 5495 Theodoretus
857 5443 1059 5495 Histor.
1088 5439 1185 5494 lib.
1207 5459 1238 5493 v
1265 5457 1386 5508 cap.
1417 5443 1526 5506 ‘24;
1559 5443 1897 5496 Sozomenus
1928 5441 2024 5495 lib.

455 5524 508 5560 vr
537 5525 655 5576 cap.
703 5510 808 5572 28;
839 5511 1108 5565 Palladius
1141 5513 1193 5564 in
1231 5511 1504 5565 Lausiacis
1543 5527 1662 5579 cap.
1694 5513 1796 5573 45;
1830 5521 1885 5564 et
1933 5513 2025 5565 alii

455 5580 668 5644 (Sidon.
702 5580 989 5647 Apollinar.
1022 5599 1180 5634 carm.
1213 5582 1326 5650 16).
1358 5583 1438 5635 Ad
1467 5582 1606 5634 hunc
1640 5583 1692 5634 itt
1735 5597 1921 5635 eremo
1952 5583 2027 5635 la-

455 5654 698 5702 titantem
721 5693 735 5715 ,
762 5651 856 5704 sed
889 5652 1181 5717 prophetia:
1207 5654 1397 5718 Spiritu
1423 5653 1692 5706 ccli-brem
1719 5651 1852 5706 duas
1883 5653 2024 5721 lega-

459 5721 631 5774 tiones
653 5721 800 5776 misit
838 5721 1170 5776 Theodosius
1203 5724 1422 5790 Maguus
1453 5725 1742 5790 imperator
1769 5723 1837 5778 de
1860 5723 2023 5779 dubio

2142 4106 2404 4160 bellorum
2428 4115 2625 4160 evequ
2650 4106 2909 4160 adversus
2937 4115 3197 4176 tyrannos
3227 4103 3636 4176 consulendum,
3675 4116 3732 4158 ct

2145 4178 2196 4228 in
2230 4187 2458 4244 utraque
2498 4187 2704 4231 certum
2737 4175 2973 4230 victoriaé
3013 4177 3257 4231 nuntium
3301 4175 3367 4228 ab
3395 4190 3462 4229 eo
3491 4177 3729 4242 accepit.

2143 4247 2384 4301 Priorem
2408 4248 2572 4316 refert
2596 4249 2926 4316 Augustinus
2955 4247 3046 4301 lib.
3076 4263 3106 4299 v
3134 4247 3201 4300 de
3222 4245 3452 4316 Civitate
3475 4246 3566 4299 Dei
3598 4262 3728 4314 cap.

2137 4317 2234 4377 96;
2265 4315 2618 4383 posteriorem
2643 4315 2868 4371 Rufinus
2891 4317 2981 4370 lib.
3008 4333 3043 4370 ιι
3066 4331 3186 4386 cap.
3210 4315 3264 4380 9,
3284 4315 3728 4371 etCassiodnrus

2100 4399 2102 4401 ‘
2142 4391 2192 4439 in
2218 4387 2679 4458 Histor.‘Tripart.
2713 4389 2813 4458 lib.
2833 4403 2885 4440 tx
2908 4401 3028 4455 cap.
3053 4385 3145 4441 45.
3173 4387 3325 4458 Alius
3349 4386 3417 4458 ab
3437 4386 3538 4458 hoc
3558 4385 3732 4458 Joan-

2141 4473 2237 4511 nes
2271 4459 2438 4514 abbas
2483 4455 2756 4515 in'cremo
2793 4457 3001 4513 Scetica
3032 4501 3046 4524 ,
3073 4460 3139 4512 de
3165 4471 3270 4527 quo
3300 4455 3438 4511 infra
3468 4455 3620 4527 (Cap.
3648 4457 3728 4511 27

2061 4514 2114 4575 D
2139 4538 2185 4582 et
2214 4529 2327 4591 40).

2211 4598 2238 4636 ά
2268 4600 2503 4655 Thebais
2531 4599 2649 4653 sive
2687 4598 2960 4654 Thebaida
2987 4642 3000 4663 ,
3047 4609 3104 4651 nt
3134 4599 3222 4651 hic
3247 4641 3262 4665 ,
3306 4595 3529 4667 .‘Egypti
3572 4599 3731 4667 regio

2136 4669 2426 4734 .Ethiopia:
2454 4672 2792 4724 contermina
2818 4709 2832 4735 ,
2860 4685 2886 4721 a
2914 4669 3114 4723 Thebis
3138 4669 3272 4721 urbe
3305 4666 3678 4736 potentissima
3710 4709 3728 4732 ,

2139 4742 2408 4809 totiusque
2437 4742 2672 4810 regionis
2699 4742 2984 4807 metropoli
3016 4739 3470 4810 nomen‘habens.
3503 4737 3567 4790 D.
3599 4737 3732 4792 Ilie-

2136 4808 2394 4880 ronymus
2427 4808 2521 4864 lib:
2551 4811 2618 4864 de
2649 4810 2845 4864 Hebra.
2877 4822 3072 4878 quaest.
3105 4808 3432 4864 Thebaidem
3473 4822 3588 4880 eam
3624 4824 3731 4876 pu-

2137 4890 2215 4932 tat
2240 4877 2362 4933 esse
2393 4885 2691 4949 regionem;
2713 4897 2834 4948 qua:
2861 4877 2988 4934 olim
3012 4882 3152 4935 dicta
3183 4889 3265 4932 est
3294 4887 3445 4932 terra
3472 4877 3678 4931 Gessen
3710 4920 3728 4943 ,

2135 4950 2188 5001 in
2213 4965 2316 5016 qua
2342 4950 2606 5005 habitavit
2625 4950 2793 5006 Jacoh
2815 4952 3113 5015 patriarcha
3141 4965 3261 5004 cum
3286 4949 3411 5002 filiis
3437 4949 3574 5009 suis,
3598 4963 3731 5003 cum

2133 5020 2374 5074 venisset
2402 5023 2452 5074 in
2485 5021 2775 5092 Egyptum
2803 5019 3014 5082 (Cenes.
3036 5035 3151 5092 _va
3175 5019 3418 5092 et_xt.v1).
3463 5018 3521 5092 In
3559 5019 3730 5092 hujus

2133 5099 2372 5143 extrema
2407 5087 2747 5156 parte'situm
2782 5101 2898 5160 erat
2925 5090 3181 5160 oppidum
3200 5089 3396 5160 ,Lycos
3420 5129 3435 5152 ,
3467 5089 3585 5142 sive
3616 5087 3730 5158 Ly-

2133 5160 2361 5231 copolis.
2381 5160 2536 5216 Unde
2567 5161 2772 5215 Plinius
2800 5159 2940 5231 (Lib.
2962 5158 3216 5229 v‘cap.9)
3245 5158 3490 5231 (Lycon,
3519 5159 3728 5224 inquit,

2134 5229 2218 5282 ubi
2248 5241 2446 5284 montes
2475 5233 2658 5298 ﬁniunt
2683 5229 3024 5296 Thebaidem,
3058 5241 3111 5285 et
3137 5231 3278 5284 inter
3306 5229 3550 5297 ejusdem
3582 5244 3731 5298 prte-

2136 5302 2371 5356 fecturas
2395 5312 2722 5370 postremam
2753 5305 2994 5357 nominat
3023 5300 3414 5370 Lycopolitem.

2209 5381 2232 5406 ο
2264 5372 2451 5426 Simile
2479 5375 2791 5440 exemplum
2819 5383 3003 5426 narrat
3031 5369 3298 5436 S’ulpitius
3317 5371 3369 5422 in
3400 5370 3574 5439 primo
3604 5369 3728 5422 dia-

2137 5440 2263 5509 logo
2295 5443 2360 5495 de
2383 5444 2671 5500 virtutibus
2703 5446 2759 5499 S.
2793 5444 3030 5498 Martini:
3067 5442 3167 5494 nisi
3193 5440 3334 5509 quod
3361 5442 3414 5494 in
3450 5441 3550 5494 h'oc
3569 5441 3725 5506 virga

2136 5512 2214 5565 sic
2251 5513 2469 5580 irrigata
2494 5516 2651 5568 tertio
2679 5530 2820 5568 anno
2851 5513 3088 5566 floruerit
3113 5553 3127 5575 ,
3170 5510 3487 5580 fructusque
3535 5509 3727 5564 edide-

2137 5585 2224 5647 rit,
2299 5598 2434 5650 quos
2483 5585 2648 5639 abbas
2694 5585 2758 5638 ad
2803 5583 3102 5636 Ecclesium
3161 5582 3409 5635 deferens
3463 5581 3727 5634 fratribus

2133 5655 2434 5708 ostentabat
2465 5673 2474 5705 :
2503 5655 2656 5722 Ecce,
2689 5657 2956 5723 inquiens,
2984 5653 3285 5706 obedientite
3317 5654 3565 5721 fructum.
