3986 6320
88 305 92 312 ·
179 279 277 335 185

469 289 472 292 ’
566 280 658 339 DE
697 282 1176 344 C(ENOBIORUM
1213 287 1456 345 INSTI'I‘.
1494 289 1625 346 LIB.
1665 289 1756 346 IV.
1786 321 1858 333 —
1886 293 1977 349 DE
2015 294 2401 353 INSTITUTIS
2438 292 3025 351 RENUNTIANTIUM.

3325 295 3431 350 1258

181 405 350 452 utrum
390 401 502 467 jam
544 403 661 458 suis
694 405 966 461 radicibus
1010 408 1292 474 niteretur,
1331 411 1527 465 evulsit
1563 425 1746 465 coram
1772 414 1828 474 Α
1851 413 2012 480 hujus
2041 415 2321 484 exemplo,
2351 430 2552 469 vocans
2576 429 2699 468 eum
2751 413 2955 476 senior,
2987 411 3180 476 Curre,
3233 410 3432 481 inquit,

182 491 291 559 ipso
329 491 442 567 levi.
471 498 840 552 commotione
875 498 1161 569 virgultum
1185 540 1200 566 ,
1245 499 1430 570 sicque
1465 500 1757 570 projiciens

185 584 304 638 illud
332 585 594 654 praecepit
624 595 680 640 ut
702 587 958 659 deinceps
986 591 1161 660 rigare
1189 591 1483 646 desineret.

747 701 977 759 CAPUT
1015 704 1184 760 XXV.

314 790 391 846 De
409 793 644 863 projecto
670 798 734 849 ab
758 796 938 850 abbate
961 797 1164 853 Joanne
1190 817 1308 854 vase
1334 801 1488 855 unico
1515 801 1616 856 olei

633 866 703 918 ad
731 869 944 923 senioris
973 871 1269 941 imperium.

247 953 430 1024 Itaque
455 969 580 1010 cum
612 958 919 1027 hujusmodi
945 961 1219 1017 exercitiis
1246 963 1488 1018 eruditus
1509 964 1752 1034 quotidie

179 1044 381 1112 juvenis
400 1047 454 1100 in
478 1047 580 1102 hac
603 1051 831 1116 parendi
855 1051 1055 1108 virtute
1079 1065 1468 1119 succresceret,
1492 1066 1547 1110 et
1576 1057 1752 1111 humi-

182 1136 330 1190 litatis
359 1139 480 1207 ejus
508 1141 837 1197 enitesceret
865 1145 1062 1214 gratia,
1102 1154 1269 1216 atque
1293 1145 1612 1202 obedientiaa
1637 1161 1752 1202 suae

179 1229 348 1283 suavis
377 1229 522 1284 odor
553 1246 651 1300 per
679 1223 1005 1289 monasterla
1034 1236 1283 1291 universa
1312 1235 1598 1305 fragraret,
1629 1239 1752 1306 qui-

177 1321 286 1374 dam
313 1322 543 1378 fratrum
569 1325 930 1396 probationis,
950 1330 1114 1389 immo
1134 1331 1504 1387 :editicationis
1525 1333 1747 1388 obtentu

179 1414 451 1470 venientes
492 1416 562 1470 ad
609 1432 800 1474 senem
823 1461 838 1484 ,
871 1433 994 1474 cum
1025 1422 1416 1490 subjectionem
1444 1424 1560 1494 ejus
1589 1441 1748 1493 quam

181 1505 481 1575 audierant,
532 1508 879 1578 mirarentur,
911 1527 1110 1570 vocans
1136 1530 1259 1569 eum
1290 1529 1516 1586 repente
1545 1533 1708 1572 senex
1729 1560 1745 1584 ,

180 1597 432 1662 Ascende,
467 1598 565 1663 ait,
596 1611 650 1654 et
675 1616 897 1657 sumens
920 1613 946 1639 ι
984 1604 1295 1660 lenticulam
1318 1607 1448 1674 olei,
1481 1623 1602 1678 quae
1631 1611 1745 1663 Sola

181 1689 224 1740 in
251 1704 434 1743 eremo
465 1692 603 1758 suis,
656 1694 742 1748 vel
791 1694 1194 1752 advenientium
1237 1699 1426 1754 usibus
1481 1701 1743 1770 liquorem

1859 506 2115 573 Joannes,
2149 522 2339 561 saxum
2374 507 2506 561 illud
2537 506 2644 561 huc
2670 505 2896 559 advolve
2943 503 3286 574 quantocius.
3327 504 3432 569 Qui

1857 599 2138 655 confestim
2171 615 2358 655 saxum
2403 601 2638 655 immane
2663 598 2806 668 quod
2845 599 3017 653 turba
3049 597 3228 651 multa:
3259 595 3435 651 homi-

1859 707 1985 744 num
2039 692 2123 746 vel
2175 706 2394 746 movere
2426 706 2531 745 non
2570 699 2816 759 possent,
2863 688 3114 758 applicita
3146 702 3286 742 nunc
3309 701 3435 741 cer-

1859 783 1999 846 vice,
2046 798 2188 837 nunc
2245 791 2358 837 toto
2405 793 2649 851 pectore,
2682 789 2834 835 tanto
2872 780 2997 834 nisu
3027 790 3190 848 atque
3234 787 3433 833 conatu

1856 873 2179 940 provolvere
2219 872 2607 937 contendebat,
2659 883 2716 927 ut
2763 871 2960 926 sudore
2990 871 3231 926 omnium
3260 885 3434 926 mem-

1855 963 2074 1019 brorum
2102 979 2326 1018 suorum
2373 979 2478 1018 non
2507 965 2681 1019 solum
2714 973 2883 1017 totum
2935 961 3244 1016 infunderet
3271 962 3436 1015 vesti-

1856 1067 2130 1111 mentum:
2164 1056 2259 1111 sed
2298 1057 2460 1110 etiam
2510 1071 2697 1110 saxum
2760 1055 2932 1125 ipsum
2991 1053 3104 1108 suis
3134 1052 3434 1106 cervicibus

1854 1147 2191 1204 humectaret
2215 1165 2230 1213 ;
2260 1149 2312 1201 in
2340 1147 2445 1202 hoc
2471 1161 2685 1218 quoque
2714 1160 2900 1215 parum
2931 1145 3163 1199 metiens
3186 1144 3434 1211 impossi-

1854 1240 2116 1295 bilitatem
2149 1241 2426 1310 prtecepti,
2452 1239 2533 1294 vel
2563 1237 2689 1314 facti
2719 1252 2818 1306 pro
2847 1235 3145 1291 reverentia
3177 1234 3429 1295 senioris,

1852 1342 1908 1386 et
1928 1331 2175 1400 obsequii
2204 1331 2548 1400 simplicitate
2579 1328 2808 1390 sincera.
2835 1343 2937 1397 qua
2967 1325 3221 1381 credebat
3244 1339 3429 1378 senem

1853 1433 1959 1477 tota
1994 1423 2099 1479 ﬁde
2127 1423 2255 1478 nihil
2285 1437 2444 1493 posse
2473 1426 2740 1477 incassum
2785 1435 2851 1477 ac
2881 1419 2999 1475 sine
3051 1419 3264 1474 ratione
3293 1431 3430 1488 prte-

1810 1552 1812 1554 τ
1854 1517 2059 1587 cipere.

2395 1605 2622 1663 CAPUT
2646 1603 2860 1659 XXVII.

1851 1722 1929 1776 De
1957 1723 2246 1776 humilitate
2290 1731 2336 1774 et
2379 1721 2666 1774 obedientia
2712 1716 2914 1771 abbatis
2962 1713 3145 1774 Mucii.
3173 1728 3327 1782 quam
3376 1713 3430 1766 in

184 1783 511 1876 pinguedinis
547 1786 924 1843 tenuissimum
948 1791 1314 1858 ministrabat,
1338 1793 1590 1848 deorsum
1629 1810 1754 1864 pro-
1781 1793 1829 1854 Β
1926 1795 2322 1876 ρζοίξεξίεηάορη
2353 1794 2570 1872 ﬂuvium
2595 1791 2812 1876 parvulo
2842 1787 2952 1857 ﬁlio
2985 1801 3049 1842 ea:
3071 1793 3327 1856 prcecepto
3352 1800 3432 1838 se-

181 1874 265 1942 jice
306 1891 405 1944 per
455 1877 769 1933 fenestram.
823 1880 994 1948 Quam
1047 1882 1156 1947 ille,
1189 1900 1312 1938 cum
1362 1884 1428 1938 ad
1463 1886 1746 1954 superiora

182 1968 405 2023 concitus
435 1972 791 2038 pervolasset,
819 1988 917 2040 per
948 1973 1237 2030 lenestram
1272 1977 1564 2045 projiciens
1601 1992 1751 2032 cont-

184 2062 507 2117 mittuendam
534 2063 743 2120 dimisit
770 2067 835 2120 ad
867 2077 1091 2132 terram,
1125 2084 1313 2137 parum
1363 2070 1630 2140 cogitans,
1663 2073 1749 2126 vel

185 2163 464 2208 retractans
509 2158 769 2225 prmeepti
825 2159 1103 2227 ineptiam,
1140 2160 1396 2214 diurnam
1453 2162 1748 2217 necessita-

184 2253 292 2310 tem,
350 2245 726 2301 inﬁrmitatem
783 2251 1054 2317 corporis,
1096 2252 1377 2322 penuriam
1417 2264 1746 2322 sumptuum,

185 2339 324 2389 eremi
355 2337 680 2407 squallentis
708 2341 986 2408 angustias
1023 2356 1085 2395 ac
1136 2342 1508 2407 difficultates,
1540 2344 1591 2397 in
1616 2360 1743 2413 qua,

182 2429 324 2482 etiam
356 2429 400 2482 si
430 2432 656 2498 pecunia
707 2432 1104 2501 suppeditaret,
1145 2434 1495 2489 nihilominus
1537 2435 1746 2503 perdita

177 2521 367 2589 species
397 2522 630 2577 inveniri
665 2525 1018 2593 repararique
1045 2540 1151 2580 non
1184 2535 1383 2596 posset.

733 2659 960 2717 CAPUT
983 2661 1177 2716 XXVI.

189 2747 612 2812 Quemadmodum
643 2753 802 2805 abbas
831 2753 1063 2808 Joannes
1107 2773 1202 2808 suo
1242 2756 1486 2810 obedierit
1521 2757 1738 2819 seniori,

253 2835 364 2897 cum
383 2823 626 2897 niteretur
649 2824 848 2897 volvere
877 2826 1188 2895 prtegrande
1226 2844 1433 2894 saxum,
1460 2833 1600 2897 quod
1623 2844 1685 2880 ne
1707 2844 1741 2881 ιι

249 2891 418 2944 multis
440 2893 642 2960 quidem
672 2891 921 2962 possibile
952 2891 1063 2949 erat
1092 2899 1302 2952 moveri.

246 2975 374 3030 Aliis
418 2993 630 3034 rursum
708 2980 964 3035 aediﬁcari
1028 2983 1370 3051 cupientibus
1417 2982 1738 3038 obedientite

1926 1861 2092 1918 moris
2122 1881 2222 1917 non
2251 1863 2508 1917 haesitavit
2535 1861 2759 1928 implere.

1929 1978 2215 2046 [lucusque
2239 1975 2452 2030 abbatis
2480 1973 2703 2027 Joannis
2726 1986 2891 2040 pauca
2917 1971 3120 2025 dixisse
3149 1969 3217 2024 de
3246 1967 3430 2023 multis

1855 2067 2128 2130 sufficiat;
2161 2082 2304 2120 nunc
2333 2065 2360 2103 ι’
2393 2065 2603 2121 abbatis
2635 2063 2792 2118 Mucii
2823 2062 3020 2116 factum
3051 2060 3310 2115 memoria
3351 2057 3433 2112 di-

1854 2175 2016 2227 gnum
2072 2157 2552 2224 comprehendam.
2612 2155 2708 2209 llic
2767 2168 2999 2222 namque
3054 2151 3433 2207 abrenuntiare

1855 2251 2166 2305 desiderans
2199 2250 2322 2303 ltnic
2371 2247 2590 2309 mundo,
2639 2245 2839 2299 tamdiu
2874 2259 2970 2312 pro
3013 2243 3219 2296 toribus
3248 2257 3433 2296 mona-

1852 2340 2007 2395 sterii
2052 2338 2326 2394 excubans
2357 2337 2687 2406 perduravit,
2729 2335 2902 2388 donec
2935 2332 3201 2388 immobili
3248 2346 3432 2401 perse-
3501 2404 3508 2412 κ

1851 2434 2093 2488 verantia
2125 2447 2218 2486 sua
2250 2439 2436 2484 contra
2489 2444 2701 2483 omnem
2743 2427 3192 2481 consuetudinem
3246 2440 3432 2479 emno-

1853 2525 2064 2580 biorum
2087 2538 2209 2577 cum
2241 2521 2348 2575 lilio
2389 2535 2490 2574 suo
2519 2520 2760 2589 parvulo,
2788 2517 2881 2587 qui
2913 2529 3035 2570 octo
3065 2514 3281 2570 circiter
3310 2525 3431 2569 erat

1853 2631 2138 2678 annorum,
2173 2624 2232 2668 ttt
2270 2614 2634 2682 susciperetur
2660 2613 2900 2667 eliceret.
2941 2607 3183 2676 Cumque
3210 2609 3426 2662 tandem

1853 2707 2059 2776 recepti
2087 2706 2335 2770 fuissent,
2368 2702 2656 2760 confestim
2689 2718 2793 2756 non
2826 2702 3002 2756 solum
3037 2701 3266 2754 diversis
3293 2716 3430 2768 pra:-

1847 2799 2039 2868 positis
2068 2798 2278 2860 traditi,
2314 2811 2503 2850 verum
2555 2795 2715 2849 etiam
2756 2793 2910 2848 cellae
2967 2792 3295 2846 habitatione
3350 2806 3430 2844 sc-

1841 2892 2008 2959 juncti
2037 2899 2181 2951 sunt,
2212 2903 2280 2942 ne
2308 2888 2518 2941 scilicet
2565 2883 2676 2954 jugi
2715 2883 2922 2937 visione
2948 2879 3188 2952 parvuli,
3218 2880 3431 2934 remini-

1844 2991 2086 3037 sceretur
2118 2988 2270 3049 pater
2301 2994 2364 3032 ex
2397 2976 2544 3031 omni
2588 2990 2718 3040 sua,
2767 2989 2928 3044 quam
2973 2974 3290 3028 renuntians
3337 2971 3431 3025 ab-

1214 3115 1470 3171 ALARDI
1511 3115 1746 3172 GAZEI
1783 3114 2352 3172 COMMENTARIUS.

254 3221 588 3310 fJL‘enticula
644 3239 745 3310 vas
794 3227 1078 3310 olearinm,
1130 3242 1225 3282 seu
1279 3232 1690 3310 tmg_ttentariuttt
1717 3271 1732 3295 ,
1766 3232 1812 3293 C
1845 3232 2098 3310 Opposita
2113 3234 2346 3310 juxtase
2375 3230 2540 3294 posita
2568 3231 2730 3310 magis
2751 3229 3063 3310 elucescunt.
3087 3226 3165 3309 lio
3185 3239 3426 3310 tempore,

180 3293 304 3354 quod
331 3291 506 3370 Graeci
539 3295 704 3370 φακὰλί
725 3296 820 3370 γρΙ
847 3303 1002 3370 φακῆν
1026 3310 1248 3370 vocant;
1297 3299 1502 3353 Gellius
1529 3291 1738 3369 gttttuu't

181 3365 387 3440 ntascul,
416 3364 619 3432 genere
645 3364 784 3432 (Lib.
805 3364 911 3440 xvtt
938 3385 984 3420 c.
1014 3369 1066 3432 8,
1097 3367 1255 3422 Noct.
1279 3370 1486 3436 Attia),
1507 3364 1748 3425 lsitlortts

183 3435 477 3510 [coliculum
510 3446 687 3492 vocat.
718 3447 772 3510 et
820 3452 848 3489 a
893 3439 1134 3492 linieudo
1160 3441 1361 3510 dictum
1416 3453 1584 3508 putat.
1620 3443 1746 3510 quia

187 3501 252 3555 his
279 3520 442 3580 reges
473 3514 533 3580 et
557 3507 869 3580 sacerdotes
893 3510 1216 3563 liniebantttr
1257 3501 1520 3580 (Etymol.
1547 3501 1651 3564 lib:
1678 3529 1744 3566 xx

190 3590 280 3637 rep.
311 3575 386 3643 7).
423 3575 558 3628 Lttd.
606 3576 765 3631 Vives
822 3580 1130 3633 lenticulam
1185 3596 1214 3634 a
1266 3575 1507 3635 lettittate
1547 3583 1745 3636 dietatn

191 3646 500 3724 [uitauﬂuod
543 3648 687 3724 let_tt_e
712 3663 864 3724 e_x_e_a
893 3651 1059 3724 stillet
1085 3651 1268 3706 oleum
1307 3651 1397 3721 (In
1436 3653 1527 3705 lib.
1571 3669 1654 3724 xvi
1683 3654 1747 3705 de

188 3717 312 3790 om.
333 3713 429 3790 Dei
454 3733 568 3783 cap.
599 3717 714 3784 5'7).
740 3719 929 3773 Melius
955 3721 1040 3773 alii
1069 3737 1096 3772 a
1126 3723 1294 3790 ligura
1314 3713 1370 3776 et
1393 3723 1747 3777 similitudine

187 3784 450 3851 leguminis
471 3790 560 3861 (de
581 3803 687 3856 quo
707 3803 863 3861 supra
887 3807 1001 3860 cap.
1023 3790 1114 3861 20)
1137 3784 1444 3846 Ιὲηιὶειιιιηιι
1471 3794 1741 3847 derivant:

187 3868 397 3932 ‘luamet
418 3859 677 3932 Apuleius
697 3859 956 3914 describit
977 3863 1060 3915 liis
1086 3859 1264 3917 verbis
1281 3884 1293 3918 :
1310 3865 1599 3932 Ampullam
1619 3881 1747 3930 quo-

185 3942 270 4007 que.
288 3929 530 4007 oleariam
553 3969 579 4007 ,_
609 3946 762 3996 quam
792 3933 1020 4007 gestabat
1049 3933 1347 4007 lenticulari
1374 3929 1541 4007 {arma
1559 3975 1574 3998 ,
1601 3929 1746 3986 tereti

186 3998 372 4058 ambitu,
398 3999 614 4068 prasula
632 3998 964 4066 rotunditate,
989 4014 1092 4056 etc.
1113 4003 1315 4057 Plinius
1338 3998 1465 4058 it'etn
1492 4005 1582 4057 lib.
1613 4020 1743 4058 xvm

188 4068 392 4144 νηιρὖ
420 4069 559 4144 Duo,
577 4071 669 4129 ait,
687 4069 838 4144 lentis
860 4089 1042 4143 genera
1063 4075 1117 4126 in
1140 4073 1400 4144 gypto:
1425 4075 1640 4128 alterum
1667 4093 1745 4127 ro-

188 4139 374 4213 tundius
396 4142 726 4213 nigriusque;
749 4139 968 4195 alterum
989 4161 1080 4196 sua
1103 4139 1303 4213 ﬁgura}
1327 4147 1460 4199 unde
1482 4148 1621 4198 vario
1644 4162 1741 4198 usu

186 4210 462 4262 translatum
481 4222 552 4264 est
573 4212 625 4263 in
643 4213 911 4266 lenticulas
933 4210 1263 4268 nomenbei
1285 4217 1570 4269 lenticulas
1591 4224 1745 4270 vocat

189 4275 470 4340 hujusmodi
504 4282 720 4334 vascula
746 4283 810 4335 ad
837 4284 1066 4337 fortnam
1096 4285 1256 4338 lentis
1283 4287 1433 4339 varie
1471 4287 1648 4339 eflicta
1688 4297 1744 4340 et

188 4361 495 4424 nuttcnpata,
527 4353 736 4424 Dicitur
766 4354 898 4406 alias
927 4357 1089 4408 etiam
1124 4355 1367 4424 lecythns
1388 4356 1516 4417 olei,
1541 4356 1606 4408 lll
1631 4356 1740 4409 lie-

185 4432 288 4499 sum
313 4436 438 4474 xvn.
470 4422 576 4499 Sed
599 4422 855 4499 lenticula
881 4425 986 4499 olei
1015 4426 1065 4478 in
1096 4422 1373 4499 Scriptura
1394 4426 1606 4499 videtur
1636 4428 1742 4499 usi-

185 4493 637 4569 tat_ior,_et_velt_tti
682 4495 973 4569 peculiaris
1016 4497 1360 4569 unctionibus
1398 4495 1622 4569 Regum.
1665 4498 1739 4550 Ea

180 4563 303 4636 fuim
330 4563 642 4636 Saul,_.lehu
667 4573 722 4619 et
751 4566 910 4620 Azael
941 4568 1086 4620 uncti
1130 4568 1378 4632 leguntur
1409 4566 1565 4636 (Heg.
1599 4567 1640 4630 I,
1670 4583 1735 4631 x;

240 4642 424 4710 Itx;.et
447 4633 545 4710 _I\_l,
575 4633 672 4704 1x).
729 4637 885 4690 Solus
932 4637 1092 4689 David
1123 4628 1294 4689 cornu
1325 4628 1432 4710 olei
1454 4628 1684 4710 uinctus
1706 4628 1736 4690 ti

178 4703 413 4778 Samuelis
445 4703 460 4754 Ι
492 4703 622 4778 Reg.
667 4721 759 4758 xVI
784 4722 798 4770 ;
826 4723 932 4759 non
973 4709 1090 4759 sine
1123 4708 1400 4778 mysterio,
1435 4707 1500 4760 de
1526 4724 1634 4778 quo
1671 4708 1729 4760 υ.

176 4770 454 4849 Gregorius
507 4770 605 4849 lili.
643 4778 786 4849 tv_in
828 4779 1002 4849 libros
1059 4770 1195 4845 Reg:
1233 4793 1350 4846 cap.
1391 4770 1468 4830 tv.
1522 4775 1737 4831 Notavit

174 4845 655 4914 ctiamCiaconius
710 4846 1016 4900 lenticulam
1052 4845 1438 4914 subtttde’tlici
1491 4849 1560 4901 de
1609 4864 1734 4902 vase

174 4913 403 4984 aquario.
439 4917 568 4967 Nam
602 4919 616 4968 Ι
651 4917 781 4984 Reg.
815 4933 958 4980 xxvi,
995 4919 1081 4970 ubi
1118 4913 1277 4971 David
1313 4918 1508 4972 dicitur
1559 4934 1621 4970 cx
1655 4928 1735 4970 ta-

174 4982 455 5064 bernaculo
487 4985 664 5040 Saulis
706 4982 1026 5064 sitbduxisse
1074 4991 1308 5064 hastam,
1339 5004 1458 5064 quae
1497 4999 1619 5064 erat
1664 4991 1734 5041 ad

170 5064 319 5117 caput
345 5059 493 5127 ejus.
543 5067 597 5109 et
634 5060 897 5124 scypltuut
927 5075 1107 5126 aqum,
1153 5060 1501 5127 Septuaginta
1537 5059 1736 5113 habent

170 5128 309 5198 satis
334 5124 544 5189 ὕδατος,
589 5127 638 5180 id
679 5137 784 5192 est,
827 5124 1028 5182 lentem
1059 5124 1243 5198 aquazi
1277 5124 1733 5198 quemadmodum

169 5205 214 5267 οξι
262 5194 324 5247 D.
381 5198 700 5251 Ambrosius
756 5199 1007 5266 exposuit
1059 5194 1151 5251 lib.
1205 5215 1261 5253 tn
1295 5194 1474 5254 'Ol‘lic.
1509 5215 1628 5267 cap.
1664 5200 1727 5254 εἰς

171 5262 344 5339 lianid,
361 5267 564 5339 inquit,
599 5262 854 5333 lanceam,
903 5287 1018 5337 qua:
1041 5279 1150 5322 erat
1189 5269 1258 5322 ad
1296 5280 1447 5339 caput
1505 5262 1636 5324 Saul
1686 5281 1734 5324 et

165 5330 460 5407 lenticulam
484 5339 603 5390 tulit
631 5354 800 5407 aqute.
841 5330 1015 5393 Porro
1056 5341 1121 5393 ad
1157 5330 1534 5394 illustrandum
1592 5346 1734 5394 hunc

165 5403 398 5460 Cassiani
443 5408 622 5478 locum
674 5403 880 5478 juvabit
922 5410 1083 5462 etiam
1150 5409 1234 5464 hic
1290 5421 1507 5464 notasse
1552 5411 1732 5466 simile

163 5477 420 5540 Quodtlam
467 5477 667 5532 factum
716 5483 859 5533 circa
898 5479 1142 5533 eamdem
1187 5484 1493 5544 materiam,
1535 5496 1730 5546 nempe

162 5550 443 5614 ampullam
477 5550 612 5615 olei,
642 5555 788 5618 quod
819 5551 959 5603 inter
988 5551 1242 5604 miracula
1274 5553 1528 5604 sanctiss.
1557 5551 1728 5604 Patris

161 5623 312 5672 nostri
342 5619 620 5674 Benedicti
647 5619 812 5673 refert
843 5620 903 5672 D.
939 5619 1228 5689 Gregorius
1258 5621 1351 5673 lib.
1397 5635 1438 5676 tt
1485 5620 1728 5687 Dialogo-

158 5701 261 5742 rum
300 5704 424 5759 cap.
455 5690 546 5744 28.
575 5691 786 5756 Simile,
835 5689 1076 5758 inquam,
1130 5693 1182 5744 in
1215 5693 1413 5759 virtute
1459 5692 1720 5758 magistri,

158 5773 251 5813 non
283 5763 338 5816 in
370 5757 705 5816 Vobedientia
727 5757 1010 5827 discipuli;
1038 5761 1268 5826 utjusta
1302 5757 1721 5827 Philosophum:

1853 3300 2046 3368 inquit,
2076 3300 2175 3370 quo
2219 3303 2576 3355 alimentorum
2626 3300 2804 3362 inopia
2857 3300 3189 3368 Campaniam
3211 3301 3429 3366 graviter

1849 3373 2138 3443 afﬂigebat,
2165 3373 2242 3425 vir
2271 3371 2367 3425 Dei
2397 3372 2610 3425 diversis
2641 3371 2988 3443 indigentibus
3018 3371 3314 3443 monasterii
3346 3373 3429 3423 sui

1849 3441 2034 3496 cuneta
2062 3444 2330 3506 tribuerat,
2364 3453 2418 3495 ut
2444 3458 2574 3508 pene
2607 3441 2737 3494 nihil
2761 3443 2814 3493 in
2857 3442 3087 3502 cellario,
3117 3441 3216 3491 nisi
3244 3457 3428 3508 parum

1846 3514 1970 3582 quid
1999 3514 2102 3566 olei
2124 3514 2177 3565 in
2206 3516 2364 3566 vitreo
2389 3529 2505 3566 vase
2543 3519 2848 3565 remaneret.
2883 3511 3026 3564 Tunc
3061 3511 3267 3578 quidant
3297 3515 3421 3562 sub-

1848 3585 2116 3642 diaconus,
2147 3583 2398 3654 Agapitus
2427 3583 3426 3654 nomine,advenit,rmagnoperepostu-

1847 3655 1978 3715 lans,
2004 3663 2058 3705 ut
2077 3654 2174 3706 sibi
2195 3650 2582 3722 aliquantulum
2608 3651 2708 3705 olei
2749 3652 2864 3704 dari
2885 3653 3173 3722 debuisset._
3215 3650 3308 3703 Vir
3333 3669 3427 3704 au-

1848 3735 1944 3776 lem
1969 3723 2199 3785 Domini,
2223 3720 2310 3788 qni
2332 3734 2508 3775 cuncta
2535 3725 2816 3775 decreverat
2843 3723 2898 3774 in
2925 3731 3065 3775 terra
3085 3720 3327 3783 tribuere,
3365 3731 3422 3773 nt

1847 3795 1900 3846 in
1927 3795 2053 3846 caelo
2084 3793 2258 3846 omnia
2287 3802 2588 3856 reservaret,
2622 3792 2720 3845 hoc
2758 3793 2927 3857 ipsum
2959 3807 3142 3854 parum
3172 3791 3310 3854 quod
3336 3807 3422 3842 re-

1846 3876 2102 3917 manserat
2129 3865 2252 3925 olei,
2267 3865 2428 3932 jussit
2475 3863 2830 3932 petentivdari.
2865 3860 3150 3915 Monachus
3183 3877 3298 3914 vero
3337 3863 3423 3929 qui

1846 3937 2112 3988 cellarium
2143 3939 2365 3994 tenebat,
2386 3934 2581 3986 audivit
2607 3932 2815 4003 quidem
2857 3933 3078 4003 iubentis
3116 3933 3296 3992 verba;
3336 3933 3424 3984 sed

1846 4007 2060 4072 implere
2093 4005 2315 4058 distulit:
2348 4004 2572 4073 Cumque
2609 4013 2722 4069 post
2749 4003 3038 4072 paululum,
3087 4004 3133 4055 si
3185 4004 3238 4054 id
3281 4006 3419 4073 quod

1837 4080 2068 4146 jusserat
2098 4076 2277 4128 datum
2325 4072 2790 4146 esset,inquireret_
2810 4112 2825 4138 ,
2853 4074 3113 4146 respondit
3144 4072 3422 4146 monachus

1845 4144 1897 4200 se
1923 4148 2133 4200 minime
2162 4147 2393 4208 dedisse;
2427 4146 2551 4214 quia
2579 4146 2622 4214 si
2660 4144 2791 4196 illttd
2835 4144 2880 4196 ei
2911 4145 3172 4205 tribueret,
3215 4145 3422 4196 omnino

1846 4217 1977 4270 nihil
2000 4213 2558 4287 fratribusremaneret.
2583 4213 2727 4267 Tunc
2756 4215 2914 4267 iratus
2935 4214 3052 4287 aliis
3068 4215 3335 4287 prtecepit,
3367 4224 3420 4268 ut

1846 4290 1939 4339 hoc
1967 4285 2138 4354 ipsum
2157 4303 2244 4340 vas
2269 4288 2502 4349 vitreum,
2551 4287 2606 4338 in
2651 4301 2751 4352 quo
2774 4300 2952 4346 parum
2979 4285 3078 4336 olei
3123 4287 3422 4354 remansisse

1845 4353 2132 4418 videbatur,
2164 4374 2258 4425 per
2292 4363 2565 4418 fenestram
2602 4356 2911 4427 projicerent
2929 4371 2948 4417 ;
2976 4371 3038 4406 ne
3065 4354 3118 4406 in
3161 4353 3293 4408 cella
3311 4353 3421 4427 gali-

1841 4431 1966 4494 quid
1991 4444 2082 4498 per
2107 4427 2501 4480 inobedientiam
2521 4425 2829 4498 remaneret,
2853 4425 3146 4498 factumque
3170 4435 3260 4498 est.
3297 4425 3405 4478 Sub

1846 4495 2068 4567 fenestra
2096 4508 2271 4550 autem
2291 4500 2666 4567 eademinqens
2680 4496 3017 4562 prwcipitium
3046 4495 3248 4567 patebat
3267 4510 3421 4546 saxo-

1766 4600 1816 4658 D
1844 4565 1960 4621 rum
1998 4569 2216 4621 molibus
2251 4584 2508 4658 aspfrunt.
2541 4565 2836 4658 Projectum
2872 4567 3040 4633 itaque
3073 4581 3159 4646 cas
3205 4565 3420 4646 vitreum

1843 4641 1977 4691 venit
2003 4641 2056 4691 in
2085 4654 2214 4690 saxa
2237 4653 2254 4696 ;
2275 4634 2363 4689 sed
2381 4640 2453 4688 sic
2481 4637 2668 4689 mansit
2689 4634 2964 4698 incolume,
2989 4651 3048 4687 ac
3069 4637 3112 4689 si
3140 4637 3420 4705 projectum

1841 4709 2052 4762 minime
2080 4709 2260 4777 fuisset
2287 4725 2304 4770 ;
2345 4709 2418 4759 ita
2442 4716 2494 4759 ut
2519 4723 2674 4777 neque
2704 4707 2894 4774 frangi,
2925 4722 3085 4777 neque
3131 4706 3298 4759 oleum
3342 4707 3420 4771 (ιῙ-

1839 4780 1989 4848 fundi
2012 4775 2255 4845 potuerit.
2290 4777 2439 4842 Quod
2461 4779 2534 4829 vir
2559 4775 3033 4848 Domini_prtecep_it
3065 4775 3243 4837 levari,
3267 4787 3417 4848 atque

1840 4844 1894 4900 ut
1919 4844 2051 4912 erat,
2077 4851 2331 4919 integrum
2352 4849 2539 4918 petenti
2563 4849 2734 4919 tribui.
2756 4844 2903 4919 Tunc
2925 4846 3149 4900 collectis
3173 4847 3416 4919 fratribus

1839 4914 2210 4973 inobedientem
2234 4914 2540 4970 monachum
2583 4918 2648 4970 de
2672 4917 2978 4984 inﬁdelitate
2997 4933 3093 4970 sua
3113 4927 3157 4971 et
3174 4914 3416 4985 Superbia

1838 5005 2013 5060 coram
2044 4989 2281 5041 omnibus
2311 4989 2612 5060 increpavit.
2646 4987 2771 5060 Haac
2797 4987 3108 5060 Gregorius.

1914 5059 1940 5097 b
1973 5061 2178 5112 Mucius
2206 5060 2292 5112 hic
2323 5057 2462 5112 alius
2488 5073 2607 5112 esse
2634 5059 2844 5112 videtur
2871 5063 2939 5111 ab
2989 5059 3083 5112 illo
3115 5057 3279 5111 Mutio
3329 5057 3414 5108 vel

1845 5129 2194 5192 Patermulio,
2226 5130 2380 5196 cujus
2409 5129 2710 5184 mirabilem
2755 5129 3156 5182 conversionem
3186 5166 3200 5186 ,
3223 5138 3415 5196 cturus

1842 5212 2044 5266 gestas,
2078 5193 2350 5268 multaque
2381 5200 2638 5253 miracula
2683 5197 2850 5252 refert
2900 5197 3137 5268 Ruﬁnus
3175 5196 3226 5247 itt
3277 5193 3414 5247 Vitis

1843 5272 2060 5325 Patrum
2095 5266 2398 5342 (Vid.’Pat.
2431 5271 2521 5342 lib.
2551 5285 2588 5342 LI
2610 5285 2723 5342 cap.
2745 5268 2808 5342 _9,
2845 5283 2972 5342 nova
3001 5266 3148 5334 edit.)
3180 5283 3192 5317 :
3227 5270 3316 5332 qui
3349 5281 3414 5342 ex

1843 5341 2031 5407 gentili
2083 5336 2139 5394 et
2175 5340 2382 5394 latrone
2429 5339 2495 5393 ad
2550 5336 2844 5393 Eccl’esiatn
2879 5336 3120 5407 primum;
3160 5337 3410 5399 accessit,

1846 5405 1932 5464 ubi
1965 5427 1994 5464 a
2027 5413 2358 5480 presbyteris
2385 5409 2633 5473 edoctus,
2672 5409 2840 5480 paulo
2890 5416 3007 5480 post
3059 5405 3124 5459 ad
3174 5420 3411 5480 eremum

1842 5475 2092 5544 secessit,
2127 5475 2217 5535 ubi
2243 5491 2291 5535 ct
2323 5479 2603 5533 solitarius
2633 5479 2782 5539 vixit,
2817 5491 2922 5530 non
2955 5477 3006 5530 itt
3058 5475 3408 5539 monasterio,

1836 5563 1894 5604 ut
1920 5552 2011 5605 hic
2042 5553 2248 5607 Mucius
2300 5550 2441 5604 Nibil
2470 5551 2596 5604 item
2625 5548 2695 5600 ibi
2719 5547 2785 5600 de
2815 5547 2928 5601 lilio
2961 5548 3186 5614 parvulo
3213 5547 3265 5601 in
3300 5562 3414 5600 mo-

1833 5625 2130 5703 nasterium
2177 5620 2426 5688 adducto,
2458 5629 2512 5675 et
2561 5620 2618 5673 in
2647 5616 2848 5673 ﬂumen
2901 5631 2999 5688 per
3047 5618 3410 5683 obedientiam

1833 5709 1947 5762 pr0j
1957 5704 2094 5747 ecto.
