3986 6320
577 272 682 335 18⁸1

1886 283 2102 341 JOANN
2108 284 2166 341 IS
2201 281 2508 344 CASSIANI

571 391 798 462 iecerat,
818 391 1075 453 facultate
1098 403 1260 468 atque
1281 395 1567 453 affectione
1587 396 1816 463 carnali,
1839 399 2028 453 saltem
2049 397 2149 454 sibi
2174 404 2229 462 Α
2252 399 2385 453 dens
2437 397 2672 454 caanobii
2714 401 2898 457 senior
2919 443 2935 470 ,
2976 401 3046 458 ad
3094 404 3550 473 comprobandam
3615 409 3811 477 penitus

573 485 747 544 lilium
774 502 1062 558 superesse
1084 506 1101 546 :
1125 497 1182 545 et
1203 489 1656 558 quemadmodum
1695 505 1757 544 se
1782 491 1892 559 jam
1922 490 2145 545 divitem

571 593 682 634 non
709 594 832 636 esse
861 581 1088 645 sciebat,
1118 580 1188 635 ita
1219 579 1382 636 etiam
1414 590 1619 650 patrem
1649 596 1708 636 se
1733 596 1855 636 esse
1895 581 2148 636 nesciret.

570 670 727 739 Quod
757 678 818 726 ut
856 671 1066 739 plenius
1103 672 1447 742 probaretur,
1496 681 1672 728 utrum
1723 673 1979 727 videlicet
2029 673 2150 742 plus

571 762 775 820 faceret
819 763 1102 819 allectione
1139 765 1417 834 sanguinis
1443 806 1458 831 ,
1509 780 1573 820 ac
1611 780 1831 820 suorum
1876 766 2146 821 viscerum

568 855 856 922 charitate,
904 871 972 911 an
1020 856 1327 913 obedientia
1364 869 1417 913 et
1477 858 1895 914 mortiﬁcatione
1921 859 2144 929 Christi,

568 962 732 1016 quam
756 948 1076 1020 renuntians
1096 951 1327 1019 quisque
1357 964 1456 1020 pro
1477 951 1594 1020 ejus
1623 950 1784 1006 debet
1807 965 1993 1006 amore
2016 966 2148 1021 prte-

565 1039 734 1109 ferre,
777 1040 847 1096 de
891 1041 1155 1096 industria
1203 1041 1581 1113 negligebatur
1630 1033 1916 1112 parvulus,
1951 1045 2146 1113 pannis

565 1132 746 1198 potius
776 1146 937 1201 quam
985 1131 1331 1188 vestimentis
1375 1133 1614 1199 indutus,
1647 1133 1899 1190 sordibus
1926 1150 2146 1206 quoque

567 1225 640 1279 ita
669 1225 880 1280 obsitus
932 1239 996 1282 ac
1050 1226 1307 1293 fmdatus,
1337 1236 1394 1282 ut
1437 1227 1715 1282 oll'endere
1761 1229 1942 1298 potius
1983 1243 2145 1298 quam

560 1319 831 1375 delectare
861 1329 1119 1390 paternos
1149 1322 1338 1376 oculos
1371 1323 1802 1391 posset,quoties
1829 1323 1897 1377 ab
1914 1338 1980 1377 eo
2008 1322 2144 1378 fuis-

563 1421 647 1466 set
671 1420 925 1480 aspectus
956 1430 970 1466 :
1011 1413 1104 1467 sed
1134 1413 1292 1467 etiam
1316 1413 1558 1482 colaphis
1585 1424 1748 1484 atque
1770 1415 1944 1483 alapis
1971 1430 2143 1484 expo-

561 1505 697 1558 situs
734 1505 1100 1572 diversorum,
1156 1519 1295 1576 quas
1345 1507 1660 1576 plerumque
1707 1507 1808 1561 sub
1861 1508 2143 1564 obtutibus

557 1596 674 1651 suis
704 1597 978 1652 innocenti
1010 1598 1236 1665 parvqu
1262 1599 1424 1651 etiam
1447 1600 1615 1668 gratis
1643 1601 1902 1654 cernebat
1927 1599 2097 1670 indigi
2125 1617 2141 1658 :

557 1689 628 1743 ita
663 1696 722 1742 ut
746 1703 1034 1758 numquam
1062 1703 1231 1759 genas
1272 1691 1413 1757 ejus,
1457 1688 1564 1744 nisi
1612 1691 1974 1774 lacrymarum
2024 1707 2142 1747 sor-

557 1779 808 1836 dentibus
836 1781 1084 1852 vestigiis
1112 1781 1320 1836 videret
1375 1781 1620 1837 infectas.
1682 1784 1920 1854 Cumque
1962 1785 2135 1839 taliter
2164 1777 2212 1837 Β

556 1871 736 1926 infans
779 1871 878 1927 sub
930 1872 1102 1928 oculis
1129 1875 1244 1942 ejus
1288 1888 1382 1941 per
1408 1873 1525 1928 dies
1581 1874 1822 1944 singulos
1861 1885 2132 1944 ageretur,

557 1977 653 2031 pro
678 1979 862 2018 amore
887 1963 1244 2019 nihilominus
1267 1964 1465 2020 Christi
1495 1976 1548 2021 et
1569 1967 1894 2022 obedientia:
1912 1969 2132 2035 virtute,

555 2053 725 2122 rigida
757 2069 973 2125 semper
1000 2066 1160 2124 atque
1199 2056 1496 2113 immobilia
1546 2059 1717 2128 patris
1763 2061 1974 2115 viscera
2014 2075 2135 2130 per-

556 2157 893 2201 manserunt.
923 2147 1041 2203 Non
1069 2149 1211 2203 enim
1249 2149 1362 2219 jam
1408 2151 1696 2219 reputabat
1730 2167 1890 2208 suum
1935 2153 2130 2220 tilium,

551 2253 710 2306 quem
741 2252 924 2293 secum
958 2240 1163 2309 pariter
1186 2239 1456 2295 obtulerat
1477 2238 1732 2296 Christo:
1770 2257 1871 2297 nec
1905 2243 2137 2299 curabat

551 2331 618 2385 de
647 2333 1008 2399 praesentibus
1037 2334 1155 2401 ejus
1200 2334 1433 2402 injuriis,
1471 2337 1563 2390 sed
1595 2335 1774 2404 potius
1802 2339 2134 2404 exsultabat,

550 2424 693 2493 quod
725 2440 818 2480 eas
847 2442 1186 2497 nequaquam
1217 2427 1551 2485 infructuose
1575 2431 1832 2486 cernebat
1861 2433 2082 2487 tolerari
2113 2450 2129 2487 :

549 2531 737 2586 parum
779 2520 1022 2588 cogitans
1068 2519 1135 2574 de
1178 2520 1432 2591 lacrymis
1465 2523 1605 2591 ejus,
1655 2525 1752 2579 sed
1797 2523 1864 2579 do
1916 2527 2133 2596 propria

549 2607 850 2664 humilitate
877 2626 942 2666 ac
970 2611 1300 2679 perfectione
1323 2613 1608 2668 sollicitus.
1632 2616 1801 2682 Quam
1831 2617 2132 2672 districtio-

549 2717 675 2756 nent
705 2703 902 2758 mentis
929 2703 1079 2759 illius
1104 2715 1264 2772 atque
1309 2705 1646 2762 immobilem
1675 2709 1910 2778 rigorem
1956 2710 2134 2780 pervi-

2251 490 2417 545 animi
2443 491 2559 561 ejus
2585 495 2967 560 constantiam,
2991 511 3115 552 cum
3144 496 3360 567 plorare
3384 499 3612 569 quadam
3632 501 3716 556 die
3740 503 3810 557 vi-

2250 582 2420 637 disset
2445 581 2729 652 infantem,
2757 587 3019 641 simulans
3047 601 3106 642 se
3150 587 3410 644 adversus
3436 605 3557 645 eum
3584 605 3811 647 comnio-

2249 683 2384 740 tum,
2415 684 2442 713 ι
2465 676 2718 746 praecepit
2749 678 2906 745 patri,
2940 687 2998 732 ut
3023 680 3218 734 tollens
3247 694 3370 734 eum
3391 680 3617 750 jactaret
3646 681 3698 737 in
3721 683 3810 738 llu-

2249 781 2394 820 men.
2424 765 2576 822 Tunc
2607 768 2696 822 ille
2724 769 2868 823 velut
2898 783 2926 820 a
2957 769 3183 825 Domino
3223 769 3326 826 sibi
3358 770 3458 825 hoc
3497 784 3810 843 praeceptum

2249 868 2411 924 esset,
2441 859 2727 914 confestim
2775 859 2943 913 celeri
2979 874 3139 914 cursu
3180 861 3399 931 rapiens
3440 849 3630 930 lilium,
3682 865 3812 920 ulnis

2249 955 2480 1023 propriis
2511 968 2680 1024 usque
2704 953 2768 1008 ad
2799 968 2950 1009 oram
2978 954 3216 1009 ﬂuminis
3243 955 3460 1011 advexit
3494 955 3810 1025 iactaturus.

2247 1047 2399 1114 Quod
2427 1047 2674 1116 profecto
2703 1047 2918 1102 fervore
2957 1046 3082 1102 ﬁdei
3113 1057 3171 1102 et
3199 1047 3520 1102 obedientiaa
3549 1049 3668 1118 ejus
3690 1049 3812 1105 fuis-

2244 1148 2329 1193 set
2357 1153 2524 1208 opere
2549 1149 3020 1203 consummatum;
3055 1137 3157 1193 nisi
3188 1141 3465 1208 procurati
3491 1138 3719 1195 fuissent
3745 1141 3810 1197 de

2245 1229 2507 1286 industria
2540 1231 2758 1293 fratres,
2791 1233 2881 1302 qui
2912 1231 3144 1286 sollicite
3181 1231 3359 1300 ripam
3405 1231 3644 1288 ﬂuminis
3676 1233 3812 1288 obsi-

2243 1322 2461 1391 derent,
2512 1324 2920 1394 projectumque
2944 1324 3055 1393 jam
3086 1331 3145 1378 et
3170 1323 3569 1392 quodammodo
3611 1323 3681 1380 de
3719 1324 3813 1379 llu-

2247 1415 2410 1470 minis
2439 1415 2596 1470 alveo
2631 1416 2909 1484 parvulum
2941 1416 3274 1484 rapuissent;
3306 1423 3361 1469 et
3392 1417 3814 1470 consummatio-

2245 1523 2370 1563 nem
2393 1511 2672 1576 praecepti,
2704 1507 2965 1576 obsequio
3006 1509 3176 1578 patris
3223 1521 3287 1561 ac
3331 1506 3621 1561 devotione
3674 1521 3815 1562 com-

2245 1600 2441 1666 pletam
2475 1599 2543 1655 ab
2569 1598 2769 1654 etl‘ectu
2809 1599 3018 1669 operis,
3074 1608 3238 1668 atque
3285 1597 3355 1653 ab
3382 1596 3502 1668 ipso
3532 1597 3638 1653 line
3665 1611 3814 1653 revo-

2241 1701 2475 1748 cassent.

2788 1783 3018 1840 CAPUT
3045 1781 3281 1839 XXVIII.

2247 1898 2687 1964 Quemadmodum
2709 1899 2983 1952 revelatum
3011 1898 3078 1952 sit
3105 1897 3295 1959 abbati,
3328 1894 3390 1948 de
3426 1903 3574 1965 patre
3611 1895 3812 1959 lucio,

2313 1987 2439 2040 opus
2467 1987 2582 2023 eum
2609 1970 2828 2023 Abrahae
2867 1970 3065 2040 fecisse,
3089 1977 3137 2022 et
3175 1966 3309 2036 quod
3360 1966 3627 2040 defuncto
3653 1966 3816 2040 eidem

2313 2037 2482 2094 abbati
2513 2041 2648 2094 idem
2682 2052 2827 2108 pater
2855 2039 3061 2093 Mucius
3084 2040 3138 2093 in
3164 2037 3460 2092 monasterii
3489 2037 3816 2094 administra<

2314 2114 2499 2165 tionem
2529 2111 2846 2165 successerit.

2312 2246 2481 2316 Cujus
2510 2246 2646 2300 fides
2673 2257 2838 2315 atque
2867 2245 3082 2301 devotio
3114 2246 3168 2300 in
3192 2245 3524 2300 tantumDeo
3549 2243 3816 2299 fuitacce-

2239 2349 2347 2408 pta,
2379 2350 2439 2394 ut
2464 2340 2646 2394 divino
2674 2339 2855 2393 statim
2886 2338 3200 2394 testimonio
3224 2337 3573 2406 comprobata
3599 2333 3816 2390 sit.Re—

2238 2433 2471 2488 velatum
2502 2448 2734 2501 namque
2761 2441 2846 2486 est
2866 2432 3124 2486 continuo
3146 2431 3372 2495 seniori,
3403 2429 3508 2484 bac
3535 2442 3660 2484 eum
3690 2427 3818 2482 obe—

2237 2527 2441 2582 dientia
2467 2525 2494 2565 δ
2522 2527 2756 2581 Abrahae
2772 2526 3094 2596 patriarcha:
3114 2540 3249 2595 opus
3277 2525 3550 2592 implesse.
3565 2524 3820 2594 Cumque

2238 2618 2384 2672 brevi
2410 2627 2656 2689 tempore
2680 2628 2947 2673 transacto
2972 2619 3110 2673 idem
3137 2619 3302 2674 abbas
3322 2617 3556 2674 cmnobii
3571 2618 3639 2673 de
3660 2634 3820 2672 mun-

2239 2712 2293 2768 di
2318 2711 2478 2782 hujus
2505 2713 2930 2770 commoratione
2957 2713 3213 2784 migraret
3237 2713 3306 2768 ad
3335 2713 3642 2779 Dominum,
3673 2712 3819 2768 hunc

1608 2841 1866 2897 ALARDI
1905 2842 2139 2898 CALEI
2175 2841 2738 2901 COMMENTARIUS.
2785 2863 2800 2869 -’

619 2943 645 2972 ι
675 2934 864 2989 Mirum
896 2949 1025 2990 sane
1062 2936 1371 3002 exemplum
1396 2975 1412 3001 ,
1464 2944 1520 2990 et
1569 2935 1869 2989 mirandum
1921 2935 2122 3005 potius,

549 3021 704 3075 quam
749 3006 1088 3060 imitandum.
1120 3005 1225 3061 Sed
1260 3017 1436 3061 utrum
1467 3007 1637 3072 magis
1665 3005 1906 3067 mireris,
1938 3006 2126 3072 praeci-

549 3078 804 3146 pientem,
837 3092 902 3129 an
937 3078 1315 3131 obedientem?
1341 3077 1602 3132 Abbatent
1631 3077 1738 3131 tale
1777 3075 1906 3146 quid
1938 3076 2126 3146 pl‘ﬂ‘CI-

549 3145 676 3217 pere
704 3147 970 3215 potuisse,
1001 3155 1058 3201 ut
1097 3159 1248 3217 pater
1277 3147 1444 3201 lilium
1487 3163 1642 3201 suum
1671 3148 1902 3215 jactaret
1942 3148 1994 3200 in
2026 3145 2126 3200 llu-

547 3234 692 3282 men,
718 3217 860 3285 qnod
891 3228 1078 3271 natura
1109 3229 1163 3273 et
1189 3223 1328 3272 ratio
1369 3219 1768 3285 perhorrescit:
1815 3225 1872 3272 et
1914 3227 2122 3288 patrem

548 3289 674 3344 huic
697 3298 966 3358 praecepto
987 3289 1223 3343 voluisse
1252 3290 1648 3357 obtemperare.
1680 3297 1736 3343 et
1761 3288 1829 3344 de
1854 3289 1957 3342 hoc
1985 3298 2122 3341 tam-

548 3376 706 3427 quam
740 3360 934 3428 insigni
964 3360 1287 3414 obedientiaa
1314 3360 1564 3428 exemplo
1593 3360 1982 3414 commendari.
2017 3359 2125 3415 Sed

548 3447 667 3486 cum
697 3431 836 3485 Deus
866 3431 983 3498 ipse
1013 3445 1112 3484 suo
1140 3432 1454 3484 teSIimonio
1487 3431 1536 3483 id
1581 3430 1917 3498 approbarit,
1965 3440 2126 3498 atque

549 3503 650 3569 ipsi
672 3502 853 3556 abbati
876 3501 1134 3555 revelarit
1161 3502 1263 3556 hac
1295 3501 1440 3556 illius
1469 3503 1775 3555 obedientia
1798 3515 1933 3570 opus
1960 3500 2130 3555 Abra-

553 3575 634 3626 hae
666 3575 828 3626 tuisse
855 3573 1160 3639 impletum,
1183 3584 1239 3625 ut
1272 3573 1511 3642 loquitur
1533 3571 1846 3636 Cassianus,
1873 3572 2126 3642 nimirum

548 3644 901 3698 similitudine
922 3643 1152 3711 quadam
1178 3654 1232 3698 et
1264 3645 1564 3697 imitatione
1609 3643 1898 3712 singulari:
1927 3641 2128 3697 nomini

548 3715 768 3769 dubium
811 3729 931 3769 esse
965 3723 1159 3782 potest,
1192 3721 1322 3784 quin
1346 3715 1518 3768 abbas
1545 3714 1732 3767 divino
1778 3713 2036 3768 instinctu
2074 3713 2130 3784 id

551 3787 888 3853 prreceperit,
923 3801 1030 3838 non
1063 3794 1121 3839 ut
1159 3783 1311 3839 fieret
1340 3785 1615 3853 (submisit
1639 3786 1781 3838 enim
1816 3784 2008 3838 fratres
2037 3783 2129 3850 qui

548 3855 916 3925 impedirent),
965 3856 1079 3922 sed,
1114 3858 1260 3926 quod
1293 3856 1540 3920 superius
1567 3856 1823 3917 diximus,
1858 3864 1914 3907 ut
1957 3853 2133 3926 homi-

551 3927 633 3981 nis
663 3929 1047 3988 constantiam,
1084 3924 1427 3981 dévotionem
1457 3967 1470 3988 ,
1517 3927 1880 3979 obedientiam
1933 3924 2130 3992 proba-

551 4009 654 4060 ret,
687 4004 742 4050 et
773 3999 890 4050 aliis
939 4007 1266 4064 proponeret
1310 3997 1362 4049 in
1419 3997 1750 4062 exemplum,
1784 4007 1837 4048 et
1876 3996 2129 4047 meritum

555 4068 874 4120 obedientim
894 4069 1029 4135 apud
1054 4068 1221 4120 Deum
1247 4068 1497 4120 omnibus
1520 4069 1692 4134 palam
1724 4069 1960 4121 faceret:
1993 4065 2131 4118 alter

553 4153 684 4190 vero
716 4140 907 4190 eodem
941 4138 1131 4205 spiritu
1167 4138 1431 4206 impulsus
1464 4148 1734 4204 tamquam
1784 4137 1889 4188 sibi
1930 4135 2132 4188 divini-

553 4219 638 4261 tus
663 4209 983 4276 imperatum
1015 4210 1221 4264 luisset.
1252 4209 1370 4260 sine
1402 4222 1551 4260 mora
1581 4219 1632 4261 et
1678 4207 2016 4260 haesitatione
2040 4223 2133 4258 vo-

555 4279 716 4332 lncrit
742 4280 1138 4348 obtemperare,
1173 4280 1258 4332 vel
1290 4279 1415 4343 quia
1445 4279 1786 4332 existimabat
1814 4277 1865 4330 id
1888 4277 2128 4348 principi,

554 4366 659 4404 non
688 4346 1024 4418 simpliciter,
1073 4357 1129 4404 et
1158 4349 1402 4403 absolute
1431 4359 1487 4401 ut
1517 4348 1742 4412 faceret,
1785 4348 1876 4402 sed
1907 4346 1972 4418 ad
2010 4362 2134 4412 pro-

556 4422 830 4475 bationem
889 4432 942 4473 et
979 4423 1409 4487 experimentum
1465 4419 1804 4481 obedientiae,
1841 4428 1898 4470 ut
1925 4417 2131 4473 dictum

555 4501 677 4546 est:
709 4492 792 4545 vel
825 4491 970 4560 quia,
1008 4499 1066 4545 ut
1091 4492 1270 4545 verbis
1297 4489 1540 4544 Cassiani
1571 4489 1723 4560 (Cap.
1749 4487 1842 4559 26)
1866 4497 2005 4554 utar,
2039 4506 2131 4556 pro

555 4565 837 4616 reverentia
890 4564 1127 4626 senioris,
1185 4570 1233 4613 et
1275 4561 1497 4630 obsequii
1551 4560 1878 4630 simplicitate
1931 4560 2135 4613 sincera

555 4633 790 4685 credebat
821 4643 927 4686 tota
957 4633 1061 4701 ﬁde
1086 4633 1238 4686 illum
1267 4633 1396 4684 nihil
1436 4647 1584 4704 posse
1632 4633 1893 4704 incassum
1945 4640 1992 4681 et
2023 4633 2134 4684 sine

553 4705 754 4756 ratione
781 4706 1079 4770 prcecipere.
1112 4708 1284 4769 Atque
1315 4704 1384 4754 ita
1418 4702 1484 4754 de
1515 4703 1634 4756 aliis
1661 4702 1925 4754 similibus
1945 4715 2132 4755 exem—

557 4774 659 4842 plis
689 4777 1054 4840 sentiendum,
1087 4775 1139 4827 in
1190 4774 1387 4842 quibus
1437 4776 1780 4840 omnipotens
1821 4772 1962 4826 Deus
2001 4773 2130 4825 sim-

557 4847 746 4912 plicem
779 4856 830 4898 et
883 4855 1183 4913 promptam
1213 4845 1573 4898 obedientiam
1614 4844 1952 4910 superiorum
1977 4845 2128 4913 jussa

555 4931 660 4969 non
694 4917 1088 4970 examinantem
1117 4916 1394 4980 stnpendis
1438 4915 1716 4968 miraculis
1757 4915 2133 4981 comprobavit

555 4996 610 5040 et
632 4987 991 5040 Confirmavit.
1035 4986 1209 5042 Unum
1241 4986 1544 5055 exemplum
1588 4991 1756 5055 magis
1786 4985 2126 5048 admirabile,

553 5059 707 5126 cujus
739 5072 898 5126 supra
927 5059 1250 5111 mentionem
1288 5057 1383 5111 feci
1406 5054 1571 5127 ’(Cap.
1604 5054 1719 5124 2's),
1754 5057 1881 5127 Iibct
1915 5055 2001 5107 hic
2017 5070 2132 5127 _rc-

555 5124 717 5194 ferre,
753 5124 892 5198 quod
924 5128 1110 5182 scribit
1142 5127 1404 5196 Sulpitius
1445 5124 1565 5181 loco
1587 5141 1754 5198 supra
1783 5126 1968 5180 citato.
2003 5124 2131 5198 Cum

553 5196 785 5269 quidam,
818 5201 1011 5264 inquit,
1044 5198 1220 5252 διεπιιὶ
1258 5198 1454 5251 actibus
1495 5196 1746 5249 abdicatis
1772 5197 2138 5269 monasterium

554 5265 755 5337 magna:
772 5271 1124 5341 dispositionis
1142 5272 1471 5340 ingressurus
1494 5268 1722 5341 coepisset
1749 5281 1951 5341 rogare,
1971 5265 2135 5341 abbas

555 5342 602 5394 ei
631 5344 777 5411 coepit
800 5337 963 5394 multa
995 5337 1278 5410 proponere
1301 5355 1318 5392 :
1341 5355 1517 5411 graves
1549 5353 1657 5390 esse
1680 5338 1823 5411 istius
1853 5337 2139 5411 disciplina:

557 5405 779 5474 labores,
807 5429 898 5465 sua
920 5427 1037 5464 vero
1061 5405 1191 5462 dura
1217 5405 1454 5474 imperia.
1477 5423 1591 5476 quia
1618 5409 1794 5460 nullus
1826 5405 1978 5472 facile
1999 5408 2135 5458 rale-

556 5492 630 5534 ret
651 5483 893 5547 implere;
926 5483 1070 5535 aliud
1092 5482 1259 5550 potius
1291 5481 1681 5540 monasterium,
1711 5478 1796 5530 ubi
1823 5477 2139 5550 facilioribus

559 5549 754 5619 legibus
785 5555 988 5612 viveret.
1017 5548 1270 5619 expeteret
1296 5567 1313 5614 ;
1344 5565 1443 5601 non
1492 5559 1702 5601 tentaret
1746 5549 1976 5617 aggredi.
2002 5548 2138 5614 quod

559 5623 770 5690 implere
795 5639 895 5674 non
928 5635 1110 5685 posset.
1148 5620 1243 5674 Ill'
1274 5637 1387 5674 vero
1425 5619 1552 5670 nihil
1586 5619 1664 5671 his
1706 5622 1982 5690 terroribus
2020 5634 2136 5688 per-

559 5689 784 5753 mOveri;
815 5693 902 5748 sed
926 5695 1086 5762 magis
1114 5695 1182 5746 ita
1203 5708 1400 5745 omnem
1427 5690 1766 5743 obedientiam
1796 5689 2048 5760 polliceri,
2084 5698 2136 5742 ut

560 5765 739 5820 sieum
762 5763 920 5820 abbas
967 5766 1019 5818 in
1056 5767 1229 5832 ignem
1258 5765 1332 5818 ire
1359 5763 1690 5832 praeciperet,
1734 5777 1839 5817 non
1879 5769 2138 5817 recusaret

2227 2938 2438 2991 intrare.
2467 2938 2635 3003 Quam
2658 2937 2804 2990 illius
2826 2936 3195 3008 professionem
3215 2935 3302 2990 ubi
3324 2937 3564 3008 magister
3585 2938 3810 3008 accepit,

2229 3024 2333 3060 non
2397 3017 2665 3078 cunctatur
2719 3007 2932 3078 probare
2979 3009 3318 3078 proﬁtentem.
3385 3007 3516 3060 Casu
3575 3007 3822 3061 clibanus

2227 3088 2438 3148 prapter
2481 3077 2539 3148 [ἰ.
2573 3094 2623 3132 e.
2657 3076 2836 3148 prope]
2862 3076 3097 3142 ardebat,
3140 3080 3224 3148 qui
3257 3078 3437 3148 imulto
3466 3079 3580 3148 igne
3599 3094 3823 3148 succen-

2232 3165 2323 3203 sus
2363 3147 2641 3219 coquendis
2683 3147 2901 3220 panibus
2920 3149 3224 3217 parabatur.
3247 3147 3556 3220 Eaundabat
3576 3147 3824 3220 abruptis

2226 3217 2444 3290 ﬂamma
2465 3220 2779 3286 fornacibus.
2811 3227 2859 3271 et
2886 3219 3029 3290 intra
3050 3220 3241 3290 camini
3266 3217 3412 3274 illius
3440 3235 3671 3272 concava
3696 3217 3825 3272 totis

2228 3288 2440 3361 habenis
2461 3291 2704 3361 regnabat
2726 3288 3037 3343 incendium.
3062 3289 3184 3343 Huc
3204 3291 3363 3355 igitur
3383 3289 3637 3343 advenam
3665 3290 3828 3343 illum

2221 3351 2373 3431 jubet
2423 3351 2669 3433 magister
2698 3361 2916 3433 intrare,
2948 3377 3038 3412 nec
3064 3351 3260 3414 distulit
3285 3375 3467 3433 parere
3512 3372 3783 3429 pracepto
3807 3378 3826 3424 ;

2230 3433 2425 3486 medias
2446 3432 2678 3501 flammas
2715 3432 2846 3483 nihil
2888 3440 3153 3484 cunctatus
3192 3432 3502 3502 ingreditur,
3528 3446 3645 3502 quia
3678 3447 3828 3502 imos:

2231 3514 2335 3556 tam
2379 3500 2570 3556 audaci
2628 3503 2730 3570 ﬁde
2775 3502 2940 3559 victa.
2987 3502 3123 3555 velut
3153 3500 3259 3556 illis
3283 3501 3545 3569 quondam
3575 3500 3830 3555 Hebraeis

2231 3575 2422 3642 pueris,
2455 3589 2651 3627 cessere
2678 3573 2932 3635 venienti;
2960 3583 3203 3643 superata
3233 3583 3420 3625 natura
3451 3582 3545 3634 est,
3581 3572 3723 3643 fugit
3744 3575 3829 3624 in-

2229 3645 2484 3708 cendium,
2521 3653 2568 3697 et
2603 3645 2692 3713 qui
2730 3644 3004 3712 putabatur
3025 3642 3260 3713 arsurus,
3297 3643 3442 3713 velut
3473 3642 3672 3713 frigido
3705 3658 3830 3696 rore

2232 3720 2472 3784 perfusus
2498 3712 2662 3781 seipse
2688 3715 2906 3766 miratus
2926 3723 3022 3784 est.
3052 3712 3158 3768 Sed
3177 3712 3304 3782 quid
3330 3712 3623 3784 mirum,’si
3641 3723 3830 3784 tuum,

2233 3783 2452 3841 Christe.
2481 3796 2713 3855 tgronem
2741 3785 2874 3855 ignis
2895 3783 2986 3836 ille
3015 3800 3115 3837 non
3139 3784 3348 3853 attigit;
3375 3791 3430 3835 ut
3457 3799 3552 3836 nec
3575 3783 3831 3855 abbatem

2233 3859 2424 3925 pigeret
2447 3854 2576 3909 dura
2598 3854 2888 3914 mandasse,
2904 3871 2996 3908 nec
3017 3855 3331 3924 discipulum
3359 3855 3622 3925 pmniteret
3655 3854 3836 3924 impe-

2229 3924 2309 3980 rio
2338 3929 2571 3996 paruisse
2587 3941 2604 3989 ;
2623 3926 2710 3990 qui
2731 3941 2788 3978 eo
2812 3925 2912 3988 die,
2939 3942 3038 3994 quo
3074 3925 3351 3978 advenerat
3374 3924 3836 3996 dum__tentaretur

2230 3993 2492 4064 inﬁrmus,
2521 3997 2778 4067 perfectus
2817 3993 3050 4048 inventus
3085 4005 3194 4067 est;
3221 3997 3398 4067 merito
3443 3993 3588 4060 felix,
3621 3995 3834 4048 merito

2231 4064 3102 4137 gloriosus,probatusobedientia,
3120 4064 3435 4137 gloriﬁcatus
3455 4073 3524 4137 est
3545 4067 3832 4137 passione.

2236 4135 2360 4190 Haec
2387 4139 2668 4207 eleganter
2694 4136 2959 4204 Sulpitius
2984 4137 3073 4201 (In
3101 4135 3266 4207 primo
3287 4135 3417 4207 dial.
3441 4136 3503 4207 de
3533 4135 3838 4207 virtutibus

2233 4207 2600 4278 monachorum
2633 4205 2829 4260 Orient.
2855 4223 2970 4278 cap.
3000 4205 3110 4276 1'5).
3143 4207 3300 4278 Plura
3326 4205 3663 4278 admirandae
3689 4206 3840 4262 obe-

2232 4277 2448 4332 dientiae
2465 4279 2709 4346 exempla
2736 4273 2927 4331 videre
2949 4287 3033 4332 est
3058 4273 3196 4338 apud
3217 4276 3481 4331 Joannem
3509 4273 3841 4332 Climacum

2233 4349 2403 4418 gradu
2430 4360 2650 4417 quarto,
2683 4349 2772 4416 qtti
2804 4357 2889 4402 est
2910 4347 2976 4403 de
3000 4348 3326 4402 obedientia.

2303 4418 2332 4458 δ
2383 4416 2492 4473 Hoc
2544 4430 2647 4484 est,
2693 4420 2921 4472 Abrahae
2949 4418 3333 4484 obedientiam,
3360 4416 3519 4470 fidem
3550 4427 3844 4472 constan-

2237 4489 2475 4555 tiamque
2497 4490 2654 4544 simili
2681 4489 2820 4543 facto
2843 4489 3172 4553 expressisse
3195 4500 3356 4555 atque
3380 4488 3646 4540 imitatum
3677 4503 3846 4543 esse.

2239 4561 2313 4615 De
2339 4578 2440 4630 qua
2496 4561 2787 4628 Apostolus
2845 4561 3006 4613 llebr.
3053 4576 3148 4612 xr:
3197 4557 3327 4612 Fide
3351 4555 3608 4630 Abraham
3629 4557 3852 4630 obtulit

2241 4627 2411 4696 Isaac,
2443 4627 2557 4684 cum
2581 4640 2896 4695 tentaretur;
2919 4640 2966 4684 et
2998 4631 3312 4699 unigenitum
3341 4627 3690 4700 offerebatdn
3727 4647 3855 4700 quo

2156 4711 2210 4770 1)
2234 4715 2522 4769 susceperat
2549 4703 3012 4767 repromissionem.
3034 4697 3205 4756 Siinili
3225 4699 3467 4768 exemplo
3485 4697 3682 4750 eadem
3713 4697 3853 4754 s'en.

2237 4773 2402 4825 tentia
2453 4771 2719 4824 declarata
2751 4773 2914 4826 estin
2953 4772 3082 4824 Vitis
3111 4770 3349 4832 Patrum,
3403 4771 3519 4824 loco
3557 4771 3855 4835 superius

2239 4851 2422 4897 notato
2453 4858 2464 4892 :
2501 4841 2593 4895 Vir
2621 4843 2828 4911 quidam
2853 4841 3214 4894 monasterium
3243 4845 3498 4910 ingressus
3515 4840 3730 4907 fuerat,
3760 4844 3864 4894 tri-

2237 4913 2330 4965 bus
2361 4913 2482 4975 ﬁliis
2512 4914 2566 4964 in
2598 4913 2786 4966 steculo
2816 4912 3027 4965 relictis.
3056 4911 3182 4964 Post
3204 4922 3300 4964 tres
3323 4926 3485 4963 annos
3511 4925 3626 4962 cum
3661 4911 3864 4966 licen-

2239 4984 2311 5036 tia
2337 4983 2532 5035 abbatis
2560 4984 2682 5037 abiit
2711 4985 2764 5035 in
2793 4985 3070 5042 civitatem,
3094 4991 3149 5034 ut
3178 4997 3263 5035 eos
3290 4981 3566 5034 adduceret
3588 4979 3664 5032 ad
3719 4999 3861 5036 mo-

2240 5054 2523 5106 nasterium
2540 5069 2558 5119 ;
2588 5064 2634 5106 et
2664 5054 2853 5108 invenit
2882 5055 3010 5106 duos
3038 5069 3102 5105 ea:
3119 5053 3191 5104 eis
3207 5055 3334 5123 jam;
3357 5067 3466 5104 esse
3491 5050 3800 5120 defunctos
3847 5072 3867 5108 :

2239 5141 2399 5176 unum
2429 5140 2548 5177 vero
2591 5124 2911 5178 solummodo
2940 5121 3266 5176 remansisse.
3302 5121 3464 5187 Quem
3523 5135 3865 5187 assumens,

2239 5195 2453 5248 adduxit
2484 5213 2596 5248 eum
2617 5195 2684 5248 ad
2709 5195 2963 5258 abbatem,
2986 5195 3071 5264 qui
3090 5204 3208 5246 tunc
3236 5202 3346 5247 erat
3369 5193 3426 5244 in
3454 5192 3715 5264 pistrino.
3745 5195 3875 5248 Ab-

2241 5267 2328 5318 bas
2351 5267 2596 5335 infantem
2641 5265 2936 5336 complexus
2977 5262 3108 5316 dixit
3139 5263 3275 5336 patri
3303 5264 3454 5336 ejus:
3477 5262 3634 5336 Amas
3678 5270 3877 5336 eum?

2245 5337 2309 5388 Et
2339 5331 2426 5388 ille
2448 5338 2578 5390 dixit
2611 5353 2628 5389 :
2659 5331 2856 5389 Etiam.
2887 5335 3109 5388 Rursum
3137 5333 3266 5388 dixit
3293 5331 3614 5386 ei:0mnino
3644 5334 3879 5403 diligis

2243 5407 2401 5458 eum?
2434 5407 2498 5459 Et
2529 5408 2832 5476 respondit:
2861 5405 3055 5460 Etiam.
3097 5403 3226 5458 Hinc
3257 5405 3471 5476 audiens
3494 5403 3658 5456 abbas
3702 5405 3882 5462 dixit

2241 5479 2287 5530 ei
2320 5493 2338 5530 :
2369 5477 2511 5530 Tolle
2538 5475 2674 5546 ergo,
2711 5478 2753 5530 si
2777 5494 2922 5529 amas
2953 5492 3091 5534 eum.
3122 5484 3169 5527 et
3219 5475 3387 5527 mitte
3409 5475 3462 5527 in
3489 5478 3729 5546 furnum
3767 5482 3886 5546 qui

2243 5548 2392 5600 modo
2417 5545 2680 5604 ardebit?!
2705 5557 2877 5599 tenens
2909 5556 3052 5609 pater
3077 5546 3246 5614 ﬁlium
3275 5545 3701 5617 suum,jactavit
3729 5545 3889 5605 eum

2239 5621 2292 5671 in
2320 5619 2842 5688 furnumiardentent.
2875 5617 3063 5672 Statim
3107 5627 3275 5688 autem
3302 5618 3465 5688 factus
3512 5629 3585 5667 est
3637 5617 3894 5684 furatus

2243 5686 2376 5742 velut
2406 5705 2507 5760 ros.
2533 5687 2612 5760 Ea
2631 5706 2730 5757 qua
2750 5705 2813 5760 re
2838 5689 3105 5760 acquisivit
3133 5686 3355 5760 gloriam
3368 5687 3712 5760 intempore
3737 5693 3890 5760 illo,

2242 5756 2680 5830 quemadmodum
2695 5758 2953 5814 Abraham
2973 5756 3292 5830 patriarcha.
3325 5756 3415 5816 Sic
3441 5757 3537 5814 ibi.
