3986 6320
169 295 262 357 189
549 303 642 362 DE
677 305 1156 366 C(ENOBlORUM
1189 307 1435 365 lNSTlT.
1475 307 1600 364 LIB.
1641 309 1732 366 IV.
1761 335 1834 352 --
1855 311 1946 367 DE
1987 311 2369 374 [NSTITUTIS
2405 315 2998 377 RENUNTIANTIUM.

165 431 486 486 praeponens
507 423 724 478 cunctis
745 425 1022 492 fratribus,
1043 437 1419 480 successorem
1443 423 1546 480 sibi
1574 433 1737 494 atque
1763 431 1818 492 Α
1841 434 1952 482 tam
1977 427 2101 482 vilis
2127 437 2182 484 et
2211 430 2406 486 insueti
2433 431 2598 487 officii
2649 434 2910 500 novitate,
2935 449 3038 490 nec
3061 432 3418 494 considerans

166 509 407 566 abbatem
440 516 776 572 monasterio
805 515 1120 588 dereliquit.

725 629 952 690 CAPUT
977 631 1173 690 XXIX.

165 719 236 776 De
259 723 552 800 obedientia
575 725 754 800 fratris
783 728 890 800 qui,
923 727 1093 800 decent
1131 736 1335 800 sportas
1355 729 1737 800 circumferens,

387 795 598 866 publice
625 795 872 852 distraxit
899 797 968 852 ad
994 795 1191 853 abbatis
1213 799 1506 870 imperium.

227 885 342 941 Non
375 887 682 944 tacebimus
708 889 874 944 etiam
903 891 1062 946 nobis
1087 893 1360 961 cognitum
1389 895 1611 948 fratrem
1655 907 1742 948 se-

163 978 394 1033 cundum
422 981 608 1035 seculi
635 979 797 1051 hujus
827 981 1071 1038 ordinem
1097 997 1325 1040 summae
1356 983 1742 1041 familiaNam

163 1077 349 1140 'patre
365 1069 568 1126 comite
588 1087 652 1127 ac
671 1073 940 1128 ditissimo
961 1073 1225 1150 oriundus
1251 1071 1372 1140 fuit,
1396 1075 1588 1130 studiis
1609 1090 1744 1146 quo-

161 1175 254 1232 que
283 1155 610 1218 liberalibus
639 1179 750 1220 non
783 1163 1131 1222 mediocriter
1158 1165 1454 1222 institutus.
1501 1166 1603 1234 Qui
1655 1184 1743 1224 re-

161 1253 290 1309 lictis
315 1255 644 1322 parentibus
670 1273 793 1313 cum
826 1257 892 1313 ad
939 1259 1332 1316 monasterium
1369 1261 1738 1332 .pervolasset,

163 1345 218 1401 ad
242 1347 712 1416 comprobandam
729 1351 925 1406 mentis
947 1349 1326 1418 humilitatem,
1350 1351 1437 1407 vel
1469 1351 1594 1408 fidei
1623 1353 1742 1422 ejus

164 1439 424 1506 ardorem,
461 1443 748 1498 confestim
780 1445 828 1500 ei
861 1461 889 1498 a
931 1446 1129 1500 seniori
1173 1455 1501 1516 praeceptum
1555 1457 1638 1502 est
1686 1458 1742 1504 ut

161 1529 186 1570 δ
209 1531 392 1587 decem
421 1547 640 1601 sportas
668 1551 802 1604 quas
831 1551 1056 1593 necesse
1087 1552 1192 1591 non
1221 1549 1337 1592 erat
1365 1537 1580 1608 publice
1609 1555 1743 1594 ven-

161 1624 324 1690 ditari,
353 1625 666 1680 cervicibus
693 1625 811 1682 suis
829 1644 1081 1697 onerans,
1099 1628 1483 1684 distrahendas
1508 1647 1602 1700 per
1625 1629 1744 1706 pla-

163 1725 261 1771 teas
291 1715 935 1790 circumferret:adjecta
965 1721 1424 1794 conditione,qua
1455 1721 1653 1778 diutius
1687 1725 1738 1780 in

1843 519 2214 584 indignitatem
2243 521 2344 588 rei,
2377 523 2744 594 nataliumque
2771 525 3134 594 splendorem,
3157 541 3222 582 ac
3239 527 3420 582 vendi-

1841 611 2008 666 tionis
2039 611 2314 680 iniuriam,
2338 613 2464 668 dum
2497 615 2641 670 illam
2672 617 2876 672 Christi
2901 617 3420 690 humilitatem,qu

1843 713 1926 760 est
1949 719 2076 758 vera
2101 703 2376 772 nobilitas,
2411 721 2508 776 per
2529 707 2855 764 obedientite
2879 711 3108 780 gratiam
3143 711 3420 769 desiderat

1843 793 2112 850 obtinere.

2404 887 2632 946 CAPUT
2677 889 2846 946 XXX.

1843 1002 2138 1078 Dcabbatis
2161 1003 2744 1078 Pynupliiihumilitate,
2768 1009 2876 1078 qui,
2899 1009 3080 1062 relicto
3102 1009 3330 1064 ctznobio
3345 1027 3424 1064 cc-

1917 1077 2214 1150 febcrrimo,
2239 1077 2324 1128 cui
2349 1077 2606 1150 presbyter
2635 1077 2873 1144 praeerat.
2901 1079 3232 1150 longinquum
3247 1097 3424 1135 mona-

1914 1146 2145 1219 sterium,
2197 1147 2248 1219 in
2277 1163 2376 1219 quo
2405 1149 2538 1199 velut
2565 1149 2816 1218 incipiens
2843 1146 3206 1219 susciperetur,
3221 1152 3425 1206 deside-

1917 1217 1998 1270 rio
2017 1217 2346 1288 subjectionis
2373 1219 2602 1288 expetiit.

1923 1351 2176 1408 Coarctat
2198 1368 2296 1408 nos
2319 1353 2486 1408 libelli
2517 1354 2708 1408 modus
2735 1353 2798 1408 ad
2845 1353 3007 1409 ﬁnem
3037 1355 3282 1418 tendere.
3327 1355 3422 1410 sed

1849 1455 1872 1485 ο
1897 1445 2218 1501 obedientite
2243 1446 2466 1512 bonum,
2497 1462 2618 1516 quae
2648 1449 2788 1502 inter
2807 1459 3031 1504 caeteras
3058 1449 3289 1504 virtutes
3314 1449 3425 1516 pri-

1845 1546 2049 1590 matum
2083 1547 2252 1601 tenet,
2283 1551 2388 1592 non
2444 1538 2646 1606 patitur
2685 1553 2784 1590 nos
2809 1551 2997 1592 eorum
3027 1547 3180 1608 gesta
3210 1539 3300 1607 qui
3332 1553 3426 1606 per

1845 1627 1982 1682 hanc
2007 1629 2316 1683 claruerunt
2341 1629 2560 1698 penitus
2585 1628 2804 1682 silentio
2831 1629 3133 1696 prteterire.
3197 1629 3426 1700 Propter

1843 1717 1986 1788 quod
2034 1729 2326 1786 utrumque
2375 1733 2630 1786 congrue-
2663 1727 3052 1786 temperantes,
3098 1718 3152 1774 id
3181 1729 3286 1784 est,
3315 1731 3422 1774 tam

165 1811 254 1866 hoc
273 1809 466 1867 ofﬁcio
499 1815 852 1882 retineretur,
893 1825 952 1870 ut
977 1817 1020 1871 si
1053 1816 1194 1874 forte
1233 1831 1326 1872 eas
1353 1831 1492 1874 unus
1539 1819 1740 1888 pariter

1851 1809 2096 1864 brevitati
2123 1824 2284 1880 quam
2331 1810 2698 1865 studiosorum
2723 1809 3011 1866 desideriis
3035 1817 3199 1880 atque
3228 1811 3426 1866 utilita-

163 1918 396 1959 coemere
421 1905 716 1972 voluisset,
751 1923 858 1962 non
895 1907 1132 1974 cederet,
1175 1909 1270 1964 sed
1300 1909 1614 1980 singillatim
1643 1926 1735 1966 eas

163 1997 519 2064 querentibus
567 1999 926 2056 venundaret.
978 2001 1134 2069 Quod
1175 2003 1264 2058 ille
1309 2011 1418 2058 t0ta
1451 2003 1736 2060 devotione

165 2087 458 2154 complevit,
518 2097 577 2143 et
615 2091 762 2144 omni
794 2091 1127 2148 confusionis
1156 2093 1480 2150 verecundia
1511 2109 1608 2162 pro
1641 2111 1736 2148 no-

167 2180 290 2268 mine
311 2195 375 2234 ac
405 2175 688 2238 desiderio
714 2183 912 2238 Christi
947 2185 1176 2248 calcata,
1231 2195 1445 2256 sportas
1495 2189 1736 2242 humeris

173 2272 256 2325 suis
281 2275 597 2342 imponens,
627 2277 804 2347 pretio
833 2285 1033 2332 statuto
1061 2279 1333 2344 distraxit,
1359 2293 1422 2334 ac
1451 2279 1736 2348 pecuniam

173 2363 627 2422 admonaSterium
659 2369 959 2440 reportavit
993 2385 1368 2442 :nequaquam
1411 2371 1735 2440 perterritus

1843 1903 1986 1958 tibus
2014 1903 2335 1966 servientes,
2391 1917 2552 1956 unum
2593 1901 2768 1956 adhuc
2805 1917 3068 1971 ponemus
3101 1903 3419 1958 humilitatis

1843 1997 2170 2064 exemplum,
2203 1995 2476 2064 quodnon
2517 1995 2584 2050 ab
2614 1995 2926 2065 incipiente,
2958 1995 3056 2052 sed
3099 2009 3130 2049 a
3179 1997 3427 2066 perfecto

1841 2095 2003 2156 atque
2067 2087 2264 2142 abbate
2298 2089 2652 2157 completum,
2705 2103 2814 2142 non
2853 2089 3028 2144 solum
3057 2089 3306 2159 iuniores
3343 2091 3428 2144 in-

1845 2197 2077 2250 struere,
2111 2185 2206 2240 sed
2229 2185 2392 2240 etiam
2423 2185 2670 2240 seniores
2695 2185 2762 2238 ad
2793 2185 3086 2253 perfectam
3107 2185 3428 2242 humilitatis

1841 2281 2093 2334 virtutem
2117 2279 2352 2334 lectione
2371 2293 2466 2334 sua
2497 2279 2696 2348 poterit
2717 2278 2964 2334 incitare.
2981 2277 3226 2333 Vidimus
3247 2281 3426 2349 itaque

1840 2371 2092 2426 abbatem
2113 2367 2140 2405 ά
2163 2369 2526 2440 Pynuphium,
2557 2369 2674 2440 qui,
2697 2377 2721 2406 ο
2743 2383 2865 2424 cum
2885 2377 3034 2425 esset
3053 2370 3304 2426 immanis
3322 2385 3426 2428 cm-

1229 2505 1484 2562 ALARDI
1523 2503 1760 2562 GAZtEI
1799 2504 2358 2562 COMMENTARIUS.

233 2599 258 2628 ι
281 2591 356 2670 De
383 2595 653 2670 vocabulo
696 2597 914 2670 comitis
977 2597 1220 2670 ejusque,
1246 2603 1401 2670 varia
1428 2603 1744 2670 acceptione

163 2675 214 2736 et
251 2665 528 2730 multiplici
561 2669 822 2720 comitum
856 2665 1140 2736 dignitate,
1175 2669 1388 2724 videndi
1419 2665 1574 2724 sunt'
1595 2671 1742 2728 .lnris

164 2735 346 2808 Civilis
385 2738 737 2804 interpretes;
796 2753 861 2792 ex
917 2735 1111 2808 quibus
1159 2739 1262 2804 hoc
1291 2751 1494 2794 tantum
1525 2752 1742 2798 notasse

167 2805 586 2880 sufl’ecerit,aute
613 2817 858 2880 tempora
888 2805 1225 2864 Cbnstantini
1255 2811 1426 2880 Magni
1450 2811 1742 2880 imperato-

163 2878 238 2932 ris
261 2879 482 2952 comites
527 2877 706 2934 dictos
759 2879 940 2934 fuisse.
975 2883 1062 2950 qui
1088 2877 1361 2948 consules,
1391 2877 1740 2952 proconsules

161 2950 518 3024 praesidesque
547 2953 948 3024 provinciarum
1004 2950 1402 3006 comitabantur
1427 2955 1477 3008 in
1507 2957 1740 3024 negotiis

165 3023 386 3090 publicis
407 3022 696 3090 obeundis,
733 3035 1003 3090 tamquam
1025 3037 1211 3076 eorum
1243 3025 1542 3078 administri
1565 3022 1619 3081 et
1648 3028 1744 3080 ad-

162 3095 380 3162 iutores,
415 3103 472 3147 et
517 3109 638 3147 cum
689 3093 794 3149 illis
823 3095 985 3164 velut,
1009 3109 1337 3164 assessores,
1364 3097 1450 3164 jus
1489 3097 1741 3152 dicebant

165 3163 370 3238 (Barea.
399 3165 616 3238 iunctis
645 3165 714 3217 ad
737 3163 1076 3238 martyrolog.
1105 3163 1173 3238 3i
1203 3163 1376 3238 maii).
1407 3169 1446 3220 A
1483 3171 1740 3238 tempori-

163 3235 250 3290 bus
283 3245 468 3290 autem
501 3235 840 3290 Constantini
867 3237 1227 3304 impertoris,
1261 3235 1540 3304 postquam
1571 3235 1742 3306 impe-

165 3308 284 3362 rium
333 3311 642 3378 [tonitruum
691 3307 1213 3378 Constantinopolim
1276 3311 1590 3362 translatum
1633 3321 1737 3378 est,

167 3381 376 3448 comites
408 3375 541 3430 dicti
570 3387 698 3431 sunt
723 3393 856 3446 quos
885 3377 1024 3430 idem
1047 3379 1345 3448 imperator
1373 3394 1436 3434 ex
1456 3375 1738 3448 magistra;

167 3449 288 3502 tibus
317 3447 627 3517 delegerat,
660 3449 811 3508 quasi
869 3447 1150 3504 consocios
1177 3451 1226 3500 in
1271 3447 1741 3506 administratione

171 3520 385 3586 inperii,
439 3529 500 3572 et
547 3519 896 3586 amplissimis
941 3519 1290 3588 dignitatibus
1344 3529 1399 3574 et
1428 3525 1742 3577 muneribus

177 3593 397 3646 ornabat.
433 3591 714 3658 Erantque
751 3589 807 3644 hi
839 3590 1064 3654 triplicis
1087 3591 1314 3654 ordinis,
1341 3607 1534 3656 nempe
1561 3593 1742 3658 primi,

177 3661 364 3714 sec-indi
393 3671 452 3716 et
483 3663 652 3725 tertii,
683 3667 740 3714 ut
758 3661 944 3714 εει-ὠὴ
973 3659 1239 3715 Eusebius
1265 3661 1316 3714 in
1337 3661 1454 3714 Vita
1479 3661 1744 3718 Constan-

175 3733 242 3786 tini
267 3733 364 3786 lib.
397 3747 474 3796 iv,
510 3733 710 3803 capit.
743 3733 815 3785 [le
847 3731 930 3785 bis
952 3731 1240 3786 comitibus
1271 3733 1575 3803 complures
1618 3745 1744 3791 sunt

169 3804 282 3857 tituli
319 3807 376 3856 in
405 3803 604 3859 codice
635 3802 1012 3856 Theodosiano
1043 3803 1134 3856 lib.
1165 3819 1260 3856 xu.

225 3875 248 3912 δ
269 3876 416 3930 Inter
445 3874 558 3928 alia
581 3886 826 3944 veterum
851 3873 1236 3926 monachorum
1268 3873 1476 3944 opificia
1503 3891 1598 3930 seu
1631 3891 1743 3930 ma-

169 3945 326 3998 nualia
390 3960 586 4016 opera,
629 3943 878 4012 frequens
903 3955 984 3996 est
1007 3945 1209 3998 mentio
1249 3943 1579 4016 sportarum,
1609 3963 1743 4016 quas

167 4017 372 4086 vimine,
430 4015 518 4068 vel
544 4015 734 4082 junco,
769 4027 974 4086 sparto,
1001 4023 1094 4068 aut
1118 4015 1280 4069 simili
1325 4019 1546 4068 materia
1591 4015 1742 4072 texe-

173 4087 304 4148 bant,
345 4084 514 4154 atque
555 4088 622 4138 iis
651 4084 957 4150 divenditis,
1005 4085 1203 4138 victum
1236 4097 1288 4140 et
1317 4087 1416 4140 alia
1439 4093 1742 4142 necessaria

165 4157 252 4210 sibi
283 4161 552 4226 parabant
588 4155 753 4226 (Vide
781 4173 936 4220 supra
961 4172 1080 4224 cap.
1117 4155 1220 4224 15).
1263 4157 1438 4210 Testis
1465 4159 1524 4211 D.
1557 4159 1746 4212 llicro—

167 4225 344 4298 nymus
369 4229 537 4296 epist.
571 4225 638 4280 ad
671 4225 952 4298 Rusticum
983 4227 1305 4280 monachum
1337 4239 1388 4280 et
1413 4231 1463 4282 in
1494 4228 1612 4282 Vita
1649 4231 1745 4284 lli-

167 4297 396 4362 larionis,
431 4299 714 4352 Palladius
745 4299 796 4350 in
841 4297 1136 4360 Lausiacis,
1169 4309 1216 4352 et
1246 4299 1538 4354 Cassianus
1571 4301 1660 4356 hic
1689 4311 1745 4357 et

172 4371 280 4424 alibi
305 4370 533 4438 smpius,
571 4371 910 4424 Sozomenus
944 4369 1037 4422 lib.
1068 4385 1138 4426 vt.
1171 4383 1292 4436 cap.
1316 4369 1405 4422 29.

234 4451 256 4478 ε
285 4441 402 4507 Quo
431 4455 602 4494 sensu
627 4455 804 4506 quave
831 4441 1042 4492 ratione
1071 4439 1376 4493 obetlientia
1409 4439 1550 4493 inter
1579 4451 1744 4496 cante-

173 4525 250 4565 ras
291 4513 524 4565 virtutes
551 4511 858 4581 primatum
907 4517 1109 4574 teneat,
1141 4510 1344 4564 dictum
1373 4519 1455 4564 est
1499 4511 1552 4564 in
1601 4528 1744 4581 prte-

173 4583 366 4636 cedenti
377 4584 475 4634 bus
501 4580 658 4652 (Cap.
691 4581 714 4633 tl
723 4579 802 4650 2).

229 4653 256 4690 ἀ
281 4653 580 4708 Pnniticum
608 4651 766 4705 vocat
803 4651 990 4706 Petrus
1018 4651 1072 4704 in
1095 4651 1353 4719 Catalogo
1383 4651 1478 4704 lib.
1515 4667 1588 4719 xi,
1623 4668 1741 4721 cap.

168 4725 258 4786 56',
291 4725 588 4794 Dionysius
621 4733 672 4774 et
701 4723 872 4794 nostri
926 4737 1059 4774 mss.
1093 4721 1438 4794 Pinnphium.
1469 4723 1634 4794 flnjns
1662 4735 1747 4778 est

165 4794 386 4850 Collatia
413 4793 682 4864 vigesima
723 4793 790 4847 de
821 4793 1154 4862 pmnitentia:
1187 4793 1313 4856 line,
1367 4801 1426 4847 ut
1459 4793 1529 4847 ibi
1561 4795 1746 4850 videre

165 4877 260 4920 est.

229 4947 252 4974 ε
291 4937 539 4990 lmmane
565 4933 874 4988 coenobium
919 4943 1097 5000 vocat,
1145 4943 1205 4988 ut
1253 4935 1464 5004 opinor,
1503 4943 1610 4990 tam
1641 4935 1746 4991 loci

164 5008 536 5076 amplitudine,
559 5021 721 5074 quam
747 5005 1139 5058 monachorum
1173 5021 1400 5058 numero
1421 5015 1472 5058 et
1498 5008 1746 5060 multitu-

165 5077 667 5147 dine;qnippecum
699 5079 876 5128 inuno
899 5077 1228 5130 monasterio
1252 5079 1352 5129 tria
1377 5077 1608 5130 subinde
1641 5095 1747 5130 mo-

169 5150 454 5202 nachorum
481 5147 652 5200 millia
683 5147 961 5216 degerent,
985 5155 1120 5200 teste
1143 5147 1202 5199 D.
1233 5148 1536 5216 Augustino
1565 5147 1700 5214 (Lib.
1727 5163 1746 5202 ι

167 5218 218 5270 de
243 5217 484 5272 Moribus
518 5217 716 5270 Eccles.
743 5233 788 5270 c.
823 5215 946 5286 5i);
976 5217 1142 5270 immo
1167 5215 1580 5272 innumerabilis
1607 5219 1748 5272 mul-

169 5289 352 5354 titudo,
379 5299 440 5342 ut
466 5289 656 5343 scribit
689 5287 752 5340 D.
785 5287 1148 5358 Hieronymus
1179 5287 1232 5341 in
1263 5289 1490 5357 epistola
1539 5291 1602 5340 ad
1636 5289 1746 5342 Eu-

167 5361 446 5414 stochium.
465 5359 624 5423 Quod
653 5360 698 5410 si
731 5359 928 5426 singuli
959 5359 1206 5412 monachi
1227 5360 1275 5411 in
1303 5360 1530 5429 singulis
1557 5370 1610 5413 et
1637 5361 1746 5412 dis-

169 5431 334 5486 tinctis
355 5431 576 5486 cellulis
605 5429 928 5490 habitarint,
943 5429 1134 5482 eodem
1153 5429 1478 5496 Hieronymo
1501 5441 1744 5494 auctore,

167 5511 216 5554 ut
237 5505 416 5558 solent
443 5515 593 5556 nunc
615 5499 994 5564 Carthnsiani;
1015 5501 1100 5553 vel
1126 5503 1311 5552 saltem
1339 5501 1447 5554 bini
1471 5511 1560 5552 aut
1579 5501 1738 5564 terni,

167 5583 216 5626 ut
241 5574 408 5631 habet
425 5571 628 5641 Regula
654 5571 716 5625 S.
743 5569 1014 5624 Pachumii
1039 5571 1178 5639 apud
1201 5571 1494 5624 Palladium
1514 5571 1737 5642 (flistor.

169 5643 358 5700 Iasio.
407 5661 532 5712 cap.
579 5641 706 5714 '58);
750 5643 904 5696 facile
951 5651 1034 5696 est
1063 5642 1330 5696 a'stimare
1351 5641 1604 5714 quantam
1641 5641 1744 5692 loci

171 5717 570 5778 amplitudinem
597 5713 660 5770 et
683 5715 992 5766 vastitatem
1015 5715 1351 5782 occuparint.
1401 5713 1506 5766 Sed
1529 5713 1594 5765 ad
1627 5727 1745 5778 pre-

171 5786 430 5858 sbyterum
457 5787 610 5862 quod
633 5789 852 5852 attinet,
895 5783 984 5840 hic
1027 5786 1262 5856 occurrit
1287 5785 1580 5841 notandum
1605 5783 1747 5855 quod

1849 2615 1970 2654 cum
2002 2601 2128 2654 olim
2161 2609 2270 2654 tam
2295 2601 2537 2658 eremitas
2567 2617 2726 2672 quam
2751 2601 3034 2656 cmuobitte
3059 2599 3306 2672 plerique
3335 2617 3425 2656 ex-

1851 2681 1933 2725 tra
1987 2673 2150 2724 urbes
2199 2673 2388 2740 procul
2428 2687 2456 2726 a
2499 2674 2718 2738 reliquis
2747 2673 3054 2727 hominibus
3099 2672 3423 2736 habitarent,

1855 2757 1956 2796 nec
1989 2753 2210 2808 possent
2241 2743 2306 2796 ad
2351 2744 2606 2796 ecclesias
2633 2746 3010 2812 episcoporum
3035 2743 3120 2798 vel
3163 2745 3426 2811 parocho-

1849 2829 1970 2866 rum
1995 2814 2306 2878 convenire,
2341 2813 2613 2869 habebant
2643 2815 2900 2882 pleraque
2923 2813 3246 2868 monasteria
3271 2829 3424 2868 suum

1848 2883 2095 2956 abbatem
2120 2887 2580 2956 (presbyterorum
2612 2900 2717 2952 quo
2771 2895 3104 2956 sacramenta
3156 2883 3426 2954 percipie-

1847 2953 1998 3008 bant.
2033 2954 2086 3008 ld
2117 2953 2320 3008 indicat
2347 2955 2502 3008 divus
2519 2955 2846 3024 Augustinus
2877 2955 2995 3010 loco
3023 2963 3340 3020 memorato,
3370 2963 3426 3009 et

1847 3029 2004 3094 epist.
2039 3025 2128 3082 8-1.
2153 3027 2220 3078 ad
2257 3025 2576 3082 Eudoxium.
2609 3041 2766 3095 quem
2797 3027 3170 3097 presbyterum
3192 3035 3248 3080 et
3269 3027 3426 3080 abba-

1847 3105 1952 3166 tem
1980 3097 2246 3160 nominat;
2278 3107 2332 3150 et
2363 3097 2694 3162 Epiphanius
2726 3097 2779 3151 in
2809 3097 3034 3166 epistola
3058 3097 3126 3152 ad
3155 3097 3422 3152 Joannem

1847 3165 2426 3238 Hierosolyntitanum,
2473 3168 2560 3222 tibi
2603 3167 2808 3222 dicitse
2848 3165 3132 3222 crdinasse
3159 3167 3428 3222 Paulinia-

1769 3222 1815 3286 C
1847 3253 1972 3310 num
2007 3222 2226 3292 fratrem
2261 3222 2660 3310 S.7Hi'eronymi
2707 3239 3078 3310 presbyterum
3111 3239 3426 3294 monasterii

1847 3307 2238 3364 Bethleemitici
2265 3329 2278 3362 :
2311 3307 2596 3376 Propterea
2622 3307 2760 3381 quod
2783 3307 3061 3363 multitudo
3113 3313 3332 3380 fratrum
3373 3311 3426 3362 in

1847 3382 2152 3434 monasterio
2179 3382 2457 3434 consistens
2480 3383 2678 3434 nultum
2707 3398 2760 3435 se
2787 3381 2974 3436 habere
3008 3391 3302 3449 quereretur
3332 3383 3420 3448 qui

1845 3451 1942 3522 sibi
1975 3449 2182 3522 Domini
2215 3463 2531 3504 sacramenta
2549 3453 2844 3522 conﬁceret,
2876 3469 2934 3506 eo
2955 3452 3092 3522 quod
3115 3453 3282 3504 sancti
3307 3467 3426 3518 pre-

1845 3521 2030 3590 sbyteri
2091 3521 2442 3592 Hieronymus
2485 3531 2534 3575 et
2570 3521 2868 3576 Vincentius
2913 3521 2975 3575 ob
2997 3523 3351 3576 verecundiam
3381 3531 3426 3573 et

1847 3593 2190 3646 humilitatem
2217 3593 2408 3646 nollent
2433 3593 2600 3646 debito
2619 3609 2714 3646 suo
2747 3593 2950 3646 nomine
2973 3607 3205 3646 exercere
3229 3593 3426 3660 sacriﬁ-

1845 3664 1948 3726 cia,
1976 3673 2024 3716 et
2054 3662 2292 3734 laborare
2317 3664 2370 3715 in
2390 3661 2486 3714 hac
2517 3675 2661 3734 parte
2687 3664 2978 3734 ministerii,
2999 3663 3136 3734 quod
3169 3659 3392 3716 Christiu
3415 3695 3424 3700 -

1847 3749 2037 3816 norunt
2085 3731 2527 3816 ptatcipttasafus
2565 3741 2658 3786 est.
2691 3731 2861 3816 “lde‘m
2903 3748 3034 3816 vero
3065 3733 3425 3816 Hieronymus

1847 3805 2072 3868 epistola
2086 3801 2186 3866 '27,
2221 3801 2409 3856 scribit
2439 3811 2640 3856 sanctm
2691 3803 2870 3857 Paula:
2897 3803 3072 3857 viduae
3101 3803 3214 3856 loca
3244 3801 3425 3856 Tel-rm

1849 3873 2060 3928 Sanctae
2087 3873 2329 3926 visitanti
2357 3875 2666 3928 occurrisse
2697 3883 2940 3928 sanctum
2979 3885 3026 3926 et
3054 3871 3419 3928 venerabilem

1850 3947 2162 4014 episcopum
2231 3945 2516 4012 Isidorum,
2557 3961 2682 3998 cum
2739 3945 2908 3998 turbis
2941 3943 3426 3998 innumerabilibus

1847 4019 2257 4076 monachorum,
2282 4031 2346 4069 ex
2377 4013 2570 4083 quibus
2603 4017 2800 4069 multos
2829 4015 3180 4069 sacerdotalis
3201 4023 3252 4066 et
3285 4015 3414 4068 levi-

1849 4086 1986 4140 ticus
2013 4087 2338 4140 sublimabztt
2357 4087 2576 4152 gradus.
2599 4085 2932 4142 Sozomenus
2955 4087 3078 4138 libr.
3115 4100 3166 4138 vt
3196 4084 3420 4150 Histor.,

1849 4158 2046 4210 multos
2079 4157 2461 4210 monachorum
2491 4169 2672 4226 patres
2696 4171 2791 4212 seu
2821 4157 3044 4210 abbatcs
3073 4155 3422 4224 presbyteros

1849 4227 2018 4282 fuis~e
2079 4239 2483 4282 commemorat.
2547 4243 2748 4296 eosque
2801 4227 3116 4282 nominatim
3159 4233 3422 4296 recenset.

1851 4297 2123 4353 Palladius
2153 4301 2279 4352 item
2325 4297 2492 4350 refert
2512 4297 2562 4350 in
2589 4293 2911 4351 monasterio
2931 4297 3112 4350 Nitrim
3126 4293 3425 4350 octofuisse

1851 4372 2218 4440 presbyteros,
2249 4367 2343 4440 fta,
2361 4379 2530 4440 tamen
2558 4369 2868 4440 utquamdiu
2885 4371 3064 4422 vireret
3095 4368 3288 4440 primus
3311 4383 3427 4434 prc-

1849 4437 2036 4508 sbyter'.
2069 4437 2246 4492 nullus
2275 4439 2408 4490 alius
2434 4437 2643 4504 oﬂerret
2667 4439 2999 4506 sacriﬁcium,
3034 4437 3126 4491 nec
3146 4437 3425 4506 iudicaret,

1851 4526 1942 4562 nec
1975 4511 2176 4562 habere!
2205 4523 2521 4574 sermonem;
2553 4511 2640 4562 sed
2665 4512 2816 4562 tacite
2840 4519 3038 4562 tantum
3061 4523 3177 4561 cum
3202 4523 3259 4561 eo
3286 4509 3428 4560 sede-

1850 4591 1983 4634 rent.
2029 4582 2356 4648 Augustinus
2386 4579 2566 4646 (Libro
2595 4595 2610 4632 ι
2640 4579 2702 4632 de
2721 4579 2946 4633 Moribus
2975 4579 3338 4650 Ecclcsqicap.
3359 4577 3422 4633 5'1

1851 4659 1905 4702 et
1934 4651 2024 4720 53)
2047 4651 2205 4704 docet
2234 4665 2336 4702 non
2368 4651 2538 4703 solum
2567 4651 2616 4702 in
2661 4651 2972 4716 solitudine,
3020 4649 3112 4702 sed
3153 4649 3331 4720 etiam,
3373 4651 3424 4700 in

1851 4717 2093 4784 urbibus,
2129 4732 2180 4772 ιιι
2207 4721 2392 4774 Romae
2413 4731 2468 4774 et
2491 4721 2797 4785 Mediolani,
2835 4721 3131 4774 monachos
3173 4717 3428 4772 habuisse

1851 4795 2198 4862 ριοενροεὶιιιιιι
2233 4791 2604 4860 presbyterum
2633 4807 2646 4844 :
2679 4793 2766 4860 qtti
2805 4792 2922 4846 sine
2953 4791 3116 4845 dubio
3145 4790 3268 4862 ideo
3301 4803 3426 4856 pre-

1849 4861 2033 4932 sbyter
2057 4873 2172 4916 erat
2219 4873 2276 4914 ut
2305 4862 2358 4913 in
2410 4864 2660 4916 coenobio
2690 4869 3027 4914 sacramenta
3059 4861 3349 4914 conticeret
3375 4867 3442 4932 et-

1850 4927 2062 4987 caiteris
2095 4932 2512 4986 adminiSIraret.
2549 4933 2688 4985 Idem
2722 4935 2880 4986 etiam
2905 4933 3254 5000 colligiturex’
3291 4927 3424 5000 mttlj

1851 5005 1918 5056 tis
1971 5003 2208 5056 Cassiani
2259 5001 2672 5070 (Iollationibus,
2717 5005 2986 5073 priecipue
3019 4999 3085 5056 i8
3115 5015 3164 5054 c.
3215 4999 3424 5073 15,_ubi

1851 5075 2016 5126 abbas
2075 5073 2403 5139 Paphnutius
2441 5075 2674 5144 Scythia:
2725 5071 2897 5128 eremi
2953 5071 3424 5144 presbyteriuisse

1847 5145 2178 5212 perhibetur.
2213 5145 2320 5196 Nec
2375 5141 2806 5212 improbabiliter
2845 5141 3006 5196 etiam
3055 5141 3232 5212 colligi
3267 5153 3426 5207 posse

1851 5211 2060 5268 videtur
2098 5229 2162 5268 ex
2197 5213 2396 5281 Regula
2453 5211 2513 5268 ll.
2548 5215 2826 5268 Benedicti
2852 5229 2968 5282 cap.
3001 5212 3088 5276 46,
3122 5211 3209 5282 tibi
3247 5221 3427 5282 monet

1851 5287 2062 5338 occulta
2117 5279 2336 5352 poet-ala
2395 5285 2576 5336 abbati
2618 5301 2740 5338 esse
2770 5279 3094 5336 confitenda.
3219 5281 3427 5344 animw,

1851 5357 2040 5420 inquit,
2071 5349 2260 5421 peccati
2284 5371 2438 5407 causa
2471 5355 2624 5424 fuerit
2667 5357 2851 5420 latens,
2884 5363 3081 5405 tantum
3100 5349 3301 5424 abbati,
3333 5361 3426 5402 aut

1849 5427 2200 5498 spiritualifms
2230 5421 2516 5498 senioribus
2565 5427 2862 5494 patefaciet,
2903 5425 2990 5493 qui
3037 5421 3202 5498 sciant
3245 5435 3428 5498 curare

1851 5491 1968 5562 sua,
2002 5507 2047 5549 et
2079 5496 2249 5548 aliena
2275 5497 2488 5548 vulnera
2519 5491 2620 5548 non
2649 5491 2878 5564 detegere
2904 5491 3427 5564 etpublicare.Qutttl

1852 5569 1919 5622 de
1941 5569 2284 5622 confes~1ione
2305 5567 2682 5620 Sacratncntali
2715 5563 2934 5632 exponit
2957 5563 3426 5626 TurreCrematns,

1849 5655 1968 5706 qum
1999 5655 2106 5690 non
2157 5639 2274 5690 aliis
2309 5637 2366 5688 fit
2395 5653 2550 5706 quato
2595 5635 2965 5689 sacerdotibus
2993 5651 3007 5689 :
3039 5633 3180 5687 unde
3212 5633 3424 5706 quidam

1853 5705 1924 5763 ibi
1951 5713 2216 5778 glossator
2248 5709 2528 5760 annotavit
2559 5707 2609 5757 in
2643 5709 2880 5778 margine
2909 5721 3023 5777 arg.
3053 5706 3196 5776 quod
3226 5705 3428 5758 obbam

1853 5777 2075 5852 tempore
2102 5779 2166 5837 S.
2193 5778 2462 5837 Benedicti
2487 5785 2634 5834 erant
2673 5777 2989 5847 sacerdotes,
3036 5785 3084 5834 et
3122 5791 3212 5848 per
3248 5789 3426 5833 conu-
