3986 6320
568 310 662 370 191

1893 327 2174 388 JOANNIS
2208 330 2524 389 CASSIANI

3744 340 3859 398 192

469 449 474 453 ’
565 433 714 488 nobii
743 436 1051 508 presbyter,
1075 441 1217 509 quod
1240 449 1324 497 est
1358 443 1413 496 in
1446 443 1722 516 Egypto',
1754 461 1860 501 non
1908 446 2065 517 longe
2114 463 2145 504 a
2171 448 2227 507 Δ
2249 450 2464 505 sarculo
2489 451 2743 507 deorsum
2785 453 3060 521 incurvus,
3093 455 3306 511 laxabat
3333 455 3577 513 oleribus
3610 465 3855 531 terrain,

565 531 594 559 ³
619 522 927 598 Panephysi
949 531 1192 595 civitate,
1217 540 1274 586 et
1301 547 1398 601 pro
1419 534 1533 603 ipsa
1559 538 1884 602 reverentia,
1907 538 1995 592 vel
2023 539 2151 594 vitae

563 616 810 680 suae,vel
841 619 1034 687 anatis,
1065 621 1148 674 vel
1192 621 1508 688 sacerdotii,
1563 626 1774 680 cunctis
1817 625 2150 682 honorabilis

561 720 625 760 ac
655 712 1001 765 venerandus
1025 713 1304 778 existeret.
1337 716 1524 771 videns
1549 732 1610 772 se
1639 733 1735 786 pro
1762 719 1863 775 hoc
1890 721 2008 790 ipso
2056 722 2152 775 hu-

562 798 842 854 militatem
867 801 1012 856 illam
1034 819 1193 872 quam
1219 806 1514 861 secundum
1538 823 1648 862 sua:
1673 811 1873 864 mentis
1893 810 2149 866 ardorem

561 892 932 958 concupierat,
953 907 1212 952 exercere
1232 912 1339 952 non
1359 913 1546 967 posse,
1562 915 1662 955 nec
1686 901 1887 957 habere
1907 917 2015 971 quo
2038 905 2151 959 vir-

561 989 728 1036 tutem
769 983 1091 1043 desideratze
1121 988 1474 1058 subjeclionis
1503 993 1844 1061 extenderet,
1876 995 2015 1050 clam
2067 996 2151 1050 fu-

559 1071 713 1139 giens
733 1073 802 1129 de
827 1077 1102 1145 coenobio,
1119 1083 1347 1135 secessit
1367 1082 1516 1138 solus
1531 1084 1584 1138 in
1607 1083 1916 1141 Thebaidos
1930 1087 2150 1142 ultimas

558 1176 776 1235 partes:
809 1169 989 1238 ibique
1020 1174 1271 1242 deposito
1303 1175 1490 1232 habitu
1508 1181 1919 1247 monachorum,
1939 1198 2152 1239 assum-

557 1268 645 1328 pta
669 1261 912 1316 saeculari
939 1274 1112 1331 veste,
1139 1269 1445 1322 cmnobium
1472 1268 2030 1330 Tabennensiotarum
2057 1292 2151 1330 ex-

557 1353 728 1422 petiit,
767 1357 905 1422 quod
924 1358 1131 1412 sciebat
1155 1363 1365 1417 cunctis
1395 1378 1516 1418 esse
1545 1364 1940 1431 districtius,et
1967 1369 2020 1423 in
2043 1384 2152 1440 quo

559 1459 639 1508 se,
658 1445 744 1499 vel
779 1462 876 1516 pro
898 1448 1237 1519 longitudine
1259 1455 1497 1523 regionis
1524 1457 1753 1512 credidit
1771 1454 2148 1532 ignorantium,

458 1594 460 1597 λ
558 1535 645 1588 vel
678 1550 776 1604 pro
805 1540 1174 1609 magnitudine
1211 1546 1528 1600 monasterii
1563 1562 1626 1602 ac
1656 1549 1996 1606 multitudine
2041 1551 2150 1608 fra-

559 1634 704 1681 trum
735 1627 896 1685 facile
947 1646 1108 1700 posse
1133 1635 1320 1690 celari.
1357 1635 1460 1692 Ubi
1489 1637 1796 1695 diutissime
1824 1656 1924 1711 pro
1949 1643 2152 1699 foribus

559 1733 944 1787 perseverans,
969 1733 1290 1780 cunctorum
1309 1725 1540 1783 fratrum
1562 1730 1791 1799 genibus
1816 1733 2152 1801 provolutus,

2254 541 2451 598 deinde
2480 552 2692 600 stercus
2719 545 2962 603 humeris
2989 549 3102 603 suis
3129 548 3444 616 advectans,
3476 565 3663 606 eorum
3688 553 3850 607 radi-

2253 635 2409 690 cibus
2439 636 2745 706 ingerebat.
2777 637 3019 711 Cumque
3043 641 3161 697 haac
3202 641 3425 696 intuens
3460 640 3652 708 frater,
3681 659 3861 713 super

2252 736 2532 806 agnitione
2549 737 2668 807 ejus
2681 738 2984 794 diutissima
3002 740 3193 796 fuisset
3210 741 3552 798 hmsitatione
3565 743 3829 798 detentus
3841 785 3856 803 .

2255 827 2475 898 pr0pius
2501 829 2719 885 tandem
2748 833 3035 898 accedens,
3068 840 3126 888 et
3153 848 3261 887 non
3290 833 3465 889 solum
3487 834 3719 899 vultum,
3750 835 3856 889 sed

2253 920 2415 974 etiam
2444 935 2633 974 sonum
2682 923 2830 977 vocis
2887 922 3172 994 diligenter
3216 925 3530 994 explorans,
3581 925 3650 979 ad
3677 925 3860 995 pedes

2254 1011 2373 1081 ejus
2395 1012 2642 1067 cominus
2669 1013 3011 1084 procidisset,
3051 1017 3232 1086 primo
3285 1017 3506 1086 quidem
3547 1031 3712 1087 super
3745 1017 3858 1071 hoc

2253 1111 2528 1173 stuporem
2559 1119 2825 1159 summum
2878 1105 3184 1162 videntibus
3210 1109 3421 1163 cunctis
3447 1108 3702 1176 incussit,
3747 1122 3857 1162 cur

2253 1193 2509 1249 videlicet
2528 1195 2670 1250 istud
2697 1195 2902 1251 faceret
2930 1197 2982 1252 ei
3011 1197 3103 1267 qui
3137 1197 3280 1267 apud
3329 1198 3478 1267 ipsos
3507 1199 3658 1253 velut
3687 1200 3857 1253 novi-

2255 1284 2382 1352 tius,
2415 1302 2478 1341 ac
2499 1287 2568 1342 de
2589 1281 2793 1343 sarculo
2821 1305 2992 1358 nuper
3020 1305 3294 1360 egressus,
3325 1289 3630 1346 habebatur
3659 1300 3854 1347 extre-

2256 1392 2409 1444 mus;
2443 1386 2566 1449 post
2585 1395 2715 1435 vero
2759 1381 3021 1437 miraculo
3047 1390 3175 1437 sunt
3194 1382 3404 1452 majore
3431 1384 3688 1455 perculsi,
3718 1400 3854 1442 curn

2257 1470 2374 1539 ejus
2405 1485 2624 1538 nomen,
2645 1472 2792 1543 quod
2821 1474 2964 1543 apud
2988 1473 3136 1544 ipsos
3177 1489 3396 1544 quoque
3441 1490 3636 1545 magna
3667 1475 3857 1532 fuerat

2257 1561 2513 1630 opinione
2557 1572 2923 1631 compertum,
2965 1565 3213 1633 protinus
3261 1565 3612 1635 prodidisset.
3644 1567 3692 1622 Α
3739 1583 3858 1637 quo

2258 1655 2501 1709 universi
2532 1654 2732 1709 fratres
2761 1656 2964 1725 prioris
2992 1656 3310 1725 ignorantia:
3324 1658 3540 1712 veniam
3569 1660 3859 1728 postulau-

2260 1756 2362 1809 tes,
2394 1745 2537 1815 quod
2566 1761 2689 1802 eum
2709 1747 2965 1802 videlicet
2987 1756 3138 1802 tanto
3169 1759 3417 1817 tempore
3447 1748 3588 1804 inter
3603 1749 3857 1819 iuniores

560 1819 618 1864 ut
648 1813 1016 1882 susciperetur
1070 1820 1296 1872 summis
1337 1821 1589 1887 precibus
1635 1823 1880 1878 ambivit.
1912 1823 2157 1896 Cumque
2186 1829 2234 1890 B
2263 1849 2326 1888 ac
2355 1813 2606 1904 parvulos
2637 1835 3011 1905 deputassent,
3046 1813 3297 1891 invitum-
3319 1853 3383 1892 ac
3431 1813 3676 1904 “amelli.
3703 1843 3858 1908 quod

561 1903 732 1958 multo
759 1906 1018 1974 despectu
1050 1909 1267 1964 tandem
1295 1911 1486 1968 fuisset
1516 1913 1806 1981 admissus,
1839 1917 1980 1987 quod
2007 1918 2156 1972 scili-

559 2005 645 2050 cet
665 1997 977 2065 decrepitus
1013 2015 1204 2067 senex,
1236 2011 1290 2056 et
1319 2003 1413 2072 qui
1442 2018 1659 2060 omnem
1687 2022 1838 2060 suam
1869 2011 1923 2062 in
1952 2009 2154 2064 saeculo

560 2088 724 2140 vitam
753 2089 1105 2158 pervixisset,
1162 2102 1323 2149 aetate
1353 2097 1540 2150 ultima
1592 2098 1798 2167 ingredi
1843 2100 2150 2156 ctenobium

560 2181 888 2250 postularet,
906 2199 1015 2254 quo
1029 2196 1273 2256 tempore
1283 2189 1396 2259 jam
1419 2205 1486 2244 ne
1501 2191 1781 2247 deservire
1797 2195 2014 2263 quidem
2039 2198 2152 2252 suis

560 2271 927 2342 voluptatibus
959 2279 1310 2346 praevaleret;
1343 2296 1407 2336 ac
1451 2299 1518 2338 ne
1564 2285 1667 2339 hoc
1709 2285 1927 2355 quidem
1977 2287 2152 2354 ipsum

561 2379 721 2420 causa
745 2367 1026 2438 religionis
1056 2381 1313 2441 expetere
1333 2389 1457 2428 eum
1489 2386 1825 2442 assererem,
1875 2377 1969 2432 sed
1997 2378 2154 2434 famis

561 2465 616 2511 et
646 2458 845 2528 impia:
868 2461 1192 2519 necessitate
1219 2466 1606 2532 constrictum;
1646 2475 1706 2522 ut
1747 2470 1864 2523 seni
1912 2469 2155 2539 nullique

561 2550 712 2616 operi
745 2552 959 2618 penitus
998 2565 1147 2624 apto,
1187 2555 1331 2610 horti
1360 2573 1489 2612 cura
1521 2559 1900 2630 diligentiaque
1929 2561 2155 2616 manda-

564 2650 669 2696 tur.
699 2644 870 2711 Quam
909 2646 1011 2700 sub
1035 2647 1142 2702 alio
1169 2648 1334 2705 fratre
1361 2651 1598 2721 juniore,
1623 2655 1715 2722 qui
1744 2669 1868 2709 eum
1898 2655 2002 2710 sibi
2035 2671 2155 2735 ere:-

563 2730 737 2786 ditum
787 2737 1080 2806 retinebat,
1123 2753 1409 2807 exercens,
1453 2744 1532 2797 sic
1574 2743 1752 2799 eidem
1799 2730 2152 2811 subdebatur',

565 2832 818 2894 tantaque
839 2828 1148 2884 obedientia
1193 2831 1554 2890 desideratam
1585 2837 1907 2895 humilitatis
1935 2841 2156 2897 excole-

565 2912 658 2966 bat
690 2917 966 2982 virtutem,
1002 2930 1190 2976 utnon
1220 2924 1396 2978 solum
1422 2941 1485 2980 ea
1514 2943 1636 2997 quae
1665 2931 1734 2984 ad
1781 2931 1922 2986 horti
1967 2947 2152 2988 curam

567 3005 1007 3079 diligentiamque
1057 3015 1420 3085 pertinebant,
1472 3035 1660 3075 verum
1701 3023 1865 3078 etiam
1898 3025 2154 3083 universa

566 3100 745 3156 officia
775 3119 894 3173 qua:
917 3108 1129 3163 cunctis
1157 3120 1312 3166 erant
1341 3128 1553 3182 aspera,
1606 3116 1692 3170 vel
1724 3117 1964 3188 indigna,
1991 3129 2155 3190 atque

2259 1926 2457 1982 invidia
2484 1927 2687 1982 diaboli
2713 1927 2874 1997 digna
2903 1927 3001 1984 sibi
3026 1926 3219 1983 fuisset
3248 1930 3664 1985 conversatione
3684 1939 3858 1999 atque

2258 2019 2568 2074 humilitate
2614 2019 2918 2089 fraudatus,
2975 2035 3135 2087 quam
3181 2019 3487 2076 diutissime
3533 2022 3858 2091 requisitam

2260 2110 2479 2166 tandem
2508 2110 2800 2180 aliquando
2817 2125 2876 2166 se
2899 2109 3170 2166 invenisse
3183 2110 3469 2180 gaudebat,
3484 2125 3587 2168 nec
3615 2113 3859 2168 meruis-

2259 2212 2343 2258 set
2365 2205 2535 2258 vitam
2558 2217 2710 2258 suam
2739 2203 2792 2256 in
2826 2203 2916 2257 illa
2957 2217 3117 2273 quam
3161 2203 3468 2273 arripuerat
3511 2203 3859 2274 subiectione

2257 2297 2455 2363 ﬁnire;
2497 2296 2563 2352 ad
2615 2298 2891 2368 proprium
2939 2298 3249 2353 ccenobium
3288 2297 3639 2364 reduxerunt,
3670 2309 3858 2354 custo-

2257 2390 2470 2445 dientes
2495 2404 2618 2445 eum
2648 2405 2857 2444 summa
2888 2389 3190 2462 diligentia,
3235 2405 3305 2446 ne
3325 2390 3396 2446 ab
3416 2391 3498 2448 eis
3527 2405 3746 2463 quoque
3773 2394 3855 2448 si-

2259 2483 2460 2538 militer
2483 2496 2752 2553 quoquam
2777 2481 3020 2553 dilapsus
3044 2481 3351 2553 aufugeret.

2824 2659 3051 2716 CAPUT
3080 2659 3275 2716 XXXI.

2261 2753 2708 2819 Quemadmodum
2736 2752 2891 2806 abbas
2914 2751 3225 2822 Pynuphius
3252 2752 3496 2808 reductus
3515 2754 3571 2808 in
3596 2755 3857 2812 monaste-

2330 2827 2464 2878 rium
2491 2841 2665 2884 suum.
2698 2836 2746 2878 et
2773 2825 2978 2897 modico
3009 2834 3237 2897 tempore
3265 2825 3452 2878 ibidem
3482 2838 3854 2897 commoratus,

2328 2899 2516 2951 iterum
2546 2896 2735 2966 fugerit
2761 2896 2816 2948 in
2843 2905 3013 2964 partes
3038 2894 3231 2965 Syriae.

2329 3034 2432 3090 Ubi
2463 3047 2587 3088 cum
2621 3031 2813 3086 fuisset
2846 3030 3063 3086 modico
3101 3038 3352 3101 tempore
3389 3030 3727 3100 demoratus,
3760 3047 3860 3088 eo-

2259 3130 2384 3185 dem
2413 3141 2608 3183 rursus
2640 3125 2961 3180 humilitatis
2989 3124 3266 3180 desiderio
3299 3134 3466 3194 atque
3505 3124 3703 3182 ardore
3731 3140 3862 3182 suc-

567 3193 635 3247 ab
657 3196 904 3252 omnibus
929 3198 1265 3259 ducebantur
1293 3207 1528 3270 horrori,
1559 3216 1670 3264 tota
1701 3211 1941 3279 quotidie
1965 3213 2160 3270 seduli-
2187 3217 2233 3281 C
2263 3235 2481 3285 census,
2524 3227 2752 3287 captans
2797 3226 3062 3272 nocturna
3115 3215 3356 3282 silentia,
3378 3193 3385 3194 7
3405 3216 3476 3270 ita
3521 3215 3757 3287 diffugit,
3797 3230 3861 3274 ut

568 3296 677 3344 tate
701 3292 1019 3360 compleret.
1049 3294 1342 3367 Complura
1387 3301 1575 3366 etiam.
1607 3313 1769 3361 nocte
1796 3321 2155 3379 consurgens,

569 3382 642 3436 ita
671 3383 882 3454 furtim,
917 3389 1066 3444 nullo
1096 3400 1233 3446 teste
1254 3394 1338 3450 vel
1369 3399 1615 3463 conscio,
1643 3399 1886 3455 tenebris
1913 3404 2160 3458 occulen-

570 3476 717 3530 tibus
746 3476 1033 3543 efficiebat.
1050 3492 1109 3536 ut
1136 3485 1349 3552 penitus
1369 3497 1650 3544 auctorem
1675 3494 1856 3560 operis
1878 3509 2039 3550 nemo
2065 3495 2161 3551 de-

571 3570 952 3639 prehenderet.
991 3574 1233 3648 Cumque
1264 3577 1462 3636 ibidem
1521 3585 1756 3640 triennio
1807 3587 2158 3657 delitescens,

568 3663 830 3735 dispersis
852 3683 950 3738 per
976 3671 1281 3728 universam
1321 3674 1615 3748 Egyptum
1645 3680 1843 3751 ubique
1872 3683 2154 3752 fratribus,

569 3767 928 3827 quereretur,
956 3777 985 3818 a
1015 3765 1250 3833 quodam
1270 3768 1490 3824 tandem
1513 3771 1662 3826 visus
1686 3775 1776 3843 qui
1819 3775 1886 3830 de
1934 3776 2158 3848 Egypti

571 3851 812 3918 partibus
850 3863 1206 3922 commearat,
1235 3859 1324 3914 vix
1349 3863 1525 3930 potuit
1555 3879 1652 3932 pro
1673 3865 1979 3924 humilitate
2005 3871 2159 3926 habi-

571 3953 656 3999 tus
683 3947 766 4000 sui
788 3961 852 4002 ac
877 3949 1082 4006 vilitate
1108 3952 1273 4009 officii
1301 3957 1444 4025 quod
1472 3960 1718 4027 gerebat,
1751 3965 1993 4032 agnosci.
2024 3966 2157 4022 Nam

2257 3313 2368 3384 jam
2397 3310 2736 3382 provinciam
2763 3323 2872 3363 non
2906 3307 3166 3375 vicinam,
3195 3307 3291 3362 sed
3326 3307 3541 3378 ignotas
3564 3316 3620 3362 et
3648 3308 3862 3364 alienas

2259 3406 2532 3475 longeque
2564 3403 2766 3457 divisas
2799 3399 3054 3471 (positas)
3086 3400 3340 3470 regiones
3379 3407 3685 3471 expeteret.
3717 3399 3858 3457 Nam

2263 3495 2637 3553 conscendens
2674 3508 2870 3548 navem
2904 3493 2957 3546 in
2990 3491 3298 3546 Palaestina
3334 3501 3516 3560 partes
3545 3507 3859 3548 commeare

2263 3591 2493 3657 curavit,
2522 3588 2750 3644 credens
2781 3601 2840 3641 se
2870 3586 3042 3641 tutius
3071 3585 3430 3651 latitaturum,
3463 3585 3511 3640 si
3541 3587 3609 3640 ad
3642 3586 3731 3641 illa
3760 3602 3854 3642 se-

2264 3689 2554 3757 metipsum
2583 3691 2920 3753 aSportasset
2944 3681 3088 3747 loca,
3115 3681 3170 3734 in
3199 3679 3396 3748 quibus
3423 3694 3492 3734 ne
3514 3694 3709 3735 nomen
3735 3681 3859 3748 qui-

2261 3781 2385 3836 dem
2434 3795 2588 3835 suum
2635 3777 2829 3831 fuisset
2874 3774 3138 3829 auditum.
3182 3772 3302 3840 Quo
3343 3788 3465 3827 cum
3511 3772 3855 3843 advenisset,

2264 3884 2507 3930 nostrum
2545 3870 2932 3926 monasterium
2964 3869 3215 3937 protinus
3255 3866 3539 3937 expetivit,
3566 3866 3713 3936 quod
3740 3883 3853 3923 non

2264 3971 2426 4039 longe
2455 3967 2557 4022 fuit
2583 3981 2612 4018 a
2634 3963 2662 4002 ιδ
2689 3963 2916 4034 spelzeo,
2939 3963 2995 4017 in
3025 3975 3132 4032 quo
3169 3960 3428 4016 Dominus
3465 3969 3654 4016 noster
3690 3960 3856 4017 Jesus

1637 4095 1896 4152 ALARDl
1937 4099 2174 4158 ϐΑΖιΕΙ
2209 4099 2773 4161 COMMENTARIUS.

571 4193 732 4256 quens
750 4186 797 4256 et
823 4179 950 4248 ipse.
981 4177 1247 4234 Caeterum
1273 4186 1456 4238 monui
1507 4187 1559 4240 in
1610 4189 2044 4256 praecedentibus
2099 4196 2154 4250 id

574 4262 681 4330 non
711 4250 873 4330 fuisse
903 4261 1244 4330 perpetuum,
1267 4265 1322 4308 et
1352 4257 1547 4311 multos
1597 4250 1648 4311 id
1694 4264 1952 4330 temporis
1980 4264 2154 4321 dictos

573 4317 740 4393 fuisse
767 4317 1014 4384 abbates,
1039 4322 1091 4376 id
1120 4333 1224 4388 est,
1261 4335 1440 4393 patres
1478 4317 1864 4386 monachorum
1895 4347 1989 4388 seu
2018 4317 2154 4390 ana:

573 4391 944 4471 ειιριηειειςυη),
975 4394 1065 4459 qui
1091 4409 1194 4448 non
1218 4391 1371 4449 erant
1396 4398 1695 4471 presbyteri
1724 4411 1780 4457 et
1808 4405 2150 4471 sacerdotes,

573 4459 666 4533 sed
693 4462 1025 4529 professione
1049 4472 1254 4518 tantum
1285 4459 1644 4533 moriachﬁet
1687 4473 1876 4528 ordine
1923 4459 2155 4533 laicitld

575 4532 943 4618 enirn‘p‘raiter
966 4534 1244 4618 aliat‘qua:
1273 4532 1713 4618 alibi_retulimus
1745 4542 1904 4613 (Coll.
1947 4545 2002 4610 2,
2033 4532 2152 4618 εαρίᾷ

2253 4197 2495 4269 judicit's.
2510 4193 2806 4269 Et_du_dum
2837 4191 3222 4269 ecclesiasticis
3250 4189 3460 4269 legibus
3483 4188 3747 4269 sancitum
3767 4201 3859 4245 est

2263 4259 2541 4340 (Clement.
2568 4265 2651 4340 Ne
2669 4265 2722 4317 in
2739 4280 2887 4340 agro,
2911 4266 3155 4340 de_statu.
3188 4259 3619 4340 monachorum),
3640 4270 3698 4312 ut
3746 4276 3854 4315 non

2263 4331 2440 4392 solum
2496 4337 2742 4401 abbates,
2772 4331 2867 4389 sed
2918 4335 3127 4412 priores
3163 4331 3573 4412 conventuales,
3608 4331 3775 4412 immo
3801 4344 3860 4412 et

2264 4406 2521 4464 monachi
2553 4421 2764 4469 omnes,
2798 4401 3047 4460 cessante
3076 4403 3320 4472 legitimo
3350 4401 3759 4470 impedimento,
3788 4404 3858 4457 ad

2265 4481 2488 4536 ordines
2514 4493 2699 4531 sacros
2728 4485 2784 4554 et
2804 4476 2870 4554 ad
2899 4474 3261 4554 sacerdotium
3284 4480 3593 4541 opportuno
3610 4481 3857 4541 tempora

2268 4560 2711 4622 promoveantur.
2881 4547 2949 4600 de
2985 4545 3071 4622 bis
3091 4544 3240 4598 alibi.

577 4603 655 4685 ᾗῇ,
694 4601 829 4685 60A”;
859 4605 914 4665 δν
938 4620 1053 4670 ειη).
1082 4601 1160 4674 1);
1197 4609 1425 4685 _pr_0bari
1457 4621 1659 4679 potest,
1690 4601 1800 4668 tum
1831 4632 1896 4670 ex
1932 4601 2160 4676 Decreio
2184 4614 2238 4674 Ι)
2269 4601 2317 4622 Γ
2336 4601 2454 4676 illa
2485 4601 2740 4674 scribitur
2753 4617 2912 4685 hujus
2934 4617 3083 4670 urbis
3111 4629 3307 4668 nomen
3329 4611 3471 4682 apud
3496 4612 3855 4685 Ptolemaaum

580 4673 829 4753 Silvestri
881 4689 1034 4753 papae
1072 4673 1224 4744 apud“
1252 4673 1588 4753 Gratianum,
1634 4673 1775 4753 quod
1815 4689 1894 4741 sic
1950 4673 2156 4746 habet}

579 4743 826 4820 [fontiﬁci
853 4743 1137 4820 presbyter,
1165 4749 1460 4820 presbytero
1487 4743 1756 4818 diaconus,
1789 4758 2006 4812 diacono
2038 4743 2158 4814 sub;

578 4816 848 4895 diaconus,
881 4816 1219 4898 .snbdia‘cono
1242 4816 1559 4898 benignius,
1611 4816 1848 4898 acolytho
1875 4833 2156 4898 exorcista,

545 4885 551 4892 ’
577 4887 848 4963 exorcislaz
874 4886 1054 4963 lector,
1073 4887 1253 4963 lectori
1275 4885 1764 4959 “(feriam-ostiario
1792 4885 2158 4963 abbas,abbati

579 4956 883 5041 monachus,
917 4960 972 5039 in
991 4960 1139 5041 omni
1169 4956 1683 5041 oloconrepiltes‘entent
1723 4956 2024 5041 obsequium
2064 4972 2157 5041 (In

578 5027 798 5111 epitomis
821 5025 967 5082 luris
985 5026 1248 5111 Canonicin.
1272 5025 1391 5088 dist:
1427 5035 1515 5104 95,
1549 5055 1667 5107 cap.
1695 5040 1740 5094 A
1785 5025 2151 5111 subdiacon‘o);

583 5097 684 5152 [ibi
709 5099 854 5177 vides
880 5103 1198 5177 gradatione
1215 5102 1355 5177 facta
1382 5123 1409 5158 τι
1433 5097 1805 5177 superioribus
1830 5113 1895 5165 ad
1929 5097 2157 5168 inferio-

583 5184 708 5252 res,_
751 5171 1016 5252 abbatem_
1041 5176 1283 5252 .ostiario
1327 5171 1702 5252 postpositum,
1735 5192 1924 5252 utpote
1960 5184 2154 5238 laicum

578 5242 920 5321 clerico,_‘ut
982 5242 1055 5296 ibi
1099 5253 1251 5299 notat
1304 5242 1483 5317 glossa
1610 5242 1750 5305 Hinc
1779 5242 1852 5306 est
1877 5256 1931 5306 in
1960 5256 2061 5320 ﬁne
2089 5255 2158 5310 16

580 5323 759 5395 (priest.
798 5313 851 5395 1.)
888 5332 900 5368 :
935 5323 1043 5367 tum
1072 5329 1162 5395 ex.
1189 5313 1420 5395 quadam
1457 5313 1686 5395 epistola
1727 5323 1791 5376 D.
1841 5313 2155 5395 Hieronymi

584 5379 861 5461 (Epist.d_e
898 5400 1048 5461 apere
1072 5397 1119 5438 et
1143 5379 1374 5461 humilit.
1401 5379 1678 5461 monachi),
1709 5395 1798 5446 ubi
1830 5407 2011 5448 narrat
2044 5379 2158 5449 ino-

585 5451 789 5529 nachos
810 5451 1043 5529 Scythiae
1066 5459 1294 5526 quadam
1319 5463 1405 5515 die
1419 5451 1735 5519 convenisse
1759 5464 1986 5529 infunum
2006 5475 2160 5520 utsa-

586 5523 859 5601 cerdotetn
875 5523 977 5580 sibi
993 5523 1419 5601 invenirent,qui
1453 5534 1579 5600 ipsis
1599 5523 1880 5589 Missarum
1895 5538 2156 5593 solemnia

585 5595 987 5674 celebraret,ut
1036 5595 1386 5674 referthider'n
1425 5595 1714 5659 Gratianus
1742 5607 2155 5674 (Lib.nDecret.

588 5667 762 5748 capud
799 5667 861 5721 de
882 5676 1072 5748 reta.__et
1096 5670 1266 5741 qualis
1321 5675 1652 5748 prae/idem).
1684 5667 1948 5732 Cancrum
1981 5689 2161 5743 poste—

590 5737 822 5793 riorihus
850 5741 1066 5796 saeculis
1095 5737 1525 5800 constat-nomen
1553 5737 1766 5804 abbatis
1803 5737 2082 5806 transiisse
2109 5751 2161 5806 in

591 5827 786 5868 nomen
812 5808 1107 5878 dignitatis,
1137 5823 1196 5868 ut
1223 5817 1498 5887 colligitur
1517 5836 1582 5877 ex
1605 5835 1723 5888 cap.
1743 5821 2074 5877 Decerniinus
2105 5825 2166 5878 de

2264 4703 2319 4747 et
2347 4693 2402 4746 in
2433 4689 2708 4744 Vaticanis
2728 4682 3024 4752 codicibus,
3047 4687 3122 4739 ait
3141 4685 3447 4739 Ciaconius.
3472 4682 3738 4753 Oppidum
3772 4696 3862 4740 est

2266 4763 2511 4832 Egypti,
2536 4760 2605 4814 de
2630 4774 2736 4828 quo
2765 4758 2953 4815 itidem
2981 4756 3232 4812 meminit
3255 4753 3547 4810 Cassianus
3577 4757 3759 4810 collat.
3796 4756 3855 4822 7,

2262 4834 2498 4908 cap.f.‘:6.
2551 4902 2561 4908 _
2621 4903 2633 4908 _
2888 4901 2898 4908 _
3098 4900 3110 4908 _
3513 4895 3526 4908 .
3702 4894 3793 4908 ....

2333 4849 2384 4978 Β.
2399 4849 2745 4978 {ixi-abidum
2765 4901 2930 4978 magis
2949 4900 3238 4978 poeticum
3284 4911 3391 4978 pro_
3413 4895 3668 4978 spelunca
3696 4894 3863 4965 (Vide

2262 4976 2438 5029 collat.
2481 4989 2587 5027 xvn
2617 4989 2663 5026 c.
2696 4967 3073 5051 5)./\’irgilius
3119 4970 3314 5051 Ecloga
3336 4967 3605 5051 ‘decima:

2414 5053 2613 5102 Certum
2639 5061 2716 5103 est
2736 5047 2959 5114 in'sylvis
2981 5053 3113 5101 inter
3131 5048 3310 5112 Spelaea
3329 5047 3542 5098 ferarum

2415 5115 2563 5191 Malle
2589 5117 2703 5176 pati.
2746 5185 2758 5191 Α
2982 5184 2993 5191 _
3245 5182 3258 5191 _
3358 5181 3389 5191 ,Α
3678 5180 3688 5191 .

2262 5185 2412 5253 Quod
2435 5187 2500 5240 ad
2521 5202 2633 5241 rem
2663 5185 2878 5250 attinet,
2906 5184 2997 5253 qui
3023 5181 3552 5263 llierosolymitanam
3580 5181 3862 5263 regionem

2263 5249 2651 5321 lustraverunt,
2674 5249 3381 5332 narrant,'stabulum_illud,
3406 5252 3588 5332 inquo
3609 5249 3866 5305 Christus

2263 5329 2522 5383 Dominus
2558 5338 2745 5388 noster
2785 5335 2942 5380 natus
2980 5334 3081 5387 est,
3109 5327 3417 5391 speluncam
3453 5321 3623 5376 fuisse
3663 5336 3866 5390 quam-

2263 5399 2408 5456 dam.
2443 5400 2495 5452 in
2527 5415 2634 5467 qua
2669 5409 2908 5464 praesepe
2942 5397 2990 5446 in
3021 5409 3154 5467 rupe
3183 5395 3421 5467 excisum
3455 5401 3590 5467 erat.
3621 5391 3774 5456 Quod
3809 5401 3870 5445 et

2263 5468 2363 5525 SS.
2390 5462 2605 5544 Patrum
2627 5462 2834 5544 calculo
2847 5462 3257 5544 comprobatur,
3281 5465 3368 5544 qui
3389 5462 3714 5544 speluncam
3727 5477 3870 5544 pas-

2265 5541 2366 5594 sim
2423 5539 2732 5598 nominant,
2781 5538 2832 5590 in
2882 5535 3158 5614 suburbiis
3202 5534 3620 5614 Bethleemiticis
3673 5534 3866 5614 sitam.

2261 5610 2416 5666 Unde
2436 5611 2490 5665 S.
2521 5610 2876 5678 llieronymus
2897 5607 2946 5659 in
2968 5607 3191 5674 epistola
3221 5607 3288 5660 18
3308 5605 3372 5658 ad
3389 5604 3869 5678 MarcellamAinter

2262 5685 2366 5737 alia
2391 5681 2577 5736 seribit
2602 5697 2616 5732 :
2649 5673 2762 5746 Quo
2789 5673 3036 5753 sermone,
3077 5694 3181 5740 qua
3206 5693 3324 5730 voce
3353 5675 3651 5753 speluncam
3673 5673 3871 5753 Salen:

2267 5754 2388 5806 toris
2411 5744 2684 5822 exponam,
2708 5760 2754 5803 et
2772 5746 2898 5803 illud
2923 5764 3172 5819 prwsepe,
3190 5753 3242 5799 in
3254 5764 3354 5816 quo
3368 5744 3658 5822 infantulus
3675 5745 3870 5814 vagiit?

2270 5814 2484 5878 silentio
2500 5814 2682 5885 ntagis,
2709 5838 2861 5884 quam
2888 5814 3335 5908 inﬁmofermo'ne
3360 5814 3724 5870 ItonOrandum
3760 5825 3870 5869 est.
